3918 6322
473 363 576 415 105

1476 361 1534 415 S.
1581 355 1934 416 AGOBARDI
1970 353 2278 412 EPISCOPI
2321 347 2814 410 LUGDUNENSIS

3686 349 3786 405 103

469 475 722 529 videlicet
754 472 1052 530 debeamus
1082 470 1191 526 illis
1220 473 1326 526 hoc
1355 471 1648 542 abnegare,
1681 487 1750 524 an
1801 468 2070 539 praebere,
2102 473 2152 530 Α
2180 469 2318 526 zari,
2345 464 2451 519 nisi
2478 464 2558 518 eis
2588 459 3068 532 permittentibus;
3097 461 3193 515 sed
3222 461 3482 527 scientes,
3516 471 3573 518 ct
3595 465 3790 534 przedi-

468 569 560 622 ubi
584 582 890 637 possumus.
921 566 997 619 De
1025 580 1130 634 qua
1162 579 1219 618 re
1239 578 1342 635 ego
1367 564 1586 634 quidem
1621 562 1784 616 talem
1812 545 2080 615 teneo‘ra-

468 660 698 712 tionem.
744 657 976 713 Omnem
1025 654 1271 726 profecto
1321 655 1601 709 hominem
1636 660 1950 708 creaturam
1980 650 2078 704 Dei

471 765 614 812 esse,
648 749 782 803 etin
805 762 1135 818 unoquoque
1159 748 1401 810 homine,
1432 746 1682 817 quamvis
1709 758 1889 808 servo,
1916 741 2080 810 majo-

467 854 586 893 rem
613 838 919 908 portionem
945 837 1150 892 habere
1184 838 1475 892 Dominum
1505 837 1696 900 Deum,
1723 836 1814 904 qui
1839 835 1892 888 in
1919 842 2077 888 utero

466 931 698 990 creavit,
732 929 801 982 ad
828 928 1005 983 lucem
1051 929 1213 999 hujus
1258 929 1384 984 vita:
1415 928 1702 998 produxit,
1756 941 2077 982 concessam

466 1020 639 1074 vitam
669 1021 982 1085 custodivit,
1027 1021 1321 1074 sanitatem
1367 1007 1649 1082 servavit,
1712 1014 1877 1088 quam
1924 1016 2077 1071 illum

465 1112 560 1180 qui
600 1111 792 1182 viginti
847 1120 944 1165 aut
997 1112 1222 1182 triginta
1263 1112 1450 1169 solidis
1500 1112 1664 1174 datis,
1719 1109 1920 1164 fruitur
1947 1124 2075 1163 cor-

464 1202 618 1270 poris
682 1202 801 1271 ejus
868 1203 1112 1258 servitio.
1195 1201 1305 1258 Nec
1361 1211 1450 1256 est
1504 1202 1597 1272 qui
1659 1201 1874 1256 dubitet
1931 1199 2078 1269 quod

471 1295 851 1364 unusquisque
905 1311 1140 1359 servus,
1204 1295 1577 1350 membrorum
1626 1294 1874 1364 corporis
1911 1309 2078 1363 opera

468 1385 676 1438 carnali
714 1385 938 1440 domino
973 1385 1214 1450 deberis,
1244 1386 1446 1440 mentis
1473 1385 1794 1456 religionem
1830 1383 1930 1440 soli
1983 1387 2079 1440 de-

470 1475 598 1530 beat
633 1475 902 1534 Creatori.

549 1564 779 1636 Propter
819 1568 966 1636 quod
1007 1583 1200 1623 omnes
1249 1567 1425 1622 sancti
1469 1568 1889 1638 pmdicatores,
1942 1567 2078 1622 socii

469 1657 867 1726 apostolorum,
896 1657 1159 1715 docentes
1185 1673 1377 1714 omnes
1395 1668 1589 1729 gentes
1619 1666 1675 1714 et
1698 1659 2042 1730 baptizantes
2060 1699 2075 1724 ,

469 1761 580 1801 non
601 1756 1062 1817 exspectaverunt
1087 1749 1430 1804 dominorum
1462 1749 1764 1804 carnalium
1793 1749 2077 1804 licentiam

2182 566 2392 620 cantes,
2417 557 2559 625 quod
2580 554 2724 610 servi
2745 562 2802 608 et
2818 553 3025 607 domini
3048 569 3214 608 unum
3237 554 3475 609 habeant
3495 556 3792 612 Dominum

2181 647 2352 701 Deum
2381 647 2435 699 iii
2461 645 2637 710 caelis,
2662 659 2855 698 omnes
2884 642 3323 712 baptizaverunt,
3358 659 3551 700 omnes
3595 647 3652 700 in
3683 662 3792 700 uno

2181 753 2413 808 corpore
2445 737 2796 807 redegerunt,
2843 750 3144 804 omnesque
3189 735 3389 791 fratres
3416 745 3472 790 et
3519 737 3665 791 ﬁlios
3693 738 3790 792 Dei

2178 845 2303 886 esse
2330 831 2667 893 docuerunt;
2721 829 2796 883 ita
2826 836 3008 882 tamen
3045 836 3106 881 ut
3149 829 3522 898 unusquisque
3574 831 3629 884 in
3679 846 3791 899 quo

2179 931 2406 978 vocatus
2433 929 2538 986 est,
2567 931 2594 960 ι
2627 920 2682 974 in
2731 919 2837 975 hoc
2877 927 3246 989 permaneret,
3280 935 3387 974 non
3431 920 3638 986 studio,
3697 922 3792 976 sed

2179 1015 2538 1077 necessitate,
2567 1011 2662 1067 sed
2692 1018 2747 1066 et
2768 1011 2814 1066 si
2843 1011 2935 1081 qui
2965 1017 3191 1082 possent
3245 1010 3404 1066 liberi
3447 1011 3565 1068 ﬁeri
3608 1014 3790 1083 magis

2179 1112 2493 1161 uterentur.
2526 1102 2587 1158 ln
2606 1107 2862 1172 promptu
2883 1109 2972 1156 est
2992 1100 3158 1156 etiam
3191 1101 3402 1156 ratione
3428 1102 3713 1172 colligere,
3745 1104 3789 1158 si

2177 1197 2270 1267 qui
2295 1195 2641 1251 ethnicorum
2663 1192 2732 1246 ad
2758 1190 3037 1248 Christum
3066 1181 3302 1262 fugiunt,
3335 1199 3390 1246 et
3417 1209 3524 1248 non
3563 1193 3786 1248 recolli—

2178 1287 2382 1358 gimus,
2410 1285 2506 1340 sed
2529 1283 2881 1353 repudiamus
2900 1289 3126 1352 propter
3151 1282 3178 1320 δ
3211 1282 3462 1338 carnales
3507 1282 3788 1347 dominos,

2175 1394 2304 1434 esse
2340 1379 2566 1447 impium
2592 1384 2648 1431 et
2667 1375 2915 1440 crudele,
2945 1389 3070 1430 cum
3095 1374 3348 1429 humana:
3371 1376 3571 1432 animae
3605 1376 3790 1430 nullus

2178 1487 2303 1528 esse
2326 1472 2500 1541 possit
2520 1470 2795 1534 dominus,
2823 1467 2932 1523 nisi
2956 1466 3231 1522 conditor.
3263 1467 3370 1523 Sed
3392 1476 3447 1523 et
3475 1468 3607 1523 illud
3629 1477 3791 1539 puta-

2180 1580 2304 1618 mus
2327 1577 2451 1617 esse
2477 1559 2959 1624 considerandum,
2992 1558 3122 1628 quia
3154 1558 3199 1612 si
3233 1557 3523 1629 religiosus
3548 1558 3791 1628 irnpera-

2183 1665 2269 1712 tor
2297 1655 2565 1710 adversus
2617 1660 2808 1723 gentes
2842 1666 2963 1722 qua;
3009 1665 3042 1703 a
3093 1648 3301 1704 Christi
3342 1651 3562 1706 nomine
3594 1651 3790 1706 aliena

2181 1756 2312 1802 sunt
2345 1761 2494 1799 arma
2523 1750 2729 1806 movet,
2754 1750 2812 1797 et
2837 1742 3013 1796 victor
3043 1739 3271 1796 elfectus
3295 1782 3308 1805 ,
3345 1751 3367 1779 ο
3417 1740 3642 1808 subjicit
3699 1757 3790 1796 eos

467 1848 527 1892 ut
550 1855 738 1894 servos
761 1841 1129 1910 baptizarent,
1151 1841 1310 1911 quasi
1338 1857 1448 1896 non
1469 1857 1564 1897 eos
1592 1849 1872 1912 oporteret
1893 1839 2072 1909 bapti-
2101 1835 2148 1893 Β
2177 1839 2396 1894 Christo
2417 1847 2472 1894 et
2498 1838 2672 1893 sociat
2701 1836 2975 1907 religioni,
3005 1852 3143 1906 opus
3169 1845 3255 1890 est
3291 1837 3514 1905 pietatis
3542 1848 3600 1891 et
3624 1837 3789 1892 Linde

1841 1933 2117 1988 BALUZII
2156 1930 2394 1988 NOTAE.

467 2030 535 2083 ad
566 2027 763 2081 librum
793 2027 869 2082 De
898 2028 1187 2082 lnsolcntia
1216 2027 1547 2084 .liidaiorum.
1578 2026 1766 2098 Neque
1794 2035 1932 2080 nova
1957 2035 2069 2080 tum

467 2107 590 2154 erat
629 2098 744 2151 hazc
798 2113 1078 2152 servorum
1130 2099 1420 2153 calliditas.
1470 2099 1588 2153 Jam
1633 2099 1779 2152 enim
1831 2107 2076 2165 tempore

465 2167 685 2224 concilii
717 2167 1067 2238 Gangrensis,
1105 2169 1348 2224 nonnulli
1408 2170 1476 2224 ab
1522 2167 2077 2238 obsequiordomino-

472 2255 591 2294 rum
632 2236 983 2303 recedebant,
1041 2241 1185 2308 quod
1236 2239 1310 2292 illi
1367 2255 1474 2293 non
1525 2236 1711 2293 essent
1755 2236 2072 2308 Christiani.

473 2309 630 2366 Unde
658 2309 883 2362 canonis
913 2306 1415 2377 tertiiGangrensis
1445 2308 1641 2363 lemma
1685 2307 1763 2362 sic
1807 2306 2079 2377 expressit

473 2379 764 2448 Dionysius
792 2378 1038 2449 Exiguus
1070 2398 1082 2432 :
1120 2379 1194 2432 De
1217 2376 1387 2434 servis
1426 2381 1516 2449 qui
1549 2380 1745 2448 jugum
1784 2376 2077 2449 fantulatus

467 2446 730 2512 aiiiciimt
775 2446 1195 2502 Christianitatis
1246 2446 1477 2502 obtentu.
1534 2446 1722 2503 (lanon
1769 2457 1952 2500 autem
1999 2447 2078 2500 sic

472 2519 674 2573 habet:
712 2518 770 2573 Si
800 2520 916 2588 quis
948 2528 1189 2581 servum,
1239 2529 1493 2589 prwtextu
1539 2520 1704 2572 divini
1741 2517 1933 2589 cultus,
1988 2517 2081 2589 do:-

471 2599 585 2643 ceat
614 2586 885 2642 dominum
934 2586 1263 2643 contemnere
1309 2590 1615 2658 praprium,
1666 2598 1721 2642 ut
1754 2588 1988 2640 discedat
2013 2586 2078 2640 ab

472 2659 596 2728 ejus
621 2659 887 2728 obseyuio,
914 2677 1008 2713 nec
1033 2662 1080 2714 ei
1105 2676 1225 2712 cum
1256 2658 1606 2712 benevolentia
1641 2667 1689 2712 et
1713 2659 1853 2712 omni
1883 2658 2079 2728 honore

471 2727 758 2794 deserviat,
800 2731 1092 2799 anathema
1131 2731 1218 2783 sit.
1250 2728 1391 2783 Evn
1431 2744 1645 2798 quoque
1685 2728 1930 2799 Gregorii
1962 2727 2078 2780 Ma-

476 2799 588 2868 gni,
627 2799 763 2854 dura
791 2797 991 2854 Ju'heis
1022 2802 1135 2854 visa
1163 2809 1250 2856 est
1277 2800 1392 2854 haec
1418 2797 1700 2854 servarum
1727 2797 2078 2853 ancillarum-

472 2885 580 2939 que
610 2869 898 2925 industria.
933 2869 1026 2939 Sic
1051 2872 1195 2924 enim
1227 2871 1304 2924 ait
1325 2868 1622 2937 Gregorius
1648 2870 1742 2924 lib.
1776 2885 1860 2933 iii,
1887 2869 2076 2939 indict.

477 2937 564 3003 Η,
592 2940 750 3010 epist.
775 2941 808 2995 9
834 2957 852 3009 :j
885 2958 904 2991 ε
941 2938 1201 2995 Pervenit
1227 2942 1392 2995 etiam
1433 2942 1501 2995 ad
1533 2956 1651 3004 nos,
1686 2937 2079 3010 servosancil-

472 3008 666 3078 lasqu'e
689 3008 1024 3076 Iudaeorum,
1052 3011 1173 3065 ﬁdei
1200 3027 1362 3065 causa
1396 3012 1464 3066 ad
1491 3011 1779 3066 ecclesiam
1809 3008 2080 3079 refugien-

474 3089 577 3143 tes,
618 3089 710 3133 aut
754 3079 1062 3135 inﬁdelibus
1106 3081 1318 3135 restitui
1357 3083 1609 3146 dominis,
1642 3089 1736 3135 aut
1761 3094 1971 3143 eorum,
2009 3093 2079 3133 ne

478 3149 860 3216 restituantur,
890 3153 1122 3220 pretium
1159 3151 1300 3216 dari,
1327 3161 1433 3206 etc.
1465 3171 1483 3203 ι
1513 3152 1646 3207 Vide
1673 3151 1922 3220 eumdem
1942 3149 2081 3220 Gro-

475 3220 690 3288 gorium
733 3221 827 3274 lib.
872 3219 927 3285 v,
981 3222 1275 3277 indictione
1317 3222 1405 3285 M,
1448 3223 1607 3290 epist.
1645 3221 1731 3281 3|.
1781 3227 1836 3274 et
1878 3219 2081 3275 Gelasii

481 3305 632 3374 papa:
652 3289 939 3370 epistolam
964 3292 1030 3343 ad
1054 3290 1423 3374 ,Siracusium,
1446 3289 1824 3374 Constantium
1859 3299 1916 3345 et
1940 3290 2082 3374 1:?8-
2110 3312 2154 3374 ρ

478 3360 714 3431 rentium
737 3360 1040 3430 episcopos:
1066 3362 1206 3430 apud
1233 3361 1452 3415 lvonem
1473 3371 1628 3431 parte
1652 3377 1774 3424 xm,
1796 3376 1916 3430 cap.
1951 3362 2076 3415 115.

477 3430 586 3501 Sed
635 3429 694 3483 lii
737 3429 956 3501 quoque
1003 3429 1111 3501 loci
1159 3431 1408 3501 Gregorii
1452 3429 1704 3488 astruunt
1748 3432 2078 3486 sententiam

475 3500 769 3571 égohardi.
822 3499 956 3554 Nam
998 3500 1156 3568 jubet
1195 3499 1418 3556 omnino
1465 3502 1761 3571 Gregorius
1818 3509 1879 3554 ut
1934 3502 2079 3555 servi

475 3567 886 3642 Iudaeorum-ad
930 3567 1219 3642 ecclesiam
1267 3567 1619 3642 refugientes,
1662 3572 1729 3642 in
1771 3571 2078 3642 libertatem

481 3640 654 3694 modis
685 3641 938 3711 omnibus
959 3641 1320 3705 vindicentur,
1349 3640 1464 3696 sive
1483 3640 1599 3711 jam
1625 3641 1752 3696 olim
1779 3640 2078 3695 Christiani

477 3711 703 3780 fuerint,
733 3710 847 3764 sive
882 3719 1131 3765 recenter
1158 3711 1415 3780 baptizati
1449 3710 1583 3767 sint.

550 3789 576 3816 ι
602 3779 672 3833 1η
700 3780 796 3833 hoc
838 3791 1185 3850 permaneret,
1217 3779 1270 3835 id
1310 3792 1416 3846 est,
1446 3781 1718 3836 neminem
1756 3789 1883 3850 post
1921 3794 2078 3834 acce-

475 3851 946 3920 ptumibaptisma
979 3850 1202 3906 liberari
1249 3866 1279 3904 a
1328 3855 1611 3915 servitute,
1657 3851 1812 3920 juxta
1859 3859 2080 3904 senten-

476 3921 611 3974 tiam
652 3919 801 3975 Pauli
827 3921 882 3974 in
912 3936 1031 3990 cap.
1062 3922 1091 3974 7
1131 3922 1374 3990 epistola:
1401 3923 1590 3990 prim-L-
1619 3927 1684 3975 ad
1718 3922 2028 3975 Corinthios
2063 3938 2074 3973 :

473 4004 584 4060 quo
616 3991 780 4045 etiam
823 3991 1046 4060 respicit
1074 4006 1248 4046 canon
1301 3991 1632 4063 GangreuSis
1677 4005 1839 4062 supra
1888 3990 2077 4044 lauda-

477 4069 586 4114 tus.

552 4131 578 4169 δ
607 4129 859 4184 Carnalcs
896 4132 1158 4186 nominas.
1201 4131 1489 4188 Salvianus
1514 4133 1567 4186 iii
1592 4131 1731 4185 libro
1771 4146 1832 4184 iu
1861 4130 1938 4184 De
1969 4130 2080 4185 Gu-

474 4199 815 4273 bernatioiie,
857 4217 978 4273 pag.
1007 4202 1077 4257 58
1121 4221 1133 4256 :
1170 4221 1188 4254 ‹
1223 4202 1544 4272 Quanquam
1569 4218 1670 4256 nos
1701 4216 1809 4256 non
1843 4202 1946 4255 hac
1991 4217 2080 4273 so-

475 4269 1299 4342 lumrinjuria'contemnamus
1347 4269 1540 4338 Déum,
1585 4287 1693 4342 qua
1740 4271 2014 4326 contemni
2045 4286 2076 4324 a

475 4341 651 4394 servis
671 4343 784 4394 suis
812 4343 1015 4396 domini
1040 4344 1289 4398 carnales
1312 4343 1505 4397 solent.
1539 4363 1558 4394 ι

551 4421 575 4483 ε
602 4409 829 4483 subjici:
857 4409 945 4466 eo.
987 4411 1217 4477 Christo,
1248 4414 1300 4468 id
1329 4422 1433 4477 est,
1463 4427 1724 4483 paganos,
1765 4427 1903 4482 quos
1937 4413 2078 4483 bello

472 4481 622 4536 vicit.
654 4481 854 4553 Eiidem
887 4484 1100 4550 phrasis
1131 4492 1390 4553 usurpata
1421 4481 1690 4553 reperitur
1713 4484 1876 4536 etiam
1900 4497 1930 4535 a
1958 4481 2079 4537 Ste-

472 4553 656 4674 Binan
680 4550 1011 4607 Tornacensi
1043 4554 1095 4606 in
1119 4550 1348 4623 epistola
1380 4550 1572 4608 l70’ad
1594 4552 1862 4608 Canutum
1893 4568 2075 4623 regem

522 4636 748 4674 auorum
781 4640 793 4674 :
834 4641 851 4671 ε
890 4621 1131 4674 Petimus
1159 4632 1216 4674 ut
1242 4640 1356 4674 vos.
1385 4624 1477 4674 nui
1523 4624 1683 4674 toties
1715 4623 1883 4674 armis
1917 4639 2075 4674 Sime-

522 4636 748 4713 zinorqni
771 4640 801 4713 ,:I
834 4641 857 4713 in
890 4621 1131 4713 Petimus
1154 4621 1216 4676 iit
1242 4624 1479 4713 vos,_qiii
1523 4624 1683 4713 toties
1709 4623 1883 4713 armis
1917 4621 2078 4713 siipe-
2103 4654 2155 4713 D

475 4693 612 4763 ratis
642 4692 953 4763 iilololatras
993 4701 1047 4746 et
1089 4691 1220 4762 jugo
1245 4691 1512 4763 subjicitis
1544 4692 1873 4763 Christiano,
1909 4691 2011 4754 etc.
2049 4714 2066 4745 ι

477 4760 570 4834 Sic
593 4762 819 4834 Carolus
852 4762 1074 4832 Magnus
1103 4760 1358 4818 Saxones
1379 4778 1521 4834 :egre
1568 4761 1750 4834 ferens
1798 4778 1906 4815 non
1952 4779 2074 4818 esse

475 4832 836 4895 Christianos,
869 4849 1019 4886 arma
1063 4834 1113 4887 in
1166 4848 1260 4888 eos
1298 4832 1495 4898 movit;
1535 4833 1612 4888 sic
1647 4841 1911 4895 statuens,
1963 4850 2071 4888 non

476 4910 601 4974 ante
651 4902 1004 4974 ﬁuemﬂbello
1054 4905 1453 4974 impositurum,
1491 4919 1652 4973 quam
1691 4904 1908 4956 Christo
1947 4905 2075 4957 sub-

473 4969 788 5043 iicerentur.
824 4969 1162 5043 Eginharilus
1191 4975 1243 5028 in
1272 4969 1569 5027 Annalibus
1600 4974 1665 5026 ad
1698 4988 1901 5026 annum
1927 4974 2029 5026 776
2058 4992 2070 5027 :

481 5061 500 5093 ι
539 5041 673 5096 Cum
711 5059 804 5098 rex
854 5041 907 5097 iii
957 5043 1082 5096 villa
1128 5044 1404 5098 Carisiaco
1452 5045 1735 5106 hiemaret,
1788 5045 2072 5098 consilium

475 5111 597 5184 iniit
640 5121 698 5167 ut
741 5111 1004 5184 perﬁdam
1049 5129 1114 5168 ac
1159 5113 1488 5183 faedifragam
1537 5112 1812 5167 Saxonum
1855 5123 2071 5184 gentem

475 5181 616 5237 bello
643 5181 1049 5253 aggrederetur,
1090 5193 1145 5238 et
1192 5200 1259 5238 eo
1300 5181 1471 5252 usque
1492 5181 1894 5253 Aperseverarei,
1943 5186 2071 5238 dum

467 5259 572 5306 aut
591 5251 735 5306 vicii'
764 5253 1088 5308 Christiana:
1100 5254 1359 5322 religioni
1384 5251 1806 5320 subj’icerentur,
1836 5265 1928 5308 aut
1957 5269 2072 5308 om-

476 5323 609 5377 nino
632 5323 966 5378 tollerentur.
999 5343 1018 5376 ι
1057 5323 1310 5378 Feliciter
1337 5324 1388 5376 id
1414 5324 1658 5377 evenisse
1684 5325 1827 5392 quod
1848 5324 2074 5379 Carolus

475 5393 662 5448 animo
680 5403 1030 5462 conceperat,
1072 5401 1307 5448 testatur
1350 5393 1711 5462 Eginhardus,
1745 5404 1802 5448 ct
1838 5409 1961 5448 cum
2008 5409 2072 5450 eo

475 5465 660 5517 caeteri
696 5463 985 5518 Annalium
1015 5463 1404 5518 Francioorum
1431 5463 1745 5533 scriptores.
1777 5463 1884 5519 Sed
1934 5479 2074 5533 prte-

476 5533 634 5601 cipua
690 5543 871 5588 tamen
919 5536 1218 5590 auctoritas
1284 5534 1566 5588 tribuenda
1618 5543 1704 5588 est
1759 5536 2071 5590 testimonio

477 5602 734 5658 Ludovici
762 5601 864 5669 Pii,
897 5605 1096 5674 quisic
1137 5604 1378 5675 loquitur
1415 5604 1474 5675 in
1513 5613 1787 5675 praecepto
1831 5606 1975 5675 quod
2003 5605 2071 5658 ad

478 5687 613 5759 pa‘ga
622 5690 719 5759 nos
738 5676 804 5729 ad
825 5669 1290 5759 Christianitati—3m
1317 5669 1622 5754 invitandos
1640 5669 1756 5756 ﬁeri
1776 5669 2031 5759 prfgcepit
2056 5693 2068 5727 :

486 5764 504 5794 ι
538 5744 765 5800 Genitor
802 5746 968 5801 etiam
1007 5755 1194 5801 noster
1236 5745 1486 5814 gloriosae
1533 5744 1809 5814 memoriae
1850 5744 2075 5799 CarOlus

481 5829 700 5872 omnem
739 5815 1029 5872 Saxoniam
1080 5811 1466 5872 ecclesiasticae
1513 5811 1761 5886 religioni
1812 5815 2073 5880 subdidit,

2172 2023 2475 2097 jugumgiie
2519 2022 2727 2078 Christi
2784 2022 3026 2097 adusque
3064 2020 3169 2097 ad‘
3196 2020 3458 2097 terminos
3505 2019 3787 2097 Danorum

2178 2090 2342 2166 atque
2367 2090 2674 2166 Slavorum,
2714 2090 3112 2166 corda_ferocia
3135 2090 3291 2166 ferro
3315 2092 3666 2166 perdomans,
3697 2093 3789 2147 do-

2175 2161 2312 2220 cuit.
2353 2185 2370 2217 ι
2407 2164 2615 2231 Quibus
2637 2178 2768 2217 vero
2796 2164 3005 2220 artibus
3050 2177 3184 2216 usus
3213 2163 3284 2216 sit
3311 2161 3538 2216 Carolus
3585 2164 3787 2216 adver-

2179 2251 2272 2290 sus
2299 2235 2562 2297 Saxones,
2586 2242 2646 2287 ut
2663 2248 2759 2288 eos
2783 2232 3004 2288 Christo
3023 2231 3335 2298 subjiceret,
3360 2248 3468 2287 non
3496 2232 3636 2287 alius
3663 2246 3789 2288 esse

2253 2306 2542 2385 test__tc_stis
2577 2303 2902 2385 luculentior
2932 2305 3241 2385 quamuipse
3262 2302 3516 2385 Carolus,
3547 2305 3792 2385 quinlege

2201 2386 2288 2429 ata
2315 2375 2507 2439 edixit,
2539 2390 2607 2430 ne
2632 2376 2718 2428 cui
2764 2374 3043 2429 Saxonum
3089 2373 3279 2428 liceret
3315 2389 3422 2428 non
3467 2389 3590 2428 esse
3619 2373 3788 2429 Chri-

2181 2447 2380 2508 stiano,
2416 2448 2516 2500 sub
2541 2460 2700 2515 poena
2724 2445 2939 2514 capitis.
2967 2444 3091 2498 Haec
3125 2451 3253 2498 sunt
3287 2443 3454 2515 verba
3486 2443 3607 2512 ejus
3626 2461 3658 2499 e
3688 2445 3792 2500 Ca—

2180 2516 2501 2586 pitulatione
2542 2514 2625 2586 fde
2694 2515 2942 2584 partibus
3021 2515 3300 2579 Saxoniae,
3363 2514 3434 2567 ab
3504 2515 3790 2586 Holstenio

2181 2584 2358 2651 edita,
2393 2600 2513 2656 cap.
2539 2585 2569 2638 7
2601 2604 2614 2638 :
2644 2604 2665 2636 ι
2697 2587 2752 2640 Si
2784 2587 2907 2655 quis
2937 2586 3194 2654 deinceps
3233 2586 3284 2639 in
3319 2593 3477 2656 gente
3503 2584 3791 2640 Saxonum

2182 2659 2328 2712 inter
2346 2672 2442 2711 eos
2456 2655 2630 2712 latens
2644 2672 2749 2711 non
2765 2656 3073 2726 baptizatus
3099 2671 3158 2710 se
3177 2655 3516 2710 abscondere
3528 2657 3790 2720 voluerit,

2179 2735 2238 2782 et
2252 2727 2324 2781 ad
2341 2727 2668 2796 baptismum
2684 2725 2868 2781 venire
2879 2725 3288 2796 contempserit,
3306 2741 3656 2796 paganusque
3666 2743 3793 2796 per-

2183 2793 2676 2863 manere—voluerit,
2703 2805 2878 2868 morte
2898 2793 3183 2868 moriatur.
3207 2815 3227 2848 i
3250 2793 3608 2868 Hinc'ifactnm
3630 2793 3793 2868 putat

2183 2868 2684 2938 antiquusscriptor
2705 2868 2827 2938 libri
2845 2867 3351 2938 DeConstructione
3364 2867 3527 2922 Nova:
3537 2867 3792 2923 Corbeie

2183 2939 2238 2993 in
2253 2937 2512 3004 Sa'xonia,
2526 2947 2588 2992 ut
2599 2937 2826 3010 Carolus
2836 2953 2948 3010 pra:
2962 2938 3214 3010 omnibus
3228 2937 3553 3010 Christianis
3565 2938 3794 3010 regibus

2183 3010 2598 3090 potentissimus
2634 3009 2687 3090 in
2721 3007 2872 3090 bello
2893 3007 3076 3090 fuerit.
3103 3007 3285 3090 [Post
3312 3007 3793 3090 0bitutpnnalhque

2184 3078 2508 3136 nobilissimi
2551 3080 2694 3148 regis
2723 3078 2956 3149 Pippiui,
2992 3078 3186 3148 inquit,
3217 3079 3447 3134 Carolus
3476 3079 3621 3134 ﬁlius
3666 3078 3792 3147 eius

2184 3165 2411 3221 regnum
2450 3151 2687 3205 obtinuit
2729 3149 3064 3221 Francorum
3093 3149 3428 3204 universum.
3459 3149 3558 3205 Cui
3591 3151 3791 3207 Domi-

2190 3219 2294 3275 nus
2325 3229 2533 3275 tantam
2574 3220 2806 3274 contulit
2844 3219 3106 3274 virtutem
3151 3227 3316 3288 atque
3349 3221 3674 3290 potentiam,
3729 3230 3792 3277 ut

2189 3307 2300 3362 non
2331 3291 2506 3346 solum
2544 3289 2882 3362 Francorum
2909 3305 3135 3358 regnum
3173 3289 3394 3346 strenue
3433 3291 3788 3362 gubernaret.

2187 3357 2282 3417 sed
2322 3363 2486 3415 etiam
2516 3361 2713 3432 multas
2739 3357 3095 3432 barbarorum
3125 3369 3314 3432 gentes
3357 3357 3790 3432 circumquaque

2185 3432 2518 3502 subjugaret.
2547 3429 2701 3486 Unde
2712 3430 2933 3502 factum
2963 3438 3062 3493 est,
3094 3429 3155 3502 ut
3181 3441 3398 3502 gentem
3431 3429 3782 3495 Saxohicain.

2221 3500 2304 3556 uae
2329 3500 2458 3556 Olim
2488 3511 2678 3557 contra
2710 3500 2950 3554 Francos
2981 3500 3436 3568 rebellabat,'non
3468 3503 3645 3557 solum
3685 3519 3789 3558 suo

2221 3518 2304 3556 uae
2329 3518 2458 3556 οιιηι
2488 3518 2678 3557 contra
2710 3518 2950 3554 rrancos
2981 3518 3299 3568 reneiianat,
3331 3518 3436 3556 non
3468 3518 3645 3557 scium
3685 3519 3788 3558 suo

2181 3518 2423 3626 dominio
2461 3573 2786 3642 subegisset,
2802 3570 2908 3642 sed
2945 3578 3001 3624 et
3033 3571 3289 3642 melliﬁuo
3328 3571 3532 3627 Christi
3575 3575 3788 3628 nomini

2183 3642 2370 3712 dicare
2407 3639 2716 3711 meruisset.
2767 3639 2904 3694 Nam
2947 3649 3011 3712 et
3047 3640 3188 3696 hunc
3233 3643 3357 3698 ideo
3384 3658 3494 3712 pra:
3525 3645 3786 3701 omnibus

2182 3710 2506 3766 Christianis
2547 3710 2768 3783 regibus
2811 3711 3248 3783 potentissimum
3301 3713 3355 3767 in
3386 3710 3556 3769 bellis
3615 3714 3786 3769 fuisse

2181 3784 2475 3844 credimus,
2501 3782 2632 3854 quia
2653 3797 2790 3852 quos
2802 3795 2916 3854 suo
2938 3782 3178 3854 dominio
3202 3783 3548 3854 subjugabat,
3574 3784 3784 3840 Christi

2183 3853 2390 3936 nomini
2415 3850 2719 3936 dedicabat.
2742 3850 2996 3936 iﬂQuibus
3021 3853 3160 3936 adde
3330 3850 3451 3936 qua:
3477 3856 3562 3909 vir
3590 3857 3789 3936 doctus

2182 3921 2419 3995 Joannes
2441 3922 2734 3995 rLaunoius
2755 3921 3040 3995 theologus
3069 3921 3396 3979 Parisiensis
3424 3928 3704 3995 congessit
3735 3927 3783 3980 in

2182 4009 2304 4062 cap.
2330 3992 2363 4046 5
2395 3993 2517 4047 lihri
2547 4007 2705 4060 quem
2736 3991 2954 4062 scripsit
2982 3994 3051 4046 de
3084 3996 3255 4048 veteri
3289 4009 3436 4048 more
3467 3991 3784 4062 baptizandi

2180 4060 2396 4116 Judmos
2420 4071 2478 4116 et
2504 4063 2767 4117 inlideles.
2798 4060 3068 4130 Caeterum
3097 4066 3241 4131 quod
3277 4064 3328 4117 iii
3369 4065 3507 4119 libro
3536 4060 3613 4120 De
3644 4067 3784 4120 Cou-

2181 4134 2483 4207 s_t_ru_cti_one
2518 4132 2698 4207 Nova
2727 4131 2972 4207 Corbeize
3021 4132 3173 4187 vides
3220 4133 3472 4188 Carolum
3526 4136 3781 4207 Magnum

2179 4202 2380 4258 Christi
2423 4203 2632 4258 nomini
2667 4200 2950 4273 dedicasse
2990 4212 3178 4273 gentes
3221 4219 3358 4273 quas
3398 4220 3497 4259 suo
3542 4200 3786 4260 dominio

2180 4273 2528 4344 subjugabat,
2552 4272 2866 4344 meminisse
2889 4270 3072 4344 debes,
3103 4270 3292 4338 lector,
3321 4290 3425 4328 non
3448 4276 3594 4329 solos
3615 4276 3784 4331 Saxo-

2180 4341 2365 4397 nesad
2397 4343 2556 4397 ﬁdem
2586 4341 2951 4396 Christianam
2982 4342 3100 4410 ejus
3123 4359 3288 4412 opera
3311 4360 3605 4401 conversos
3638 4363 3780 4408 esse,

2179 4414 2273 4467 sed
2301 4413 2522 4467 Hunnos
2538 4427 2752 4482 quoque
2768 4421 2824 4466 et
2842 4412 3074 4482 Avares,
3101 4424 3159 4468 ut
3178 4414 3432 4468 observat
3457 4412 3782 4472 Sirmondus

2181 4483 2247 4536 ad
2281 4481 2954 4558 Tlieodulfum_pag.h_28_7.
2983 4483 3052 4558 Et
3070 4484 3164 4558 diu
3202 4494 3328 4539 ante
3353 4485 3609 4558 Carolum
3647 4505 3782 4558 prm-

2180 4562 2426 4627 cesserat
2453 4553 2758 4627 exemplum
2781 4551 3036 4627 Clodovei
3069 4553 3399 4627 Francorum
3439 4557 3602 4627 regis,
3639 4551 3782 4611 illius

2183 4623 2912 4700 quiuprimusFrancorum
2936 4625 3261 4700 “principum
3308 4623 3527 4700 Christo
3579 4644 3778 4700 nomen

2182 4695 2350 4747 dedit.
2390 4695 2443 4765 ls
2469 4693 2750 4765 enim,_si'
2773 4705 2877 4765 qua
2929 4693 3061 4765 fides
3096 4693 3298 4750 inedita
3328 4695 3592 4765 Scriptori
3648 4699 3779 4752 Vitrc

2185 4765 2358 4818 sancti
2389 4763 2622 4837 Doniiiiii
2646 4763 3060 4837 homovirensis
3080 4763 3660 4837 anachoreta—edicto
3686 4785 3780 4837 per

2182 4849 2373 4907 omnes
2402 4833 2612 4907 imperii
2646 4832 2893 4907 Francici
2936 4835 3246 4907 previncias
3288 4838 3453 4890 misso
3485 4837 3656 4907 jussit
3685 4832 3774 4900 ut.

2184 4905 2373 4966 relicto
2417 4903 2681 4958 idolorum
2727 4901 2895 4968 cultu,
2925 4901 3105 4959 cuncti
3144 4920 3201 4958 se
3241 4901 3515 4963 verterent
3546 4909 3616 4961 ad
3652 4911 3776 4963 reli-

2183 4975 2395 5047 gionem
2441 4973 2664 5027 Christi.
2716 4972 2841 5027 Haec
2883 4983 3015 5047 sunt
3044 4974 3209 5028 verba
3259 4975 3406 5047 illius
3442 4978 3773 5047 scriptoris:

2190 5063 2221 5117 ε
2240 5044 2332 5098 Illo
2379 5045 2563 5112 itaque
2600 5053 2843 5117 tempore
2870 5043 3172 5117 Clodoveus
3212 5061 3305 5099 rex
3337 5043 3574 5100 Galliam
3613 5057 3777 5117 atque

2183 5114 2531 5188 Germaniam
2571 5113 2811 5188 regebat;
2843 5115 2928 5168 vir
2956 5116 3132 5188 armis
3161 5125 3432 5188 strenuus,
3466 5113 3777 5188 eloquentia

2178 5185 2446 5258 facundus
2460 5201 2479 5258 ;_
2498 5193 2551 5238 et
2571 5183 2760 5258 omnes
2774 5183 3143 5258 Francigenaa,
3158 5194 3270 5240 tam
3291 5183 3586 5258 Christiani
3610 5204 3775 5258 quam

2178 5200 2472 5248 iacunuus;
2498 5200 2551 5238 et
2571 5200 2760 5238 omnes
2774 5200 2802 5237 ιε
2821 5200 3139 5308 ταιιοιὶεηω,
3158 5200 3270 5240 tam
3291 5200 3586 5242 Christiani
3610 5204 3775 5258 quam

2176 5255 2404 5338 pagani,
2435 5256 2552 5338 ejus
2579 5254 2877 5338 dominatui
2917 5270 2976 5308 su
3010 5253 3775 5338 iacebantnlpsenveronrcx,

2179 5323 2271 5378 iib'
2295 5323 2522 5378 exordio
2550 5339 2675 5394 sua:
2705 5323 2893 5394 prolis,
2934 5326 3151 5394 gentilis
3185 5323 3414 5380 exstitit.
3457 5326 3566 5380 Sed
3592 5329 3776 5383 divina

2179 5393 2803 5466 inspiranteclemeiitia
2828 5393 3266 5466 _Redemptoris,
3314 5411 3414 5466 per
3452 5397 3772 5454 admonitio-

2179 5480 2304 5537 nem
2336 5465 2512 5537 sancti
2547 5463 2782 5537 _B_emigi_i
2828 5463 3214 5537 Bhemensium
3259 5463 3679 5537 archiepiscopi,
3709 5469 3775 5522 ad

2180 5535 2504 5589 catholicam
2539 5533 2721 5597 ﬁdem,
2754 5533 2984 5589 Domino
3015 5534 3245 5601 favente,
3275 5533 3620 5603 Christianus
3659 5538 3777 5595 eili-

2182 5606 2342 5658 citur.
2372 5604 2474 5670 Qui
2514 5603 2747 5670 denique
2789 5620 2906 5668 rex,
2936 5615 3221 5674 postquam
3253 5623 3284 5660 a
3313 5623 3470 5662 sacro
3519 5607 3668 5664 fonte
3699 5610 3775 5664 le-

2183 5675 2347 5754 vavit,
2383 5675 2600 5758 nuntios
2627 5675 3027 5758 periuniversas
3054 5677 3273 5758 mittens
3302 5678 3628 5758 provincias,
3659 5695 3772 5758 q_n:_r

2183 5746 2301 5810 ejus
2328 5745 2585 5814 potestati
2616 5745 2874 5814 subjectae
2901 5747 3144 5810 aderant,
3176 5745 3345 5801 edixit
3383 5755 3444 5800 ut
3468 5751 3650 5804 omnia
3679 5745 3780 5805 τηι-

2184 5813 2366 5870 sorum
2395 5814 2592 5888 templa
2615 5813 2840 5870 deorum
2877 5815 3346 5886 corifringerentur
3368 5827 3531 5888 atque
3567 5821 3782 5892 ignibus
