3918 6336
472 380 566 436 ιιι

1462 381 1520 435 8.
1566 378 1914 436 AGOBARDI
1957 377 2265 436 EPISL‘Ol'l
2299 382 2790 441 LL'GDUNENSIS

3678 389 3771 442 lli

466 508 531 548 ac
560 499 721 563 potus
750 507 857 548 non
886 491 1062 547 solum
1095 489 1149 546 in
1176 492 1393 548 diversa
1421 490 1625 566 ﬂagitia
1664 506 1945 557 corruere,
1976 507 2067 546 ve-
2096 497 2144 554 Α
2175 495 2419 565 tieipium
2445 539 2458 560 ,
2495 500 2830 554 consortium
2858 500 3099 567 bibendi,
3147 501 3428 556 habitandi
3478 502 3768 556 contuber-

468 597 588 639 rum
608 582 777 639 etiam
804 582 926 638 lldei
954 581 1258 656 perieulum
1303 583 1610 650 sustinere;
1661 584 1789 639 dum
1817 598 1881 639 ex
1911 584 2069 639 ranti-

467 675 709 733 liaritate
741 677 913 734 nimia
961 684 1011 731 et
1073 676 1291 733 assidua
1326 678 1753 741 eobabitatione,
1786 675 1953 747 aliqui
2001 678 2068 731 de

463 783 629 842 grege
652 767 969 825 Christiano
994 767 1284 825 sabbatum
1305 768 1525 838 quidem
1577 783 1700 823 cum
1748 764 1949 823 Iudaeis
1976 782 2068 823 co-

465 858 605 925 lunt,
637 857 785 915 diem
821 873 956 915 vero
983 854 1326 914 Dominicam
1362 858 1552 914 illicita
1594 859 1911 930 operatione
1958 858 2070 913 vio-

463 950 607 1017 lant;
648 965 753 1006 nec
775 948 930 1023 [non]
963 946 1241 1018 etjejunia
1272 956 1477 1004 statuta
1508 947 1843 1015 dissolvunt;
1878 948 2067 1019 plerae-

463 1059 571 1115 que
594 1041 949 1108 mulierculis,
982 1041 1303 1098 ancillarum
1327 1041 1472 1113 jure,
1507 1041 1627 1096 aliae
1650 1041 1719 1096 ab
1744 1040 1879 1111 ipsis
1918 1040 2067 1095 velut

464 1132 825 1189 mercenaria!
881 1132 1237 1196 detinentur;
1280 1130 1554 1186 nonnullae
1600 1130 1767 1186 etiam
1822 1145 2069 1186 corrum-

461 1233 707 1295 puntur;
771 1240 967 1280 omnes
1002 1238 1136 1280 vero
1200 1220 1513 1292 huiusmodi
1552 1222 1635 1279 vel
1670 1223 2063 1293 dominationi,

464 1312 550 1370 vel
578 1313 814 1378 libidini,
844 1314 931 1370 vel
957 1314 1264 1384 deeeptioni
1312 1329 1503 1370 eorum
1545 1314 1599 1368 in
1629 1330 1918 1370 commune
1942 1330 2067 1386 pro-

467 1406 815 1470 stituuntur;
850 1405 1221 1460 minitantibus
1253 1406 1307 1459 in
1342 1405 1447 1461 boe
1472 1405 1651 1475 ipsum
1681 1405 1881 1461 diaboli
1917 1406 2065 1471 (iliis,

461 1493 587 1550 odio
610 1494 860 1560 subdolo,
901 1504 958 1549 et
1010 1493 1295 1550 fallacibus
1340 1494 1759 1562 blandimentis;
1834 1496 1962 1551 dum
2008 1511 2067 1553 se

461 1600 485 1626 ἀ
503 1587 947 1657 patriarcharum
975 1586 1315 1656 progeniem,
1328 1586 1602 1657 justorum
1618 1601 1811 1657 genus,
1827 1587 2065 1658 prophe-

461 1684 640 1731 tarum
678 1675 919 1731 sobolem
950 1676 1185 1745 superbo
1210 1690 1306 1731 ore
1347 1674 1779 1745 proloquuntur;
1811 1676 2065 1747 ignoran-

464 1769 609 1823 tibus
652 1769 889 1834 miseris,
946 1769 1038 1839 qui
1092 1770 1209 1823 haec
1262 1769 1511 1834 audiunt,
1540 1769 1686 1839 quod
1744 1769 1845 1838 ipsi
1873 1785 2062 1825 eorum

460 1858 739 1928 prophetae
762 1868 981 1931 gentem
1021 1858 1401 1928 peccatricem,
1427 1859 1686 1929 populum
1713 1874 1933 1930 gravem
1963 1860 2066 1914 ini-
2095 1844 2141 1903 Β

461 1949 694 2019 quitate,
727 1964 912 2005 semen
953 1964 1212 2019 nequam,
1276 1949 1415 2003 filios
1468 1949 1798 2015 sceleratos,
1854 1959 2066 2019 patrem

464 2056 709 2111 ipsorum
737 2042 1141 2104 Amorrhreum,
1183 2050 1415 2097 matrem
1448 2039 1751 2105 Cethmam,
1806 2041 2072 2098 Sodomo-

461 2148 579 2187 rum
631 2133 910 2202 principes
932 2174 946 2197 ,
994 2142 1049 2187 et
1079 2131 1402 2189 Gomorrhze
1431 2134 1691 2203 populum
1727 2136 1940 2189 soleant
1974 2151 2069 2205 ap-

462 2225 684 2295 pellare.
715 2224 821 2279 Sed
850 2232 903 2277 et
934 2223 1063 2278 illud
1084 2225 1293 2295 pariter
1320 2224 1717 2290 nescientibus,
1755 2228 1899 2297 quod
1928 2242 2068 2299 prte-

467 2332 663 2371 mtrsor
692 2316 907 2371 Domini
930 2316 1169 2373 Joannes
1211 2318 1485 2389 genimina
1511 2334 1608 2374 eos
1635 2319 1835 2375 dixerit
1863 2321 2071 2391 vipera-

467 2426 607 2473 rum,
641 2419 694 2463 et
723 2410 834 2477 ipse
864 2409 1131 2464 Dominus
1174 2407 1491 2479 frequenter
1535 2410 1657 2465 illos
1680 2426 1823 2466 nunc
1848 2427 2071 2482 serpen-

464 2513 565 2565 tes,
597 2515 740 2555 nunc
770 2500 1179 2570 generationem
1211 2500 1430 2567 malam,
1456 2516 1703 2571 pravam,
1751 2518 2065 2573 perversam

468 2602 628 2662 atque
665 2591 969 2647 adulteram
1003 2592 1279 2647 vocitarit.
1312 2590 1468 2648 Unde
1492 2601 1547 2649 et
1572 2593 1626 2648 in
1660 2602 1871 2649 tantum
1917 2610 2069 2649 erro-

459 2690 537 2746 ris
567 2689 790 2761 pelagus
836 2688 1085 2744 nonnulli
1125 2704 1191 2744 ex
1238 2688 1552 2759 vulgaribus
1584 2704 1648 2745 ac
1695 2690 1918 2746 rusticis
1966 2690 2063 2746 ab-

458 2784 752 2847 ducuntur,
798 2791 857 2837 ιιι
892 2782 1039 2837 hunc
1079 2781 1255 2837 solum
1298 2783 1395 2839 Dei
1425 2799 1549 2841 esse
1587 2783 1870 2855 pepulum,
1922 2786 2064 2855 apud

461 2871 560 2928 hos
594 2871 697 2942 piae
728 2871 1009 2942 religionis
1054 2871 1486 2939 observantiam,
1525 2888 1591 2929 ac
1642 2875 1813 2930 multo
1867 2874 2065 2930 certio-

464 2979 600 3027 rem,
641 2977 806 3033 quam
832 2971 1018 3017 nostra
1044 2964 1137 3026 sit,
1182 2962 1366 3029 ﬁdem,
1392 2971 1449 3019 et
1468 2963 1694 3020 seducto
1722 2964 2069 3035 suspicentur

459 3056 662 3119 animo,
722 3062 779 3109 et
828 3069 923 3109 ore
958 3055 1123 3125 impio
1178 3056 1321 3110 inter
1368 3070 1530 3125 pares
1557 3064 1613 3111 et
1643 3055 1958 3110 consimiles
1987 3052 2067 3110 fa-

469 3155 707 3201 teantur.

532 3238 689 3308 Quod
711 3238 908 3294 malum
942 3254 1065 3293 eum
1111 3238 1161 3292 in
1195 3237 1351 3308 plebe
1399 3237 1556 3292 nobis
1584 3236 1877 3291 commissa
1910 3234 2062 3289 vide-
2090 3211 2134 3271 C

464 3344 646 3384 remus
673 3344 1019 3394 excrescere,
1043 3338 1207 3399 atque
1238 3329 1292 3382 in
1328 3328 1447 3383 dies
1485 3326 1731 3397 singulos
1789 3326 1903 3396 ipsa
1946 3324 2063 3393 jam

460 3417 854 3474 consuetudine
884 3419 1199 3488 propagari,
1242 3418 1550 3473 studuimus
1596 3431 1696 3487 pro
1723 3417 1930 3471 viribus
1987 3417 2064 3470 la-

464 3510 575 3580 psis
614 3526 836 3564 manum
891 3509 1193 3578 porrigere,
1227 3519 1283 3564 et
1311 3517 1562 3564 errantes
1586 3508 1802 3563 animos
1831 3510 1898 3563 ad
1929 3510 2065 3563 veri-

459 3602 589 3656 tatis
611 3600 811 3655 lineam
832 3615 1091 3655 revoeare
1122 3619 1132 3652 :
1157 3614 1372 3669 aequum
1394 3599 1682 3655 credentes
1704 3609 1763 3653 ut
1788 3599 2065 3669 quomodo

458 3693 593 3762 ipsis
620 3692 897 3761 quondam
936 3691 1019 3746 lex
1048 3690 1146 3746 Dei
1188 3691 1541 3761 praecipiebat
1566 3705 1633 3746 ne
1659 3706 1783 3746 cum
1808 3692 2059 3762 gentibus

460 3782 872 3838 matrimonium
928 3781 1266 3852 copularent,
1316 3796 1455 3837 neve
1495 3798 1619 3837 eum
1656 3783 1738 3837 eis
1772 3796 2059 3838 commune

460 3874 771 3930 convivium
796 3874 1163 3938 celebrarent,
1216 3888 1284 3928 ne
1328 3872 1586 3929 videlicet
1629 3890 1729 3945 per
1780 3874 2059 3930 consortia

462 3966 775 4037 nuptiarum
805 3974 859 4019 et
884 3964 1329 4020 communionem
1376 3964 1623 4019 ciborum
1650 3980 1680 4018 a
1708 3963 1892 4019 divino
1937 3964 2060 4033 qui-

461 4059 586 4113 dem
614 4057 763 4113 cultu
787 4055 1110 4121 deﬁcerent,
1138 4054 1461 4111 idololatriae
1483 4066 1663 4111 autem
1685 4056 1817 4127 jugo
1840 4056 2062 4111 liberta-

462 4164 574 4203 tem
602 4149 771 4204 animi
801 4148 1161 4213 inclinarent;
1206 4149 1282 4203 ita
1318 4164 1463 4203 nunc
1492 4157 1549 4205 et
1599 4160 1787 4205 noster
1835 4148 2064 4221 populus

460 4241 797 4303 inhibeatur,
824 4254 892 4292 ne
914 4253 1037 4293 cum
1074 4236 1276 4292 Judaeis
1316 4236 1624 4293 infidelibus
1643 4238 1899 4295 vescendi
1928 4254 2053 4308 par-

2174 587 2323 641 nium
2346 588 2549 643 habere
2578 601 2911 659 prresumant
2943 608 2957 646 :
2986 608 3054 649 ne
3080 594 3180 647 sub
3199 601 3467 663 praetextu
3492 592 3772 649 societatis

2172 677 2333 748 hujus
2352 696 2383 734 a
2406 682 2753 752 simplicitate
2782 685 3001 753 quidem
3041 684 3367 741 Christianae
3395 684 3523 740 fidei
3554 687 3772 740 exorbi-

2173 780 2307 838 tent,
2335 770 2575 827 Judaieis
2606 790 2733 828 vero
2763 774 2961 831 fabulis
2985 778 3347 842 attendentes,
3380 778 3769 834 inextricabili-

2171 858 2273 916 bus
2299 875 2547 917 errorum
2574 863 2781 935 laqueis
2806 867 3183 938 implicentur;
3214 884 3445 940 cumque
3471 884 3574 925 nos
3600 872 3772 923 nemi-

2172 968 2295 1009 nem
2339 953 2551 1010 illorum
2597 953 2937 1015 humanitate
2990 967 3138 1015 tanta
3176 969 3230 1015 et
3272 960 3630 1034 benignitate,
3668 979 3773 1031 qua

2169 1057 2299 1113 erga
2324 1058 2420 1100 eos
2448 1046 2673 1113 utimur,
2703 1049 2770 1103 ad
2794 1049 3097 1120 spiritalem
3126 1051 3250 1106 ﬁdei
3277 1062 3479 1109 nostrae
3510 1055 3773 1109 virtutem

2169 1132 2447 1189 valeamus
2469 1136 2769 1205 adducere,
2810 1156 2939 1210 pars
2963 1142 3143 1213 aliqua
3185 1160 3253 1197 ex
3278 1146 3503 1211 nostris,
3534 1146 3669 1199 dum
3714 1147 3773 1200 li-

2169 1225 2361 1281 benter
2388 1228 2701 1285 carnalibus
2723 1246 2913 1287 eorum
2936 1234 3173 1291 victibus
3194 1237 3584 1301 communicat.
3607 1239 3774 1308 spiti—

2170 1314 2368 1372 talibus
2405 1319 2578 1388 epulis
2613 1323 2882 1393 capiatur.
2936 1324 3088 1382 Hanc
3146 1330 3349 1383 etenim
3385 1329 3583 1384 divina:
3638 1330 3773 1393 legis

2168 1406 2564 1474 providentiam
2586 1410 2777 1466 Patres
2798 1414 2970 1467 nostri
2995 1415 3257 1471 institutis
3277 1418 3558 1473 canonicis
3582 1419 3770 1473 viden-

2171 1504 2259 1551 tur
2280 1513 2402 1554 esse
2427 1503 2631 1567 secuti;
2663 1514 2895 1571 quorum
2924 1521 3023 1561 nos
3074 1510 3383 1579 praeceptis,
3419 1510 3471 1563 in
3499 1518 3770 1579 quantum

2167 1587 2472 1656 potuimus,
2504 1591 2717 1647 devotis
2763 1595 2957 1650 animis
3007 1597 3252 1653 obsecuti
3290 1614 3506 1665 sumus;
3544 1601 3768 1669 pericu-

2168 1677 2277 1732 lum
2326 1680 2536 1737 scilicet
2591 1684 2894 1740 animarum
2930 1702 3051 1757 qute
3099 1688 3256 1744 nobis
3307 1692 3616 1746 commissa:
3645 1704 3773 1746 sunt

2166 1773 2635 1840 pertimescentes,
2681 1788 2737 1832 et
2787 1794 2974 1834 earum
3015 1783 3038 1820 ιι
3082 1783 3401 1853 sanguinem
3448 1785 3514 1839 de
3564 1786 3771 1841 nostris

2171 1863 2425 1920 manibus
2447 1866 2500 1920 in
2529 1867 2711 1923 divino
2737 1872 3129 1939 exquirendum
3151 1871 3359 1941 judicio
3382 1873 3767 1931 formidantes.

2173 1952 2545 2011 Tentaverunt
2584 1972 2748 2027 porro
2798 1962 3016 2031 quidam
3057 1965 3251 2027 missi,
3308 1974 3364 2019 et
3414 1976 3434 2003 ο
3490 1966 3769 2022 Evrardus

2170 2048 2425 2114 maxime,
2454 2051 2545 2119 qui
2572 2049 2883 2108 Iudaeorum
2915 2072 3059 2111 nunc
3084 2058 3347 2132 magister
3397 2068 3500 2123 est,
3546 2060 3768 2133 religio-

2170 2158 2288 2196 sum
2318 2143 2419 2199 hoc
2445 2160 2583 2215 opus
2630 2158 2879 2205 nostrum
2940 2153 3243 2219 destruere,
3280 2171 3343 2210 ac
3390 2158 3491 2211 sub
3536 2158 3768 2212 obtentu

2169 2231 2473 2288 edictorum
2507 2235 2869 2306 imperialium
2919 2240 3271 2299 labefactare.
3305 2244 3513 2313 Quibus
3542 2262 3643 2301 nos
3678 2265 3768 2302 ne

2169 2337 2275 2392 que
2301 2325 2369 2379 ad
2399 2327 2589 2382 horam
2614 2330 2910 2397 cessimus,
2943 2340 3002 2387 ut
3031 2334 3226 2390 divinae
3261 2336 3396 2406 legis
3422 2338 3628 2393 veritas
3660 2380 3674 2402 ,
3720 2354 3767 2393 et

2169 2421 2481 2471 sanctorum
2512 2417 2735 2473 Patrum
2761 2423 3081 2479 constitutio
3124 2428 3450 2491 veneranda,
3503 2429 3769 2485 immobili

2170 2504 2313 2574 apud
2344 2522 2445 2563 nos
2490 2518 2655 2579 atque
2687 2511 3003 2569 incouvulsa
3052 2517 3435 2573 observatione
3484 2522 3769 2589 perduret.

2170 2594 2281 2651 Nec
2319 2612 2447 2654 vero
2476 2608 2586 2654 tam
2618 2602 2876 2659 feralibus
2910 2604 3079 2675 jussis
3127 2610 3246 2664 ausi
3299 2625 3488 2666 sumus
3517 2615 3770 2683 acquies-

2168 2703 2312 2753 cere,
2338 2698 2432 2744 aut
2465 2691 2933 2763 religiosissimum
2958 2713 3020 2751 ac
3051 2698 3163 2755 Deo
3192 2701 3416 2772 dignum
3455 2705 3768 2776 principem

2168 2777 2447 2848 quidpiam
2472 2779 2667 2837 divina:
2708 2783 2810 2855 legi
2837 2787 3197 2853 contrarium,
3250 2791 3423 2846 sacris
3466 2794 3773 2850 canonibus

2170 2871 2477 2937 adversum,
2509 2873 2670 2929 saluti
2705 2876 2961 2933 Ecclesiae
2984 2880 3371 2949 periculosum,
3415 2886 3641 2941 credere
3667 2903 3769 2957 po-

2173 2961 2373 3015 tuimus
2400 2965 2755 3035 pratecpisse;
2804 2968 2959 3049 cujus
3004 2971 3071 3025 ad
3121 2973 3223 3028 hoc
3266 2990 3483 3046 semper
3520 2976 3772 3048 invigilat

2170 3050 2345 3107 ﬁdelis
2391 3053 2657 3109 industria
2709 3066 2763 3111 et
2811 3059 2984 3127 pictas
3020 3060 3373 3129 admiranda,
3421 3074 3475 3119 ut
3530 3066 3613 3120 lex
3678 3070 3769 3121 Dxa

2172 3143 2370 3211 ubique
2410 3155 2699 3213 servetur,
2764 3157 2821 3203 ut
2872 3152 3131 3207 canonica
3200 3154 3444 3209 instituta
3498 3168 3767 3227 perpetua

2172 3232 2387 3303 vigeant
2424 3234 2681 3291 firmitate
2704 3279 2717 3303 ,
2765 3247 2823 3292 ut
2862 3240 3009 3295 salus
3048 3258 3111 3296 ac
3146 3245 3316 3300 virtus
3354 3246 3613 3301 Ecclesiae
3651 3259 3772 3304 toto

2170 3332 2443 3379 terrarum
2495 3326 2625 3382 orbe
2672 3328 2961 3398 gloriosius
3011 3333 3063 3386 in
3124 3336 3238 3389 dics
3284 3338 3525 3408 singulos
3565 3354 3770 3395 conva-

2170 3417 2356 3471 lescat.

2244 3506 2393 3561 Unde
2422 3516 2478 3561 et
2522 3516 2600 3573 tu,
2631 3508 2794 3563 Pater
2823 3511 3159 3578 beatissime,
3190 3516 3283 3583 qui
3320 3516 3570 3571 columna
3623 3536 3769 3578 nunc

2171 3597 2224 3651 in
2247 3598 2500 3654 omnibus
2522 3609 2576 3654 et
2604 3600 3007 3658 ﬁrmamentum
3039 3605 3232 3659 domus
3262 3606 3354 3661 Dei
3384 3610 3650 3677 ercderis,
3686 3622 3768 3666 sta

2170 3704 2334 3759 super
2359 3699 2570 3759 petram
2596 3691 2984 3749 ecclesiasticae
3003 3695 3418 3761 observationis,
3446 3698 3767 3764 iunnobilis,

2171 3779 2496 3849 intrepidus,
2556 3782 2935 3849 inconcussus,
2988 3782 3386 3855 iloccipendens
3436 3789 3769 3848 adversaria:

2170 3871 2510 3938 tempestatis
2536 3881 2745 3935 ventos,
2782 3872 3005 3937 imbres,
3043 3889 3106 3927 ac
3130 3873 3382 3938 llutnina;
3415 3892 3537 3946 quae
3571 3880 3768 3934 funda-

2173 3967 2353 4012 mento
2375 3960 2591 4028 quidem
2622 3960 2814 4016 domus
2843 3961 2938 4015 Dei
2984 3961 3115 4016 iliidi
3148 3972 3393 4031 possunt,
3425 3965 3600 4035 ipsam
3640 3983 3768 4022 vero

2172 4054 2436 4108 subruere
2465 4069 2570 4108 non
2586 4063 2845 4123 possunt:
2871 4056 2997 4124 quia
3021 4069 3119 4109 nec
3149 4064 3320 4124 porta»
3344 4056 3547 4111 inferid
3574 4059 3768 4113 adver-

2172 4160 2265 4200 sus
2290 4157 2409 4199 eam
2436 4143 2731 4215 prawalere
2757 4152 2981 4214 queunt.
3015 4143 3283 4211 Scieutcs,
3340 4148 3544 4217 itaque,
3606 4148 3768 4203 Pazer

2172 4237 2519 4301 venerabilis,
2542 4250 2737 4293 omnes
2763 4236 2857 4306 qui
2880 4237 2978 4291 sub
3011 4236 3128 4308 lege
3151 4246 3307 4300 sunt,
3343 4239 3446 4292 sub
3475 4240 3766 4294 maledicto

1866 4349 1997 4403 BAL
2008 4348 2137 4405 Ulli
2179 4347 2409 4405 ΝΟΤᾸΞ.

457 4465 594 4520 adeo
623 4469 810 4532 aperte
838 4462 1163 4533 sententiam
1188 4474 1340 4515 suam
1382 4460 1677 4533 prompsit,
1715 4468 1772 4533 ut
1814 4459 2059 4514 divinan—
2085 4462 2137 4520 D
2164 4458 2549 4533 sub_Gregorio
2574 4458 2639 4523 Χ,
2666 4459 2941 4533 Romanus
2972 4460 3217 4533 pontifex
3262 4471 3487 4533 vocatur
3533 4480 3765 4533 sponsus

459 4538 587 4589 dum
610 4529 718 4587 non
753 4533 824 4587 sit
844 4532 973 4601 quid
998 4533 1051 4584 in
1080 4532 1183 4585 hac
1205 4546 1368 4586 causa
1384 4529 1652 4585 senserit.
1674 4548 1692 4579 ι
1713 4529 2055 4585 Ascensurus

460 4609 513 4660 in
551 4603 781 4666 calum,
814 4604 1011 4672 inquit,
1043 4603 1212 4672 ipsam
1242 4617 1431 4656 rursus
1458 4601 1758 4655 Ecclesium
1780 4616 2057 4657 commen—

458 4675 627 4753 davit.
665 4672 909 4753 Sponsus
955 4672 1320 4753 profecturus,
1359 4684 1614 4753 sponsam
1670 4684 1820 4751 suain
1868 4672 2056 4724 amicis

457 4746 572 4799 suis
593 4740 1031 4799 commendavit:
1067 4757 1173 4795 non
1211 4750 1269 4795 ut
1314 4749 1458 4795 amet
1484 4740 1720 4809 aliquem
1773 4741 2053 4809 ipsorum,

457 4816 550 4869 sed
576 4814 752 4885 ipsum
813 4824 1067 4882 tauquam
1102 4826 1381 4885 sponsum,
1411 4811 1529 4885 illos
1562 4820 1821 4885 tanquam
1868 4812 2051 4880 sponsi

460 4881 666 4939 amicos
690 4926 703 4950 ,
748 4892 805 4937 et
844 4881 949 4938 non
981 4898 1100 4937 eam
1134 4882 1420 4935 admittant
1475 4881 1677 4936 lascivo
1707 4896 1889 4936 amore.
1936 4896 2057 4935 cor-

466 4955 663 5023 rumpi.
696 4973 714 5006 »
743 4952 880 5007 Hinc
915 4952 1115 5006 factum
1142 4960 1199 5005 ut
1228 4952 1335 5007 Leo
1371 4951 1464 5016 IX,
1492 4950 1732 5023 pontifex
1758 4950 2053 5023 liouianus,

459 5022 706 5080 scribens
737 5024 803 5077 ad
847 5023 1145 5077 Robertum
1179 5023 1431 5076 abbatem
1462 5022 1736 5078 Casus-Dei
1776 5022 1828 5074 iu
1860 5023 2057 5075 Arver-

460 5097 564 5157 nis,
596 5095 797 5149 dixerit
826 5092 1101 5148 Christum
1151 5106 1271 5146 csse
1321 5107 1508 5146 verum
1556 5100 1612 5145 et
1641 5107 1805 5144 unum
1855 5099 2057 5146 sancta:

462 5164 715 5219 ἱζοθῑθδὶιε
753 5178 1029 5233 sponsum.
1066 5162 1309 5230 Denique
1338 5172 1558 5233 sanctus
1585 5160 1905 5233 Dcrnardus
1941 5162 2057 5215 haec

461 5236 528 5289 ad
557 5231 853 5305 Eugenium
878 5234 941 5287 lll
969 5233 1186 5305 scrips’t
1216 5235 1267 5285 in
1312 5231 1535 5305 epistola
1574 5231 1711 5284 257:
1743 5250 1761 5281 ι
1801 5232 2058 5305 Superest

463 5314 522 5359 ut
547 5301 688 5360 facta
745 5305 849 5358 hac
899 5303 1194 5357 mutatione
1230 5301 1353 5367 tui,
1400 5303 1514 5372 ipsa
1546 5315 1763 5372 quoque
1810 5318 1930 5371 qua:
1955 5301 2056 5372 tibi

465 5376 754 5430 commissa
782 5386 866 5429 est
895 5373 1107 5427 Domini
1144 5374 1219 5427 tui
1250 5370 1443 5443 sponsa
1474 5370 1711 5427 imitetur
1755 5370 1807 5424 in
1830 5370 2053 5443 melius,

460 5453 517 5498 et
542 5445 656 5515 jam
681 5458 1023 5515 nequaquam
1048 5444 1225 5507 Sarai,
1256 5441 1350 5515 sed
1381 5442 1612 5515 Satade
1642 5452 1839 5515 cretero
1886 5441 2057 5515 nomi-

464 5511 640 5569 netur.
671 5511 910 5584 Intelligo
928 5529 1048 5584 qua:
1078 5514 1217 5567 dico.
1253 5514 1409 5567 Dabit
1455 5512 1621 5584 enim
1653 5511 1749 5584 tibi
1800 5511 2059 5584 Dominus

464 5584 818 5661 totelleetum.
847 5580 906 5639 Si
932 5580 1139 5637 amicus
1164 5583 1461 5661 sponsi-es,
1481 5597 1549 5636 ne
1576 5582 1778 5661 dixeris
1807 5580 2056 5661 dilectam

463 5653 581 5723 ejus
605 5656 905 5724 principem
952 5670 1145 5716 meum,
1179 5651 1272 5708 sed
1296 5654 1615 5722 principem,
1640 5651 1771 5705 nihil
1805 5661 1970 5724 tuum
2004 5651 2057 5704 in

464 5722 525 5778 ea
553 5722 834 5780 vindicans
853 5766 865 5786 ,
893 5724 994 5778 nisi
1032 5724 1173 5793 quod
1225 5739 1321 5792 pro
1353 5740 1436 5782 ea.
1464 5724 1507 5777 si
1540 5722 1863 5793 oportuerit,
1892 5723 2053 5793 etiam

465 5796 702 5851 animam
734 5798 862 5850 dare
894 5792 1075 5849 debes.
1111 5817 1127 5846 ι
1167 5793 1221 5847 lu
1253 5794 1481 5849 concilio
1506 5804 1681 5848 tamen
1712 5792 2054 5863 Lugdunensi

2164 4530 2448 4601 Ecclesite;
2483 4530 2535 4583 in
2568 4545 2689 4601 cap.
2719 4529 2819 4584 Ubi
2842 4530 3155 4601 periculum.
3186 4532 3262 4585 De
3297 4532 3465 4587 Elea.
3493 4529 3760 4591 ἔνι’δετιο.

2235 4612 2260 4639 ει
2304 4600 2746 4674 ΡαιήαῖεΙια-ίοιιηι
2773 4603 3092 4674 progeniem.
3125 4602 3259 4657 Vide
3283 4619 3403 4674 quae
3427 4605 3667 4660 diximus
3698 4610 3761 4661 ad

2163 4670 2362 4724 librum
2392 4671 2467 4724 De
2497 4669 2785 4725 lnsolentia
2812 4669 3144 4725 Judzeorum.

2234 4740 2261 4779 δ
2298 4737 2620 4814 Sanguinem
2647 4741 2711 4793 de
2740 4742 2935 4814 nostris
2983 4742 3244 4796 manibus.
3290 4743 3465 4798 Timet
3514 4744 3762 4814 Agol-ar-

2161 4811 2281 4884 dus,
2309 4824 2377 4884 ne
2404 4810 2448 4864 si
2478 4810 2782 4864 animarum
2830 4812 2930 4866 sibi
2971 4814 3384 4884 commissarum
3435 4810 3659 4884 vigilum
3702 4835 3761 4870 ac

2161 4880 2451 4956 sollicitam
2492 4895 2677 4935 curam
2723 4897 2829 4935 non
2866 4891 3039 4951 gerat,
3079 4883 3124 4937 si
3170 4885 3238 4937 ob
3277 4880 3537 4956 desidiam
3587 4887 3760 4956 negli-

2161 4952 2502 5020 gentiamque
2532 4966 2686 5004 suam
2740 4961 3005 5020 pereant,
3048 4968 3237 5007 earum
3288 4952 3761 5019 jerditionem'de

2162 5019 2321 5074 manu
2351 5019 2467 5089 ejus
2494 5019 2750 5089 requirat
2775 5021 2916 5075 Deus
2942 5023 2993 5075 in
3028 5024 3231 5090 judicio
3258 5024 3461 5078 divino.
3498 5026 3630 5079 Vide
3670 5042 3761 5079 no-

2162 5100 2244 5144 tas
2275 5090 2341 5143 ad
2365 5090 2648 5160 epistolam
2674 5091 2743 5145 79
2771 5091 2904 5160 Lupi
2937 5092 3322 5149 Ferrariensis.

2235 5172 2255 5199 ε
2295 5160 2588 5221 Erramus,
2618 5162 2817 5215 missus
2845 5164 3168 5217 dominicus.
3217 5163 3348 5217 Vide
3394 5175 3552 5219 no'as
3590 5168 3659 5220 ad
3708 5169 3761 5220 li-

2161 5229 2414 5303 brtmrde
2446 5231 2714 5300 baptismo
2742 5229 3087 5303 Judaicorum
3121 5234 3536 5303 mancipiorum.

2233 5302 2257 5339 ά
2300 5300 2561 5354 Adversus
2587 5317 2723 5365 eum,
2768 5301 2952 5367 idest,
2985 5300 3317 5360 Εροιρςίιιιιιξ
3362 5320 3427 5358 ex
3485 5308 3757 5359 sententia

2160 5370 2447 5445 Agobardi,
2480 5372 2576 5445 qui
2597 5371 2692 5445 sie_
2710 5372 3097 5445 interpretatur
3122 5373 3295 5445 locum
3322 5373 3469 5428 illum
3489 5390 3557 5429 ex
3583 5376 3759 5429 Evan-

2160 5439 2298 5512 gelio
2344 5439 2578 5495 Mattiirei
2609 5458 2620 5493 :
2654 5439 2823 5510 Super
2856 5443 2993 5496 hanc
3038 5439 3240 5512 petram
3272 5444 3547 5511 a’diﬁcabo
3583 5446 3758 5500 Eccle-

2160 5510 2293 5563 sium
2327 5527 2515 5584 meum,
2550 5520 2599 5564 et
2632 5523 2796 5584 portu:
2823 5512 2981 5582 inferi
3005 5510 3107 5567 non
3124 5510 3477 5584 prqualcb’tmt
3506 5516 3757 5570 adversus

2158 5596 2295 5633 eant.
2332 5580 2488 5651 varie
2533 5590 2711 5635 autem
2765 5580 3004 5651 jactatus
3032 5580 3238 5639 est'hic
3269 5584 3457 5648 locus;
3505 5586 3633 5638 dum
3667 5586 3755 5638 alii

2160 5664 2282 5703 eum
2312 5648 2553 5720 referunt
2574 5653 2638 5704 ad
2669 5648 2899 5720 petram,
2930 5654 2981 5706 id
3010 5662 3113 5719 est,
3164 5654 3384 5709 Petrum
3435 5667 3490 5711 ιιι
3534 5671 3751 5709 succes-

2160 5734 2311 5775 seres
2334 5719 2449 5796 ejus
2478 5719 2750 5796 [tertianos
2772 5721 3093 5796 pontiﬁces;
3126 5726 3215 5778 alii
3275 5726 3340 5778 ad
3390 5743 3422 5796 ιι
3462 5738 3598 5778 trrnu
3628 5767 3643 5786 .
3708 5728 3755 5778 id

2160 5800 2263 5857 est,
2298 5790 2361 5845 ad
2389 5790 2783 5848 confessionem
2840 5793 3003 5849 Petri.
3048 5795 3216 5849 Fuere
3250 5796 3337 5866 qui
3380 5790 3649 5851 rufi-tvm“
3692 5796 3753 5849 ad
