3918 6372
214 335 326 390 Ηΰ

1227 337 1355 392 LIB.
1399 335 1770 393 ADVERSUS
1811 336 2048 394 LEGEM
2087 338 2503 395 GL'NDOBADI.
3410 339 3499 396 iii

208 466 361 512 esse,
399 458 452 502 et
481 449 699 504 indutos
725 451 1128 510 maledictioue,
1156 450 1297 504 sicut
1318 450 1664 515 vestimento,
1696 466 1816 519 quae
1847 457 1896 516 Α
1923 462 1977 508 et
2011 456 2080 510 ad
2108 456 2321 512 vicinos
2348 461 2697 528 coepiscopos
2736 473 2798 512 ac
2835 457 3028 512 fratres
3076 457 3509 512 cohortationum

209 543 444 600 intravit
465 545 608 598 sicut
631 559 770 614 aqua
795 546 849 600 in
878 546 1138 600 interiora
1159 559 1371 608 eorum,
1395 553 1448 598 et
1475 544 1617 597 sicut
1638 544 1815 598 oleum

213 637 269 691 in
303 652 427 691 ossa
450 652 661 704 eorum,
693 639 1011 693 maledictos
1031 654 1244 708 quoque
1270 638 1321 691 in
1351 637 1596 700 civitate,
1626 645 1678 690 et
1705 651 1816 689 ma-

211 726 447 783 ledictos
479 730 530 782 in
556 745 710 800 agro,
744 729 1062 785 maledictos
1109 731 1161 783 in
1205 730 1475 801 ingressu,
1513 737 1569 782 et
1595 727 1817 781 maledi-

217 827 338 872 ctos
361 820 415 872 in
442 834 685 888 egressu,
711 820 1055 876 maledictum
1087 819 1324 874 fraetum
1352 819 1558 873 ventris
1581 826 1635 874 et
1659 827 1818 872 terra:

215 919 270 964 et
297 924 555 978 pecorum
601 927 811 976 eorum,
860 910 1144 966 maledicta
1175 926 1364 964 eorum
1404 909 1651 974 cellaria,
1689 908 1817 963 hor-

217 1015 336 1064 rea,
366 1002 680 1069 apothecas,
713 1002 862 1056 cibos
890 1010 945 1055 et
987 1002 1226 1071 ipsorum
1262 1001 1508 1055 ciborum
1537 997 1809 1068 reliquias,

216 1105 322 1144 nec
370 1106 532 1161 posse
583 1094 891 1162 quempiam
945 1107 1133 1146 eorum
1172 1092 1239 1145 ab
1280 1092 1384 1146 hoc
1438 1098 1549 1144 tam
1591 1090 1814 1144 immani

219 1190 444 1250 tamque
469 1183 717 1237 horribili
759 1184 1043 1238 maledicto
1070 1184 1205 1254 legis
1235 1185 1392 1253 eripi,
1425 1183 1526 1238 nisi
1559 1199 1658 1253 per
1691 1199 1812 1237 eum

218 1277 310 1344 qui
337 1291 435 1344 pro
460 1278 616 1331 nobis
646 1275 821 1331 factus
844 1286 926 1332 est
952 1276 1322 1332 maledictum.
1358 1275 1547 1330 Sciens
1569 1274 1734 1331 etiam
1759 1275 1812 1329 in

216 1381 315 1419 eos
341 1366 432 1434 qui
459 1367 901 1435 praedicationem
948 1368 1299 1436 apostolicam
1323 1367 1517 1422 nolunt
1545 1367 1810 1436 recipere,

219 1472 328 1508 non
369 1456 542 1510 solum
593 1457 740 1511 nullo
769 1473 958 1512 eorum
1008 1458 1289 1521 utendum,
1332 1459 1426 1513 sed
1453 1466 1508 1512 et
1534 1457 1811 1526 pulverem

214 1547 457 1603 civitatis
490 1549 681 1605 domus
707 1565 896 1604 eorum
925 1551 992 1605 de
1023 1553 1251 1621 pedibus
1288 1551 1692 1615 excutiendum,
1728 1565 1814 1605 re-

220 1640 552 1709 missiusque
580 1641 633 1694 in
656 1641 747 1696 die
757 1639 951 1709 judicii
974 1641 1225 1697 Sodoma:
1241 1651 1295 1696 et
1323 1641 1644 1697 Gomorrhae
1670 1639 1814 1695 futu-

219 1751 340 1789 rum
371 1751 534 1805 quam
559 1736 685 1801 illis,
713 1753 971 1808 permane
1000 1748 1056 1793 et
1078 1749 1132 1793 tu
1163 1740 1216 1794 in
1245 1740 1442 1794 divinae
1472 1740 1602 1810 legis
1624 1740 1810 1794 obser-

1926 559 2141 603 tuarum
2170 551 2500 603 munimenta
2527 550 2857 615 transmitte,
2888 559 2949 604 ut
2969 550 3084 619 pari
3113 551 3352 604 omnium
3384 565 3513 606 con-

1922 658 2082 698 sensu
2130 653 2186 698 et
2239 642 2425 696 labore
2479 642 2756 695 communi
2813 651 3025 695 tantum
3070 643 3173 697 hoc
3208 641 3407 695 malum
3445 642 3511 695 de

1920 736 2122 790 Christi
2173 734 2431 789 Ecclesiis
2474 732 2773 786 auferatur.
2816 732 3142 800 impleamus
3170 731 3356 785 Matris
3405 729 3508 784 Ec-

1919 827 2099 880 clesiae
2127 825 2401 893 gaudium,
2449 839 2614 877 unum
2646 837 2838 877 omnes
2877 823 3118 877 dicentes
3144 866 3158 888 ,
3209 835 3374 874 unum
3425 836 3509 875 sa-

1919 920 2156 990 pientes,
2210 934 2376 971 unum
2412 918 2727 979 sentientes,
2782 917 2834 970 id
2864 925 2966 977 est,
3001 923 3276 969 certamen
3305 913 3509 995 haben-

1921 1019 2004 1062 tes
2031 1049 2044 1072 ,
2083 1008 2209 1078 quia
2263 1016 2317 1060 et
2364 1007 2465 1060 hoc
2522 1005 2893 1076 benignissimi
2933 1004 3306 1073 Redemptoris
3338 1003 3508 1056 nostri

1919 1100 2249 1155 desiderium
2292 1113 2414 1152 esse
2452 1099 2828 1168 cognoscimus
2857 1113 2870 1161 ;
2914 1094 3209 1150 secundum
3239 1093 3382 1163 quod
3411 1108 3510 1162 pro

1919 1194 2076 1248 nobis
2110 1193 2329 1247 Patrem
2381 1192 2497 1259 ipse
2528 1199 2802 1260 precatur,
2861 1188 3048 1242 dicens
3099 1203 3111 1238 :
3154 1183 3279 1239 Non
3308 1200 3403 1253 pro
3431 1182 3512 1235 his

1917 1295 2092 1340 autent
2124 1301 2244 1354 rogo
2297 1293 2520 1346 tantum,
2569 1281 2658 1337 sed
2708 1290 2753 1333 et
2795 1294 2889 1349 pro
2934 1278 3176 1331 omnibus
3212 1276 3300 1345 qui
3330 1273 3505 1327 credi-

1918 1375 2024 1428 turi
2048 1385 2166 1427 sunt
2189 1389 2280 1443 per
2310 1373 2516 1426 verbum
2556 1387 2738 1424 eorum
2790 1370 2845 1422 in
2889 1384 2972 1421 mc
3000 1407 3014 1431 ,
3054 1374 3109 1420 ut
3139 1381 3315 1419 omnes
3350 1379 3512 1416 unum
3595 1437 3609 1450 ‘

1916 1465 2019 1519 sint
2044 1504 2057 1528 ,
2105 1465 2238 1517 sicut
2289 1474 2346 1514 tu
2394 1459 2556 1514 Pater
2586 1461 2638 1514 in
2670 1477 2776 1520 me,
2810 1469 2856 1512 et
2889 1475 2980 1528 ego
3017 1457 3071 1509 in
3117 1464 3163 1508 te
3191 1496 3205 1518 ,
3249 1464 3303 1507 ut
3338 1464 3387 1506 et
3412 1453 3510 1522 ipsi

1915 1555 1970 1606 in
1994 1552 2140 1608 nobis
2176 1567 2337 1604 unum
2368 1551 2491 1603 sint.
2544 1549 2716 1602 Tanta
2764 1562 2892 1601 vero
2923 1546 3076 1601 nobis
3113 1553 3197 1597 est
3249 1544 3316 1597 de
3357 1549 3512 1612 parte

1917 1653 2100 1698 vestra
2127 1643 2346 1706 fiducia,
2377 1650 2438 1695 ut
2467 1642 2754 1696 credamus
2777 1655 2911 1708 opus
2948 1638 3050 1692 hoc
3075 1635 3157 1690 vel
3191 1643 3390 1689 conatu
3421 1649 3512 1687 vc—

1915 1745 2031 1790 stro
2059 1743 2348 1796 staturum,
2380 1733 2464 1786 vel
2498 1740 2675 1786 vestra
2699 1773 2711 1795 ,
2757 1730 2900 1799 quod
2948 1728 3135 1790 absit,
3192 1724 3513 1779 remissione

218 1828 424 1892 vantia,
461 1830 690 1898 persiste
742 1831 792 1883 in
835 1830 1112 1884 canonicis
1150 1830 1444 1896 institutis,
1507 1838 1632 1884 tene
1679 1845 1815 1899 quos
1846 1828 2219 1898 Blapsurum.
2282 1824 2424 1879 Deus
2488 1826 2666 1877 autem
2728 1821 3002 1891 patientia:
3060 1827 3114 1873 et
3176 1816 3356 1872 solatii
3419 1815 3510 1869 det

211 1928 390 1988 potes,
424 1931 570 1976 terre
593 1937 730 1990 quos
750 1930 924 1991 potes,
943 1922 1053 1976 noli
1074 1921 1275 1985 dicere,
1297 1936 1397 1975 nec
1415 1921 1608 1976 sinatis
1626 1936 1813 1991 quem-

213 2026 380 2079 quam
403 2010 641 2066 tidelium
664 2013 830 2066 tantis
852 2011 1329 2067 maledictionibus
1352 2019 1570 2083 tamque
1595 2012 1815 2066 horren-

213 2099 298 2154 dis
327 2100 766 2156 damnationibus
798 2117 897 2169 per
923 2102 1335 2157 maledictorum
1382 2111 1440 2157 et
1485 2101 1816 2159 condemna-

213 2200 393 2246 torum
437 2193 662 2262 profana
692 2196 962 2250 consortia
991 2195 1416 2252 communicare.
1447 2194 1590 2263 Quin
1627 2195 1813 2266 potius

1917 1920 2073 1973 nobis
2112 1918 2346 1987 idipsum
2406 1930 2597 1985 sapere
2655 1916 2708 1969 in
2763 1914 3143 1975 alterutrum,
3211 1907 3506 1965 secundum

1915 2010 2100 2066 Iesum
2151 2008 2427 2063 ChriSZum
2464 2048 2476 2072 ,
2559 2014 2618 2059 ut
2670 2005 2956 2058 unanimes
3014 2017 3124 2056 uno
3183 2014 3280 2056 ore
3339 1999 3509 2053 hono-

1917 2103 2194 2156 ritieemus
2225 2099 2397 2154 Deum
2420 2109 2473 2153 et
2501 2099 2718 2152 Patrem
2754 2095 2965 2149 Domini
2997 2093 3167 2151 nostri
3197 2089 3327 2147 Jesu
3353 2089 3512 2146 Chri-

1918 2195 2009 2249 sti.
2039 2194 2228 2247 Amen.

1581 2305 1859 2364 BALUZII
1899 2305 2132 2362 NOTAE.

206 2399 535 2473 Ecclesiam,
573 2418 734 2471 quam
765 2401 1014 2458 Christus
1064 2402 1309 2458 fundavit
1353 2416 1516 2473 super
1552 2409 1802 2473 petram,

208 2470 264 2526 id
291 2478 393 2533 est,
424 2470 667 2541 super’se
689 2475 882 2541 ipsum.
916 2473 1072 2528 Petra
1116 2473 1260 2527 enim
1282 2479 1400 2527 erat
1420 2470 1707 2541 Christus,
1730 2478 1808 2541 Aut

208 2487 264 2526 ια
291 2487 393 2533 εει,
424 2487 482 2525 su
560 2487 587 2524 r
609 2488 667 2527 se
689 2487 882 2541 ipsum.
917 2487 1072 2528 l’ctra
1116 2489 1260 2527 enim
1282 2487 1400 2527 erat
1435 2487 1707 2534 onustus,
1750 2487 1807 2524 ut

206 2541 288 2614 ait
309 2541 465 2614 divus
485 2487 685 2614 gaulus
711 2544 777 2614 in_
794 2557 915 2613 cap.
942 2559 973 2597 x
997 2544 1250 2614 Epistolae
1288 2542 1478 2614 prima:
1502 2541 1570 2595 ad
1617 2539 1807 2614 corin-

207 2610 372 2682 t_h_ios.
401 2611 507 2666 Sed
533 2610 984 2682 Agobardus'non
1012 2610 1307 2669 dubitabat
1339 2612 1468 2682 quin
1517 2610 1808 2681 promissio

205 2679 412 2736 Christi
438 2679 733 2749 respiceret
759 2682 1078 2748 Ecclesiam,
1129 2679 1393 2738 adversus
1427 2679 1591 2753 quam
1635 2689 1808 2746 portae.

1910 2396 2068 2452 inferi
2097 2411 2204 2452 non
2225 2395 2613 2466 prmvaiebunt.
2641 2388 3374 2466 Quaminterpretationem
3393 2400 3508 2466 sm:

1909 2470 2100 2538 plexus
2119 2455 2334 2537 quoque
2362 2455 2706 2538 est_JoaniiES
2733 2461 2854 2517 XXI
2875 2461 2927 2515 in
2951 2455 3177 2538 epistola
3212 2455 3413 2525 Scripta
3440 2455 3507 2508 ad

1909 2528 2169 2594 Iacobum
2197 2528 2377 2606 regem
2418 2532 2816 2608 Majoricarum,
2835 2528 3026 2608 .quaz’a
3056 2528 3210 2608 nnohis
3245 2540 3387 2608 anno
3413 2538 3504 2579 su-

1911 2610 2126 2680 periore
2154 2599 2300 2663 edita
2319 2615 2402 2661 est
2416 2599 2540 2675 post
2557 2612 2714 2659 notas
2737 2604 2806 2657 ad
2835 2599 3044 2672 Lupum
3067 2599 3498 2654 Ferrariensem.

1814 2787 3484 2816 Μ..

528 2913 835 3038 LIBER
918 2913 1366 3040 EJUSDEM
1451 2911 1586 3040 ΑΙ)
1673 2911 1805 3038 ΡΒ

1911 2910 2264 3036 FATUM
2347 2900 3104 3033 IMPERATOREM
3148 2985 3171 3042 ς

203 3138 626 3205 ADVERSUS
679 3141 951 3205 LEGEM
995 3139 1468 3203 GUNDOBADI
1509 3191 1522 3214 ,
1543 3139 1647 3199 ET
1680 3138 1907 3199 IMPIA
1939 3135 2408 3198 CERTAMINA
2442 3134 2627 3207 QUJ’E
2658 3135 2807 3194 PER
2836 3130 3011 3193 EAM
3043 3128 3501 3191 GERUNTUB.

279 3365 323 3424 1.
373 3364 612 3424 Obsecro
657 3363 1154 3432 imperturbahilem
1198 3363 1666 3419 mansuetudinem
1710 3379 1803 3418 ve-

207 3467 404 3526 stram,
432 3468 487 3514 et
517 3457 1020 3521 tranquillissimam
1052 3455 1418 3518 prudentiam,
1449 3455 1666 3510 domine
1695 3454 1798 3508 im-

1908 3363 2038 3417 nino
2060 3376 2126 3417 ex
2155 3359 2388 3416 diversis
2417 3359 2686 3431 gentibus,
2718 3359 2948 3414 diversis
2970 3355 3390 3423 conditionibus,
3419 3357 3503 3411 di-

1908 3468 2066 3509 verso
2107 3468 2262 3518 sexu,
2296 3451 2601 3515 nobilitate,
2635 3452 2942 3516 honestate,
2972 3449 3234 3504 servitute
3263 3449 3500 3512 diversii,

203 3564 430 3626 perator
458 3551 880 3616 benignissime,
911 3558 970 3603 ut
1007 3549 1106 3604 has
1142 3563 1277 3620 quas
1314 3546 1485 3604 offero
1523 3546 1807 3619 paginulas
1835 3543 1877 3605 C
1910 3544 2070 3601 simul
2095 3545 2280 3600 dicant
2300 3544 2393 3597 uni
2419 3543 2534 3598 Deo
2557 3552 2611 3598 et
2639 3543 2790 3597 Patri
2812 3543 3054 3597 omnium
3083 3561 3095 3595 :
3120 3539 3282 3596 Pater
3304 3551 3496 3603 noster,

204 3644 624 3716 infatigabiliter
669 3642 848 3711 legere
888 3656 993 3694 non
1031 3637 1428 3710 dedignemini,
1475 3638 1528 3691 in
1563 3644 1807 3693 contem-

203 3736 502 3809 plationem
530 3747 757 3788 summae
779 3741 835 3785 et
859 3728 1320 3785 incommutabilis
1345 3728 1490 3783 illius
1520 3728 1804 3792 Veritatis,

201 3837 331 3896 qua:
362 3830 445 3878 est
476 3821 728 3878 Christus
763 3819 1024 3875 Dominus
1047 3826 1262 3884 noster;
1293 3817 1360 3873 de
1386 3818 1538 3888 cujus
1560 3818 1721 3874 dictis
1750 3827 1805 3871 et

201 3913 417 3986 legibus
445 3915 561 3968 haec
591 3917 804 3979 sumpta
833 3918 992 3974 sunt,
1034 3909 1234 3978 quique
1278 3915 1526 3964 amanter
1568 3915 1622 3963 et
1665 3907 1804 3977 vigi-

201 4003 383 4059 lanter
407 4010 654 4058 vestram
695 3999 933 4072 protegit
975 4007 1031 4055 et
1068 3997 1224 4068 juvat
1268 3998 1574 4068 imperium.
1615 3996 1802 4067 Neque

199 4090 602 4166 praedicandam
629 4088 1079 4160 tranquillitatem
1107 4095 1347 4142 vestram
1371 4086 1632 4152 offendat,
1655 4085 1801 4157 quod

200 4185 465 4242 minimus
510 4183 758 4240 omnium
816 4179 1189 4236 exeellentiori
1236 4178 1517 4234 hominum
1566 4179 1680 4234 haec
1724 4178 1801 4233 le-

197 4278 374 4352 genda
402 4283 718 4349 praesentat.
748 4273 935 4344 Neque
956 4271 1101 4328 enim
1121 4280 1206 4326 est
1233 4270 1377 4327 aliud
1404 4271 1508 4325 nisi
1533 4270 1677 4341 quod
1703 4285 1801 4326 vos

197 4371 407 4443 optime
438 4376 496 4422 et
523 4366 808 4424 sublimius
834 4366 1026 4422 nostis.

1907 3635 1997 3705 qui
2017 3651 2074 3689 es
2097 3635 2151 3688 in
2178 3633 2340 3698 caelis,
2363 3633 2719 3702 sancti/iretur
2746 3650 2931 3688 nomen
2954 3643 3140 3699 tuum;
3171 3633 3311 3688 sicut
3333 3649 3496 3688 unum

1909 3724 2127 3779 Patrem
2157 3725 2504 3789 invocantes,
2542 3725 2617 3779 ita
2642 3739 2808 3779 unam
2837 3723 3325 3780 sanctiﬁcationem
3353 3739 3500 3795 quat-

1907 3823 2111 3879 rentes,
2139 3829 2306 3869 unum
2338 3829 2560 3886 regnum
2588 3814 2950 3886 postulantes,
2973 3830 3138 3869 unam
3161 3814 3497 3885 adimpletio-

1908 3921 2030 3960 nem
2073 3906 2368 3962 voluntatis
2415 3904 2561 3974 ejus,
2609 3907 2748 3962 sicut
2795 3906 2855 3960 iit
2893 3907 2948 3961 in
2989 3906 3162 3970 etelo,
3202 3915 3495 3974 optantes;

1908 4011 2074 4051 unum
2111 3996 2215 4052 sibi
2255 4011 2451 4066 panem
2496 3997 2872 4066 quotidianum
2919 3996 3036 4051 dari
3074 4004 3394 4066 precantes,
3443 4009 3500 4053 et

1907 4089 2158 4143 omnibus
2187 4087 2386 4143 dimitti
2414 4087 2618 4143 debita.
2649 4087 2836 4158 Neque
2857 4086 3007 4142 enim
3044 4101 3372 4157 quemquam
3399 4090 3497 4142 do-

1907 4192 2034 4234 cere
2062 4185 2355 4248 potuerunt
2380 4177 2626 4248 magistri
2670 4176 2891 4242 mundi,
2931 4175 3022 4230 lux
3068 4175 3290 4242 mundi,
3317 4176 3498 4231 sancti

1907 4269 2169 4338 apostoli,
2199 4269 2412 4325 Dimitte
2450 4269 2579 4324 mihi
2612 4269 2784 4327 debita
2810 4284 2924 4323 mea
2943 4307 2959 4332 ,
2993 4276 3106 4334 aut,
3140 4277 3194 4323 et
3218 4284 3282 4322 ne
3306 4285 3387 4323 me
3415 4269 3498 4323 in-

1906 4362 2073 4417 ducas
2121 4365 2177 4417 in
2221 4365 2594 4429 tentationem,
2637 4361 2727 4416 sed
2767 4362 2930 4416 libera
2978 4377 3059 4416 me
3103 4379 3136 4415 a
3178 4360 3356 4426 malo;
3400 4363 3496 4417 sed

269 4457 336 4515 Il.
380 4458 556 4523 Deus,
595 4457 690 4512 Dei
729 4455 930 4521 Filius,
973 4455 1138 4511 homo
1182 4462 1406 4525 propter
1431 4455 1680 4510 homines
1719 4457 1798 4508 t'a-
1825 4449 1877 4509 D
1905 4461 2069 4507 unum
2095 4468 2196 4523 pro
2219 4453 2495 4518 omnibus,
2525 4461 2583 4508 et
2604 4467 2797 4508 omnes
2832 4467 2932 4523 pro
2968 4451 3198 4524 singulis
3233 4451 3490 4514 clamare.

196 4559 344 4616 ctus,
375 4547 520 4601 viam
555 4547 747 4602 salutis
771 4546 1172 4611 demonstrans,
1203 4556 1257 4601 et
1293 4545 1482 4601 eiectis
1519 4546 1799 4616 discipulis

197 4637 579 4710 magisterium
607 4637 732 4691 vitae
760 4637 1181 4700 commendans,
1219 4650 1548 4693 ascensurus
1586 4638 1656 4690 ad
1694 4651 1799 4692 cm-

194 4730 302 4794 los,
336 4729 415 4784 ait
444 4727 550 4783 illis
583 4746 596 4783 ;
629 4724 828 4781 Euntés
857 4729 912 4781 in
949 4727 1202 4782 mundum
1235 4728 1567 4793 utsiversum,
1606 4729 1799 4800 pra-di-

191 4829 312 4874 cate
355 4816 699 4888 Evangelium
741 4818 884 4871 omni
938 4827 1216 4872 creatum.
1266 4816 1370 4882 Qui
1409 4817 1690 4872 crediderit
1748 4827 1798 4872 et

192 4909 498 4981 baptizatus
527 4906 710 4978 fuerit,
744 4905 920 4966 saluus
947 4908 1066 4961 erit.
1103 4906 1173 4961 Et
1200 4907 1399 4962 iterum
1428 4925 1442 4960 :
1475 4907 1587 4972 Ite,
1618 4908 1798 4962 docete

191 5015 380 5056 omnes
402 5008 576 5070 gentes
596 5039 612 5064 ,
653 4999 975 5069 baptizantes
1009 5015 1098 5053 eos
1132 4999 1190 5054 in
1232 5001 1441 5054 nomine
1493 4998 1675 5054 Patris
1700 5041 1715 5064 ,
1746 5008 1797 5054 et

191 5089 356 5153 Filii,
389 5098 436 5143 et
472 5086 702 5160 Spiritus
732 5089 934 5153 sancti,
976 5088 1218 5144 docentes
1258 5107 1344 5144 eos
1383 5107 1590 5146 servare
1614 5093 1796 5146 omnia

191 5199 524 5255 qua'cunque
549 5180 795 5236 mandavi
825 5181 989 5236 vobis.
1017 5181 1108 5236 Illi
1139 5191 1312 5237 autem
1340 5182 1580 5254 profecti,
1603 5183 1795 5253 μναιαί-

191 5283 450 5329 caverunt
485 5273 674 5337 ubique
708 5271 935 5328 Domino
977 5284 1326 5344 cooperante;
1365 5276 1796 5345 annuntiataque

193 5374 282 5420 est
311 5364 381 5418 ab
408 5364 489 5418 eis
521 5364 670 5418 omni
706 5371 971 5419 creaturae
993 5405 1008 5428 ,
1045 5364 1098 5418 id
1133 5373 1218 5419 est
1241 5366 1451 5421 cunctis
1479 5366 1794 5422 nationibus

195 5458 409 5522 mundi,
449 5473 556 5513 una
586 5458 718 5514 ﬁdes
742 5460 912 5513 indita
943 5475 1041 5529 per
1074 5459 1242 5514 Deum
1263 5499 1278 5523 ,
1304 5475 1411 5513 una
1438 5473 1563 5530 spes
1597 5459 1790 5515 diliusa

193 5566 295 5623 per
328 5547 592 5620 Spiritum
632 5559 879 5605 sanctum
910 5550 964 5605 in
993 5549 1247 5606 cordibus
1287 5550 1645 5615 credentium,
1676 5567 1789 5606 una

195 5641 445 5698 Charitas
472 5646 600 5695 nata
645 5640 699 5694 in
743 5642 994 5698 omnibus
1014 5683 1028 5702 .
1063 5658 1170 5697 una
1196 5641 1467 5706 voluntas,
1497 5656 1790 5698 accensum

199 5745 367 5784 unum
397 5729 752 5799 desiderium,
780 5732 977 5789 tradita
1004 5747 1108 5787 una
1137 5731 1344 5798 oratiu;
1371 5739 1434 5787 ut
1458 5743 1647 5792 omnes
1676 5749 1791 5790 om-

1902 4543 1947 4600 O
1984 4543 2223 4599 caelestis
2261 4541 2613 4609 fraternitas,
2654 4558 2688 4598 ο
2724 4544 3054 4614 sempiterna
3091 4544 3417 4610 concordia,
3461 4561 3494 4600 o

1900 4632 2214 4689 inseeabilis
2240 4633 2443 4699 unitas,
2467 4634 2536 4688 ab
2561 4648 2668 4689 uno
2691 4644 2913 4690 auctore
2940 4635 3206 4701 derivata,
3233 4632 3303 4690 ad
3326 4651 3494 4693 unum

1901 4737 2083 4777 rerum
2114 4722 2356 4778 omnium
2389 4722 2578 4792 relata,
2611 4739 2711 4795 per
2737 4741 2900 4795 quam
2937 4724 3192 4780 laetantur
3217 4725 3365 4792 cceli,
3396 4745 3496 4783 ex-

1899 4814 2068 4870 sultat
2095 4824 2260 4880 terra,
2293 4824 2542 4870 movetur
2568 4831 2751 4883 mare,
2782 4824 2836 4872 et
2872 4816 3152 4887 plenitudo
3177 4816 3329 4886 ejus,
3359 4835 3494 4892 gau-

1898 4908 2032 4963 dent
2055 4908 2251 4979 campi,
2280 4917 2335 4964 et
2374 4909 2555 4964 omnia
2591 4923 2712 4979 quae
2749 4909 2804 4964 in
2844 4910 2926 4965 eis
2961 4917 3109 4976 sunt,
3141 4923 3332 4966 omnes
3360 4927 3490 4982 δεη-

1899 5007 1981 5054 tes
1998 4999 2262 5068 plaudunt
2287 4999 2556 5065 manibus,
2587 4998 2826 5070 jnbilant
2862 5000 2974 5058 Deo
3010 5002 3064 5057 in
3091 5015 3226 5059 voce
3251 5003 3490 5060 exsulta-

1898 5091 2088 5145 tionis!

1967 5182 2050 5236 lll.
2105 5183 2173 5236 Et
2216 5196 2379 5248 quam
2427 5184 2701 5248 decenter,
2751 5185 3008 5256 quoniam
3051 5199 3242 5242 omnes
3288 5183 3487 5244 fratres

1894 5275 2092 5341 eil‘ecti,
2125 5292 2294 5331 unum
2330 5275 2550 5333 Patrem
2584 5277 2758 5336 Deum
2781 5277 3057 5343 invocant,
3091 5291 3281 5335 servus
3307 5287 3361 5335 et
3385 5280 3484 5337 do-

1894 5369 2075 5422 minus
2095 5409 2110 5433 ,
2142 5383 2349 5439 pauper
2375 5375 2432 5424 et
2456 5367 2628 5434 dives,
2658 5367 2908 5424 indoctus
2944 5380 3002 5426 et
3027 5369 3294 5434 eruditus,
3324 5369 3482 5425 intir-

1894 5473 2015 5511 mus
2044 5468 2100 5512 et
2133 5456 2318 5522 fortis,
2351 5458 2572 5512 humilis
2600 5466 2854 5529 operator
2881 5465 2938 5514 et
2963 5457 3212 5515 sublimis
3247 5459 3482 5527 impera-

1895 5560 1999 5604 tor.
2031 5548 2151 5603 Jam
2193 5565 2354 5605 nemo
2395 5550 2561 5604 alium
2601 5550 2941 5622 dedignatur,
2975 5565 3133 5606 nemo
3161 5553 3263 5606 sub
3285 5550 3393 5606 alio
3423 5565 3484 5605 se

1894 5642 2145 5712 despicit,
2174 5657 2337 5700 nemo
2363 5657 2525 5712 super
2544 5641 2710 5698 alium
2730 5641 3025 5699 extollitur.
3052 5640 3319 5709 Quoniam
3340 5657 3482 5698 unus

1893 5737 2067 5800 panis,
2108 5751 2275 5790 unum
2314 5750 2508 5804 corpus
2537 5733 2772 5802 Christi,
2803 5735 2912 5791 imo
2949 5749 3090 5791 unus
3117 5733 3366 5793 Christus
3394 5750 3481 5793 se-
