3918 6340
471 254 575 314 “5

1470 271 1525 326 S.
1570 270 1918 326 AGOBAKDI
1958 270 2266 329 EPlSCOPl
2302 271 2789 331 LUGDUNENSIS
3661 280 3753 335 ll6

467 373 703 429 cundum
719 374 1038 446 Apostolum
1055 396 1242 435 sumus
1263 399 1276 446 ;
1301 383 1667 451 exspoliantes
1699 400 1799 438 nos
1816 392 2058 437 veterem
2085 393 2136 448 Α
2165 383 2356 436 unitati
2381 383 2583 453 aliquid
2604 385 2837 439 obsistat
2851 395 3002 440 tanta
3023 389 3311 450 diversitas
3334 393 3537 464 legum,
3555 408 3754 466 quanta

468 463 741 526 hominem
765 481 890 522 cum
914 470 1127 526 actibus
1145 471 1286 540 ejus,
1309 484 1365 529 et
1386 476 1669 529 induentes
1690 491 1912 540 novum,
1933 463 2057 530 eum

465 557 555 622 qui
606 567 902 615 renovatur
944 560 1001 616 in
1053 565 1386 635 agnitionem
1431 568 1727 622 secundum
1766 569 2056 638 imaginem

463 643 580 709 ejus
621 646 714 715 qui
756 652 967 706 creavit
1008 668 1166 720 eum;
1210 657 1300 712 ubi
1351 660 1457 712 nOn
1505 666 1591 714 est
1620 643 1841 730 gentilis
1880 669 1935 712 et
1971 657 2060 713 Ju-

463 739 635 804 dteus,
660 740 1007 800 circumcisio
1034 756 1091 802 et
1124 750 1479 819 prmputimn,
1523 750 1794 807 Barbarus
1832 761 1890 806 et
1929 751 2060 822 Scy-

465 829 581 894 tha,
609 841 634 870 α
666 827 973 902 Aquitanus
1002 844 1058 892 et
1080 836 1491 910 Langobardus,
1517 841 1832 913 Burgundio
1852 851 1908 897 et
1935 843 2058 897 Ala-

462 936 713 986 nummis,
751 938 944 980 servus
980 935 1036 981 ct
1072 928 1238 994 liber;
1280 932 1376 986 sed
1403 932 1586 987 omnia
1623 942 1679 987 et
1713 933 1766 987 in
1803 933 2056 988 omnibus

459 1011 730 1073 Christus.
776 1014 967 1072 Omnia
1010 1020 1158 1074 enim
1198 1020 1412 1077 illorum
1461 1032 1621 1088 sunt,
1667 1023 1783 1077 sive
1832 1022 2050 1089 Paulus,

458 1105 573 1160 sive
594 1106 804 1177 Apollo,
829 1109 944 1165 sive
965 1109 1201 1181 Cephas,
1226 1113 1342 1168 sive
1366 1115 1620 1178 mundus,
1643 1115 1757 1169 sive
1779 1115 1910 1179 vita,
1939 1115 2054 1168 sive

459 1211 627 1262 mors,
654 1198 772 1254 sive
795 1202 1087 1269 pmsentia
1109 1242 1122 1266 ,
1154 1197 1269 1258 sive
1305 1204 1507 1259 futura.
1541 1203 1732 1259 Omnia
1768 1206 1904 1259 enim
1926 1247 1940 1271 ,
1974 1205 2054 1259 di-

457 1289 599 1343 citur
626 1288 765 1356 illis,
803 1301 973 1346 vestra
1007 1303 1162 1358 sunt,
1204 1311 1290 1350 vos
1325 1305 1501 1350 autem
1538 1294 1768 1362 Christi,
1813 1294 2053 1350 Christus

456 1392 631 1436 autem
664 1382 779 1437 Dei.
819 1383 887 1439 Et
908 1385 1148 1440 iterum:
1186 1386 1334 1442 Sicut
1359 1389 1499 1442 enim
1528 1405 1715 1459 corpus
1753 1405 1916 1441 unum
1953 1396 2050 1452 est,

454 1485 502 1527 et
531 1475 766 1530 membra
790 1477 946 1532 habet
974 1479 1164 1547 multa,
1194 1481 1371 1535 omnia
1398 1489 1574 1535 autem
1610 1479 1838 1535 membra
1865 1497 2051 1550 corpo-

455 1567 527 1620 ris
553 1583 672 1625 cum
707 1569 810 1623 sint
840 1569 1027 1637 multa,
1074 1589 1240 1629 unum
1276 1589 1464 1643 corpus
1497 1582 1654 1638 sunt;
1695 1574 1776 1632 ita,
1806 1581 1854 1626 et
1894 1571 2050 1626 Chri-

455 1669 585 1713 stus.
616 1658 826 1715 Etenim
853 1661 908 1715 in
935 1679 1038 1718 uno
1063 1664 1257 1734 spiritu
1277 1680 1454 1718 omnes
1478 1681 1572 1718 nos
1600 1665 1654 1717 in
1679 1681 1841 1717 unum
1863 1680 2051 1734 corpus

2161 490 2269 527 non
2295 475 2468 529 solum
2499 476 2553 529 in
2583 477 2811 546 singulis
2839 478 3152 548 regionibus
3181 490 3274 536 aut
3298 485 3635 551 civitatibus,
3665 491 3753 544 sed

2158 564 2322 616 etiam
2365 565 2417 618 in
2465 565 2649 620 multis
2692 557 2941 641 domibus
2980 569 3226 624 habetur.
3270 571 3403 626 Nam
3434 573 3754 646 plerumque

2157 655 2422 726 contingit
2447 664 2505 710 ut
2523 657 2682 710 simul
2709 667 2836 712 eant
2858 668 2951 714 aut
2973 660 3198 715 sedeant
3218 663 3461 734 quinque
3481 664 3757 732 homines,

2156 755 2212 800 et
2251 745 2428 802 nullus
2469 763 2656 804 eorum
2705 765 3050 807 communem
3094 753 3268 824 legem
3307 770 3430 810 eum
3463 758 3642 811 altero
3668 757 3756 811 hac

2157 834 2283 888 beat
2309 838 2551 892 exterius
2581 841 2635 892 in
2679 839 2841 894 rebus
2870 842 3233 908 transitoriis,
3259 859 3384 898 cum
3424 845 3660 901 interius
3703 848 3756 902 in

2159 925 2319 980 rebus
2340 927 2670 1005 perennibus
2698 945 2802 983 una
2834 928 3037 985 Christi
3067 931 3185 1002 lege
3214 941 3517 989 teneantur.
3542 935 3612 989 Et
3634 953 3754 990 eum

2157 1015 2298 1071 forte
2338 1017 2604 1088 contingit
2645 1029 2704 1074 ut
2742 1036 2933 1077 omnes
2981 1022 3093 1077 sint
3127 1023 3396 1078 veraciter
3430 1024 3754 1090 Christiani,

2156 1109 2282 1163 ﬁdei
2315 1111 2596 1166 veritatem
2626 1120 2904 1178 amantes,
2941 1123 2995 1168 et
3022 1114 3256 1177 invicem
3293 1117 3431 1180 sibi,
3462 1125 3523 1170 ut
3548 1118 3751 1173 charis-

2155 1202 2280 1256 simi
2311 1201 2528 1270 fratres,
2563 1205 2822 1270 credant;
2856 1213 2911 1259 et
2942 1221 3103 1260 nemo
3130 1206 3354 1266 alterius
3380 1207 3755 1262 testimonium

2156 1304 2395 1362 spernat,
2421 1311 2549 1362 cum
2580 1311 2640 1350 se
2669 1296 2826 1350 bonis
2861 1296 3226 1352 locutionibus
3264 1298 3562 1362 aedificant;
3594 1303 3642 1352 si
3674 1315 3757 1352 su-

2156 1386 2270 1454 bito
2298 1388 2588 1459 contigerit
2616 1388 2774 1443 alicui
2804 1405 2870 1444 ex
2903 1389 3035 1459 ipsis
3070 1391 3394 1460 disceptatio
3421 1394 3473 1446 in
3507 1393 3753 1462 judiciis,

2156 1476 2362 1531 nullum
2388 1481 2588 1548 poterit
2616 1479 2819 1535 habere
2845 1488 3039 1536 testem
3071 1484 3137 1536 de
3158 1483 3271 1537 suis
3300 1485 3648 1539 charissimis
3679 1502 3754 1540 so-

2153 1569 2288 1633 ciis,
2328 1585 2453 1624 cum
2502 1572 2698 1640 quibus
2736 1573 2895 1627 simul
2935 1575 3319 1644 gradiebatur;
3363 1591 3429 1632 eo
3463 1579 3611 1646 quod
3655 1595 3752 1634 non

2155 1664 2453 1734 recipiatur
2500 1667 2869 1721 testimonium
2917 1667 3147 1739 alicujus
3187 1685 3349 1740 super
3393 1672 3419 1710 δ
3466 1670 3756 1726 Gundoba-

453 1749 706 1820 baptisati
743 1769 947 1819 sumus,
976 1755 1082 1809 sive
1111 1753 1311 1821 ludwi,
1348 1755 1455 1810 sive
1482 1756 1722 1826 gentiles,
1754 1758 1860 1812 sive
1896 1759 2048 1825 servi,
2082 1749 2129 1807 Β
2157 1754 2306 1822 dum,
2335 1766 2391 1811 et
2412 1766 2608 1812 caetera
2638 1759 2854 1812 similia.

455 1843 557 1896 sive
579 1842 763 1910 liberi,
801 1854 850 1899 et
882 1862 988 1900 uno
1014 1847 1203 1917 spiritu
1239 1863 1415 1901 omnes
1442 1847 1608 1917 potati
1637 1864 1841 1901 sumus.
1883 1846 1951 1902 Et
1985 1863 2052 1902 ne

455 1934 747 1990 inﬁdeliter
774 1937 968 2008 aliquis
997 1954 1121 1994 cum
1149 1939 1596 2010 perpaucissimis
1622 1956 1682 1995 se
1707 1949 1927 2011 putaret
1946 1957 2054 1996 uno

453 2024 646 2093 spiritu
673 2035 939 2096 potatum,
971 2028 1107 2084 dicit
1138 2049 1150 2084 :
1183 2029 1250 2083 Et
1281 2047 1430 2085 nemo
1453 2040 1618 2101 potest
1651 2032 1845 2098 dicere,
1870 2032 2055 2086 Domi-

454 2132 552 2169 nus
598 2113 791 2183 Iesus,
838 2117 938 2172 nisi
989 2119 1046 2172 in
1087 2117 1292 2189 Spiritu
1337 2129 1541 2173 sancto.
1580 2121 1885 2177 Divisioncs
1924 2137 2053 2177 vero

452 2206 751 2276 gratiarum
779 2217 926 2274 sunt,
958 2219 1122 2279 atque
1149 2208 1549 2279 operationum.
1572 2209 1719 2267 Idem
1746 2219 1926 2266 autem
1949 2211 2054 2267 Do-

456 2297 670 2364 minus,
701 2305 758 2352 et
794 2298 937 2352 idem
970 2297 1145 2365 Deus,
1175 2299 1268 2370 qui
1298 2310 1558 2368 operatur
1579 2303 1761 2356 omnia
1793 2302 1850 2356 in
1877 2303 2053 2357 omni-

454 2389 577 2453 bus,
625 2396 790 2458 atque
825 2387 968 2444 idem
1019 2389 1276 2456 Spiritus,
1329 2390 1578 2446 dividens
1623 2392 1851 2463 singulis
1893 2402 2055 2463 prout

455 2479 586 2534 vult.
632 2478 822 2536 Nullus
849 2496 980 2552 ergo
1021 2481 1214 2536 horum
1253 2489 1337 2536 est
1363 2482 1561 2552 hospes
1590 2492 1645 2537 et
1687 2484 1925 2550 advena;
1959 2487 2054 2540 sed

454 2577 582 2622 sunt
611 2568 746 2623 cives
783 2578 1090 2623 sanctorum
1117 2579 1167 2624 et
1194 2570 1467 2637 domestici
1502 2573 1616 2636 Dei,
1648 2573 2053 2642 superwdiﬁcati

453 2678 612 2731 super
641 2659 1424 2732 fundamentumapostolorum
1448 2672 1497 2716 et
1522 2663 1915 2733 praphetarum,
1941 2665 2053 2736 ipso

454 2771 658 2809 summo
702 2753 951 2826 angulari
1002 2754 1178 2824 lapide
1213 2752 1420 2810 Christo
1450 2754 1604 2820 Iesu,
1645 2757 1700 2808 in
1741 2772 1844 2826 quo
1885 2757 2055 2810 omnis

455 2845 742 2914 aediﬁcatio
782 2853 1086 2900 constructa
1126 2847 1312 2900 crescit
1351 2845 1405 2900 in
1439 2846 1690 2913 templum
1720 2856 1962 2901 sanctum
1999 2848 2055 2901 in

457 2934 721 3000 Domino;
752 2942 807 2990 ct
835 2935 925 3005 qui
957 2943 1115 2990 erant
1136 2935 1310 3007 longe,
1345 2935 1478 2991 facti
1508 2944 1634 2992 sunt
1659 2952 1827 3007 prope
1857 2939 1908 2992 iu
1935 2953 2055 2992 san-

456 3044 622 3097 guine
665 3028 892 3084 Christi.
952 3029 1073 3096 Ipse
1119 3040 1193 3085 est
1236 3033 1373 3085 enim
1415 3048 1521 3101 pax
1558 3041 1771 3096 nostra,
1812 3032 1900 3098 qui
1933 3033 2055 3100 fecit

2228 1845 2292 1901 V.
2336 1845 2434 1901 Hic
2473 1847 2605 1902 mihi
2631 1858 2939 1915 succurrat,
2971 1851 3221 1918 ob’secro,
3265 1853 3668 1924 benignissime
3711 1866 3758 1908 et

2155 1952 2310 1991 sacer
2330 1937 2646 2007 imperator,
2678 1939 2945 2008 patientia
2978 1949 3190 2008 vestra;
3229 1956 3407 2012 neque
3445 1943 3756 2013 indignetur

2154 2029 2575 2099 magnanimitas
2611 2018 2822 2093 vestra,
2877 2032 3020 2100 quod
3057 2033 3311 2104 indignus
3351 2034 3511 2105 digna
3541 2034 3754 2104 loquor,

2153 2126 2208 2172 et
2256 2118 2483 2188 pusillus
2526 2119 2787 2189 grandia;
2839 2121 2963 2189 quia
3003 2137 3101 2190 per
3139 2123 3244 2177 ista
3286 2124 3472 2194 (qum)
3524 2123 3754 2178 forsitan

2156 2210 2578 2266 inemendal.ilia
2607 2219 2731 2265 sunt
2759 2211 2881 2266 volo
2909 2215 3196 2281 pervenire
3222 2217 3289 2270 ad
3315 2231 3378 2270 ea
3408 2232 3528 2284 qua:
3558 2232 3754 2270 neces-

2155 2302 2300 2356 saria
2326 2309 2381 2355 et
2409 2301 2766 2373 eleemosynze
2794 2313 2988 2359 vestra:
3014 2320 3341 2376 magnopere
3369 2317 3492 2377 apta
3521 2317 3673 2362 sunt.
3702 2307 3754 2362 Si

2155 2401 2338 2448 autem
2367 2394 2668 2464 incongrua
2701 2402 2827 2449 sunt
2855 2410 2974 2464 qua:
3002 2396 3145 2462 dico,
3171 2398 3431 2468 corripiat
3455 2414 3541 2453 me
3571 2399 3756 2466 justus

2154 2485 2207 2538 iu
2238 2484 2631 2550 misericordia,
2663 2485 2714 2539 id
2743 2490 2846 2550 eSt,
2875 2487 3091 2541 bonitas
3129 2497 3331 2554 vestra,
3371 2497 3426 2544 et
3454 2489 3757 2559 corripien-

2157 2580 2262 2627 tem
2293 2587 2402 2627 non
2434 2574 2644 2643 prodat.
2686 2573 2812 2628 Mihi
2845 2583 3025 2630 tamen
3064 2592 3222 2632 servo
3263 2588 3475 2644 vestro,
3513 2579 3642 2634 licet
3677 2580 3758 2634 ul—

2156 2662 2306 2724 tirno,
2337 2670 2518 2716 tamen
2550 2661 2716 2727 ﬁdeli,
2748 2665 3104 2736 incongruum
3133 2666 3369 2730 videtur,
3407 2679 3466 2723 ut
3489 2669 3758 2726 Christia-

2155 2769 2258 2807 nus
2284 2752 2352 2808 de
2380 2752 2715 2817 Christiano,
2741 2771 2803 2809 ac
2830 2771 2927 2824 per
2960 2756 3064 2828 hoc
3098 2757 3272 2813 frater
3304 2757 3370 2814 de
3401 2759 3571 2814 fratre
3604 2762 3760 2817 testi-

2157 2845 2397 2900 monium
2444 2846 2728 2915 perbibere
2781 2863 2887 2902 non
2938 2850 3128 2918 possit.
3185 2849 3340 2905 Sicut
3391 2853 3533 2906 enim
3586 2869 3758 2924 supra

2156 2935 2358 2989 dietu'm
2399 2944 2514 3000 est,
2557 2951 2746 2990 omnes
2788 2953 2956 2992 unum
2995 2938 3212 2996 Patrem
3258 2939 3521 2996 habentes
3558 2940 3757 3006 Deum,

2157 3024 2358 3093 fratres
2408 3034 2563 3090 sunt,
2611 3035 2666 3080 et
2716 3025 2810 3080 ﬁlii
2859 3027 2973 3083 Dei.
3027 3027 3142 3084 Hoc
3186 3031 3353 3085 etiam
3397 3031 3758 3103 Evangelium

455 3129 677 3189 utraque
708 3135 891 3172 unum.
922 3120 988 3173 Et
1016 3123 1282 3175 veraciter
1312 3120 1493 3174 dicere
1529 3135 1835 3191 possumus,
1864 3123 1953 3191 qui
1982 3123 2055 3189 fe-
2081 3114 2125 3175 C
2159 3121 2344 3182 aperte
2369 3113 2628 3184 loquitur.
2661 3114 2800 3170 Hinc
2826 3131 3060 3186 namque
3093 3117 3171 3182 ﬁt,
3201 3133 3323 3174 cum
3355 3121 3440 3174 vir
3463 3120 3643 3190 justus
3674 3137 3761 3176 su-

455 3211 524 3263 cit
563 3211 743 3264 omnia
788 3205 950 3265 unum
977 3253 992 3277 ,
1027 3221 1075 3266 et
1105 3212 1335 3266 medium
1375 3212 1625 3282 parietem
1663 3213 1908 3266 maceria:
1947 3212 2054 3267 sol-

457 3315 597 3364 vens,
627 3299 966 3354 inimicitiam
989 3301 1044 3354 in
1077 3304 1237 3356 carne
1263 3319 1381 3365 sua,
1408 3301 1573 3371 legem
1603 3301 1975 3356 mandatorum
2001 3304 2056 3357 in

454 3390 676 3444 decretis
717 3407 1012 3458 evacuans,
1054 3401 1110 3444 ut
1152 3391 1286 3446 duos
1318 3390 1506 3445 condat
1542 3393 1598 3445 in
1639 3393 1971 3462 semetipsum
2001 3393 2056 3445 in

458 3497 620 3536 unum
650 3497 841 3535 novum
867 3481 1129 3535 hominem
1150 3521 1163 3547 ,
1203 3480 1402 3550 faciens
1437 3498 1618 3551 pacem
1637 3522 1650 3547 ,
1681 3491 1727 3535 et
1759 3481 2057 3536 reconciliet

455 3570 636 3625 ambos
680 3570 737 3624 in
781 3585 887 3624 uno
932 3585 1148 3640 corpore
1196 3570 1303 3623 Deo
1343 3587 1438 3641 per
1472 3587 1699 3635 crucem,
1741 3570 2056 3640 interﬁciens

453 3663 790 3719 inimicitiam
819 3662 873 3717 in
901 3663 1209 3732 semetipso;
1242 3671 1292 3716 et
1335 3664 1540 3717 veniens
1573 3661 2058 3733 evangelisavitpa—

456 3771 565 3809 cem
593 3755 677 3809 his
705 3756 794 3827 qui
826 3753 981 3824 longe
1019 3753 1268 3824 fuerunt,
1294 3761 1343 3808 et
1379 3769 1560 3824 pacem
1595 3753 1676 3807 his
1712 3754 1802 3822 qui
1836 3771 1995 3825 prope
2037 3769 2055 3805 .-

454 3846 706 3915 quoniam
731 3862 826 3916 per
845 3846 1017 3916 ipsum
1038 3843 1523 3898 habent-accessum
1549 3843 1775 3898 amboin
1803 3861 1908 3898 uno
1937 3843 2059 3914 Spi-

456 3938 563 3990 ritu
588 3937 657 3991 ad
689 3936 928 3992 Patrem.

527 4027 616 4083 IV.
659 4026 718 4083 Si
757 4041 889 4100 ergo
920 4028 1180 4084 Dominus
1215 4033 1502 4099 propterea
1539 4044 1732 4098 passus
1760 4036 1881 4093 est,
1911 4037 1970 4084 ut
2001 4029 2055 4083 in

457 4117 722 4188 sanguine
769 4133 870 4186 suo
907 4116 1115 4175 faceret
1149 4132 1317 4189 prope
1352 4131 1448 4174 eos
1483 4117 1576 4187 qui
1602 4117 1760 4188 longe
1794 4124 1974 4182 erant,
2003 4125 2058 4171 et

455 4208 638 4280 paries
668 4209 952 4266 divisionis
969 4211 1084 4280 jam
1108 4211 1342 4274 solutus,
1366 4217 1423 4264 et
1450 4207 1739 4266 interfecta
1764 4217 1848 4264 est
1878 4209 2058 4264 inimi-

457 4300 587 4356 citia
627 4300 685 4355 in
717 4299 842 4366 illo,
867 4308 923 4356 et
953 4315 1146 4356 omnes
1181 4299 1518 4355 reconciliati
1549 4307 1677 4355 sunt
1712 4300 1767 4356 in
1808 4314 1918 4355 uno
1939 4315 2060 4356 cor-

457 4407 591 4462 pore
617 4390 728 4448 Deo
749 4433 765 4458 ,
793 4399 850 4448 et
886 4391 941 4447 in
972 4399 1181 4447 tantum
1217 4405 1386 4447 unum
1415 4406 1615 4460 corpus
1641 4389 1820 4446 eﬁ‘ecti
1856 4392 1911 4446 in
1948 4407 2058 4447 uno

2158 3220 2256 3274 per
2303 3206 2560 3275 injustum
2612 3204 2893 3260 tesiiﬁcari
2931 3221 3038 3260 non
3090 3209 3443 3278 permittitur,
3492 3226 3558 3264 eo
3608 3212 3758 3279 quod

2157 3298 2381 3352 alterius
2410 3296 2545 3368 legis
2574 3299 2683 3352 sint
2712 3299 3013 3352 secundum
3043 3298 3334 3373 sacculum,
3365 3301 3456 3370 qui
3488 3301 3649 3355 unius
3683 3301 3764 3355 le-

2157 3387 2241 3457 gis
2261 3401 2383 3442 esse
2407 3387 2668 3442 deberent
2688 3389 2984 3443 secundum
3007 3388 3198 3444 Deum.
3224 3389 3400 3446 Credo
3421 3392 3584 3446 etiam
3611 3394 3760 3461 quod

2157 3478 2466 3532 nullatenus
2492 3478 2609 3534 haec
2641 3487 2876 3549 agantur
2906 3480 3022 3534 sine
3045 3481 3244 3537 damno
3269 3481 3412 3538 illius
3439 3484 3671 3539 unitatis
3706 3493 3763 3539 et

2159 3569 2685 3639 concorporationis,
2712 3585 2832 3639 qua:
2856 3585 3018 3639 supra
3039 3562 3408 3626 demonstrata
3431 3582 3516 3628 est
3537 3583 3763 3630 senten-

2160 3659 2249 3714 tiis
2275 3659 2605 3730 apostolicis.
2639 3658 2774 3714 Nam
2799 3661 2842 3715 si
2872 3660 2940 3716 de
2971 3661 3281 3717 testimonio
3310 3663 3652 3734 repellendus
3673 3675 3763 3721 est

2159 3749 2357 3822 aliquis
2379 3791 2394 3816 ,
2436 3749 2527 3806 ille
2566 3750 2859 3820 repellatur
2896 3753 3078 3822 potius
3114 3753 3205 3822 qui
3240 3752 3464 3809 alterius
3509 3754 3635 3810 ﬁdei
3664 3756 3757 3812 vel

2157 3849 2320 3899 secta:
2346 3850 2450 3907 est,
2479 3844 2575 3898 sed
2607 3850 2662 3896 et
2693 3842 2783 3896 ille
2813 3857 2934 3896 cum
2973 3858 3081 3912 quo
3111 3844 3404 3913 Apostolus
3437 3861 3539 3900 nec
3569 3845 3756 3901 cibum

2157 3948 2374 3992 sumere
2400 3934 2557 3988 docet
2581 3933 2767 3988 dicens
2799 3950 2811 3986 :
2848 3932 2908 3988 Si
2932 3935 2975 3988 is
3005 3937 3096 4004 qui
3133 3935 3302 4004 frater
3331 3939 3652 4001 nominatur,
3679 3949 3759 3994 est

2157 4025 2470 4096 fornicator,
2498 4034 2590 4078 aut
2619 4041 2809 4079 avarus
2829 4065 2842 4089 ,
2876 4035 2965 4078 aut
2995 4025 3153 4080 idolis
3183 4027 3432 4092 serviens,
3464 4038 3556 4081 aut
3586 4029 3760 4084 male-

2157 4114 2328 4178 dicus,
2355 4122 2446 4166 aut
2473 4112 2725 4176 ebriosus,
2758 4123 2849 4166 aut
2881 4131 3083 4184 rapax;
3118 4131 3236 4168 cum
3265 4116 3525 4185 ejusmodi
3560 4134 3653 4172 nec
3673 4121 3756 4172 ci-

2159 4204 2282 4258 bum
2326 4219 2548 4258 sumere.
2592 4202 2657 4257 Et
2695 4203 2891 4257 iterum
2939 4222 2950 4257 :
3001 4203 3155 4268 Quod
3196 4205 3243 4258 si
3280 4207 3396 4275 quis
3437 4219 3540 4260 non
3579 4208 3760 4261 obedit

2160 4295 2310 4350 verbo
2340 4305 2517 4350 nostro
2545 4311 2638 4365 per
2663 4295 2973 4365 epistolam,
3008 4296 3145 4348 hunc
3176 4305 3370 4360 notate,
3412 4313 3577 4367 neque
3617 4314 3762 4352 corn-

2159 4388 2507 4452 misceamini,
2536 4387 2726 4457 utique
2756 4387 2823 4442 ad
2855 4402 3122 4441 mensam.
3152 4385 3253 4454 Qui
3280 4402 3489 4452 omnes,
3526 4389 3633 4444 nisi
3660 4405 3759 4460 per

458 4459 673 4551 spiritu,
703 4490 764 4536 ut
787 4481 1040 4538 Christus
1067 4481 1247 4551 potius
1269 4497 1433 4551 quam
1455 4459 1749 4536 Christiani
1780 4480 2054 4546 dicantur,
2084 4459 2136 4516 Ῑ)
2162 4477 2592 4535 satisfactionem
2621 4480 2959 4549 paenitentia:
2986 4480 3218 4550 regressi
3246 4478 3447 4535 fuerint
3473 4482 3527 4534 in
3557 4459 3759 4552 corpus

458 4573 603 4630 sicut
634 4572 1002 4643 suprascripta
1044 4572 1343 4642 apostolica
1387 4571 1659 4628 sententia
1697 4571 1938 4628 declarat
1977 4573 2057 4628 di-

459 4679 593 4720 cens
622 4682 637 4718 :
670 4662 864 4718 Omnia
887 4673 1064 4718 autem
1087 4663 1317 4718 membra
1343 4662 1579 4734 corporis
1601 4678 1721 4717 cum
1741 4663 1847 4716 sint
1866 4662 2054 4728 multa,

461 4769 622 4806 unum
649 4767 840 4825 corpus
868 4762 1026 4818 sunt;
1055 4753 1132 4806 ita
1157 4761 1204 4807 et
1236 4749 1478 4807 Christus
1494 4751 1634 4823 (Non
1653 4751 1802 4808 enim
1825 4753 1904 4807 ait
1932 4771 1944 4806 :
1972 4751 2059 4808 Ita

459 4853 508 4897 et
534 4841 842 4909 Christiani,
875 4843 971 4899 sed
1008 4841 1305 4914 Christus);
1342 4843 1504 4912 cupio
1546 4859 1642 4913 per
1677 4843 1937 4914 pietatem
1965 4859 2058 4899 ve-

461 4943 631 4991 stram
667 4948 863 5000 nosse,
893 4933 940 4989 si
967 4947 1078 4989 non
1114 4932 1246 4990 huic
1290 4940 1458 4989 tantae
1494 4932 1694 4988 divinae
1721 4934 2058 5004 operationis

2161 4573 2386 4639 Christi,
2419 4573 2537 4628 sine
2571 4571 2738 4626 dubio
2767 4573 2823 4626 in
2858 4586 3088 4642 corpore
3129 4571 3492 4627 remanebunt
3531 4573 3754 4637 diaboli,

2163 4680 2226 4720 ac
2252 4680 2350 4734 per
2374 4665 2478 4720 hoc
2505 4671 2668 4719 erunt
2697 4664 2749 4718 in
2773 4661 2891 4732 ejus
2917 4678 3084 4734 regno
3113 4670 3168 4718 et
3191 4663 3432 4719 civitate.

2235 4755 2320 4812 VI.
2367 4757 2465 4811 llic
2489 4755 2733 4826 profecto
2761 4755 2921 4812 debet
2936 4770 3064 4811 esse
3088 4756 3343 4811 discretio
3367 4767 3422 4812 et
3447 4759 3646 4814 divisio
3678 4761 3758 4816 in—

2164 4859 2247 4904 ter
2276 4863 2504 4919 regnum
2531 4855 2587 4902 et
2614 4862 2863 4919 regnum,
2892 4847 2946 4902 id
2977 4855 3078 4912 est,
3111 4847 3311 4904 Christi
3335 4849 3396 4903 et
3419 4849 3644 4913 diaboli,
3679 4852 3755 4905 in-

2165 4945 2249 4993 ter
2274 4937 2552 4993 civitatem
2595 4937 2691 4992 Dei
2722 4945 2780 4992 et
2821 4937 3099 4992 civitatem
3126 4936 3361 5001 diaboli,
3388 4953 3508 5008 qua:
3545 4937 3753 4994 faciunt

1822 5022 2096 5081 BALUZII
2133 5025 2362 5083 ΝΟΤΛΕ.

532 5131 559 5188 ᾳ
598 5117 895 5188 Aquitanus
924 5125 973 5170 et
1004 5115 1405 5188 Langobardus.
1427 5116 1508 5188 iHi
1551 5115 1696 5171 enim
1718 5129 1909 5188 omnes
1953 5129 2053 5184 po-

497 5187 570 5267 uli
595 5183 730 5267 quos
751 5186 838 5267 hic
864 5183 1148 5267 enumerat
1191 5186 1531 5267 Aggbardus,
1559 5196 1613 5240 et
1642 5185 1811 5267 multo
1841 5183 2053 5267 plures,

458 5202 570 5311 pun
595 5202 730 5257 quos
753 5202 838 5242 mc
864 5202 1148 5265 enumerat
1191 5202 1531 5259 agebamus,
1559 5202 1613 5240 et
1642 5202 1811 5240 mqu
1841 5202 2052 5267 plures,

507 5258 722 5312 rancico
748 5266 860 5310 tum
897 5256 1120 5326 Imperio
1139 5255 1422 5326 parebant.
1446 5255 1612 5311 Libro
1639 5270 1692 5310 vr
1733 5253 2052 5324 Capitular.,

458 5342 578 5397 cap.
615 5326 714 5382 281
747 5345 759 5380 :
794 5344 813 5377 s
844 5325 1650 5398 )Iolumusatquepragcipimus
1672 5332 1734 5380 ut
1753 5337 1945 5398 om_nes
1967 5326 2054 5398 dif

460 5394 592 5452 tioni
621 5404 823 5453 nostra:
843 5396 956 5451 Deo
1003 5394 1610 5465 auxiliante—subjecti,
1660 5403 1774 5450 tam
1827 5394 2058 5451 Romani

459 5482 622 5552 ‘1”?!
648 5467 866 5556 ίῗέδὲίὶίν
887 5465 1201 5556 ἒ¹³ἷ¹ξ³ξξῐ¹ῖν
1233 5464 2054 5556 ΞξῙἯέῨΞὶῙ-ξέιοἮΞῖμΤίΗθ

457 5534 640 5610 ringii,
670 5537 967 5619 Fresones,
1006 5535 1180 5603 Galli,
1235 5534 1644 5620 Burgundiones
1667 5577 1682 5602 ,
1716 5534 2050 5618 ,Drittones,

459 5607 819 5688 Langobardi,
849 5605 1571 5688 )YasconQ-Beneventam,
1585 5605 1779 5688 Gothi,
1802 5606 2049 5688 Hispani,

458 5675 750 5749 ceterique
777 5676 934 5735 nobis
954 5675 1202 5747 subiecti,
1231 5692 1442 5748 omnes,
1473 5678 1599 5735 licet
1617 5691 1940 5750 quocunque
1969 5676 2050 5731 vi-

2165 5118 2398 5172 deantur
2427 5117 2559 5188 legis
2591 5117 2806 5174 vinculo
2837 5117 3140 5182 Constrieti,
3169 5117 3253 5172 vel
3273 5117 3752 5188 consuetudinario

2164 5202 2316 5243 more
2334 5186 2587 5258 connexi,
2622 5189 2761 5258 hanc
2778 5189 3243 5258 sententiam,_etc.
3279 5206 3297 5238 ι
3328 5186 3392 5240 Ili
3412 5202 3543 5258 ergo
3562 5201 3751 5244 omnes

2161 5257 2376 5382 piolpria
2409 5257 2524 5382 lnge
2539 5257 2856 5340 utebantur.
2881 5256 3015 5313 Vide
3048 5256 3188 5312 infra
3229 5257 3282 5311 in
3310 5257 3454 5312 notis
3477 5255 3543 5311 ad
3587 5268 3752 5327 caput

2290 5343 2410 5382 mus
2451 5344 2464 5380 ι
2507 5343 2572 5381 τι.

2290 5343 2410 5386 IDUS
2430 5343 2572 5382 llDﬂ.

2231 5395 2259 5435 δ
2300 5395 2707 5468 Gundobadum,
2748 5398 2799 5452 id
2829 5405 2935 5464 est,
2961 5397 3415 5468 Burgundionem,
3461 5395 3578 5465 lege
3603 5395 3752 5468 Gung

2162 5467 2368 5524 dobada
2393 5467 2686 5523 viventem.
2717 5468 2863 5523 Istud
2905 5468 3050 5523 enim
3076 5465 3270 5522 referri
3308 5482 3413 5521 ιιωι
3454 5473 3635 5535 potest
3683 5465 3751 5520 ad

2163 5552 2343 5609 regem
2363 5536 2986 5609 Gundohadumrmultis
3018 5545 3152 5609 ante
3201 5537 3414 5609 saeculis
3452 5543 3745 5590 mortuum.

2159 5606 2346 5690 Itaque
2368 5606 2508 5662 infra
2535 5622 2655 5733 cap.
2690 5609 2755 5664 lO
2783 5606 3189 5679 Burgundiones
3220 5608 3271 5662 in
3296 5606 3611 5662 universum
3659 5618 3746 5661 vo-

2161 5677 2306 5733 cabit
2333 5673 2594 5733 Gundoba
2631 5691 2712 5733 os.

2161 5673 2306 5734 cabit
2333 5673 2712 5735 Gundobados.
