3918 6356
183 379 283 434 ΗΊ

1186 335 1313 422 LlB.
1356 362 1725 422 snvsnsus
1758 361 1993 418 LEGEM
2029 361 2446 419 GUNDOBADI.
3328 354 3435 415 ιείε

179 492 317 545 duas
346 489 551 559 plebes-
593 486 727 541 Nam
755 485 945 541 civitas
991 483 1087 536 Dei
1124 483 1362 541 continet
1394 478 1647 551 populum
1676 492 1765 532 ac-
1791 480 1837 538 A
1938 494 2069 551 vni.
2110 495 2362 552 Doctrina
2389 495 2591 553 Christi
2621 497 2777 553 docet
2811 514 2824 550 ;
2855 494 3083 561 Ωαίιοαιι
3110 504 3275 548 tecum
3290 490 3442 563 judi-

180 580 514 651 quisitionis,
540 578 735 633 civitas
753 574 950 630 diaboli
973 574 1228 643 populum
1250 569 1589 642 perditionis.
1613 568 1768 636 Quod

181 673 228 727 si
273 670 583 726 hominibus
614 665 946 737 impossibile
982 673 1067 719 est
1103 678 1292 718 omnes
1325 662 1634 717 discernere
1675 658 1769 728 qui

188 764 297 818 sint
326 762 392 816 de
418 762 642 816 civitate
662 758 780 821 Dei,
813 757 906 828 qui
935 772 1062 812 vero
1083 755 1149 810 de
1178 754 1394 809 civitate
1421 750 1640 813 diaboli,
1667 748 1772 803 sal-

192 863 302 907 tem
327 867 462 920 quos
484 846 887 904 evidentissime
911 860 978 900 ex
1009 842 1273 914 fructibus
1310 839 1544 911 propriis
1575 852 1773 909 cogno-

190 950 387 1005 scunt,
419 948 475 995 et
507 939 701 995 litterie
730 937 1036 1007 apostolicae
1060 952 1091 991 a
1118 949 1347 1004 corpore
1379 932 1578 988 Christi
1620 947 1774 1001 sepa-

191 1044 343 1089 ratos
379 1032 609 1097 docent,
658 1029 907 1099 rejiciant
943 1029 1011 1083 de
1038 1026 1366 1083 testimonio.
1411 1024 1558 1091 Quos
1595 1031 1775 1077 autem

190 1140 301 1180 una
330 1123 575 1194 corporis
620 1120 822 1178 Christi
859 1135 1119 1191 compago
1155 1126 1334 1183 tenet,
1370 1124 1426 1171 et
1463 1115 1777 1186 plerumque

192 1232 302 1273 non
339 1216 513 1272 solum
552 1216 710 1271 unius
741 1214 985 1284 corporis
1025 1212 1350 1278 membrum,
1381 1226 1569 1266 verum
1611 1209 1777 1265 etiam

193 1310 356 1363 unius
383 1308 609 1363 membri
637 1315 765 1361 sunt
790 1306 1054 1371 membra,
1087 1321 1186 1360 cur
1209 1304 1277 1360 de
1304 1312 1488 1358 umtuo
1514 1302 1780 1372 repellun-

196 1408 288 1453 tur
311 1397 658 1453 testimonio?
694 1395 823 1463 Quae
852 1396 1056 1451 utilitas
1084 1404 1186 1457 est,
1220 1402 1280 1449 ut
1306 1400 1529 1463 propter
1551 1403 1576 1433 ει
1606 1392 1781 1463 legem

194 1503 361 1558 quam
399 1486 589 1542 dicunt
627 1484 1047 1546 Gundobadam,
1118 1483 1274 1554 cujus
1333 1489 1522 1538 auctor
1570 1480 1781 1537 exstitit

196 1580 225 1620 ι»
250 1580 415 1634 homo
442 1576 751 1640 haereticus,
779 1582 828 1629 et
850 1574 971 1629 fidei
1003 1570 1283 1629 catholicae
1310 1573 1658 1626 vehementer
1681 1568 1782 1626 ini-

197 1673 373 1727 micus
419 1669 608 1743 (cujus
648 1669 784 1740 legis
821 1670 1067 1724 homines
1096 1679 1118 1707 ο
1162 1676 1288 1723 sunt
1316 1664 1642 1736 perpauci),
1676 1679 1781 1719 non

197 1764 373 1834 possit
400 1776 563 1831 super
589 1761 738 1815 illum
767 1761 1043 1815 testificari
1081 1759 1218 1815 alter
1242 1759 1403 1812 etiam
1431 1759 1603 1813 bonus
1627 1755 1783 1811 Chri-

1870 586 2004 661 cium
2032 585 2359 654 contendere,
2386 596 2435 641 et
2461 586 2689 642 tunicam
2714 596 2857 641 tuam
2883 584 3087 652 tollere,
3110 586 3308 639 remitte
3326 585 3375 638 ei
3395 594 3443 639 et

1869 678 2108 750 pallium.
2154 680 2221 734 Et
2258 679 2453 735 iterum
2490 697 2503 734 :
2545 680 2669 735 lant
2710 680 2919 750 quidem
2953 678 3164 733 omnino
3199 676 3445 732 delictum

1871 780 1967 835 est,
1996 770 2134 841 quod
2160 770 2371 840 judicia
2399 770 2618 825 habetis.
2648 768 2825 837 Quare
2858 785 2961 824 non
2998 768 3163 840 magis
3186 766 3447 838 rinjariam

1873 860 2147 931 accipitis?
2175 859 2352 927 Quare
2385 877 2489 915 non
2515 861 2684 931 magis
2712 858 2952 931 fraudem
2986 858 3264 931 patimini?
3296 857 3390 913 lsti
3420 874 3453 914 θ

1873 951 2145 1007 contrario
2170 951 2355 1007 dicunt
2382 964 2396 1005 :
2427 950 2611 1023 Pugna
2632 966 2886 1017 securus;
2912 951 3037 1020 quia
3063 949 3211 1006 illum
3234 951 3344 1022 qui
3359 957 3450 1026 tua

1874 1041 2102 1113 repetit,
2129 1051 2223 1098 aut
2259 1043 2567 1110 contendit,
2596 1045 2800 1113 absque
2843 1042 3005 1097 dubio
3049 1041 3331 1113 super-abis
3360 1059 3374 1096 :
3399 1051 3453 1097 et

1876 1124 2117 1188 divinum
2144 1133 2224 1188 eis
2248 1133 2571 1203 promittunt
2591 1131 2918 1203 adiutorium
2935 1172 2950 1198 ,
2978 1132 3070 1201 qui
3094 1138 3202 1186 tam
3231 1138 3450 1187 contra-

1878 1224 1943 1279 rii
1972 1222 2208 1279 existunt
2227 1223 2550 1293 evangelicae
2573 1224 2779 1294 pietati.
2807 1223 2945 1279 Hinc
2957 1222 3071 1294 jam
3094 1222 3161 1277 ad
3180 1229 3452 1278 certamen

1880 1315 2158 1370 audaciter
2184 1316 2523 1387 proceditur;
2568 1316 2659 1371 ubi
2701 1317 2806 1371 duo
2830 1312 3076 1371 cominus
3110 1314 3332 1370 veniunt
3363 1328 3457 1383 pa-

1880 1406 2005 1470 rati,
2036 1414 2098 1461 ut
2117 1421 2176 1461 se
2200 1406 2427 1462 invicem
2447 1407 2657 1461 crebris
2684 1407 2881 1462 ictibus
2906 1405 3117 1461 caedant
3136 1419 3236 1475 pro
3260 1404 3458 1459 talibus

1882 1496 2066 1561 rebus,
2098 1510 2235 1566 quas
2255 1496 2424 1552 multo
2452 1496 2634 1551 minus
2658 1496 3185 1561 amaredebuerant,
3213 1509 3374 1566 quam
3401 1509 3460 1549 se

1883 1590 2029 1659 ipsos
2056 1588 2377 1645 adinvicem.
2406 1586 2543 1642 Nam
2568 1603 2691 1643 eum
2715 1602 2875 1657 quem
2907 1586 3154 1642 occidere
3183 1594 3275 1640 aut
3303 1599 3461 1654 supe-

1884 1693 2007 1734 rare
2035 1680 2197 1748 cupit,
2220 1677 2406 1747 jussus
2432 1686 2515 1734 est
2543 1687 2603 1734 ut
2628 1678 2815 1748 diligat
2839 1677 2979 1732 sicut
3003 1692 3061 1732 se
3080 1676 3276 1747 ipsum,
3304 1678 3328 1716 κ
3353 1690 3461 1730 ret-

1885 1770 2034 1826 culas
2076 1769 2197 1825 illas
2229 1784 2326 1840 pro
2359 1769 2554 1840 quibus
2588 1768 2896 1833 contendit,
2935 1766 3187 1821 arbitrari
3230 1771 3291 1820 ut
3329 1772 3463 1819 ster-

198 1832 450 1910 stianus?
492 1852 569 1907 Ex
610 1867 715 1922 qua
759 1866 817 1905 re
842 1851 1020 1905 oritur
1048 1865 1136 1904 res
1169 1849 1324 1904 valde
1357 1847 1619 1909 absurda,
1653 1853 1713 1899 ut
1738 1846 1783 1899 si

1897 1873 2036 1922 cora,
2059 1866 2118 1913 ut
2144 1832 2418 1914 Christum
2440 1856 2799 1913 lucrifaceret.
2831 1832 2934 1913 Ubi
2958 1863 3084 1911 tunc
3104 1863 3187 1910 est
3207 1853 3461 1916 Charitas,

200 1944 403 2015 aliquis
430 1958 615 1999 eorum
648 1942 700 1996 in
738 1951 882 1997 ccetu
920 1940 1102 2010 populi
1140 1950 1232 1994 aut
1258 1930 1421 1994 e‘tiam
1457 1938 1510 1992 in
1548 1947 1787 1992 mercato

200 2037 422 2107 publico
461 2034 797 2091 commiserit
840 2034 1072 2103 aliquam
1110 2032 1463 2103 pravitatem,
1496 2044 1601 2085 non
1635 2041 1789 2082 coar-

200 2136 403 2197 guatur
448 2125 708 2195 testibus,
750 2122 844 2179 sed
885 2122 912 2163 ἀ
954 2124 1160 2179 sinalur
1187 2121 1495 2193 periurare,
1530 2128 1786 2190 tanquam

202 2232 313 2271 non
363 2215 565 2270 fuerint
607 2230 702 2284 per
751 2230 889 2284 quos
931 2215 1132 2269 veritas
1177 2220 1355 2282 posset
1397 2210 1638 2282 agnosci.
1691 2208 1790 2264 Hic

203 2302 493 2359 manifeste
520 2312 740 2373 apparet
755 2305 1068 2357 damnosam
1086 2316 1207 2357 esse
1222 2302 1433 2357 damna?
1458 2300 1579 2354 ilem
1593 2299 1785 2370 legem.

281 2393 390 2446 Vl].
433 2392 491 2446 Si
523 2401 703 2447 autem
748 2392 989 2463 placeret
1028 2392 1244 2446 domino
1281 2398 1468 2445 nostro
1506 2391 1791 2459 sapientis-

205 2485 347 2539 simo
377 2483 709 2551 imperatori,
736 2492 795 2537 ut
822 2499 915 2539 eos
940 2481 1257 2538 transferret
1279 2482 1345 2537 ad
1366 2481 1536 2552 legem
1562 2480 1793 2536 Franco-

205 2589 365 2639 rum;
397 2581 453 2627 et
495 2573 595 2641 ipsi
636 2573 928 2628 nobiliores
956 2571 1313 2636 edicerentur,
1344 2580 1401 2626 et
1432 2583 1455 2610 ο
1494 2572 1610 2626 ῙΠῸΟ
1645 2571 1791 2641 regio

203 2664 274 2720 ab
305 2664 648 2733 squaloribus
673 2664 1011 2719 miseriarum
1041 2663 1571 2733 quantulumcunque
1609 2662 1790 2717 suble—

206 2768 447 2816 \‘aretur.
504 2758 706 2814 Horum
748 2759 891 2813 enim
936 2774 1097 2812 causa
1138 2757 1336 2812 accidit
1377 2766 1435 2812 ut
1481 2755 1794 2827 frequenter

205 2868 316 2907 non
349 2850 527 2905 solum
550 2847 791 2903 valentes
818 2848 1054 2913 viribus,
1080 2847 1174 2902 sed
1201 2849 1366 2903 etiam
1396 2848 1594 2902 infirmi
1626 2855 1679 2902 et
1709 2863 1793 2902 se.

204 2960 309 2999 nes
334 2942 352 2979 ί
380 2942 717 2995 lacessantur
745 2940 812 2994 ad
841 2949 1115 2994 certamen
1152 2948 1205 2995 ct
1226 2956 1479 3010 pugnam,
1511 2941 1673 2995 etiam
1696 2956 1794 3011 pro

208 3033 493 3089 vilissimis
520 3033 682 3087 rebus
712 3049 723 3084 :
754 3032 948 3100 quibus
976 3031 1228 3088 feralibus
1254 3034 1640 3088 certaminibus
1667 3049 1795 3087 con-

209 3127 424 3195 tingunt
472 3123 760 3179 homicidia
809 3122 1042 3189 iniusta,
1083 3132 1138 3177 et
1172 3122 1416 3178 crudeles
1453 3139 1516 3178 ac
1554 3125 1791 3192 perversi

206 3223 442 3271 eventus
463 3212 814 3282 iudiciorum,
845 3227 949 3267 non
982 3213 1097 3267 sine
1126 3214 1413 3267 amissione
1433 3213 1555 3268 fidei
1585 3223 1639 3268 ct
1666 3215 1794 3269 cha—

208 3301 416 3366 ritatis,
447 3318 510 3356 ac
538 3302 778 3371 pietatis,
807 3303 931 3356 dum
961 3309 1154 3371 putant
1177 3301 1346 3355 Deum
1385 3301 1459 3355 illi
1488 3303 1677 3357 adesse
1705 3304 1797 3371 qui

207 3393 452 3465 potuerit
497 3392 718 3446 fratrem
767 3407 923 3447 suum
965 3405 1251 3460 superare,
1289 3400 1343 3445 et
1380 3392 1433 3445 in
1473 3390 1797 3460 profundum

209 3485 555 3540 miseriarum
586 3483 838 3551 dejicere.
873 3482 966 3537 llic
987 3491 1071 3537 est
1094 3482 1359 3551 pessimus
1384 3496 1561 3547 error,
1589 3488 1644 3535 et
1664 3481 1798 3536 ordo

210 3574 491 3639 confusus,
527 3582 585 3628 ut
612 3589 712 3643 pro
742 3573 941 3627 talibus
966 3572 1410 3642 pcrversitatibus
1433 3581 1487 3626 et
1518 3570 1797 3641 Scriptura

211 3664 460 3720 veritatis
507 3672 907 3727 contemnatur,
951 3670 1004 3716 et
1030 3664 1319 3720 concordia
1361 3661 1667 3718 Christiana
1691 3661 1801 3716 dis-

1889 1950 2006 2005 siue
2029 1964 2136 2018 qua
2164 1947 2432 2019 perfectus
2464 1948 2734 2016 interpres
2769 1946 3011 2001 omnium
3041 1945 3344 2016 linguarum
3371 1959 3467 1997 an-

1890 2039 2131 2110 gelorum
2167 2047 2221 2094 et
2263 2038 2540 2094 hominum
2580 2036 2807 2092 edicitur
2835 2036 2981 2093 velut
3027 2052 3102 2092 tes
3147 2050 3345 2091 sonans
3373 2044 3467 2088 aut

1888 2129 2195 2203 cymbalum
2225 2129 2494 2194 tinnieus;
2526 2128 2643 2183 sine
2673 2142 2779 2197 qua
2808 2126 3078 2196 perfectus
3107 2126 3385 2197 propheta,
3414 2136 3469 2181 et

1890 2220 2287 2277 eruditissimus
2309 2219 2517 2282 doctor,
2548 2227 2600 2273 et
2627 2234 2693 2273 ex
2723 2216 2824 2272 fide
2856 2217 3131 2272 miraculis
3152 2232 3466 2281 coruscans,

1890 2310 2024 2366 nihil
2057 2318 2159 2375 est,
2191 2307 2439 2379 sine'qua
2468 2310 2697 2379 largitas
2723 2309 3202 2381 eleemosynarum,
3242 2316 3294 2363 ct
3322 2323 3471 2363 acer-

1891 2400 2031 2455 bitas
2051 2399 2294 2469 martyrii
2319 2398 2452 2453 nihil
2472 2398 2728 2469 prodest?
2751 2398 2947 2453 Milites
2973 2399 3195 2465 Christi,
3221 2399 3312 2469 qui
3336 2398 3473 2453 hanc.

1890 2489 2160 2546 veraciter
2206 2490 2540 2553 habuerunt,
2588 2488 2941 2544 subdiderunt
2985 2489 3037 2543 in
3079 2488 3182 2544 fide
3217 2488 3470 2544 mundum

1892 2577 2129 2644 Christo,
2161 2579 2253 2632 sed
2282 2578 2583 2647 moriendo,
2617 2593 2721 2633 non
2748 2577 3060 2633 occidendo.

1962 2708 2053 2763 IX.
2087 2706 2311 2774 Quando
2335 2716 2454 2763 erat
2478 2708 2694 2780 publica
2733 2709 3008 2764 contentio
3035 2709 3101 2764 de
3130 2711 3357 2763 veritate
3384 2724 3472 2764 re-

1893 2796 2126 2882 ligionis,
2151 2825 2274 2865 cum
2299 2807 2390 2864 alii
2417 2817 2670 2879 putarent
2700 2809 2978 2865 colendam
3008 2823 3107 2881 pro
3132 2808 3242 2864 Deo
3265 2818 3478 2865 creatu—

1892 2927 2010 2969 ram
2055 2909 2371 2981 quamlibet,
2409 2909 2500 2963 alii
2547 2910 2802 2965 docerent
2831 2910 3003 2989 solum
3028 2906 3345 2989 Creatorem
3388 2928 3513 2979 ουτ

1892 3011 2146 3075 lcndum;
2192 3009 2269 3063 illi
2311 3008 2529 3064 fuerunt
2573 3009 2807 3064 victores
2843 3009 2936 3079 qui
2977 2987 3141 3065 occisi
3179 3017 3323 3077 sunt,
3370 3026 3476 3066 non

1894 3114 1986 3185 qui
2014 3113 2367 3178 occiderunt;
2398 3111 2604 3167 veritas
2630 3111 2909 3166 moriendo
2938 3110 3208 3166 declarata
3237 3120 3340 3176 est,
3372 3127 3478 3166 non

1897 3204 2229 3267 occidendo;
2277 3210 2451 3258 testes
2472 3201 2716 3257 veritatis
2755 3200 3033 3256 moriendo
3063 3209 3482 3267 crcverunt,as-

1895 3305 2134 3354 sertores
2159 3302 2336 3350 autem
2372 3293 2672 3363 iniquitatis
2701 3292 2996 3348 occidendo
3016 3292 3316 3361 perierunt.
3340 3292 3476 3347 Nam

1897 3396 1942 3452 si
1971 3397 2023 3450 in
2052 3396 2155 3449 hac
2190 3394 2299 3448 vita
2346 3407 2561 3462 semper
2594 3393 2907 3447 innocentes
2934 3400 3117 3447 essent
3141 3392 3397 3456 victores,
3429 3402 3482 3447 et

1899 3489 2044 3543 noxii
2068 3489 2433 3552 vincerentur,
2463 3501 2570 3541 non
2597 3485 2806 3540 Pharao
2828 3484 3113 3540 occidisset
3140 3482 3363 3549 Josiam,
3388 3484 3480 3538 sed

1899 3576 2075 3632 Josiats
2103 3577 2439 3631 Pharaonem
2472 3592 2486 3641 ;
2534 3590 2642 3629 non
2677 3573 2942 3629 Joannem
2970 3572 3227 3637 Herodes,
3255 3573 3351 3627 sed
3379 3570 3480 3627 He-

1903 3667 2087 3722 rodem
2119 3665 2371 3721 Joannes.
2424 3663 2533 3719 Nec
2561 3671 2748 3719 saneta
2791 3662 2878 3717 illa
2918 3663 3111 3718 civitas
3150 3661 3480 3718 Hierusalem

212 3763 422 3827 pereat,
482 3765 536 3810 et
563 3756 630 3809 de
658 3755 801 3820 Deo,
833 3756 926 3824 qui
954 3764 1145 3810 natura
1178 3756 1351 3810 bonus
1382 3764 1492 3820 est,
1527 3764 1633 3809 tam
1665 3754 1804 3809 indi-
1902 3756 2233 3825 temporibus
2277 3756 2463 3826 gratia:
2486 3795 2500 3820 ,
2556 3752 3043 3808 innumerabilibus
3082 3753 3254 3808 turbis
3299 3767 3481 3808 mona-

212 3859 320 3915 gna
345 3846 629 3909 sentiatur,
653 3853 713 3898 ut
735 3842 914 3897 faveat
942 3844 1249 3912 rapacibus,
1278 3852 1332 3898 et
1355 3845 1667 3899 adversetur
1696 3844 1799 3898 mi-

217 3950 375 3990 801⁵18.

1904 3847 2151 3910 chorum,
2188 3844 2508 3899 clericorum
2544 3852 2598 3897 et
2633 3850 2950 3898 caeterorum
2976 3840 3213 3899 fidelium
3240 3841 3479 3905 illustris,

1907 3937 1934 3977 ιι
1960 3935 2246 3991 Saracenis
2294 3935 2670 4005 subjiceretur,
2724 3933 2866 3989 sicut
2902 3941 2958 3988 et
2999 3932 3115 3988 alize
3148 3932 3388 3989 civitates
3430 3943 3481 3987 et

1569 4112 1841 4168 BALUZII
1876 4109 2103 4168 NOTAE.

289 4258 316 4287 ι
352 4245 537 4316 Legem
567 4244 970 4316 Cundobadant,
1002 4246 1156 4315 cujus
1176 4253 1395 4316 fauetor
1413 4244 1797 4316 ACundobadus

215 4312 656 4386 Burgundionum
712 4316 766 4369 in
813 4314 987 4386 Gallia
1022 4312 1347 4386 rexLMagni
1400 4312 1665 4386 Clodovrei
1706 4331 1798 4369 co-

214 4383 383 4442 imus.
412 4383 510 4439 Hic
538 4386 706 4449 enim,
730 4394 788 4438 ut
808 4385 1100 4454 Gregorius
1126 4383 1453 4439 Turonensis
1474 4392 1557 4438 est
1584 4392 1793 4454 auctor,

2962 4242 3018 4309 5,
3073 4258 3191 4313 cap.
3241 4243 3479 4302 Part-ali.

2912 4327 3054 4384 mea
3079 4313 3482 4384 utebaturlege

1903 4260 2023 4315 cap.
2066 4242 2169 4308 22;
2224 4251 2280 4298 et
2296 4258 2357 4325 ’,δ
2406 4242 2665 4298 Gratiano
2709 4241 2801 4325 ξε,

1978 4327 2001 4354 ο
2043 4312 2172 4366 Herc
2200 4328 2358 4366 remo.
2392 4311 2780 4366 Lundunensrs.
2876 4329 2904 4366 a

1978 4329 2001 4354 ο
2043 4329 2172 4367 utre
2200 4329 2358 4383 regio,
2393 4329 2780 4381 wgnnnensrs.
2827 4329 2962 4367 nam
2990 4329 3054 4367 ea
3079 4329 3332 4369 utebatur
3367 4329 3476 4384 tege

1902 4383 2254 4454 Gundobada,
2274 4383 2415 4452 quod
2438 4380 2754 4453 Lugdunum
2784 4390 2926 4437 esset
2948 4382 3139 4437 civitas
3170 4384 3319 4454 regni
3342 4383 3476 4438 Bur-

1978 4311 2001 4354 '°
2043 4312 2172 4367 Hac
2200 4311 2358 4381 regio,
2392 4311 2780 4381 Lugdunensis.

222 4474 242 4507 ι
276 4455 750 4540 Burgundionibus
776 4453 1190 4540 leges'mitiores
1218 4454 1479 4540 instituit,
1506 4453 1799 4540 nenoma-
1824 4482 1876 4540 Ι)
1903 4453 2135 4540 giindjci.

215 4540 319 4581 nos
357 4522 740 4593 opprimerent.
772 4544 791 4577 ι
825 4522 1021 4593 Verum
1071 4537 1190 4592 qua:
1217 4531 1341 4593 tum
1376 4522 1622 4593 fortassis
1658 4524 1796 4593 bona

217 4594 335 4649 visa
362 4591 538 4648 ftierat
578 4594 663 4647 lex
685 4592 1050 4658 Gundobada,
1094 4591 1377 4647 nonnullis
1407 4592 1512 4661 piis
1538 4592 1668 4647 viris
1700 4592 1798 4647 xcvi

215 4662 547 4773 Agbobardici
572 4664 688 4717 visa
717 4671 799 4717 est
829 4662 1030 4730 iniqua.

365 4730 533 4773 Hnmn
577 4732 869 4773 hmrotirrts_
926 4731 1030 4773 Cur

362 4730 533 4785 Homo
575 4732 870 4785 haereticus.
926 4730 1290 4786 Gundobadus
1315 4732 1459 4786 enim
1488 4740 1607 4786 erat.
1651 4730 1802 4785 Aria-

214 4818 342 4857 nus.
372 4799 481 4871 Sed
515 4809 692 4854 tamen
730 4801 953 4871 pupugit
983 4800 1131 4855 illum
1160 4801 1448 4871 aliquando
1476 4802 1671 4871 cupido
1702 4801 1799 4871 ab-_

214 4868 436 4927 dicandi
464 4884 707 4925 errorem
732 4868 923 4935 suum;
954 4872 1087 4925 adeo
1117 4877 1179 4924 ut
1228 4868 1298 4925 ab
1324 4870 1482 4926 Avito
1510 4868 1801 4925 Viennensi

215 4939 476 5009 episcopo
506 4954 795 5009 persuasus
815 4940 1034 5009 impiam
1061 4954 1179 4993 esse
1203 4939 1528 4995 Arianorum
1576 4948 1797 5003 sectam,

216 5009 450 5079 clamut
474 5009 864 5064 chrismaretur
892 5010 1194 5079 expetierit.
1236 5010 1373 5064 Vicit
1404 5018 1582 5066 tamen
1627 5016 1803 5063 metus

291 5077 427 5147 puli.
474 5079 658 5147 itaque
689 5097 707 5128 ι
744 5093 914 5146 usque
944 5077 1008 5132 ad
1044 5079 1246 5133 exitum
1291 5079 1414 5134 vitae
1464 5095 1573 5134 sure
1603 5080 1655 5147 in
1701 5079 1802 5133 hac

291 5093 427 5147 pun.
475 5093 550 5132 ua
592 5094 658 5133 ue
689 5097 707 5128 ε
744 5093 914 5146 usque
944 5093 1008 5132 au
1044 5093 1246 5133 emtum
1291 5093 1414 5134 Vitae
1464 5095 1573 5134 sure
1603 5097 1655 5133 in
1702 5093 1802 5133 nac

214 5093 433 5229 {:sania
457 5095 785 5229 perﬂuravit,
818 5163 929 5229 nec
942 5149 1152 5229 plublice
1172 5149 1549 5229 .mqualitatem
1575 5142 1807 5229 Trinita-

214 5217 294 5289 sis
325 5215 769 5289 voluitconllteri
800 5237 843 5277 ι,
875 5215 1270 5289 υἷϐνοεοςὶυέ
1290 5218 1617 5274 Turonensis
1644 5218 1717 5272 ait
1748 5219 1803 5272 in

211 5286 434 5358 libro_n
466 5285 602 5341 Hist.
635 5285 915 5358 Francor.,
947 5285 1189 5358 θυρίδι.

284 5366 308 5395 ε
355 5352 497 5427 Sunt
541 5357 809 5427 perpauci.
839 5355 982 5427 Ergo
1008 5352 1244 5427 nondum
1278 5372 1501 5427 prorsus
1540 5358 1803 5412 exstincta

212 5432 343 5496 erat
366 5421 421 5496 in
443 5421 551 5480 illis
580 5421 887 5496 regionibus
918 5421 1149 5495 perfidia
1176 5421 1497 5483 Arianorum
1524 5466 1538 5493 ,
1592 5428 1803 5482 tametsi

214 5493 517 5566 admodum
546 5493 703 5566 pauci
727 5493 937 5566 essent:

286 5562 325 5636 ξ
364 5561 589 5619 δὶηωιὶν
620 5565 912 5636 perjurare.
942 5563 1105 5620 Libro
1142 5582 1159 5620 ι
1198 5564 1516 5634 Capitular.,
1549 5581 1666 5636 cap.
1694 5566 1761 5621 65
1788 5586 1799 5620 :

222 5651 240 5684 ι
282 5628 355 5687 Et
384 5640 444 5686 ut
471 5628 827 5704 parvulifqui
868 5636 985 5704 sine
1012 5628 1320 5691 rationabili
1348 5628 1511 5691 aetate
1530 5628 1673 5701 sunt,
1696 5652 1804 5691 non

212 5702 499 5777 angantur
526 5702 908 5777 jurarc,’sicm
934 5702 1305 5777 Cunchodigni
1342 5705 1576 5768 faciunt;
1614 5726 1631 5756 ι
1686 5723 1804 5777 quin

214 5786 353 5844 pars
412 5773 572 5843 hujus
624 5774 815 5842 capitis
867 5773 1099 5828 refertur
1150 5773 1421 5832 ab'li'one
1486 5785 1639 5846 parte
1688 5773 1799 5839 in,

1977 4522 1996 4562 ί
2026 4521 2379 4575 Lacessantur
2397 4520 2466 4573 ad
2479 4527 2755 4573 certamen.
2775 4519 3004 4574 Damnat
3026 4521 3474 4586 monomacliiam,

1903 4593 1955 4647 id
1979 4600 2081 4655 est,
2103 4589 2335 4659 duellum
2369 4589 2662 4659 privatum,
2678 4589 2745 4644 ad
2765 4588 3098 4648 deﬁniendas
3122 4589 3241 4647 lites
3267 4592 3480 4647 institu-

1904 4671 2014 4716 tum
2043 4676 2072 4714 a
2102 4658 2449 4714 Gundobado.

1976 4732 2000 4771 8
2040 4727 2286 4799 Reiculas
2313 4727 2452 4782 illas.
2485 4725 2602 4782 Jam
2648 4738 2808 4783 antea
2839 4729 2889 4799 in
2916 4727 3230 4799 praefatione
3258 4727 3323 4783 ad
3371 4730 3479 4784 Lu-

1937 4814 2025 4853 um
2055 4798 2362 4853 monuimus
2391 4806 2698 4867 corruptam
2745 4800 2847 4853 hoc
2871 4798 2990 4855 loco
3029 4813 3149 4854 esse
3187 4799 3475 4855 editionem

1937 4816 2025 4853 um
2055 4816 2362 4853 monuimus
2391 4816 2698 4867 corruptam
2745 4816 2847 4853 noc
2872 4816 2990 4855 IOCO
3029 4816 3149 4854 esse
3187 4816 3475 4855 eoiuonem

1900 4816 2153 4932 glassoni,
2184 4883 2302 4936 quzc
2334 4882 2431 4936 pro
2460 4866 2681 4921 reiculas
2736 4868 2896 4921 habet
2944 4869 3204 4933 recusias;
3250 4884 3372 4924 cum
3404 4878 3477 4923 ta-

1875 5005 1877 5007 ι
1902 4940 2023 4992 men
2054 4939 2106 4991 in
2138 4938 2320 4991 codice
2344 4937 2584 5006 antiquo,
2607 4951 2713 5007 quo
2763 4936 3036 4993 Massouus
3065 4938 3351 5004 utebatur,
3401 4939 3476 4993 di-

1903 5018 2047 5063 serte
2084 5007 2344 5075 scriptum
2378 5007 2446 5060 sit
2478 5007 2722 5075 reiculas,
2744 5014 2803 5060 ut
2849 5016 2974 5061 ante
3014 5023 3097 5062 me
3148 5009 3358 5062 monuit
3395 5007 3476 5063 vir

1903 5074 2576 5160 clarissiniusnFranciscus
2603 5074 2820 5160 Juretus
2844 5077 2897 5131 in
2926 5077 3068 5132 notis
3097 5076 3473 5160 adepistolam

1904 5148 1966 5202 91
2022 5147 2197 5201 lvonis
2235 5146 2603 5200 Carnotensis.
2642 5146 2803 5200 Varie
2854 5157 3033 5200 autem
3079 5146 3333 5201 scribitur
3363 5148 3477 5200 hinc

1905 5233 2003 5271 vox
2034 5218 2085 5271 in
2113 5215 2544 5285 librisantiquis.
2579 5215 2712 5269 Nam
2745 5215 2831 5270 hic
2858 5214 2997 5284 apud
3023 5213 3383 5285 Agobardum,
3420 5216 3475 5270 in

1905 5288 2027 5366 Vita
2056 5287 2228 5366 sancti
2243 5284 2447 5366 .Licinii
2469 5283 3150 5366 Andegavorum:_episcopi
3180 5301 3209 5366 a
3240 5285 3477 5366 Duches:

1904 5357 1995 5411 nio
2044 5356 2206 5419 edita,
2241 5356 2478 5423 itemque
2521 5352 2685 5416 alibi,
2736 5352 2992 5414 scribi’ur
3033 5352 3290 5420 reiculas;
3339 5354 3477 5423 apud

1907 5426 2219 5481 Salvianum
2249 5440 2379 5479 vero
2392 5422 2458 5478 et
2491 5424 2626 5478 alios
2656 5437 2760 5477 non
2789 5438 2895 5477 uno
2922 5423 3041 5478 loco
3090 5424 3351 5489 resculas;
3372 5422 3475 5477 ide-

1906 5511 2054 5549 mum
2092 5494 2220 5576 alibi
2247 5492 2481 5576 recidas.
2499 5492 2665 5576 Yide,_
2684 5493 2729 5546 si
2751 5491 2915 5574 lubet,
2947 5490 3189 5549 Juretum
3242 5493 3311 5550 ad
3356 5506 3479 5547 eam

1904 5580 2064 5636 quam
2090 5564 2324 5618 diximus
2350 5563 2629 5632 epistolam
2648 5562 2844 5617 lvonis.

1977 5636 2005 5674 ιι
2046 5631 2325 5689 Saracenis
2384 5633 2757 5702 subjiceretur,
2812 5630 3066 5702 nituirum
3120 5628 3474 5702 Hierusalem.

1906 5704 2217 5773 Contigerat
2246 5709 2425 5773 autem
2454 5699 2595 5773 istud
2642 5700 3069 5773 anteAducentos
3109 5699 3280 5773 ferme
3308 5713 3478 5755 annos

1908 5768 2229 5845 quam'tiber
2256 5772 2358 5827 iste
2384 5771 2728 5830 scriberetur.
2763 5768 3015 5832 Omarcm
3056 5770 3199 5831 enim
3245 5768 3475 5829 Sarace-
