3918 6330
506 292 605 349 illi

1481 310 1539 367 S.
1580 311 1935 367 AGOBARLI
1976 310 2288 367 Ei’lSCOPl
2324 310 2817 372 LUGDU‘NENSIS

3688 330 3783 383 Ιὲο

496 406 784 481 regiones;
824 428 928 469 nec
970 428 992 454 ι
1030 416 1197 472 [lonia
1224 416 1451 486 Gothis,
1492 424 1520 462 ιτ
1548 423 1777 495 paganis
1802 431 1858 478 et
1878 425 2096 479 haereti-
2122 426 2174 485 Α
2196 431 2538 496 quoadusque
2565 430 2736 484 veniat
2785 429 3064 499 Dominus,
3100 435 3193 498 qui
3221 446 3267 490 et
3314 434 3643 495 illuminabit
3672 443 3785 498 abs-

494 499 577 556 cis
606 502 765 557 simul
789 520 803 568 ;
837 520 937 560 nec
962 518 984 545 ο
1008 505 1159 562 Italia
1187 507 1555 580 Langobardis
1582 531 1595 567 :
1628 522 1682 569 ct
1710 514 1875 569 multa
1904 514 2090 585 hujus-

497 592 662 647 modi.
717 592 835 649 Non
884 596 1001 651 brae
1034 596 1239 654 idcirco
1286 600 1523 657 dicimus
1568 612 1627 659 ut
1661 619 1922 676 negemus
1963 621 2090 675 pro-

492 684 788 741 videntiam
817 685 913 742 Dei
954 689 1244 760 aliquando
1282 692 1567 751 absolvere
1608 696 1983 761 innocentem,
2032 706 2087 751 et

490 773 755 831 damnare
781 778 1006 845 noxios,
1069 782 1161 837 sed
1203 783 1328 852 quia
1360 784 1671 842 nullatenus
1701 795 1962 843 statutum
2001 797 2086 844 est

487 879 520 919 a
557 865 669 921 Deo
695 877 756 923 ut
776 869 894 924 haec
923 869 977 924 in
1009 872 1261 929 omnibus
1298 874 1428 941 ﬁat,
1460 876 1567 931 nisi
1593 885 1837 933 extremo
1857 877 2081 945 judicio.

487 955 554 1011 Et
584 972 711 1028 quia
755 959 883 1015 talia
924 962 1227 1018 certamina
1267 965 1621 1023 vehementer
1645 969 1919 1023 contraria
1958 977 2087 1023 sunt

487 1048 826 1119 simplicitati
850 1058 905 1106 et
940 1053 1125 1122 pietati
1151 1052 1503 1124 Christianae,
1548 1067 1605 1114 et
1637 1057 1899 1114 doctrina:
1921 1072 2085 1114 evan-

486 1140 674 1210 gelicae
719 1142 885 1199 nimis
926 1144 1173 1209 adversa,
1212 1146 1355 1201 absit
1385 1162 1415 1202 a
1463 1157 1647 1205 mente
1672 1148 1981 1205 Christiana
2024 1159 2086 1204 ut

485 1233 715 1290 adversa
740 1234 900 1304 hujus
928 1238 1114 1292 mundi
1139 1238 1482 1295 conﬂictibus
1515 1250 1725 1312 quterat
1751 1243 2001 1309 evadere,
2028 1251 2085 1298 et

486 1326 683 1395 gaudia
719 1325 838 1396 ejus
860 1330 1254 1387 certaminibus
1280 1332 1529 1403 adipisci.
1572 1333 1713 1411 Cum
1748 1350 1780 1390 e
1806 1336 2084 1390 contrario

485 1417 627 1473 intra
651 1432 809 1474 sacra
850 1420 1141 1476 missarum
1186 1421 1448 1477 solemnia
1478 1422 1792 1494 frequenter
1831 1426 2085 1495 deprece-

483 1523 608 1565 mur
634 1509 921 1566 Dominum
967 1519 1029 1566 ut
1055 1512 1257 1567 tribuat
1295 1514 1455 1570 nobis
1489 1529 1588 1586 pro
1614 1505 1797 1571 amore
1838 1532 1937 1573 suo
1961 1532 2087 1587 pro-

481 1616 640 1672 spera
671 1603 859 1659 mundi
882 1604 1188 1675 despicere,
1230 1614 1284 1661 et
1307 1605 1451 1661 nulla
1490 1607 1609 1678 ejus
1632 1608 1859 1664 adversa
1888 1609 2081 1665 formi-

482 1695 646 1760 dare,
684 1693 844 1751 decet
891 1696 1115 1752 omnino
1162 1705 1399 1753 mentem
1435 1695 1804 1754 Cbristiana‘m
1840 1713 1962 1755 cum
2014 1702 2083 1756 ti-

479 1798 633 1840 more
666 1792 723 1839 et
747 1792 1015 1851 tremore,
1053 1787 1351 1842 secundum
1376 1786 1715 1858 Apostolum,
1753 1806 1905 1846 suam
1936 1793 2076 1848 salu-

480 1882 590 1929 tem
632 1874 871 1945 operari,
910 1884 967 1931 et
1010 1885 1194 1933 mente
1238 1879 1307 1934 ad
1342 1877 1523 1933 futura
1574 1881 1832 1945 transire,
1879 1896 1983 1938 nec
2021 1882 2075 1937 in

477 1964 850 2037 praesentibus
878 1969 1043 2026 rebus
1085 1985 1307 2027 sensum
1350 1970 1555 2042 ﬁgere;
1609 1974 1865 2044 quoniam
1896 1974 2078 2031 occul-

479 2060 688 2115 tissima
736 2059 834 2118 Dei
881 2062 1286 2134 dispensatione
1339 2066 1478 2120 varii
1535 2074 1662 2122 sunt
1708 2068 1761 2122 in
1820 2070 2074 2139 praesenti

479 2158 723 2222 tempore
752 2166 933 2208 rerum
958 2160 1207 2219 eventus,
1237 2155 1379 2210 sicut
1405 2162 1460 2210 et
1488 2170 1642 2210 sacra
1681 2155 1958 2226 Scriptura
1997 2167 2076 2213 te.-

477 2250 691 2299 statur:
743 2242 881 2299 Sunt
910 2244 1045 2314 justi
1078 2244 1269 2316 quibus
1324 2244 1493 2300 multa
1528 2249 1873 2319 proveniunt,
1922 2266 2073 2320 quas:

477 2352 635 2409 opera
662 2336 861 2407 egerint
898 2336 1220 2408 impiorum:
1256 2346 1305 2393 et
1332 2347 1456 2394 sunt
1492 2338 1647 2410 impii
1678 2340 1769 2411 qui
1803 2340 1880 2394 ita
1903 2341 2074 2396 securi

475 2435 600 2482 sunt
623 2426 777 2499 quasi
812 2426 1081 2497 justorum
1116 2426 1269 2497 facta
1310 2427 1558 2483 habeant.
1606 2429 1673 2483 Et
1697 2429 1944 2483 lterum:
1977 2428 2075 2484 Et-

475 2518 614 2574 enim
636 2518 764 2591 quia
789 2534 894 2575 non
918 2518 1184 2590 profertur
1225 2519 1329 2573 cito
1356 2527 1541 2573 contra
1583 2516 1751 2573 malos
1787 2519 2070 2584 .sententia,

474 2612 671 2683 absque
696 2608 809 2665 ullo
832 2608 1019 2664 timore
1035 2607 1137 2677 ﬁlii
1166 2609 1438 2664 hominum
1466 2618 1767 2681 perpetrant
1793 2608 1956 2664 mala.
2005 2608 2072 2664 Et
2110 2636 2113 2637 ν

476 2700 715 2757 lterum:
748 2697 885 2756 Sunt
906 2697 1045 2770 justi
1065 2707 1220 2770 atque
1241 2699 1521 2770 sapientes,
1556 2709 1606 2754 et
1632 2716 1789 2770 opera
1806 2716 1987 2755 eorum
2015 2701 2071 2755 in

474 2806 638 2849 Manu
665 2789 763 2847 Dei
784 2807 804 2847 :
840 2800 889 2847 et
930 2800 1107 2848 tamen
1149 2791 1313 2847 nescit
1341 2791 1527 2857 homo,
1574 2800 1752 2845 utrum
1794 2807 1973 2845 amore
2000 2808 2071 2847 an

475 2882 599 2941 odio
636 2881 827 2954 dignus
861 2882 968 2948 sit;
1009 2882 1100 2939 sed
1139 2881 1316 2939 omnia
1362 2882 1419 2937 in
1463 2881 1642 2952 futuro
1686 2888 1962 2935 tentantur
1989 2881 2071 2936 in-

473 2982 638 3037 certa,
666 2988 725 3027 eo
751 2972 892 3046 quod
926 2974 1167 3028 universa
1208 2988 1354 3045 reque
1386 2973 1592 3027 veniant
1634 2973 1786 3042 justo
1813 2981 1860 3026 et
1888 2972 2066 3043 impio,

2188 513 2401 567 condita
2429 514 2881 582 tenebrarum,'et
2903 523 3258 591 manifestabit
3277 526 3503 587 consit’ia
3529 532 3787 590 cordiunt.

2186 601 2447 659 Concedit
2475 614 2654 662 tamen
2676 608 2926 678 ju-licare
2955 612 3098 667 inter
3124 612 3323 671 fratres
3342 657 3356 681 ,
3402 628 3461 672 ut
3488 623 3794 679 contentio-

2187 707 2285 747 nes
2313 695 2616 764 sopiantur.

2256 825 2324 881 Χ.
2353 826 2459 882 Sed
2497 830 2703 886 utilitas
2723 831 3055 902 judiciorum
3098 847 3313 894 constat
3353 841 3411 897 in
3451 842 3790 902 discussione

2185 930 2472 973 causarum
2496 928 2551 975 et
2575 922 2871 979 subtilitate
2898 925 3394 999 investigationum,
3429 933 3594 991 sicuti
3622 944 3681 990 et
3695 934 3787 991 Sa-

2184 1004 2365 1062 lomon
2408 1007 2601 1066 iecisse
2640 1010 2838 1083 legitur
2871 1016 2926 1070 in
2954 1021 3301 1077 contentione
3344 1023 3580 1083 duarum
3617 1042 3786 1083 merc-

2185 1096 2382 1152 tricum
2409 1117 2422 1152 :
2460 1099 2614 1169 cujus
2640 1111 2704 1156 et
2728 1105 2921 1173 petitio
2942 1118 3230 1178 propterea
3252 1112 3455 1182 placuit
3493 1116 3633 1181 Deo,
3666 1118 3783 1187 quis

2184 1201 2292 1242 non
2321 1190 2514 1258 petivit
2538 1191 2757 1248 divitias
2783 1204 2878 1250 aut
2909 1198 3027 1253 dies
3065 1200 3288 1268 multos,
3337 1207 3430 1261 sed
3458 1209 3783 1277 sapientiam

2183 1277 2251 1331 ad
2273 1278 2689 1370 discernendum
2709 1284 2996 1354 judicium.
3028 1287 3120 1344 Sic
3139 1300 3196 1346 et
3214 1292 3406 1350 Daniel
3433 1300 3613 1355 adhuc
3637 1318 3781 1370 puer,

2183 1368 2479 1425 suscitante
2507 1370 2618 1426 Deo
2641 1374 2894 1443 spiritum
2926 1377 3061 1448 ejus,
3100 1378 3369 1448 judicavit
3405 1384 3544 1442 duos
3571 1368 3785 1461 iniquos

2180 1455 2389 1525 judices
2416 1459 2667 1529 prudenti
2699 1462 3020 1531 subtilitate,
3048 1482 3147 1537 per
3168 1483 3331 1539 quam
3362 1472 3590 1529 liberata
3615 1455 3708 1534 est
3737 1487 3785 1534 et

2183 1550 2340 1605 beata
2368 1549 2615 1606 Susanna
2648 1554 2713 1607 de
2754 1554 2951 1624 injusta
2997 1557 3364 1616 damnatione.
3411 1561 3549 1618 Nam
3581 1565 3632 1621 si
3677 1567 3783 1625 lure

2184 1639 2291 1695 duo
2334 1639 2541 1710 judicia
2587 1644 2921 1714 temporibus
2970 1650 3178 1705 nostris
3221 1655 3608 1723 pervenirent,
3659 1658 3782 1728 quid

2106 1778 2153 1838 Β
2176 1728 2387 1798 judices
2433 1730 2718 1800 dicerent,
2766 1733 2926 1792 facile
2961 1744 3046 1794 est
3091 1740 3419 1810 advertere,
3470 1754 3597 1802 ante
3649 1763 3781 1819 quos

2181 1821 2416 1877 maxime
2445 1821 2683 1893 perjuria
2715 1834 2810 1880 aut
2836 1842 3062 1883 munera
3091 1829 3254 1887 ﬂnem
3285 1834 3449 1890 rebus
3476 1836 3777 1908 imponunt.

2178 1909 2391 1977 Quanta
2422 1920 2602 1967 autem
2646 1917 2955 1971 necessaria
3000 1918 3072 1973 sit
3120 1920 3406 1993 integritas
3446 1925 3778 1996 iudiciorum

2179 2000 2361 2071 regnis
2410 2011 2483 2057 et
2517 2002 2807 2073 gentibus,
2864 2005 3146 2078 Scriptura
3202 2018 3476 2079 testatur,

2179 2091 2417 2162 Regnum
2457 2111 2489 2147 a
2526 2106 2676 2179 gente
2708 2098 2764 2152 in
2790 2110 2993 2169 gentem
3035 2104 3360 2174 transfertur
3392 2116 3608 2179 propter
3634 2111 3780 2181 inju-

2175 2182 2363 2245 stitias,
2410 2193 2458 2242 et
2492 2185 2741 2255 injurias,
2782 2197 2831 2242 et
2856 2192 3237 2253 contumelias.
3283 2204 3333 2249 et
3362 2196 3593 2253 diversos
3626 2200 3778 2259 dolos

2176 2270 2363 2361 (Eccli.
2401 2289 2454 2339 ι,
2491 2275 2568 2347 8).
2594 2274 2732 2344 Quae
2755 2279 2938 2333 omnia
2965 2281 3088 2351 plus
3124 2299 3288 2353 quam
3315 2286 3371 2341 in
3395 2289 3611 2344 cmteris
3644 2306 3779 2361 gen-

2174 2360 2321 2451 tibus
2367 2363 2645 2420 abundant
2682 2366 2826 2423 inter
2867 2379 2890 2409 °
2923 2369 3309 2442 Gundobados,
3349 2380 3492 2448 apud
3538 2360 3777 2451 quorum

2174 2449 2345 2523 legem
2371 2468 2475 2508 non
2514 2455 2643 2510 licet
2664 2456 3004 2517 discussione
3039 2472 3133 2518 aut
3158 2467 3433 2523 veracium
3461 2449 3779 2528 testimonio

2173 2555 2374 2599 causas
2400 2545 2736 2615 terminare;
2790 2563 2855 2605 eo
2884 2553 3027 2621 quod
3057 2551 3298 2621 libuerit,
3336 2560 3508 2615 armis
3545 2562 3779 2618 commi-

2172 2634 2293 2690 nari
2325 2634 2510 2702 liceat,
2546 2652 2614 2692 ne
2657 2638 2927 2701 inﬂrmior
2954 2658 3051 2698 sua
3078 2646 3316 2703 retinere
3360 2659 3456 2704 aut
3486 2633 3777 2722 reposcere

2171 2730 2388 2798 audeat,
2443 2739 2700 2803 tanquam
2730 2735 2936 2792 veritas
2962 2740 3133 2795 armis
3176 2724 3516 2800 man’ifestari
3566 2755 3770 2817 egeat:

2169 2822 2315 2892 quod
2352 2822 2499 2877 nulla
2529 2826 2845 2897 auctoritas,
2878 2828 3024 2884 nulla
3052 2830 3191 2887 ratio
3213 2834 3437 2890 credere
3467 2835 3617 2892 sinit.
3652 2871 3656 2874 ~

2240 2955 2328 3010 XI'.
2358 2956 2512 3012 ‘Jalet
2548 2957 2717 3014 etiam
2761 2961 2831 3016 ad
2870 2961 3013 3018 hanc
3058 2979 3175 3020 rem
3216 2966 3501 3023 subtiliter,
3524 2972 3779 3028 conside.

474 3065 610 3119 bono
638 3073 688 3118 et
729 3062 893 3129 malo,
937 3062 1136 3118 mundo
1173 3072 1223 3118 et
1259 3063 1550 3129 immundo,
1586 3061 1885 3117 immolanti
1916 3062 2066 3118 victi—
2106 3122 2142 3134 Α
2170 3046 2396 3102 nudam
2440 3046 2740 3120 “Iud-quo“
2778 3052 2833 3107 ίη
2874 3052 3017 3108 libro
3054 3054 3310 3115 δυάὶοω
3337 3058 3595 3134 rcfertur.
3632 3060 3773 3118 Cum

474 3175 589 3212 mas
619 3165 667 3211 et
710 3122 974 3225 sacrificia
999 3155 1365 3209 contemnenti.
1402 3152 1547 3208 Sicut
1574 3154 1758 3217 bonus,
1786 3154 1862 3207 sic
1885 3163 1934 3207 rt
1954 3170 2074 3223 pec—
2098 3122 2144 3184 Ο
2175 3138 2319 3193 enim
2346 3138 2567 3209 quidam
2608 3140 2664 3195 in
2689 3139 2874 3197 63b“
2902 3144 3139 3215 civitate.
3189 3147 3257 3227 de
3287 3148 3430 3204 "ib"
3461 3149 3772 3221 Beniamin.

473 3259 665 3313 cator;
705 3256 762 3302 ut
788 3247 1060 3320 perjurus,
1098 3248 1174 3300 ita
1198 3257 1246 3300 et
1266 3245 1357 3300 ille
1386 3247 1475 3317 qui
1504 3260 1679 3299 verum
1701 3244 1924 3314 dejerat.
1956 3242 2073 3297 Hoc

472 3348 547 3393 est
581 3339 864 3411 pessimum
913 3337 1050 3393 inter
1091 3337 1271 3392 omnia
1319 3352 1439 3408 qua:
1475 3337 1573 3391 sub
1603 3335 1714 3390 sole
1739 3336 1896 3406 ﬁunt,
1945 3336 2071 3406 quia

473 3428 656 3487 eadem
685 3432 887 3486 cunctis
909 3431 1170 3485 eveniunt.
1206 3428 1358 3484 Unde
1385 3439 1432 3484 et
1456 3429 1617 3483 corda
1642 3428 1875 3497 filiorum
1903 3429 2071 3483 homi-

476 3538 600 3577 num
630 3520 913 3594 implentur
954 3518 1161 3576 malitia
1194 3530 1244 3576 et
1278 3526 1573 3591 contemptu
1619 3520 1674 3573 in
1709 3520 1815 3574 vita
1854 3535 1976 3583 sua,
2021 3529 2071 3573 et

473 3621 586 3674 post
614 3611 728 3666 Ita'c
754 3610 824 3665 ad
864 3610 1063 3681 inferos
1103 3609 1438 3664 deducuntur
1482 3607 1681 3682 (Eccle.
1713 3624 1793 3673 ix,
1840 3607 1972 3679 1-5).
2004 3608 2074 3695 Et

474 3705 671 3759 iterum
697 3718 711 3755 :
751 3699 897 3755 Verri
924 3715 1005 3754 me
1026 3699 1101 3753 ad
1125 3697 1295 3774 aliud,
1328 3698 1535 3769 uidique
1563 3696 1931 3752 necyuelocium
1960 3714 2083 3752 esse

472 3809 707 3861 cursum,
738 3808 834 3848 nec
860 3791 1080 3862 fortium
1122 3790 1334 3857 bellum,
1376 3806 1471 3845 nec
1498 3790 1813 3861 sapientium
1857 3805 2066 3860 panem,

473 3902 567 3941 nec
594 3883 867 3939 doctorum
894 3881 1130 3946 divitias,
1161 3897 1255 3935 nec
1276 3881 1540 3950 artiﬁcum
1560 3881 1807 3952 gratiam,
1836 3880 1927 3934 sed
1942 3890 2072 3959 tem-

472 3991 570 4046 pus
600 3972 955 4059 casumque'in
987 3970 1248 4026 omnibus.
1296 3969 1481 4025 Nescit
1507 3970 1662 4024 homo
1703 3968 1861 4038 finem
1890 3985 2065 4022 suum.

476 4067 584 4123 Sed
614 4068 748 4121 sicut
778 4067 944 4138 pisces
974 4064 1255 4135 capiuntur
1291 4063 1470 4124 hamo,
1514 4071 1563 4117 et
1598 4063 1734 4117 sicut
1764 4077 1882 4115 aves
1923 4076 2091 4115 com-t

473 4157 867 4227 prehenduntur
891 4156 1077 4227 laqueo
1105 4172 1123 4221 ;
1163 4155 1238 4207 sic
1265 4155 1546 4225 capiuntur
1585 4153 1819 4206 homines
1841 4161 2070 4219 tempore

476 4245 619 4303 malo
640 4287 657 4315 ,
697 4262 818 4304 cum
848 4246 923 4303 eis
961 4242 1217 4313 extemplo
1264 4242 1619 4312 supervenerit
1662 4239 1856 4309 (Ibid.,
1895 4258 1943 4294 ιη
1980 4239 2066 4305 ll,

476 4337 587 4410 12).
615 4336 731 4392 Νοιι
754 4335 897 4393 enim
927 4334 1086 4390 estin
1113 4332 1389 4403 pnescuti
1407 4330 1721 4385 meritorum
1756 4329 2067 4395 retributio,

474 4428 570 4485 sed
596 4427 652 4485 in
679 4426 881 4483 futuro.
906 4424 1024 4480 Non
1050 4432 1265 4494 oportet
1290 4431 1529 4487 mentem
1559 4420 1772 4477 ﬁdelem
1801 4422 2067 4491 suspicari

477 4516 622 4591 quod
651 4516 996 4586 omnipotens
1023 4514 1162 4570 Deus
1186 4512 1397 4569 occulta
1424 4511 1711 4571 hominum
1730 4510 1785 4565 in
1811 4511 2067 4581 pnesenti

476 4610 587 4667 vita
612 4622 711 4679 per
732 4605 761 4653 ιι
794 4595 991 4677 aquam
1028 4605 1257 4660 calidam
1288 4610 1379 4658 aut
1406 4602 1609 4658 ferrum
1638 4602 1867 4659 revelari
1897 4602 2025 4657 velit
2051 4620 2063 4656 :

476 4707 681 4771 quanto
709 4698 889 4752 minus
916 4709 1015 4766 per
1039 4694 1278 4750 crudelia
1309 4693 1608 4749 certamina
1626 4693 1651 4747 τ
1669 4692 1897 4765 Propter
1923 4696 2069 4765 quod

477 4790 769 4862 Apostolus
787 4787 1033 4860 ιιι-πείνη
1048 4787 1114 4843 de
1134 4784 1362 4842 occultis
1382 4784 1543 4843 rebus
1564 4799 1672 4841 non
1692 4784 2066 4855 judicandum,

2095 4473 2148 4533 Ι)

2174 3228 2574 3284 commisissent
2611 3229 2847 3287 immane
2866 3229 3127 3304 ﬂagitium
3154 3251 3318 3307 super
3344 3238 3570 3295 muliere
3596 3240 3775 3310 cujus-

2174 3321 2297 3377 dam
2315 3320 2513 3387 lcvitis,
2540 3329 2596 3377 et
2621 3335 3081 3396 congregarentur
3110 3328 3375 3387 universe
3402 3332 3577 3389 tribus
3604 3333 3773 3392 Israel

2172 3420 2241 3474 ad
2283 3417 2388 3474 hoc
2422 3417 2635 3475 facinus
2674 3421 3041 3510 puniendum,
3081 3424 3305 3481 collecta
3336 3434 3422 3483 est
3450 3428 3627 3510 etiam
3658 3437 3773 3487 tota

2173 3509 2347 3563 tribus
2390 3506 2672 3576 Beniamin
2720 3509 2775 3564 in
2810 3500 3069 3580 praedicta
3105 3515 3328 3572 cit'itate
3371 3504 3557 3572 Gabaa
3584 3519 3653 3573 ad
3680 3518 3773 3576 do-

2144 3596 2496 3654 vl'endendum
2523 3607 2807 3669 peccatum
2838 3599 3073 3657 illorum.
3120 3602 3241 3659 Filii
3271 3620 3401 3679 ergo
3431 3607 3600 3664 Israel
3640 3624 3771 3665 coa—

2171 3688 2453 3743 suluerunt
2481 3688 2536 3744 in
2559 3691 2751 3760 primis
2780 3690 3151 3750 Dominumin
3184 3694 3331 3762 Silo,
3374 3706 3432 3753 et
3472 3698 3773 3771 interroga—

2173 3782 2367 3833 verunt
2393 3781 2517 3850 quis
2545 3794 2666 3835 esse
2707 3781 2932 3838 deberet
2972 3782 3229 3855 princeps
3265 3772 3603 3844 certaminis.
3642 3788 3776 3857 Qui-

2170 3872 2272 3927 bus
2301 3872 2579 3941 respondit
2605 3872 2908 3929 Dominus:
2959 3873 3134 3948 ludas
3169 3877 3237 3930 sit
3263 3878 3374 3932 dua:
3422 3888 3608 3933 vester.
3652 3878 3776 3937 Sta-

2173 3963 2379 4032 timque
2409 3971 2466 4016 ut
2495 3971 2783 4031 coeperunt
2824 3963 3017 4019 urbem
3058 3980 3396 4037 expugnare,
3437 3970 3622 4026 occisa
3646 3979 3775 4027 sunt

2170 4041 2344 4111 cx-eis
2371 4055 2561 4125 viginti
2602 4052 2710 4111 duo
2745 4055 2914 4111 millia
2958 4057 3221 4112 virorum.
3268 4057 3475 4115 Deinde
3502 4059 3772 4118 ﬂeverunt

2170 4160 2353 4201 coram
2394 4144 2623 4201 Domino
2663 4159 2836 4214 usque
2881 4146 2950 4202 ad
2992 4155 3249 4215 noctem;
3305 4144 3362 4203 et
3402 4149 3772 4221 interrogave-

2170 4244 2300 4290 runt
2320 4250 2443 4292 cum
2479 4241 2663 4290 utrum
2691 4236 2963 4292 deberent
2982 4237 3277 4307 procedere
3307 4239 3373 4294 ad
3402 4240 3771 4297 dimicandum

2170 4335 2361 4381 contra
2401 4325 2541 4380 ﬁlios
2568 4325 2886 4394 Beniamin,
2935 4342 3001 4381 an
3044 4327 3198 4386 non?
3243 4326 3450 4395 Quibus
3490 4330 3774 4399 respondit

2172 4416 2469 4483 Dominus:
2510 4413 2787 4470 Ascendite
2816 4415 2884 4468 ad
2922 4426 3119 4481 eos,~et
3157 4416 3286 4471 inite
3312 4426 3597 4472 certamen.
3652 4416 3771 4486 Quo

2174 4512 2326 4575 inito,
2366 4517 2636 4583 prostrata
2670 4524 2737 4564 ex
2772 4509 2854 4563 eis
2876 4509 3065 4565 decem
3106 4513 3162 4564 et
3189 4519 3314 4565 octo
3337 4508 3526 4566 millia.
3570 4509 3770 4578 Quam-

2174 4606 2361 4659 obrem
2398 4606 2669 4658 venerunt
2716 4602 2915 4658 iterum
2941 4602 2996 4657 in
3023 4601 3244 4658 domum
3270 4602 3387 4669 Dei,
3428 4611 3487 4658 et
3512 4604 3773 4661 sedentes

2172 4693 2374 4751 ﬂebant
2421 4706 2606 4748 coram
2652 4692 2901 4758 Domino,
2944 4690 3436 4766 jejunaveruntque
3482 4710 3659 4766 usque
3704 4695 3769 4751 ad

2174 4798 2477 4853 vesperam,
2508 4791 2563 4838 et
2588 4782 2901 4839 obtulerunt
2922 4784 3191 4841 sacriﬁcia
3216 4802 3231 4851 ;
3264 4795 3322 4841 et
3355 4786 3553 4842 iterum
3584 4801 3771 4858 proco

1847 4874 2120 4930 BALL’ZII
2160 4873 2389 4931 ΝΟΤᾹΞ.
2423 4901 2426 4905 ~

479 4993 669 5050 norum
701 4976 891 5050 ducem
931 4972 1141 5050 cepisse
1192 4969 1757 5050 sanctamucivltatem
1796 4982 1937 5050 anno
1967 4966 2070 5050 6326

479 5063 547 5102 ex
574 5044 903 5115 Theophane
955 5037 1182 5115 aliisque
1230 5041 1413 5097 docuit
1452 5039 1727 5095 illustriss.
1780 5037 2071 5095 cardinalis

477 5110 767 5185 Barcinus,
789 5127 949 5185 quem
968 5110 1211 5185 consule.
1309 5181 1319 5185 _
1385 5180 1397 5185 _
1600 5183 1611 5185 _
1697 5178 1744 5185 __
1817 5179 1827 5185 _
1977 5170 1979 5172 ,

555 5198 583 5227 ι
625 5178 1035 5248 Roma-Gothis.
1084 5190 1241 5248 capta
1269 5180 1521 5234 nimirum
1565 5183 1633 5236 ab
1684 5178 1898 5233 Alarico
1950 5192 2072 5248 rege

481 5256 803 5320 Gothorum,
826 5254 916 5322 qui
936 5246 1112 5309 Victor
1141 5246 1342 5307 Urbem
1390 5252 1771 5322 ingressus_est
1802 5263 1943 5322 anno
1969 5246 2073 5300 ΜΟ

486 5341 541 5381 ιχ
579 5324 695 5380 Kal.
732 5319 1087 5393 Septembris,
1136 5331 1197 5375 ut
1219 5319 1465 5393 ospndit'
1485 5321 1625 5393 idem
1655 5319 1943 5393 Batonius.

556 5396 584 5467 β
625 5386 873 5467 Pagan-is,
893 5402 944 5448 et
967 5386 1247 5467 mysticis.
1277 5390 1542 5461 Loquitur
1580 5390 1646 5445 de
1690 5389 1902 5444 Gothis.
1936 5386 2069 5441 Nam

487 5466 613 5541 quia
642 5461 976 5541 lla'dagaisus
996 5461 1295 5541 _Gothornr_n
1320 5471 1587 5541 real-erat
1611 5473 1872 5541 paganus,
1898 5471 2073 5541 eoque

488 5528 1065 5609 interfectofreliquige
1092 5532 1365 5609 exercitus
1394 5529 1564 5609 illius,
1602 5528 1861 5609 dui‘hand
1900 5528 2074 5609 dubie

483 5620 549 5661 ex
582 5597 807 5678 paganis
833 5597 1134 5678 constabat,
1166 5602 1233 5655 ad
1262 5597 1855 5678 Maricamtransiere1
1882 5597 2075 5678 "homi-

484 5666 610 5731 nein
638 5666 854 5746 quidem
875 5666 1241 5746 Christianum
1269 5710 1283 5733 ,
1333 5670 1671 5746 scrinium:
1701 5666 1963 5746 perfidia:
1990 5682 2073 5746 se-

483 5737 790 5813 ctator'em;
823 5742 1167 5801 manifestum
1201 5750 1279 5797 est
1330 5739 1569 5806 Gothos,
1623 5737 1742 5811 qui‘
1769 5754 1873 5792 non
1906 5737 2074 5791 multo

2172 4966 2547 5050 postﬁom‘am
2577 4974 2858 5035 ceperunt,
2890 4965 3090 5035 partim
3138 4980 3375 5038 paganos
3421 4966 3609 5034 fuisse,
3643 4982 3767 5042 par-

2174 5036 2277 5096 tim
2297 5036 2606 5097 batrcticos.
3098 5098 3099 5101 η
3216 5036 3229 5038 “
3643 5036 3665 5042 ’

2248 5116 2271 5145 ο
2314 5102 2477 5159 Italia
2506 5102 2908 5175 Langobardis.
2931 5103 3247 5175 AContigisse
3285 5107 3339 5162 id
3377 5122 3519 5163 anno
3564 5108 3765 5166 Christi

2171 5175 2290 5258 568.
2309 5175 2445 5229 duce
2487 5168 2716 5237 Alboiito
2744 5168 3224 5243 Langobardorum
3254 5191 3381 5249 rege
3434 5179 3630 5249 proba;
3668 5178 3763 5234 Ba-

2175 5260 2791 5400 foi‘iiisemﬂ’idsm.
2814 5314 3119 5400 θελιμρξςίο
3145 5330 3308 5400 aqua
3321 5314 3515 5400 ραιίάες
3536 5326 3593 5373 ει
3632 5316 3764 5400 (πεί

2175 5384 2479 5467 ignitivide
2506 5384 2854 5441 Franciscum
2880 5384 3155 5467 Pitbmum
3184 5384 3239 5440 in
3269 5384 3548 5469 Glossario
3591 5388 3661 5441 ad
3711 5387 3764 5441 li-

2175 5457 2329 5538 bros_
2345 5453 2765 5538 .Capitularfi‘um,
2794 5452 3142 5538 duretumnin
3186 5456 3658 5538 observationibus
3700 5455 3763 5538 ad

2176 5522 2574 5609 e‘p._7.l_lvoni's
2611 5522 2962 5609 Qarnotensis
2980 5564 2997 5589 ,
3018 5522 3483 5609 _§irmondum_jn
3508 5526 3654 5581 notis
3698 5522 3762 5581 ad

2177 5593 2474 5649 Goﬂ‘ridum
2506 5593 2981 5659 Vindocincnscm,
3018 5594 3112 5649 lib.
3149 5610 3233 5660 ιιι,
3262 5610 3347 5665 ep.
3377 5596 3467 5651 38.

2253 5676 2275 5703 ε
2299 5662 2674 5727 Gundobados,
2700 5662 2753 5718 id
2774 5672 2877 5734 est,
2902 5662 3306 5734 Burgundiones
3360 5674 3419 5722 ut
3452 5663 3657 5722 dictum
3682 5672 3761 5722 est

2179 5734 2242 5789 ad
2268 5743 2423 5804 caput
2461 5740 2712 5809 quartum
2744 5732 2904 5805 hujus
2941 5732 3083 5793 libri.
3384 5744 3399 5753 “
