3918 6316
156 345 255 403 lii

1155 351 1281 406 us.
1321 352 1694 409 aureusus
1736 317 1974 410 LEGEM
2009 355 2429 411 GUNDOBADL

3329 363 3437 421 1-2“)

145 464 347 518 dentes
393 463 460 517 ad
506 470 813 528 certamen,
856 462 1243 518 interfecerunt
1281 478 1496 519 onmem
1546 465 1745 519 tribum
1781 482 1820 532 Α
1852 465 1921 520 ab
1967 467 2074 522 illis
2126 470 2428 540 echgitata
2492 479 2577 526 est
2625 475 2718 541 qui
2769 489 2874 530 non
2926 477 3097 533 solum
3160 496 3266 536 non
3308 497 3436 537 ora-

146 552 458 622 Denjamin,
500 562 696 625 praeter
719 554 836 608 illos
875 561 1160 609 sexcentos
1186 554 1349 608 viros.
1393 553 1525 621 Quis
1567 556 1619 608 in
1651 555 1741 610 tali

147 643 302 698 facto
342 659 448 700 non
472 645 856 714 Obstupescat?
898 645 1030 711 Quis
1057 660 1162 698 non
1188 645 1540 701 vehementer
1580 657 1742 715 expa-

151 743 341 792 vescat
360 736 623 806 judicium
650 735 745 790 Dei
778 735 1087 806 frequenter
1115 737 1416 801 occultum,
1468 752 1742 806 nunquam

151 825 458 895 injustum?
505 829 664 883 Certe
711 828 802 882 ﬁlii
849 828 1014 883 lsracl
1052 830 1365 884 mandatum
1406 829 1538 900 legis
1580 829 1744 884 habe»

153 924 305 987 bant,
349 931 410 976 nt
437 923 642 978 scelera
678 924 953 993 punirent,
984 922 1224 978 facinora
1255 922 1634 987 vindicarent;
1690 932 1745 979 et

153 1027 257 1067 non
291 1013 406 1067 solo
432 1015 682 1068 mandato
722 1013 856 1083 legis
882 1013 1070 1068 confisi
1105 1022 1252 1076 sunt,
1277 1014 1368 1068 sed
1397 1014 1561 1068 etiam
1590 1029 1745 1069 oran-

156 1111 234 1157 tes
265 1103 553 1158 Dominum
577 1104 1043 1174 interrogaverunt
1067 1121 1082 1169 ;
1109 1115 1164 1160 et
1189 1120 1254 1160 eo
1279 1105 1647 1176 praecipiente,
1677 1106 1744 1160 ad

157 1206 432 1251 certamen
485 1203 906 1265 processerunt:
947 1204 1000 1249 et
1032 1203 1210 1250 tamen
1254 1196 1420 1250 multo
1464 1196 1647 1266 plures
1677 1213 1744 1251 ex

154 1286 236 1338 eis
261 1285 430 1339 occisi
468 1292 593 1339 sunt
639 1293 795 1339 antea
818 1327 832 1349 ,
881 1294 936 1339 et
962 1294 1150 1354 postea
1189 1287 1480 1355 punierunt
1517 1285 1746 1358 ﬂagitio-

155 1389 278 1439 sus;
319 1375 361 1428 si
397 1383 575 1430 tamen
607 1376 704 1444 ipsi
735 1377 875 1434 inter
902 1384 1186 1432 sexcentos
1213 1393 1317 1431 non
1351 1387 1740 1433 remanserunt.

154 1465 288 1521 Cum
317 1466 434 1520 hzec
455 1467 633 1520 omnia
661 1467 731 1520 ita
754 1469 864 1521 sint
885 1507 900 1532 ,
938 1469 1060 1536 quis
1086 1476 1169 1522 est
1204 1476 1314 1523 tam
1343 1471 1662 1525 temerarius
1689 1479 1746 1524 ut

156 1558 366 1622 credat,
392 1559 435 1612 si
471 1559 577 1613 duo
605 1571 629 1598 ιι
661 1575 758 1629 pro
787 1575 894 1614 uno
917 1562 1070 1616 asino
1111 1562 1330 1626 mulino,
1362 1571 1456 1616 aut
1487 1564 1744 1633 quidquid

156 1650 230 1705 sit
251 1649 411 1704 etiam
435 1651 616 1715 vilius,
646 1652 996 1714 contendant,
1027 1667 1133 1707 non
1167 1656 1333 1722 possit
1367 1654 1505 1708 alter
1525 1656 1742 1720 cadere,

157 1742 312 1812 cujus
342 1741 471 1796 illud
499 1757 619 1798 esse
653 1743 846 1797 debere
873 1752 1112 1812 putatur,
1137 1759 1256 1799 cum
1289 1744 1425 1800 forte
1463 1754 1557 1799 aut
1579 1746 1742 1800 multa

1848 561 1997 626 bant,
2034 562 2127 617 sed
2170 563 2336 617 etiam
2379 563 2406 603 δ
2451 564 2903 644 blasphemabant
2945 572 3272 641 sapientiam
3315 574 3434 630 Dei.

1917 651 2031 706 Xll.
2076 652 2194 708 Huc
2234 656 2445 710 accedit
2487 655 2628 711 aliud
2677 661 2818 728 quod
2866 662 2952 730 pia
2999 665 3439 724 consideratione

1847 741 2067 813 dignum
2091 745 2318 806 videtur.
2365 756 2387 784 ο
2441 747 2507 801 de
2548 750 2845 806 canonibus
2873 753 3072 808 seilicet
3120 754 3436 822 Gallicanis,

1847 834 1939 904 qui
1962 835 2116 904 quasi
2141 835 2393 906 superﬂui
2419 847 2513 891 aut
2539 838 2758 894 inutiles
2782 856 2811 894 a
2833 843 3154 910 quibusdam
3180 861 3440 916 respuun-

1849 933 1938 978 tur
1962 941 1976 989 ;
2023 941 2087 982 eo
2115 929 2257 997 quod
2292 927 2316 966 ἀ
2346 929 2606 985 neoterici
2635 929 2866 986 Romani
2910 950 3003 988 eos
3032 950 3138 990 non
3164 952 3441 993 commen-

1847 1016 2128 1083 daverint,
2177 1035 2300 1073 cum
2339 1021 2548 1090 antiqui
2595 1022 2847 1094 religiose
2884 1039 2977 1079 eos
3015 1032 3256 1081 venerati
3285 1029 3435 1094 sint;

1847 1110 2104 1180 quoniam
2158 1111 2452 1166 venerandi
2501 1121 2557 1166 et
2604 1114 2775 1167 sancti
2822 1115 2924 1169 viri
2983 1130 3078 1171 eos
3126 1117 3436 1184 ediderunt,

1846 1217 2078 1270 quorum
2106 1203 2268 1258 vitam
2293 1211 2349 1258 et
2376 1205 2716 1260 sanctitatem
2761 1209 2952 1262 crebra
2999 1211 3260 1265 miracula
3291 1227 3440 1266 com-

1847 1294 2188 1349 mendarunt.
2231 1294 2399 1350 Nemo
2427 1312 2660 1365 unquam
2700 1298 2801 1353 fuit
2824 1300 2917 1368 qui
2948 1309 3095 1354 tanta
3123 1311 3437 1356 sanctorum

1845 1401 1944 1456 per
1965 1385 2166 1442 Gallias
2196 1389 2570 1457 episcoporum
2596 1392 2786 1448 audire
2809 1395 3068 1462 potuerit,
3110 1404 3312 1464 quanta
3343 1409 3442 1465 per

1847 1476 2056 1546 singula
2087 1476 2202 1531 loca
2231 1477 2428 1533 litteris
2455 1481 2706 1534 mandata
2751 1490 2803 1536 et
2836 1483 3008 1537 relatu
3040 1485 3275 1553 posteris
3314 1485 3440 1540 reli-

1846 1573 1932 1619 cta
1960 1573 2172 1634 reperta
2201 1575 2345 1621 sunt.
2379 1569 2444 1621 Et
2479 1583 2688 1634 revera,
2723 1571 2765 1624 si
2789 1572 3084 1627 secundum
3111 1575 3312 1628 dictum
3337 1573 3441 1627 Dav

1847 1656 2126 1719 minicum,
2173 1658 2265 1712 ubi
2299 1659 2404 1712 duo
2427 1659 2510 1712 vel
2541 1669 2650 1715 tres
2673 1665 2986 1734 congregati
3016 1664 3221 1719 fuerint
3263 1666 3316 1719 in
3347 1682 3442 1720 no-

1847 1745 1992 1799 mine
2012 1743 2148 1813 ejus,
2175 1747 2244 1800 ibi
2285 1757 2368 1802 cst
2393 1749 2652 1806 Dominus
2683 1751 2737 1805 in
2765 1753 2944 1808 medio
2970 1770 3156 1809 eorum
3184 1773 3197 1820 ;
3235 1766 3440 1825 quanto

157 1844 252 1886 aut
279 1832 482 1901 majora
510 1835 745 1888 existant
771 1843 992 1902 peccata
1025 1834 1140 1904 ejus
1166 1849 1326 1904 quam
1356 1836 1597 1901 alterius,
1646 1852 1743 1906 pro
1773 1823 1818 1882 Β
1849 1838 2019 1906 magis
2048 1838 2136 1892 ubi
2161 1832 2374 1909 viginti,
2405 1849 2500 1894 aut
2527 1841 2747 1911 triginta
2777 1843 2943 1899 multo
2968 1846 3201 1916 amplius
3220 1823 3443 1917 congre-

154 1923 352 1991 quibus
399 1923 704 1992 puniendus
732 1922 847 1978 sit?
890 1923 1028 1977 Vere
1070 1924 1172 1977 hoc
1217 1940 1322 1979 non
1367 1934 1448 1979 est
1493 1924 1600 1991 lex,
1648 1926 1743 1980 sed

155 2029 261 2068 ne:
288 2032 302 2069 :
333 2030 452 2084 quae
480 2015 711 2070 maxime
737 2023 995 2084 praetcrea
1033 2017 1427 2070 contemnenda
1457 2023 1569 2082 est,
1617 2018 1743 2086 quia

1849 1929 1955 1996 gati
1980 1925 2201 1994 fuerint,
2239 1947 2343 1985 non
2375 1932 2547 1986 solum
2588 1934 2640 1987 in
2669 1935 2885 1990 nomine
2911 1936 3144 2004 Domini,
3173 1940 3265 1994 sed
3297 1940 3442 1995 insu-

1849 2034 1948 2089 per
1976 2022 2139 2076 etiam
2168 2021 2268 2077 fide
2299 2025 2532 2094 prmditi,
2561 2027 2824 2095 sapientia
2855 2027 3110 2095 illustres,
3142 2031 3252 2084 vita
3281 2031 3436 2095 clari.

1543 2149 1817 2206 BALUle
1857 2151 2068 2208 ΝΟΤᾹΞ

228 2279 253 2307 ι
299 2265 407 2319 Pro
429 2283 534 2320 uno
565 2267 714 2320 asino
747 2266 965 2328 melino,
997 2265 1049 2320 id
1071 2274 1172 2326 est,
1196 2265 1288 2334 qui
1320 2264 1530 2318 laborat
1549 2263 1614 2317 ad
1640 2279 1753 2319 mo-

154 2338 290 2399 lam,
316 2345 379 2390 ut
403 2336 546 2391 dicet
568 2337 623 2392 in
657 2336 765 2391 fine
788 2335 912 2390 libri
937 2335 1012 2392 De
1051 2336 1206 2390 Modo
1237 2335 1534 2405 Regiminis
1563 2334 1749 2389 Eccle-

153 2406 390 2463 siastici.

233 2479 260 2516 ιι
296 2475 760 2546 Blaspheruabant,
809 2475 997 2546 idest,
1048 2473 1752 2546 vituperahant.‘Augusti-

153 2562 263 2601 nus
287 2546 340 2599 in
372 2542 509 2599 libro
545 2545 621 2599 De
644 2546 816 2614 Opere
841 2542 1246 2608 Monaclrorniu,
1279 2559 1400 2612 cap.
1433 2543 1504 2597 28
1535 2560 1547 2595 :
1589 2542 1607 2594 ἆ
1635 2542 1748 2599 Sub

190 2615 397 2670 enerali
431 2616 646 2670 nomine
693 2616 1104 2678 monachorum,
1139 2625 1382 2670 vestrum
1413 2615 1746 2683 propositum

175 2685 594 2755 itaspbematur.
622 2705 640 2737 ι
676 2685 972 2755 Gregorius
1011 2685 1365 2748 Turonensis,
1401 2684 1494 2739 lib.
1520 2700 1596 2748 vr,
1622 2698 1744 2752 cap.

150 2756 249 2821 46,
285 2755 507 2822 loquens
530 2757 594 2810 de
632 2770 758 2825 rege
796 2755 1136 2825 Chilperico:
1183 2755 1428 2809 «Causas
1449 2768 1746 2825 pauperum

150 2840 358 2894 exesas
391 2826 641 2890 habebat,
668 2823 980 2880 sacerdotes
1009 2826 1220 2880 Domini
1245 2825 1458 2879 assidue
1490 2823 1746 2891 blasphec

153 2896 374 2966 mabat:
397 2913 416 2948 ι
454 2894 574 2966 Vita
624 2895 794 2966 sancti
823 2893 1139 2966 Legdegarii
1178 2895 1320 2949 edita
1347 2893 1744 2966 aDrichesnio,

153 2981 287 3035 cap.
319 2963 386 3018 12
412 2979 426 3035 ;
467 2982 484 3014 ‹
519 2965 730 3019 Etenim
754 2981 879 3020 cum
903 2963 1170 3035 Ebroinus
1201 2964 1434 3020 crudelis
1459 2964 1532 3017 de
1556 2979 1746 3034 supra-

156 3034 325 3094 diétis
352 3034 516 3088 rebus
543 3050 697 3089 suum
729 3035 978 3090 satiasset
1029 3034 1288 3094 furorem.
1338 3049 1555 3088 rursum
1583 3048 1744 3088 occa-

152 3107 344 3160 siones
368 3105 531 3173 ctepit
560 3105 844 3174 exquirere
866 3113 927 3158 ut
950 3105 1337 3174 blasphemiam
1365 3119 1476 3158 sua:
1512 3103 1745 3174 crudeli-

155 3176 294 3230 tatis
333 3171 536 3228 valei‘et
594 3171 662 3229 ab
701 3175 872 3229 oculis
913 3171 1162 3229 humanis
1229 3171 1463 3228 auferre.
1512 3193 1531 3224 ι
1583 3172 1746 3228 Gesta

155 3244 449 3315 Dagoberti
473 3243 516 3307 l,
546 3243 880 3299 Francorum
907 3245 1071 3312 regis,
1096 3260 1217 3315 cry).
1248 3243 1337 3308 46,
1365 3243 1453 3299 ubi
1479 3243 1752 3315 agiturude

155 3260 449 3315 uagooern
473 3260 516 3307 ι,
547 3260 575 3299 r
595 3260 880 3299 raucorum
907 3260 1071 3312 regis,
1096 3260 1157 3300 ca
1203 3285 1217 3297 .
1248 3260 1337 3308 eo,
1365 3260 1453 3299 uni
1479 3260 1658 3313 agitur
1686 3260 1744 3299 ae

155 3315 472 3385 ingentibus
498 3315 698 3382 Eganis
727 3315 1050 3368 virtutibus:
1084 3333 1102 3364 ι
1139 3260 1534 3385 Ἰῐέιιιιιιηιηιοάο
1561 3327 1598 3385 a_
1633 3311 1744 3382 plu-

156 3378 319 3439 rimis
332 3378 770 3452 blasphe'maba'tu
780 3400 822 3446 r,
840 3399 904 3438 eo
918 3385 1058 3452 quod
1073 3391 1216 3438 esset
1229 3383 1468 3436 avaritia:
1479 3378 1710 3436 deditus.
1725 3401 1744 3433 ι

154 3455 328 3510 Libro
358 3469 387 3504 v
415 3452 830 3523 Capitularinm,
873 3469 994 3523 cap.
1026 3454 1130 3508 170
1159 3471 1170 3506 :
1203 3471 1221 3504 ι
1255 3452 1548 3523 Episcopos
1589 3459 1644 3505 et
1663 3467 1750 3505 sa-

153 3525 430 3587 cerdotes,
485 3524 682 3592 quibus
716 3523 893 3577 omnis
946 3535 1090 3577 terra
1140 3532 1303 3592 caput
1355 3523 1600 3585 inclinat,
1650 3535 1751 3590 per

156 3607 304 3664 quos
329 3601 384 3647 et
415 3602 657 3664 nostrum
685 3593 850 3660 pollet
903 3593 1211 3663 imperium,
1243 3593 1532 3664 admodum
1582 3592 1750 3664 hono-

156 3660 273 3718 rari
307 3673 362 3717 et
391 3663 642 3717 venerari
681 3678 871 3716 omnes
898 3660 1206 3725 monemus;
1235 3677 1335 3717 nec
1368 3675 1461 3716 eos
1497 3660 1746 3725 lacerari,

153 3742 252 3788 aut
301 3732 686 3802 blasphemari,
714 3731 796 3802 vel
820 3733 1032 3788 detrahi
1063 3748 1091 3785 a
1122 3747 1392 3802 quoquam
1425 3731 1690 3802 volumus.
1723 3750 1741 3784 ι

152 3803 327 3858 Libro
356 3797 452 3866 vii,
487 3817 607 3872 cap.
639 3801 742 3858 142
774 3819 785 3854 :
827 3821 845 3851 ε
881 3802 928 3860 ls
959 3804 1050 3872 qui
1093 3797 1154 3856 iii
1191 3797 1578 3872 blasphemiam
1615 3797 1749 3854 alte-

154 3875 272 3927 rius
294 3873 508 3928 cantica
532 3871 914 3940 composuerit,
939 3871 1022 3926 vel
1044 3872 1134 3940 qui
1159 3871 1458 3926 cantavcrit
1482 3885 1572 3934 ea,
1591 3877 1746 3924 extra

152 3944 408 3998 ordinem
449 3941 775 3996 vindicetur.
810 3963 826 3993 ι
863 3942 1097 3997 Annales
1147 3941 1412 3997 Metenses
1440 3941 1506 3994 ad
1544 3955 1746 3994 annum

151 4013 260 4067 865
292 4031 305 4065 :
349 4031 366 4060 ι
402 4011 727 4079 Adjecerunt
763 4012 984 4081 insuper
1007 4012 1174 4066 multa
1219 4010 1746 4081 alia.blaspheman-

153 4092 239 4138 tes
287 4083 541 4136 eumdem
591 4097 805 4151 papam.
851 4079 1062 4137 »ἹΙίιιο
1108 4097 1209 4136 vox
1269 4079 1743 4144 Gallica’bldmer,

152 4169 276 4223 qua:
324 4153 636 4223 vituperare
666 4153 978 4221 signiticat:
1031 4167 1151 4220 quae
1193 4151 1317 4205 dein
1364 4160 1430 4223 et
1447 4151 1583 4223 ipsa_
1590 4164 1744 4204 versa

151 4221 317 4277 estin
344 4222 726 4276 contumeliam
768 4223 882 4275 Dei.
916 4223 1160 4277 Vidimus
1205 4223 1350 4275 enim
1385 4221 1514 4276 olim
1543 4221 1745 4275 Tutelre

156 4300 436 4347 vetustum
477 4292 718 4346 codicem
767 4307 867 4346 ms.
914 4292 968 4345 in
1021 4307 1127 4361 quo
1171 4292 1589 4361 continebantur
1623 4301 1743 4345 acta

155 4363 264 4420 litis
288 4365 519 4434 qu;e_de
545 4363 810 4434 cathedra
838 4360 1118 4434 rTuteleusi
1149 4369 1268 4416 erat
1307 4361 1449 4415 inter
1479 4360 1745 4434 Guichar-

157 4434 282 4486 dum
309 4430 385 4485 ile
413 4430 737 4499 Combornio
763 4432 1014 4485 abbatem
1046 4431 1396 4487 Userccnscm
1428 4439 1483 4485 et
1518 4430 1745 4484 Ludovi-

1854 2265 2075 2388 piiscupo
2101 2275 2157 2325 et
2189 2265 3004 2349 synodoValentinaevidenter
3038 2270 3375 2336 agnoscitur.
3414 2291 3432 2324 ι

1908 2351 1994 2388 ani
2021 2345 2195 2388 estum
2225 2345 2304 2388 est
2332 2351 2474 2388 emm
2519 2337 2607 2388 hic
2632 2353 2717 2388 am
2748 2339 2812 2388 de
2835 2338 3041 2388 svnodo
3087 2337 3346 2388 Toletana
3370 2358 3432 2388 ς-

1908 2335 2195 2406 anifestum
2219 2335 2304 2390 est
2332 2337 2474 2406 enim
2519 2337 2607 2390 hic
2632 2335 2717 2406 agi
2748 2339 2812 2391 de
2835 2338 3041 2406 synodo
3078 2335 3346 2394 'Toletana
3370 2358 3400 2395 π
3421 2383 3437 2406 ,

1852 2405 1907 2477 in
1947 2420 2053 2474 qua
2082 2405 2323 2474 dejectus
2347 2415 2431 2460 est
2458 2405 3039 2477 PotamiusepisCopus
3067 2407 3435 2467 Bracarensis.

1852 2473 1989 2529 Nam
2021 2473 2165 2546 quod
2195 2477 2260 2532 de
2301 2477 2506 2546 synodo
2530 2473 2828 2547 Valentiua
2874 2473 2970 2541 ait,
3008 2479 3228 2547 respicit
3256 2481 3324 2534 ad
3351 2498 3435 2537 ca-

1851 2560 2049 2599 nonem
2073 2553 2325 2616 quartum
2352 2546 2541 2616 synodi
2571 2546 2868 2601 Valentinte
2889 2561 3009 2616 qua}
3039 2546 3180 2602 anno
3211 2549 3316 2603 574
3348 2552 3443 2605 ha-

1852 2615 1963 2670 hita
2005 2615 2103 2670 est
2131 2616 2183 2669 in
2233 2615 2508 2683 provincia
2558 2616 2868 2671 Viennensi.
2910 2615 3107 2671 Iisdem
3140 2620 3440 2675 canonibns

1849 2684 2142 2741 Gallicanis
2167 2702 2317 2756 usam
2346 2686 2476 2756 olim
2515 2700 2634 2740 esse
2672 2686 2947 2754 Angliam,
2975 2697 3035 2740 ut
3065 2691 3184 2756 qum
3229 2689 3283 2742 in
3312 2691 3441 2744 vici-

1851 2766 2127 2830 uo_csset,
2181 2755 2587 2830 colligi‘potes‘t
2617 2770 2683 2809 ex
2729 2757 2934 2826 synodo
2991 2755 3432 2830 Herodfordieusi

1851 2825 2034 2897 habita
2062 2840 2203 2897 anno
2224 2824 2342 2897 672.
2373 2824 2504 2897 Nam
2535 2824 2729 2897 librum
2759 2824 3024 2881 canonum
3058 2827 3112 2880 in
3137 2843 3199 2881 ea
3227 2831 3434 2897 synodo

1889 2896 2140 2960 rolatum,
2173 2895 2313 2949 haud
2339 2896 2500 2948 alium
2530 2893 2694 2949 fuisse
2709 2910 2872 2964 quam
2899 2897 3140 2950 codicem
3169 2893 3435 2952 canonum

1850 2911 2106 3020 Ecclesia:
2133 2964 2423 3020 Gallicanae
2449 2965 2664 3020 probari
2702 2980 2859 3020 posse
2911 2967 3072 3020 certis
3107 2967 3435 3020 testimoniis

1897 2967 2106 3020 celesia:
2133 2964 2423 3020 Gallicanae
2447 2965 2664 3034 probari
2702 2980 2859 3034 posse
2911 2967 3072 3020 certis
3107 2967 3437 3024 testimoniis

1853 3035 2026 3158 {1081330
2095 3050 2434 3104 persuasum,
2481 3049 2539 3089 ut
2601 3034 2735 3089 alias
2765 3035 2996 3090 fortasse
3049 3036 3294 3107 pluribus
3351 3053 3440 3094 os-

1908 3121 1939 3157 n
1980 3121 2087 3158 am.

1852 3111 2087 3159 tendam.

1921 3173 1945 3213 ιι
1973 3175 2238 3246 Neoterici
2267 3172 2512 3246 Romani.
2530 3172 2792 3246 Suggillat
2807 3173 3438 3246 irridetqueAgobardns

1854 3242 2129 3300 Romanos
2160 3244 2240 3298 sui
2275 3244 2554 3312 temporis,
2601 3242 2802 3300 veteris
2848 3242 3104 3300 Ecclesia:
3149 3242 3331 3302 mores
3366 3247 3436 3302 ad

1853 3329 1981 3369 suos
2023 3313 2346 3382 detorquere
2385 3314 2696 3383 cupientes,
2744 3322 2906 3383 atque
2951 3316 3020 3369 ob
3069 3330 3186 3368 eam
3217 3332 3439 3372 causam

1851 3392 2260 3455 contemnentes
2299 3382 2607 3439 Gallicanos
2649 3382 2911 3455 canones,
2942 3385 3101 3455 Aquod
3127 3399 3225 3439 eos
3250 3397 3438 3442 neote-

1851 3454 1950 3508 rici
1982 3453 2212 3508 Romani
2237 3467 2342 3506 non
2379 3453 2897 3507 commendaverint.
2927 3452 3025 3508 Chi
3071 3455 3438 3511 criminationi

1852 3524 1932 3578 sic
1969 3523 2258 3591 respondet
2293 3521 2611 3592 Agobardus
2647 3523 2809 3576 aliam
2837 3516 3003 3579 fuisse
3030 3535 3264 3578 mentem
3294 3535 3440 3581 vetc-

1853 3608 1973 3646 rum
2005 3593 2396 3663 Romanorum,
2445 3593 2802 3663 quicanones
2834 3593 2954 3647 illos
2994 3593 3243 3663 religiose
3277 3610 3438 3651 vene—

1853 3663 1957 3716 rati
1983 3672 2128 3718 sunt.
2178 3661 2466 3733 l‘otuisset
2492 3662 2656 3732 igitur
2680 3664 2883 3733 optimo
2904 3663 3038 3733 jure
3060 3661 3319 3719 adversus
3341 3680 3437 3721 eos

1851 3733 1929 3786 uti
1953 3733 2149 3786 eodem
2176 3732 2301 3789 telo.
2328 3731 2468 3801 quod
2507 3731 2692 3801 postea
2716 3731 2984 3787 adversus
3011 3732 3229 3788 Griecos
3255 3735 3436 3789 vibra-

1853 3802 1926 3855 vit
1978 3801 2306 3856 Ratramnus
2361 3803 2661 3856 monachus
2714 3801 3060 3856 Corbeiensis
3114 3803 3166 3856 in
3206 3803 3344 3858 libro
3385 3821 3437 3859 tv

1850 3870 2382 3943 adversungra‘cos,
2408 3885 2524 3940 cap.
2551 3873 2603 3943 ξ».
2641 3871 2849 3943 rUnde
2869 3873 3198 3943 mirandum,
3235 3873 3432 3943 inquit,

1849 3955 1970 4020 quae
2000 3942 2073 4008 sit
2122 3941 2222 3995 ista
2262 3939 2416 4020 novis
2463 3939 2796 4020 sapientibus
2843 3939 3436 4020 prudentiaunon—ac-

1847 4012 2129 4082 quiescere
2156 4011 2297 4080 quod
2324 4011 2421 4082 sui
2442 4012 2740 4082 probantur
2766 4011 2997 4079 majores
3023 4011 3376 4082 acquievisse.
3411 4033 3430 4065 ι

1848 4081 2032 4150 Itaque
2056 4082 2146 4151 qni
2174 4082 2344 4135 sancti
2374 4080 2499 4133 olim
2523 4089 2680 4134 erant
2720 4080 3088 4135 Romanorum
3109 4080 3314 4146 'nzores,
3350 4099 3435 4137 rc-

1849 4152 2257 4220 vcrentiuniquc
2285 4151 2520 4205 universi
2561 4152 2712 4206 orbis
2735 4151 2864 4206 huic
2891 4151 3435 4220 populo‘conciliavc-

1850 4230 1992 4285 rant,
2036 4219 2148 4288 jam
2176 4219 2472 4277 verterant
2501 4222 2553 4277 in
2601 4219 2988 4290 canternptuni.
3024 4219 3113 4276 Sic
3143 4222 3209 4276 de
3239 4222 3435 4278 szecnlu

1847 4307 1946 4346 suo
1998 4293 2350 4361 conqueritur
2400 4289 2564 4345 etiam
2618 4289 2914 4344 Gerbcrtus
2971 4291 3024 4344 in
3055 4291 3277 4360 epistola
3317 4291 3386 4344 40
3418 4333 3430 4354 _.

1853 4380 1871 4411 ι
1909 4363 2273 4418 Romanorum
2307 4375 2485 4415 mores
2503 4361 2748 4419 mundus
2781 4362 3166 4431 perhorrescit.
3209 4382 3227 4412 ι
3261 4361 3436 4431 Atque

1851 4433 1904 4486 id
1930 4449 1996 4486 ex
2017 4446 2082 4486 eo
2101 4431 2301 4488 factum
2321 4441 2424 4504 est,
2442 4431 2655 4504 Opinor,
2678 4431 2821 4498 quod
2832 4430 2953 4504 Aqui
2980 4432 3030 4504 in
3053 4430 3432 4504 observatione

156 4519 279 4556 cum
300 4502 369 4555 de
396 4498 694 4555 Albuconio
728 4501 960 4570 priorem
985 4502 1048 4555 de
1073 4501 1368 4570 Mortagnia
1404 4516 1546 4554 anno
1583 4500 1739 4554 {457.
1778 4496 1823 4554 D
1849 4517 2115 4556 canonum
2159 4502 2372 4557 exteris
2432 4496 2528 4569 per
2572 4496 2769 4570 orbe—m7
2822 4496 3144 4554 Christianis
3189 4502 3436 4569 exemplo

161 4572 289 4626 Nam
317 4570 550 4641 Carolus
572 4570 777 4641 Petitus
799 4572 1042 4641 serviens
1063 4571 1244 4641 regius
1269 4570 1422 4641 ait_in
1463 4570 1612 4624 Actis
1637 4587 1665 4624 a
1687 4587 1744 4624 se

161 4654 267 4695 tum
299 4640 590 4704 confectis,
624 4639 809 4694 fratris
838 4639 1004 4693 [ilium
1043 4639 1284 4708 ejusdem
1323 4639 1616 4694 Guichardi
1642 4641 1744 4694 sibi

160 4711 390 4765 multum
430 4711 713 4768 obstitisse
755 4726 823 4765 ne
859 4710 1128 4778 quoddam
1169 4717 1386 4764 senatus
1423 4709 1744 4765 Parisiensis

161 4791 444 4836 arrestum.
482 4780 650 4834 latum
689 4782 948 4834 adversus
989 4778 1355 4833 Guichardum
1407 4779 1610 4834 faceret
1652 4795 1747 4848 pa-

161 4851 284 4915 lam,
334 4851 679 4904 minitantem
729 4851 892 4904 etiam
927 4849 1491 4917 aciblaspliemantetn
1523 4849 1746 4904 Creato-

159 4937 291 4984 rem,
315 4920 499 4975 Caroli
541 4919 954 4988 adjutorurnque
977 4916 1091 4985 ejus
1123 4916 1332 4988 facinus
1358 4919 1585 4973 inultum
1636 4935 1742 4974 non

161 4991 292 5055 fore,
329 4987 634 5059 eorumque
671 4990 817 5045 (aede
864 4987 1209 5059 expiandum.
1235 5058 1239 5059 ν
1265 4987 1393 5059 Βίης
1427 4999 1551 5059 sunt
1579 4990 1743 5059 verba

159 5061 332 5115 Caroli
360 5078 374 5114 :
404 5057 591 5114 Diania
617 5058 742 5113 [edit
766 5075 924 5113 nereu
940 5057 1164 5126 d'iceluy
1187 5057 1338 5123 abbé,
1362 5073 1428 5113 eu
1446 5058 1588 5112 habit
1610 5057 1746 5113 (Γεδ-

161 5147 334 5200 cuyer,
365 5128 630 5200 blusmant
678 5139 856 5200 nos‘lre
878 5128 1148 5191 Createur,
1176 5127 1303 5197 qu‘il
1325 5143 1356 5197 y
1387 5145 1450 5182 en
1479 5128 1652 5182 auroit
1680 5129 1746 5184 de

162 5197 294 5254 mors
318 5209 369 5252 et
400 5199 465 5253 de
503 5201 618 5252 tuis
645 5215 737 5252 sur
761 5197 832 5251 les
859 5213 1134 5251 carreaux.

229 5281 249 5307 ε
285 5269 366 5323 De
419 5269 708 5322 canonibns
765 5265 1074 5320 Gallicanis.
1119 5265 1306 5336 Magna
1349 5282 1563 5337 semper
1603 5268 1744 5337 apud

165 5339 397 5406 majores
428 5347 647 5393 nostros
677 5339 778 5391 fuit
808 5337 1110 5392 reverentia
1134 5351 1402 5394 canonum
1431 5336 1741 5393 Gallicano-

164 5423 310 5472 rum;
337 5417 395 5464 et
427 5424 535 5464 non
559 5408 730 5463 solum
756 5407 894 5474 apud
934 5406 1138 5472 Gallos,
1175 5407 1271 5477 sed
1299 5413 1355 5460 et
1382 5408 1522 5476 apud
1549 5407 1742 5477 llispao

165 5494 258 5532 ltus
279 5494 520 5548 quoque,
552 5487 610 5533 ut
633 5480 977 5548 olservatum
1007 5485 1090 5530 est
1111 5491 1142 5530 a
1173 5476 1738 5548 viriseruditissimis.

166 5545 317 5602 Certe
378 5545 662 5603 Canonum
719 5546 1117 5601 Gallicanorum
1179 5545 1396 5603 nomine
1455 5549 1738 5603 veniebant

165 5619 320 5672 etiam
353 5619 598 5688 Hispani,
637 5627 694 5672 ut
721 5624 868 5686 patet
888 5631 955 5688 eu
977 5615 1267 5688 Hincmaro
1289 5616 1342 5669 in
1365 5617 1579 5688 θερεγόίί
1619 5634 1740 5687 pos—-

169 5689 377 5745 trrioris
401 5685 587 5756 operis
626 5685 897 5756 adversus
918 5685 1330 5756 Gothescalcum
1363 5704 1374 5738 :
1413 5685 1569 5741 (Sed
1599 5685 1650 5741 et
1687 5689 1738 5742 in

168 5753 452 5815 Gallicanis
474 5758 769 5814 canoailzus
792 5756 855 5811 de
880 5755 1120 5811 Potamio
1142 5753 1505 5812 Braccarcnsc
1529 5759 1738 5815 archic-

1845 4586 1966 4627 esse
1996 4572 2281 4630 debebant,
2315 4570 2558 4625 omnium
2589 4569 3054 4638 impudentissime
3083 4585 3178 4624 eos
3217 4571 3434 4625 concul-

1846 4643 2064 4695 cabant.
2108 4639 2292 4710 Neque
2341 4655 2470 4694 vero
2508 4654 2609 4708 ego
2636 4639 2687 4692 id
2717 4639 2856 4710 dico.
2887 4640 2980 4710 sed
3012 4639 3305 4710 Ratherius
3333 4640 3435 4696 Ve-

1846 4711 2092 4765 ronensis
2116 4707 2400 4779 cpiscopus
2439 4709 2492 4762 in
2522 4707 2674 4779 parte
2710 4724 2748 4763 tt
2796 4709 2868 4764 De
2910 4707 3231 4778 Contempto
3262 4709 3434 4764 Cano-

1845 4797 1974 4859 uuur
2014 4781 2220 4859 tomoll
2248 4779 2520 4859 Spieilcgii
2557 4779 2738 4859 domui
2787 4779 2946 4834 Lucae
2981 4779 3262 4859 Dacbcrii,
3297 4795 3427 4859 pag.

1847 4851 1949 4907 188
1981 4869 1992 4902 :
2029 4870 2046 4902 ι
2085 4849 2304 4920 Quaerat
2326 4859 2381 4903 et
2409 4848 2624 4917 aliquis,
2667 4863 2765 4902 cur
2791 4864 2902 4920 pne
2943 4849 3155 4920 ueteris
3180 4848 3434 4918 gentibus

1845 4921 2113 4988 baptismo
2136 4919 2356 4980 renatis,
2387 4917 3088 4989 coxiteuiptoresfcauonicce
3117 4917 3249 4989 legis
3277 4930 3332 4974 et
3353 4920 3431 4989 vi-

1846 4987 2143 5061 lip’ensorcs
2169 4989 2490 5061 clericoru'n
2531 4987 2640 5042 sint
2669 4988 2839 5061 magis
2882 4987 3096 5061 Italici?
3142 4987 3252 5061 {et
3287 4988 3428 5061 infra

1846 5004 2143 5061 npensorcs
2169 5004 2490 5045 ClCl‘lCOl'll'll
2531 5004 2640 5042 smt
2669 5004 2754 5040 ma
2815 5004 2839 5042 s
2886 5004 3051 5042 nauci
3076 5004 3095 5040 ῖ
3142 5007 3160 5038 ›
3196 5004 3252 5044 et
3287 5004 3428 5042 intra

1842 5075 1967 5131 pag.
1989 5059 2103 5131 4190
2134 5073 2148 5112 :
2181 5077 2198 5109 ι
2226 5059 2507 5131 Quorsum
2535 5064 2718 5131 tamen
2926 5056 3242 5131 detrahendi
3273 5059 3428 5131 avida

1844 5126 2160 5184 ieiuniorum
2200 5130 2244 5182 si
2271 5130 2510 5196 requirat
2533 5126 2770 5180 invidia?
2801 5126 3066 5181 Nimirum
3093 5138 3152 5180 ut
3181 5129 3324 5196 quod
3349 5129 3428 5182 in.

1845 5208 2126 5254 notescere
2171 5200 2530 5268 nequiverunt
2573 5197 2883 5266 przemissa,
2921 5197 3293 5268 demonstrent
3318 5199 3427 5252 ter-'-

1844 5269 1992 5324 mino
2011 5266 2277 5337 proxima.
2315 5266 2518 5336 Nempe
2545 5276 2606 5320 ut
2649 5268 2933 5336 patefieret
2966 5267 3250 5335 quaerenti,
3284 5270 3429 5322 unde

1845 5340 1946 5393 istc
1966 5379 1980 5402 ,
2025 5338 2074 5392 id
2105 5346 2188 5392 est
2241 5339 2556 5401 hodiernus,
2581 5337 2927 5407 pnevahierit
2957 5351 3226 5407 canonum
3269 5351 3428 5390 sane-

1843 5417 2022 5462 torum
2055 5418 2161 5462 tam
2206 5407 2528 5462 universalis
2569 5405 2928 5477 contemptus.
2955 5405 3045 5477 Ad
3081 5407 3183 5459 hoc
3206 5421 3426 5477 perven-

1845 5489 1958 5533 tum
1990 5487 2174 5532 nostra
2201 5487 2283 5532 cst
2316 5477 2663 5546 inquisitione
2687 5486 2849 5545 atque
2879 5476 3425 5546 indagatnm,’corum

1842 5547 2137 5618 contigisse
2200 5549 2326 5603 sine
2365 5545 2757 5618 d’nhio_culpa.
2805 5547 2896 5616 qui
2928 5545 3193 5618 curn__e_os
3247 5545 3428 5615 legant

1843 5613 2485 5688 atque'iirtclligangpro
2517 5613 2942 5688 nihilddncirnt.
2977 5635 2996 5688 ρ
3039 5613 3172 5667 Vide
3211 5613 3425 5688 rursum

1843 5682 1998 5743 notas
2021 5690 2088 5741 ad
2122 5682 2280 5756 cap'ut
2321 5682 2401 5739 20‘
2423 5686 2542 5740 libri
2577 5684 2648 5740 De
2691 5685 3096 5755 Dispensatioue
3139 5685 3424 5738 ecclesias-

1844 5760 2071 5818 ticaruin
2103 5757 2320 5815 Return.
