3918 6330
472 293 576 351 ίῖτ

1037 551 1228 664 AD
1315 547 2198 662 BERNARDUM
2285 545 3088 661 EPISCOPUM
3130 624 3161 682 ,

1458 292 1513 346 S.
1560 291 1905 347 ACODARDI
1950 289 2256 346 Ei’lSCOl’l
2298 289 2787 347 LUGDUNENSIS
3677 291 3769 349 128

920 782 1141 866 -DE
1205 775 1925 862 PRIVlLEGIO
1988 776 2140 860 ET
2188 778 2505 861 JURE
2566 776 3329 866 SACERDOTII.

545 1015 585 1083 Ι.
612 1025 920 1083 Venerabili
946 1026 998 1079 in
1023 1023 1242 1079 Christo
1273 1020 1430 1076 fratri
1463 1029 1516 1074 et
1552 1021 1919 1092 coepiscopob
1939 1022 2069 1077 Ber—
2095 1029 2147 1088 Α
2174 1023 2324 1080 ribus
2341 1033 2396 1081 et
2420 1025 2667 1094 postibus
2688 1026 2972 1082 domorum
2996 1043 3273 1100 aspersus,
3291 1043 3631 1093 vastatorem
3655 1053 3773 1107 pro-

471 1121 645 1178 nardo
689 1119 1008 1191 Agobardus
1051 1117 1105 1170 in
1148 1116 1378 1170 Domino
1431 1122 1752 1184 perpetuam
1813 1114 2066 1168 salutem.

472 1209 659 1280 Nuper
678 1210 805 1264 dum
849 1209 905 1262 in
937 1217 1105 1263 unum
1136 1205 1300 1276 positi
1349 1202 1806 1273 colloqueremur,
1832 1202 2072 1257 maxime

474 1300 542 1356 de
607 1298 881 1371 pressuris
908 1339 923 1363 ,
994 1296 1135 1352 odiis
1194 1302 1250 1351 et
1301 1292 1648 1362 despectioue
1698 1291 2069 1346 Ecclesiarum

477 1403 499 1433 υ
543 1400 708 1462 atque
738 1391 1083 1451 clericorum,
1127 1402 1250 1456 quae
1291 1400 1437 1439 nunc
1478 1383 1845 1438 infervescere
1892 1397 2074 1453 corpe—

473 1490 604 1539 runt
626 1483 839 1538 sacculis
867 1480 1109 1535 inaudito
1137 1486 1194 1532 et
1237 1475 1497 1530 inusitato
1553 1473 1712 1528 modo
1730 1515 1745 1538 ,
1775 1474 2073 1543 praecipere

473 1575 610 1630 mihi
645 1574 864 1644 dignata
895 1579 978 1626 est
1002 1567 1264 1625 sanctitas
1288 1575 1493 1628 vestra,
1527 1571 1586 1618 ut
1607 1563 1788 1632 aliqua
1827 1563 1894 1618 de
1924 1562 2072 1617 Scri-

472 1672 650 1742 pturis
693 1669 898 1731 sacris,
937 1666 1020 1720 vel
1063 1671 1380 1719 sanctorum
1416 1659 1642 1713 Patrum
1685 1658 1846 1712 dictis
1882 1673 2072 1712 excer-

472 1777 680 1833 perem,
711 1776 832 1829 qua:
879 1756 1164 1812 materiem
1217 1753 1377 1807 nobis
1417 1750 1731 1821 prmbercnt
1779 1749 1850 1806 ad
1886 1747 2071 1819 inqui-

475 1853 674 1913 renda.
721 1845 1120 1905 consideranda
1165 1852 1221 1899 et
1267 1839 1596 1912 deplorando
1633 1839 1773 1895 mala
1809 1839 2077 1909 temporis

472 1942 687 2008 nostri,
736 1954 857 2010 quae
913 1938 1304 2006 ignaravcrunt
1349 1939 1728 1986 antecessores
1774 1936 1830 1984 et
1883 1938 2072 2000 patres

473 2037 680 2101 nostri;
714 2036 840 2090 licet
868 2033 1105 2104 Spiritus
1151 2038 1376 2086 sanctus
1419 2028 1645 2099 loquens
1688 2029 1740 2082 in
1792 2027 2072 2098 prOphetis

475 2141 584 2180 non
611 2124 877 2187 tacuerit,
908 2121 1000 2191 qui
1027 2120 1164 2174 dixit
1193 2136 1206 2174 :
1237 2118 1306 2172 Et
1335 2118 1434 2171 erit
1470 2117 1606 2170 sicut
1647 2115 1893 2187 popu!us,
1922 2119 1998 2170 sic
2022 2126 2071 2170 et

471 2215 721 2271 sacerdos
749 2229 768 2270 .°
801 2221 856 2270 et
895 2212 1062 2267 multa
1107 2207 1434 2281 huiusmodi.
1468 2208 1654 2280 Visum
1703 2208 1884 2278 itaque
1938 2209 2071 2262 mihi

471 2319 550 2363 est
584 2308 828 2378 paritura
857 2313 1058 2362 sancta:
1085 2303 1359 2358 devotioni
1408 2309 1512 2357 tua:
1551 2309 1636 2366 ut,
1677 2303 2068 2372 praetermissis

2173 1118 2352 1174 hibuit
2371 1119 2579 1191 ingredi
2609 1119 2799 1175 domos
2828 1121 3223 1179 celebrantium
3249 1125 3446 1194 Phase,
3480 1143 3593 1184 non
3620 1127 3774 1199 jube-

2172 1215 2264 1264 tur
2294 1226 2324 1264 a
2353 1211 2733 1268 sacerdotibus
2767 1215 2931 1278 sumi,
2964 1215 3048 1270 vel
3077 1233 3104 1270 a
3136 1219 3337 1288 populo
3366 1224 3769 1292 sacerdotibus,

2173 1307 2269 1354 aut
2298 1314 2326 1354 a
2353 1297 2725 1356 sacerdotibus
2747 1302 2856 1357 Deo
2878 1303 3082 1370 oll'erri,
3115 1309 3210 1363 sed
3234 1309 3302 1364 ab
3339 1311 3605 1368 universo
3636 1323 3773 1371 emta

2175 1390 2408 1445 ﬁliorum
2436 1390 2598 1446 Israel
2624 1391 2753 1450 tolli,
2764 1405 2862 1462 per
2889 1392 3123 1451 familias
3144 1406 3205 1453 et
3233 1399 3449 1466 domos,
3464 1399 3635 1471 juxta
3685 1420 3775 1459 nu-

2175 1497 2386 1536 merum
2433 1483 2743 1538 animarum-
2793 1499 2916 1553 qua:
2962 1485 3210 1544 sumcere
3258 1500 3483 1561 possent
3519 1493 3590 1547 ad
3626 1509 3775 1549 esum

2174 1572 2314 1640 ejus.
2342 1571 2451 1628 Nec
2480 1575 2827 1642 excipiuntur
2855 1577 3082 1646 quilibet
3113 1590 3136 1619 ο
3167 1581 3373 1652 indigni
3404 1592 3459 1637 et
3483 1581 3774 1649 immundi,

2174 1664 2269 1718 sed
2289 1665 2542 1718 omnibus
2562 1666 2666 1722 hoc
2693 1665 2746 1721 in
2769 1682 3056 1724 commune
3086 1672 3432 1742 praecipitur;
3477 1674 3621 1729 solis
3649 1674 3775 1729 dun-

2174 1761 2324 1811 taxat
2360 1756 2679 1827 alienigenis
2708 1758 2994 1829 sejunctis,
3025 1761 3251 1818 advenis
3299 1779 3429 1818 vero
3463 1775 3520 1819 et
3572 1780 3775 1820 merce-

2175 1848 2346 1902 naaiis
2373 1849 2697 1920 conjunctis.
2727 1849 2974 1922 Denique
3023 1860 3078 1907 et
3124 1853 3238 1925 ipse
3276 1871 3466 1926 agnus,
3503 1855 3639 1910 licet
3669 1857 3776 1912 sine

2174 1939 2387 1996 macula
2424 1955 2543 1996 esse
2576 1941 2857 2012 jubeatur,
2889 1943 2957 1998 ab
3005 1944 3198 2000 ovibus
3250 1953 3430 2001 tamen
3483 1954 3541 2002 et
3599 1949 3775 2019 capris

2175 2033 2473 2088 secundum
2500 2034 2781 2104 antiquam
2806 2035 3218 2093 translationem
3241 2039 3532 2093 mandatur
3547 2041 3770 2098 assumi.

2175 2132 2230 2177 et
2257 2139 2380 2178 cum
2410 2126 2775 2180 amaritudine
2804 2127 3036 2182 comedi.

2245 2213 2330 2268 ΙΙΙ.
2362 2214 2434 2270 Ut
2457 2215 2622 2286 igitur
2655 2216 2859 2286 liquido
2887 2225 3076 2288 pateat
3099 2220 3392 2274 eminentia
3425 2222 3512 2276 vel
3541 2223 3777 2293 dignitas

2177 2305 2230 2360 in
2280 2320 2568 2361 commune
2617 2309 2932 2374 sacerdotii,
2977 2311 3388 2367 consideremus
3429 2329 3456 2366 a
3510 2314 3777 2386 principio

474 2399 665 2454 dextra
695 2397 939 2466 lmvaque
979 2396 1066 2451 his
1089 2410 1210 2464 quae
1237 2393 1303 2448 de
1328 2392 1772 2448 remuneratione
1797 2395 2064 2448 bonorum
2097 2395 2143 2453 B
2175 2396 2358 2450 mundi
2383 2397 2582 2468 gradus
2607 2396 2742 2466 ejus.
2774 2399 3151 2468 Primogeuiti,
3176 2401 3220 2454 si
3249 2409 3424 2456 tamen
3453 2403 3559 2456 dici
3595 2403 3774 2464 liceat.

473 2498 529 2542 et
563 2488 914 2543 damnatione
943 2487 1210 2542 malorum
1243 2485 1604 2549 sacerdotum,
1636 2501 1665 2538 a
1692 2484 1808 2538 Pat:
1825 2485 1944 2540 ibus
1971 2485 2072 2540 sol-

477 2578 624 2634 licite
650 2595 715 2633 ac
755 2578 1130 2648 multipliciter
1161 2576 1362 2644 scripta
1390 2582 1551 2640 sunt,
1585 2574 1788 2645 aliquid
1833 2575 2070 2630 medium

473 2672 620 2740 quod
647 2671 1246 2740 utriusquecommune
1289 2675 1393 2732 est,
1428 2670 1495 2722 de
1539 2667 1827 2738 privilegio
1866 2667 2075 2738 scilicet

472 2770 532 2818 et
552 2761 680 2831 jure
709 2762 1026 2827 sacerdotii,
1047 2775 1282 2815 conarer
1317 2758 1608 2814 scribendo
1638 2774 1743 2813 non
1775 2760 2070 2830 explicare,

474 2852 570 2909 led
600 2852 996 2908 considerando
1028 2851 1344 2924 diligentius
1370 2849 1601 2904 strictim
1633 2849 1918 2920 attingere.

550 2943 613 2997 ll.
645 2943 1088 2998 Pi-trmittendum
1133 2923 1263 2996 sane
1300 2939 1514 2993 videtur
1566 2923 1886 2994 lxrerissime
1930 2940 2073 3008 quod

478 3048 671 3090 omnes
702 3047 828 3088 vere
865 3031 1053 3087 ﬁdeles
1097 3031 1340 3086 membra
1391 3029 1590 3084 summi
1636 3029 1955 3095 sacerdotis,
1983 3030 2072 3084 Dei

479 3126 731 3182 videlicet
754 3139 820 3180 ac
844 3124 1060 3180 Domini
1105 3122 1277 3178 nostri
1317 3119 1446 3176 Jesu
1491 3119 1729 3187 Christi,
1757 3121 2075 3177 mediatoris

480 3217 574 3273 Dei
604 3227 660 3273 et
688 3217 991 3281 hominum,
1017 3214 1144 3270 facti
1179 3221 1306 3270 sunt
1330 3210 1400 3267 ab
1442 3228 1509 3267 eo
1553 3212 1703 3270 Patri
1747 3230 1970 3285 regnum
2023 3223 2078 3271 et

475 3307 808 3372 sacerdotes,
841 3305 1208 3374 dicunturque
1251 3318 1423 3376 genus
1465 3303 1718 3370 electum,
1751 3306 1933 3377 regale
1983 3322 2074 3361 sa-

476 3395 806 3460 cerdotium,
837 3402 889 3449 et
915 3401 1045 3450 sunt
1073 3395 1173 3449 sub
1207 3395 1386 3462 capite
1412 3411 1626 3452 summo
1646 3394 1674 3434 δ
1706 3411 1848 3450 unus
1891 3411 2074 3450 sacer-

475 3485 595 3539 dos.
625 3480 858 3554 Propter
883 3483 1028 3554 quod
1062 3493 1119 3539 et
1146 3484 1278 3539 vitia
1301 3485 1396 3541 illa
1429 3486 1646 3558 legalia,
1673 3501 1795 3555 quae
1821 3485 2075 3541 sacerdo—

477 3584 591 3629 tem
611 3589 732 3630 esse
757 3573 1022 3637 inhibent,
1055 3589 1086 3630 a
1108 3589 1340 3644 corpore
1375 3585 1431 3631 et
1457 3591 1626 3647 regno
1654 3576 1850 3632 summi
1883 3575 2077 3630 Sacer-

479 3665 620 3719 dotis
649 3653 971 3729 excludunt,
1000 3665 1139 3719 sicut
1160 3666 1524 3734 probabilium
1555 3665 1780 3720 Patrum
1809 3666 2077 3735 expositio

2175 2487 2337 2557 primi
2368 2488 2622 2552 hominis,
2649 2489 2808 2566 primi
2853 2489 3105 2562 leguntur
3145 2492 3482 2547 sacerdotale
3532 2494 3778 2548 ministe-

2177 2577 2318 2632 rium
2365 2579 2670 2650 peregisse,
2697 2579 2831 2634 Cain
2871 2580 3124 2637 videlicet
3169 2591 3226 2638 et
3266 2583 3430 2648 Abel,
3457 2584 3508 2638 id
3531 2591 3639 2647 est,
3673 2582 3779 2637 Deo

2179 2671 2384 2726 hostias
2414 2671 2677 2726 obtulisse
2711 2690 2724 2725 :
2757 2687 2990 2742 quorum
3017 2689 3159 2728 unus
3209 2675 3550 2744 improbatus
3583 2686 3698 2739 est,
3723 2686 3775 2728 et

2179 2760 2447 2816 sacriﬁcia
2480 2761 2598 2831 ejus
2619 2778 2726 2816 non
2752 2770 2876 2816 sunt
2901 2773 3170 2832 respectu.
3196 2765 3261 2818 Et
3290 2767 3391 2819 hoc
3423 2766 3628 2820 idcirco
3663 2765 3780 2819 ﬁeri

2179 2851 2376 2920 potuit,
2405 2851 2533 2920 quia
2587 2866 2694 2905 non
2741 2852 3065 2923 populi,sc.l
3113 2854 3332 2924 propria
3380 2864 3501 2919 vota
3543 2854 3778 2917 obtulit;

2179 2943 2305 2998 licet
2334 2957 2497 2997 causa
2529 2943 2927 3012 reprobationis
2949 2944 3056 2998 alia
3083 2946 3375 2999 exstiterit.
3405 2945 3538 2999 Nam
3567 2946 3626 3002 in
3652 2961 3781 3001 eon-

2179 3035 2534 3103 sequentibus
2575 3049 2855 3102 nunquam
2907 3035 3151 3090 invenies
3179 3044 3237 3090 ut
3285 3036 3466 3090 oblata
3515 3051 3616 3104 pro
3661 3034 3784 3090 aliis

2182 3123 2470 3192 reprobata
2497 3123 2626 3186 sint,
2651 3123 2867 3178 etiamsi
2897 3124 2942 3177 is
2965 3125 3056 3193 qui
3087 3125 3282 3178 obtulit
3318 3125 3568 3194 indignus
3591 3125 3781 3187 fuerit,

2180 3214 2225 3268 si
2253 3222 2432 3268 tamen
2462 3213 2566 3267 ﬁde
2583 3214 2648 3268 de
2665 3211 2824 3267 domo
2845 3212 2965 3278 fuit,
2983 3224 3078 3269 aut
3103 3216 3156 3269 iu
3184 3216 3346 3269 domo
3363 3214 3576 3279 obtulit,
3599 3215 3656 3269 in
3675 3233 3785 3285 qua

2179 3319 2354 3375 agnus
2382 3303 2687 3358 vescendus
2734 3311 2851 3368 est,
2876 3304 3018 3359 sicut
3049 3306 3135 3359 lex
3168 3306 3413 3376 prmcipit
3442 3306 3633 3360 dicens
3667 3324 3680 3360 :
3717 3305 3787 3361 In

2181 3410 2288 3446 una
2317 3393 2475 3447 domo
2517 3394 2838 3458 comedetur,
2868 3411 2961 3448 nec
2994 3395 3219 3464 eﬁ'erctis
3255 3395 3320 3448 de
3357 3396 3601 3449 carnibus
3630 3394 3785 3448 illius

2179 3483 2346 3552 foras.
2381 3481 2490 3537 Sed
2526 3483 2699 3553 magis
2727 3499 2916 3539 eorum
2962 3485 3125 3539 corda
3173 3494 3502 3553 pensantur,
3533 3486 3630 3555 qui
3681 3500 3784 3555 per

2181 3572 2525 3635 sacerdotes,
2566 3573 2971 3644 qualescunque
3005 3575 3091 3629 illi
3141 3575 3273 3640 sint,
3322 3574 3585 3640 offerunt,
3633 3576 3785 3632 sicut

2184 3663 2369 3718 multis
2391 3664 2601 3732 ostendi
2623 3673 2824 3733 potest.
2849 3662 3009 3721 Unde
3035 3673 3092 3720 et
3121 3662 3184 3721 de
3213 3667 3371 3721 bonis
3398 3667 3787 3723 sacerdotibus

479 3760 695 3831 probat.
729 3758 884 3816 Unde
909 3775 1031 3815 cum
1061 3774 1226 3816 sacra
1260 3759 1346 3814 lex
1389 3775 1487 3830 per
1535 3759 1757 3831 Moysen
1809 3760 2075 3830 inciperet
2103 3768 2147 3829 ί]
2179 3755 2442 3811 Dominus
2467 3757 2581 3811 ait:
2610 3754 2668 3811 Si
2710 3759 2944 3813 steterint
2995 3758 3201 3830 Moyses
3237 3768 3286 3812 et
3336 3757 3555 3814 Samuel
3597 3774 3784 3812 coram

481 3852 619 3916 dari,
646 3867 806 3908 sacer
839 3851 928 3908 ille
961 3867 1151 3923 agnus,
1181 3850 1339 3920 cujus
1362 3851 1584 3922 sanguis
1610 3853 1664 3907 in
1689 3852 2074 3922 superlimina-

2184 3865 2285 3913 me,
2314 3865 2418 3902 non
2441 3858 2516 3904 est
2547 3850 2728 3904 animo
2751 3867 2867 3905 mea
2883 3845 2953 3914 ad
2968 3848 3218 3923 populum
3243 3851 3423 3904 istum.
3454 3849 3521 3904 Et
3544 3850 3782 3905 iterum:

1850 3941 2131 3997 BALUZlI
2171 3940 2405 3997 ΝΟΤᾸΞ.

556 4051 579 4077 ιι
596 4038 696 4092 Hie
709 4044 792 4092 est
804 4035 1027 4090 omnino
1049 4034 1170 4088 libri
1196 4034 1356 4089 istius
1380 4033 1568 4089 titulus
1591 4035 1646 4089 in
1675 4033 1860 4089 codice
1875 4032 2079 4102 Papirii

482 4107 741 4170 Massoni,
771 4115 827 4162 et
857 4106 910 4160 in
934 4112 1191 4160 contextu
1217 4105 1363 4158 libri.
1393 4103 1452 4158 In
1483 4105 1654 4169 veteri
1684 4113 1864 4159 tamen
1895 4105 2082 4159 codice

479 4193 581 4232 ms.
610 4177 825 4232 clariss.
845 4176 948 4230 viri
970 4175 1117 4230 Petri
1141 4174 1409 4229 Marnzesii
1431 4175 1705 4230 senatoris
1726 4173 2084 4242 Gratianopo-

483 4247 639 4326 Hlani
666 4247 924 4326 b-ic_libe-r
951 4247 1031 4300 sic
1055 4244 1352 4326 inscriptus
1383 4253 1521 4326 est}.
1545 4242 1788 4326 @pistolo
1817 4243 2084 4326 Agobgrdi

482 4317 711 4390 episcopi
744 4316 1112 4390 Lugdunensis
1142 4313 1207 4368 de
1238 4314 1521 4390 sacerdotii
1549 4312 1922 4390 dignitate,_dd
1947 4312 2086 4390 B_ar-

484 4382 712 4442 n'ardu'm
771 4382 1111 4441 Viennensem
1157 4382 1664 4449 archiepiscopum:
1705 4383 1850 4452 quod
1893 4382 2085 4438 eodem

485 4458 704 4514 recidit.

2187 4047 2358 4096 reses,
2385 4039 2487 4102 aut
2507 4041 2632 4086 nata
2657 4032 2974 4096 schismata,
2999 4047 3162 4100 quam
3188 4033 3310 4087 inde
3329 4033 3472 4102 quod
3505 4035 3784 4089 sacerdoti

2186 4103 2282 4158 Dei
2311 4117 2417 4155 non
2445 4101 2878 4172 obtemperatur,
2913 4117 3023 4172 nee
3041 4118 3180 4156 unus
3205 4104 3258 4156 in
3284 4103 3525 4158 Ecclesia
3549 4102 3616 4156 ad
3649 4111 3785 4158 tern-

2187 4188 2289 4242 pus
2319 4172 2577 4244 sacerdos
2598 4170 2652 4226 et
2681 4173 2748 4225 ad
2775 4181 2988 4244 tempus
3005 4170 3322 4244 judexvice
3343 4171 3546 4244 Christi
3575 4174 3784 4244 cogita-

2192 4241 2297 4313 tur.
2331 4263 2348 4294 ι
2387 4241 2530 4313 Nam
2549 4241 3015 4313 boetantum’rsihi
3048 4241 3283 4297 vulthoc
3311 4243 3430 4298 loco
3455 4241 3785 4313 Cyprianus,

2184 4312 2339 4384 juxta
2381 4311 2821 4384 observationem
2852 4310 3092 4384 Rigaltii,
3131 4310 3558 4384 uniuscujusque
3596 4313 3790 4370 Eccle-

2191 4328 2339 4380 |uxta
2381 4328 2820 4367 onservauonem
2852 4328 3092 4434 iugatur,
3131 4328 3558 4384 uniuscujusque
3596 4328 3787 4370 necte-

2191 4382 2318 4444 siae,
2364 4396 2484 4451 quae
2530 4381 2856 4436 universalis
2905 4381 3049 4436 ilius
3091 4383 3271 4452 portio
3319 4392 3436 4448 est,
3467 4398 3635 4438 unum
3665 4399 3787 4439 esse

2188 4453 2388 4506 debere
2413 4452 2727 4522 episcopum
2755 4452 3126 4518 sacerdotem,
3161 4453 3254 4522 qui
3287 4454 3357 4508 sit
3383 4452 3644 4522 Ecclesia:
3677 4469 3788 4508 sua:

559 4528 586 4567 ι)
617 4524 1124 4604 Ilemardo._‘Codex
1145 4521 1762 4604 BiarnmsiiLBarnordo.
1790 4522 2088 4604 Etor‘tlonuit
2187 4522 2444 4604 sacerdos
2466 4522 2533 4602 ad
2557 4521 2792 4604 tempus,
2813 4531 2869 4576 et
2889 4523 2955 4604 ad
2979 4521 3193 4604 tempus
3213 4523 3379 4604 jude_x
3411 4523 3526 4604 vice
3546 4521 3783 4604 Christi.

488 4613 575 4652 me
605 4597 691 4650 vir
715 4595 1130 4651 eruditissimus
1182 4593 1379 4648 Petrus
1424 4593 1748 4648 Francis’cus
1787 4591 2089 4648 Chillletius

2195 4610 2213 4663 ᾳ
2250 4591 2377 4663 Haec
2406 4591 2551 4647 enim
2581 4601 2730 4655 sunt,
2780 4593 2958 4661 inquit
2984 4591 3289 4663 Cyprianus
3339 4595 3392 4648 in
3423 4593 3658 4663 epistol)
3697 4593 3789 4658 65.

487 4667 778 4738 presbyter
803 4681 834 4721 e
859 4663 1135 4738 Societatc
1165 4662 1330 4738 Iesu,
1368 4664 1698 4738 sic_quoque
1735 4663 1996 4738 scriptum
2019 4678 2090 4738 se
2189 4661 2344 4738 initia
2373 4663 2778 4738 haereticorum,
2817 4671 2879 4738 et_
2895 4661 3047 4716 ortus
3068 4661 3236 4738 atque
3259 4671 3490 4738 conatus
3523 4661 3789 4720 schisma-

487 4733 692 4791 K'idiss'e
719 4736 824 4797 hoc
849 4748 1049 4789 nomen
1081 4735 1134 4788 in
1157 4733 1347 4788 multis
1371 4733 1656 4787 codicibus
1678 4733 2085 4802 manuscriptis.

2190 4731 2423 4804 ticorum
2450 4731 2588 4804 male
2617 4732 2994 4804 cogitantium,
3026 4741 3086 4804 ut
3122 4733 3225 4787 sibi
3252 4733 3526 4803 placeant,
3557 4741 3622 4786 ut
3649 4749 3790 4804 pne-

489 4806 692 4885 V’erutu
749 4805 1046 4861 discrimen
1099 4803 1230 4857 illud
1278 4811 1365 4858 est
1401 4802 1603 4857 nullius
1641 4811 1737 4855 aut
1773 4800 1928 4872 parvi
1962 4800 2086 4856 ’mo-
2111 4825 2164 4883 D
2190 4802 2434 4885 positum‘
2482 4800 2708 4885 (id‘est‘,
2755 4801 3093 4885 episcopum)
3143 4800 3380 4885 suptka
3407 4810 3632 4885 tumore
3651 4800 3788 4885 ego.

487 4885 802 5023 ιὴῗηῗίςᾳιις
828 4943 1160 5023 clericorum.
1190 4942 1426 5023 llipsum
1461 4941 1715 5023 sequenti
1737 4941 1935 4996 Stcculo
1961 4957 2080 5023 gra-

487 5015 631 5070 viter
668 5012 972 5094 deploratit
1019 5012 1315 5094 Eutherius
1344 5013 1632 5094 episeopus
1674 5012 2086 5094 Vempensisjn

489 5095 644 5169 parte
677 5103 716 5140 ιι
739 5079 1166 5169 'denC‘outetuptu
1187 5079 1471 5138 Canonum
1491 5123 1506 5147 ,
1534 5079 1588 5136 in
1615 5090 1761 5137 tomo
1789 5079 1830 5135 ll
1860 5081 2087 5151 Spieile-

490 5171 596 5264 sua,
617 5170 768 5280 ὅ
782 5156 1047 5279 siascirdos.
1072 5221 1303 5277 Unicum
1331 5222 1386 5276 in
1413 5221 1651 5278 Ecclesia
1677 5221 1883 5276 Christi
1907 5236 2090 5276 sacer-

491 5294 700 5349 dotium
729 5309 852 5351 esse
884 5293 1166 5348 contendit
1202 5291 1555 5362 Agobarlus,
1585 5291 1856 5360 bujusque
1903 5306 2088 5345 sacer-

493 5365 626 5421 dotii
657 5372 820 5436 caput
840 5377 1114 5436 summurn
1136 5361 1270 5418 esse,
1283 5361 1581 5424 Christum,
1604 5362 1698 5430 qui
1724 5377 1968 5436 summus
1997 5375 2088 5415 sa-

493 5436 687 5491 cerdos
715 5431 816 5491 est.
857 5432 926 5488 Et
953 5431 1140 5487 ﬁdeles
1167 5447 1358 5487 omnes
1384 5447 1506 5486 esse
1550 5447 1715 5486 unum
1744 5432 2085 5486 sacerdotem

495 5505 594 5559 sub
617 5521 722 5560 uno
748 5503 926 5574 capite
953 5502 1323 5574 Chi‘ism._ob
1356 5502 1503 5557 illum
1536 5502 1717 5557 locum
1747 5500 2086 5574 exepistoIa

493 5577 669 5644 prima
693 5569 833 5630 beati
858 5572 1001 5644 Petri
1014 5613 1027 5636 ,
1054 5571 1354 5644 ubiﬁdejes
1369 5581 1638 5627 vocantur
1655 5588 1817 5644 genus
1833 5569 2060 5644 electum
2072 5610 2086 5635 ,

494 5641 1065 5719 r'rgale_saeerdotirim.
1103 5643 1218 5696 Alia
1248 5642 1522 5719 Cypriane
1541 5657 1695 5719 mens
1723 5641 1856 5704 fuit,
1883 5655 2007 5719 cum
2034 5641 2087 5694 in

497 5712 726 5779 (ostola
750 5715 819 5772 55
853 5714 1117 5768 scriberet
1148 5730 1166 5764 ‹
1202 5729 1309 5769 non
1339 5713 1559 5768 aliunde
1583 5713 1806 5768 obortas
1831 5725 1951 5768 esse
1980 5712 2090 5767 hm-

2191 4878 2458 4944 temnaut.
2491 4891 2508 4923 ι
2554 4871 2625 4925 At
2651 4871 2916 4944 Baronius
2934 4871 3001 4926 ad
3029 4871 3232 4944 annum
3255 4871 3461 4944 Christi
3482 4873 3576 4937 54,
3607 4872 3786 4944 9203,

2191 4940 2665 5015 contenditunum
2703 4942 2852 4996 illum
2882 4943 3224 5015 sacerdotem
3252 4943 3395 5015 apud
3417 4940 3786 5015 Cyprianum.

2189 5027 2313 5083 esse
2341 5011 2488 5066 Petri
2513 5027 2883 5068 successorem
2907 5012 3213 5083 Romanum
3249 5011 3566 5083 pontiﬁcem
3593 5054 3609 5076 ,
3639 5021 3702 5083 et
3727 5015 3790 5070 iis

2191 5082 2409 5150 quidem
2445 5084 2646 5142 verbis.
2677 5091 2739 5137 ut
2774 5082 3060 5138 manifeste
3105 5082 3175 5136 ab
3221 5082 3287 5136 eo
3319 5083 3440 5138 loco
3493 5082 3790 5138 excludere

2190 5151 2731 5223 videatur_reliquos
2759 5153 3065 5223 episcopos,
3093 5153 3336 5222 adeoque
3362 5153 3671 5207 Romanum
3703 5168 3788 5208 so-

2189 5222 2300 5275 lum
2348 5223 2403 5294 in
2443 5221 2697 5294 Ecclesia
2716 5221 3008 5294 praesidere
3039 5223 3168 5294 velit
3199 5221 3316 5294 vice
3341 5223 3569 5294 Christi.
3603 5223 3780 5294 Etito-

2192 5308 2316 5352 men
2347 5292 2591 5414 singulos
2618 5289 2902 5415 episcopos
2924 5309 3047 5348 esse
3089 5292 3325 5346 vicarius
3353 5289 3559 5348 Christi
3584 5308 3652 5348 ex
3684 5293 3789 5348 hoc

2192 5375 2408 5417 uuouue
2453 5375 2553 5417 oeo
2582 5378 2648 5417 eo
2673 5363 2802 5417 lenit
2823 5362 3110 5417 Ricaltius.

2190 5375 2408 5486 quoque
2435 5371 2553 5417 loco
2582 5371 2802 5432 collegit
2824 5371 3110 5434 uigamus.

2249 5443 2291 5503 7°
2342 5431 2525 5503 ιιάὶρηί
2544 5444 2596 5486 et
2612 5433 2893 5487 immundi.
2911 5433 3145 5503 ‘Videtur
3164 5433 3456 5503 admittere
3469 5431 3638 5503 etiam
3657 5430 3790 5503 istos

2192 5502 2261 5574 ad
2287 5497 2680 5574 comestionem
2707 5504 2851 5574 agni.
2880 5497 2948 5564 Et
2977 5517 3123 5574 sane,
3152 5501 3275 5558 illos
3300 5512 3518 5574 quoque
3549 5501 3788 5574 ethnith

2192 5572 2430 5638 Paulus;
2470 5573 2564 5628 sed
2592 5571 2995 5630 damnationem
3025 5573 3129 5631 sibi
3159 5571 3494 5630 manducare
3520 5581 3576 5628 et
3602 5571 3785 5628 bibere

2193 5643 2530 5712 pronuntiat.
