3918 6384
421 427 515 484 ibi

1395 424 1452 478 S.
1493 421 1845 479 AGOBARDI
1883 417 2193 474 EI’ISCOPI
2233 416 2720 474 LUGDUNENSIS

3598 415 3702 472 133

420 542 665 608 Domine,
693 542 748 595 in
775 541 983 598 nomine
1001 548 1090 593 tuo
1117 540 1379 594 da’mouia
1404 539 1681 608 ejecimus,
1715 547 1762 589 et
1794 535 2010 588 virtutes
2041 540 2088 596 Α
2117 532 2243 586 ﬁcto
2275 533 2563 602 discipulo,
2591 543 2646 586 et
2688 544 2710 572 ⁸
2752 545 2880 585 vero
2920 530 3202 600 proditori,
3236 543 3487 600 magnam
3531 529 3704 584 virtu-

417 632 615 690 multas
657 630 908 700 fecimus,
949 638 1004 683 et
1047 637 1264 683 czctera.
1315 628 1444 681 Tale
1490 627 1693 695 aliquid
1737 625 1903 679 etiam
1953 624 2004 676 in

418 723 560 777 libro
585 719 833 774 Judicum
862 718 1060 789 legitur
1090 719 1154 773 de
1183 718 1379 782 Micha,
1399 719 1493 788 qui
1523 716 1712 772 habuit
1735 715 2006 784 sculptile,

421 823 584 883 atque
637 810 944 874 conﬂatile,
988 817 1046 864 et
1082 811 1366 864 aediculam
1413 817 1742 878 separatam,
1784 806 1839 860 et
1883 805 2042 860 fecit-

420 905 595 976 epbod
632 920 697 959 ac
725 903 1007 973 teraphin,
1036 908 1094 957 et
1141 903 1347 971 recepit
1390 901 1787 956 adolescentem
1817 916 2010 968 quem-

422 999 546 1054 dam
577 995 799 1051 Levitici
829 995 1062 1066 generis,
1095 1002 1152 1048 ut
1191 1002 1335 1049 esset
1376 993 1426 1048 ei
1453 994 1746 1057 sacerdos;
1772 992 2010 1061 quicum

421 1098 566 1145 esset
604 1089 791 1158 utique
825 1095 1017 1142 contra
1055 1085 1136 1141 ias
1163 1085 1490 1155 sculptilium
1532 1083 1802 1146 sacerdos,
1832 1092 2012 1136 tamen

408 1197 523 1251 pro
553 1180 676 1234 ﬁliis
704 1179 820 1236 Dan
849 1177 1122 1234 consuluit
1146 1178 1453 1242 Dominum,
1475 1184 1531 1230 et
1571 1171 1848 1244 respondit
1887 1189 2011 1244 pro-

423 1285 581 1340 spera
613 1285 732 1339 quae
759 1276 988 1324 ventura
1012 1275 1192 1322 erant.

494 1360 582 1414 ιν.
606 1360 847 1415 Pertinet
873 1366 1088 1428 quoque
1117 1357 1187 1411 ad
1222 1357 1365 1411 hanc
1387 1357 1650 1410 rationem
1687 1351 2014 1408 conﬁrman-

428 1453 570 1518 dam,
596 1467 704 1523 qua
733 1452 962 1506 dicimus
988 1447 1346 1504 sacerdotalia
1369 1445 1626 1516 obsequia
1654 1459 1752 1516 pro
1792 1441 2014 1512 populo-

427 1558 546 1597 rum
572 1542 782 1597 meritis
811 1539 1147 1609 dispensari,
1177 1538 1321 1608 quod
1351 1535 1622 1592 Ezechicli
1663 1543 1850 1590 sancto
1895 1547 2015 1602 pro-

426 1624 603 1700 phetze
624 1623 883 1684 Dominus
903 1629 1145 1697 loquitur
1169 1647 1181 1681 :
1210 1627 1470 1696 Linguam
1493 1636 1639 1679 tuam
1663 1624 2016 1678 adhaerescere

428 1720 621 1789 faciant
641 1719 820 1789 palato
849 1728 959 1781 tuo,
985 1727 1032 1772 et
1056 1719 1158 1772 eris
1185 1726 1382 1782 mutus,
1414 1733 1506 1771 nec
1542 1716 1693 1786 quasi
1720 1715 1800 1768 vir
1831 1714 2012 1784 objur-

429 1826 579 1880 gans,
601 1810 724 1876 quia
749 1808 937 1862 domus
971 1824 1300 1877 exasperans-
1318 1815 1413 1860 est.
1460 1806 1504 1860 Ε
1535 1805 1808 1860 contrario
1834 1813 2013 1859 autem

2117 631 2227 674 tum
2270 623 2500 692 gratiam
2548 620 2796 685 contulit,
2832 621 2970 675 sicut
3000 620 3348 691 Evangelium
3383 628 3594 683 narrat,
3623 621 3704 675 di-

2113 724 2244 765 cens
2272 729 2284 763 :
2319 708 2626 762 Convocatis
2657 709 2814 762 Jesus
2851 709 3125 762 duodecim
3152 709 3421 779 discipulis
3450 710 3585 774 suis,
3609 709 3704 762 de-

2111 801 2188 855 dit
2215 800 2325 854 illis
2347 810 2653 870 potestatem
2683 799 3076 853 immundorum
3106 801 3385 866 spirituum
3406 839 3422 867 ,
3446 809 3502 852 ut
3544 801 3705 868 ejice-

2112 901 2227 944 rent
2270 908 2377 954 808,
2411 902 2457 944 et
2493 899 2739 943 curarent
2789 907 2994 944 omnem
3037 889 3365 961 languorem,
3410 901 3459 945 et
3496 908 3704 944 omnem

2110 981 2488 1050 inﬁrmitatem.
2521 980 2621 1035 Ubi
2647 988 2700 1034 et
2725 982 2940 1036 additur
2975 999 2987 1034 :
3019 981 3305 1035 Duodecim
3346 991 3523 1035 autem
3577 998 3708 1051 apo-

2112 1073 2365 1128 stolorum
2391 1075 2602 1128 nomina
2641 1084 2763 1129 sunt
2790 1075 2919 1129 lucc.
2952 1073 3167 1129 Primus
3208 1075 3414 1141 Simon,
3444 1076 3536 1146 qui
3568 1075 3707 1130 dici-

2114 1174 2201 1218 tur
2225 1163 2435 1230 Petrus,
2463 1176 2510 1219 et
2564 1165 2803 1220 Andreas
2852 1164 3022 1236 frater
3067 1168 3216 1238 ejus;
3265 1169 3708 1239 enumeratisqne

2113 1257 2366 1312 omnibus
2384 1298 2397 1323 ,
2424 1266 2731 1327 postremus
2756 1259 2975 1328 ponitur
3005 1259 3176 1313 ludas
3201 1259 3500 1326 ScariOtes,
3529 1262 3630 1331 qui
3657 1269 3710 1315 et

2117 1349 2338 1402 tradidit
2376 1366 2519 1402 eum.
2557 1350 2767 1409 Deinde
2796 1350 3042 1419 sequitur
3072 1369 3083 1403 :
3123 1350 3231 1405 Hos
3258 1351 3534 1405 duodecim
3566 1352 3710 1408 misit

2114 1439 2291 1494 Jesus.
2323 1440 2390 1494 Et
2429 1450 2550 1512 post
2590 1437 2910 1512 paululum:
2950 1443 3149 1498 Euntes
3201 1455 3375 1498 autem
3422 1445 3711 1515 praedicata

2116 1531 2368 1596 dicentes,
2392 1534 2515 1602 quia
2538 1533 2971 1604 appropinquavit
3003 1550 3220 1604 regnum
3243 1533 3514 1588 caelorum.
3539 1533 3710 1602 Inﬁr-

2115 1638 2229 1676 mos
2260 1632 2463 1688 curate,
2487 1634 2722 1678 mortuos
2743 1625 3012 1689 suscitate,
3037 1625 3267 1695 leprosos
3293 1623 3571 1689 mundule,
3599 1626 3708 1679 dc—

2118 1729 2294 1767 mones
2340 1714 2534 1783 ejicite.
2574 1713 2670 1769 Cui
2718 1715 2795 1769 rei
2833 1714 3108 1786 subiungit
3147 1715 3285 1770 alius
3332 1716 3708 1786 evangelista:

2119 1802 2186 1856 Et
2216 1814 2461 1857 exeuntes
2499 1804 2859 1872 prtrdicabant
2904 1814 2959 1857 ut
3005 1806 3360 1874 penitentiam
3398 1816 3639 1875 agerent,
3671 1818 3712 1862 et

429 1899 494 1953 de
521 1899 722 1967 Caipha
740 1897 939 1952 dicitur
972 1917 982 1949 :
1026 1895 1141 1950 Hoc
1164 1906 1338 1950 autem
1361 1913 1392 1949 a
1414 1896 1688 1966 semetipso
1713 1912 1816 1949 non
1859 1895 2012 1949 dixit.
2047 1893 2091 1950 Β
2119 1893 2382 1947 dtrmonia
2413 1893 2577 1946 multa
2625 1893 2898 1963 cjiciebant
2921 1934 2935 1959 ,
2962 1901 3008 1947 et
3041 1894 3300 1965 angebant
3355 1893 3465 1948 oleo
3519 1894 3712 1950 multos

430 1986 533 2042 Sed
563 2005 682 2042 cum
711 1998 842 2042 esset
873 1988 1268 2058 pontifcxanni
1311 1986 1476 2050 illius,
1520 1986 1845 2056 prophetarit
1893 1985 2020 2056 quia

429 2078 585 2133 Iesus
613 2079 899 2132 moriturus
928 2087 1041 2131 erat
1083 2094 1176 2147 pro
1203 2085 1371 2149 gente.
1398 2075 1506 2130 Sed
1533 2091 1631 2130 cur
1667 2076 1781 2129 base
1813 2076 1867 2128 in
1898 2075 2021 2129 aliis

433 2185 741 2239 quaeramus
761 2210 777 2235 ,
805 2185 928 2224 cum
965 2169 1128 2223 etiam
1174 2168 1243 2223 de
1286 2169 1401 2239 ipso
1429 2168 1660 2223 Domino
1690 2166 2022 2237 evangelista

432 2260 579 2315 dicat
610 2277 622 2312 :
654 2260 720 2313 Et
761 2275 863 2312 non
898 2269 1100 2329 poterat
1131 2259 1202 2312 ibi
1233 2260 1469 2312 virtutem
1499 2257 1661 2311 ullam
1693 2258 1884 2327 facere,
1919 2257 2020 2310 nisi

431 2368 624 2420 paucos
650 2351 886 2419 inﬁrmos
908 2353 1166 2421 impositis
1196 2350 1436 2404 manibus
1463 2351 1684 2414 curavit,
1711 2359 1759 2403 et
1788 2350 2022 2403 miraba-

433 2455 522 2498 tur
553 2453 765 2512 prqpter
792 2441 1212 2499 incredulitatem
1258 2457 1456 2497 corum.
1508 2441 1681 2509 Quam
1727 2455 1842 2497 rem
1885 2439 2024 2497 alius

433 2535 761 2603 evangelista
788 2535 1031 2602 apertius
1061 2534 1316 2602 loquitur,
1347 2533 1534 2588 dicens
1575 2552 1587 2585 ε
1630 2532 1700 2586 Et
1745 2549 1850 2586 non
1902 2532 2024 2602 fecit

433 2626 506 2678 ibi
535 2625 750 2678 virtutes
781 2623 974 2679 multas
1003 2633 1216 2695 propter
1247 2623 1669 2678 incredulitatem
1717 2639 1920 2677 eorum.
1959 2622 2027 2675 Et

435 2711 489 2764 in
528 2711 645 2763 istis
687 2709 902 2777 quidem
935 2709 1330 2764 incredulitatis
1359 2709 1612 2762 meritum
1659 2706 1781 2771 fuit,
1819 2715 1879 2761 ut
1926 2722 2026 2761 nec

441 2801 621 2854 multa:
651 2800 790 2869 apud
815 2815 910 2854 eos
931 2800 1164 2855 virtutes
1205 2800 1425 2864 tierent;
1484 2807 1537 2853 et
1582 2800 1683 2868 ipsi
1733 2799 1889 2869 pauci
1934 2799 2024 2868 qui

438 2893 611 2946 sanati
660 2901 804 2956 sunt,
837 2908 945 2947 non
983 2893 1097 2947 sola
1149 2893 1300 2947 verbi
1347 2892 1611 2963 potentia,
1642 2893 1744 2946 sed
1766 2879 2024 2944 manuum

439 2982 783 3051 impositione
834 2991 1178 3036 curarentur.
1240 2976 1602 3053 Paralyticum
1655 2997 1788 3036 vero
1840 2989 2027 3036 centu-

438 3072 608 3127 riouis
656 3086 908 3140 puerum,
953 3083 1008 3128 et
1051 3073 1297 3127 mulieris
1335 3071 1655 3128 Chanansea:
1684 3070 1881 3136 ﬁliam,
1907 3086 2028 3141 quae

406 3149 408 3151 i
439 3163 579 3216 male
599 3178 631 3216 a
652 3164 916 3223 dternonio
946 3164 1276 3228 vexabatur,
1305 3163 1421 3217 solo
1461 3163 1628 3218 verbo
1674 3163 1915 3217 restituit
1953 3163 2029 3216 in.

439 3253 760 3308 columitati.
795 3253 1062 3329 Nimirum
1109 3254 1481 3324 magnitudine
1521 3253 1645 3308 ﬁdei
1687 3269 1876 3308 eorum
1924 3253 2026 3307 hoc
2054 3240 2097 3300 (Ἰ

438 3343 722 3415 exigente,
751 3358 858 3413 qua
899 3343 1034 3399 alter
1075 3345 1288 3400 dixerat
1327 3363 1338 3398 :
1385 3345 1610 3400 Tantum
1642 3346 1726 3398 dic
1762 3346 1912 3404 verba
1935 3386 1949 3410 ,
1981 3355 2027 3398 et

438 3435 717 3489 sanabitur
759 3450 888 3504 puer
934 3451 1101 3488 meus.
1128 3434 1315 3490 Altera
1345 3449 1411 3489 ex
1443 3436 1599 3489 micis
1624 3435 1690 3489 de
1718 3450 1903 3490 mensa
1935 3435 2029 3489 do-

441 3519 714 3580 minorum
758 3525 1073 3580 cadentibus
1112 3525 1335 3580 catellus
1386 3541 1542 3594 posse
1595 3525 1876 3594 percipere
1924 3541 2028 3580 non

440 3617 783 3671 dubitaverat
814 3633 826 3668 :
858 3630 1131 3685 quamque
1172 3611 1327 3670 miris
1363 3615 1610 3669 laudibus
1647 3611 1896 3669 Salvator
1939 3632 2032 3671 ex—

444 3707 590 3771 tulit,
613 3707 679 3760 de
711 3707 1030 3760 centurione
1063 3706 1280 3774 quidem
1311 3707 1495 3762 dicens
1523 3724 1536 3764 ;
1571 3705 1693 3759 Νοη
1719 3707 1890 3760 inveni
1917 3717 2032 3761 tan—

441 3796 734 3863 tam-ﬁdem
778 3795 832 3848 in
883 3793 1083 3858 Israel;
1135 3795 1347 3850 mulieri
1407 3811 1532 3850 vero
1587 3795 1907 3852 Cltananata:
1937 3813 1951 3850 :
1983 3797 2030 3850 0

446 3885 655 3950 mulier,
685 3903 876 3956 magna
905 3895 980 3940 est
1000 3885 1130 3953 ﬁdes
1159 3896 1252 3940 tua
1276 3900 1293 3938 :
1320 3887 1412 3956 ﬁat
1442 3887 1536 3941 tibi
1561 3888 1693 3940 sicut
1715 3889 1808 3942 vis.
1837 3888 1877 3942 Ε
1907 3903 2034 3943 con-

449 3977 636 4038 trario,
667 3977 812 4030 inter
861 3985 1088 4031 casteros
1130 3991 1289 4032 veros
1337 3977 1649 4047 discipulos,
1674 3979 1837 4033 etiam
1884 3978 2035 4033 Judce

2122 2001 2311 2056 (egros,
2342 1994 2391 2039 et
2431 1985 2710 2039 sanabant.
2749 1985 2824 2039 De
2872 1986 3092 2052 talibus,
3136 1987 3293 2041 bonis
3337 1988 3386 2040 vi
3403 1988 3596 2042 jelicct
3651 2006 3712 2046 ac

2123 2074 2279 2128 malis
2305 2074 2780 2144 pratdicatoribus,
2806 2075 3032 2145 loquens
3061 2077 3374 2148 Apostolus,
3400 2079 3476 2132 ait
3517 2098 3530 2132 :
3573 2079 3714 2145 Quid

2121 2165 2302 2217 enim?
2347 2165 2473 2217 dum
2509 2166 2807 2220 omnimodo
2848 2169 2955 2221 sive
2995 2185 3088 2238 per
3113 2169 3588 2234 occasionem,sire
3627 2188 3717 2242 per

2123 2257 2389 2309 veritatem
2422 2255 2662 2310 Christus
2693 2260 3053 2322 unuuntietur,
3083 2269 3130 2312 et
3155 2261 3207 2312 in
3237 2261 3332 2314 hoc
3356 2262 3593 2331 gaudeo,
3625 2265 3717 2317 sed

2123 2357 2169 2399 et
2199 2346 2457 2417 gaudebo.

2199 2437 2262 2493 Υ.
2289 2436 2569 2508 Colligitur
2597 2437 2780 2510 itaque
2817 2455 2880 2495 ex
2916 2440 3189 2510 praufictis
3217 2446 3411 2508 rebus,
3441 2447 3582 2514 quod
3619 2459 3721 2501 nec

2127 2530 2458 2588 sacerdotes.
2486 2545 2608 2584 cum
2649 2531 3031 2596 exaudiuntur,
3064 2541 3155 2587 aut
3199 2534 3543 2604 prredicando
3591 2551 3720 2603 pro-

2127 2628 2272 2684 sunt,
2301 2619 2508 2672 meritis
2537 2620 2650 2674 suis
2699 2620 2897 2675 debent
2943 2622 3202 2687 tribucre,
3235 2623 3330 2677 sed
3384 2639 3570 2678 eorum
3621 2640 3722 2693 pro

2126 2709 2323 2784 quibus
2349 2708 2465 2762 btec
2489 2715 2686 2778 agunt;
2738 2708 2768 2748 ι)
2811 2724 2910 2764 nec
2950 2711 3179 2780 papulus
3218 2711 3517 2767 sacerdotis
3545 2713 3723 2781 culpa:

2127 2800 2407 2869 deputare,
2434 2800 2530 2855 sed
2552 2813 2702 2865 suae,
2731 2816 2854 2856 cum
2897 2803 3151 2869 sacerdos
3181 2818 3282 2857 nec
3312 2803 3516 2858 orando
3543 2803 3720 2872 proii-

2128 2890 2221 2952 cit,
2251 2904 2350 2942 nec
2380 2888 2676 2957 loquendo;
2727 2888 2852 2943 licet
2881 2890 3033 2945 vario
3071 2892 3351 2961 contingat
3376 2892 3555 2956 modo,
3578 2892 3725 2946 sicut

2129 2978 2319 3032 beatus
2340 2993 2476 3047 papa
2502 2977 2796 3049 Gregorius
2825 2979 3068 3043 alilrmat,
3097 2981 3284 3036 dicens
3313 2981 3537 3052 (Homil.
3567 2982 3635 3035 l7
3667 2983 3725 3035 in

2131 3066 2359 3138 Ecang.)
2389 3085 2400 3119 :
2438 3085 2456 3117 ‹
2497 3067 2651 3137 Saepe
2688 3070 2832 3123 enim
2865 3052 2963 3139 pro
2998 3085 3091 3124 sua
3136 3071 3373 3140 nequitia
3417 3072 3729 3142 prmdicut-

2133 3157 2267 3212 tium
2298 3157 2480 3226 lingua
2511 3158 2887 3228 restringitur;
2921 3173 3062 3228 saape
3089 3173 3218 3215 vero
3249 3175 3315 3214 ex
3353 3159 3724 3227 subiectorum

2129 3249 2285 3317 culpa
2310 3250 2488 3319 agitur
2508 3258 2566 3303 ut
2593 3250 2672 3305 eis
2695 3253 2785 3320 qui
2811 3261 3072 3320 prmsunt,
3103 3253 3503 3323 praedicationis
3529 3268 3720 3308 sermo

2131 3328 2506 3397 subtrahatur.
2544 3361 2562 3394 ι
2602 3342 2727 3397 llzec
2776 3344 2980 3402 idcirco
3026 3346 3286 3410 dicimus,
3303 3353 3362 3399 ut
3397 3344 3728 3400 ostendatur

2133 3441 2188 3486 et
2212 3447 2311 3501 per
2336 3434 2506 3487 bonos
2535 3441 2590 3487 et
2614 3449 2711 3503 per
2754 3433 2924 3489 malos
2954 3435 3093 3489 bona
3123 3450 3280 3506 posse
3317 3434 3724 3502 administrari;

2132 3524 2450 3597 plerumque
2487 3532 2668 3578 autem
2709 3524 2883 3579 bonos
2921 3525 3078 3579 malis
3106 3527 3362 3597 prodesse
3393 3541 3498 3580 non
3534 3541 3724 3595 posse,

2135 3623 2189 3667 et
2220 3613 2290 3666 ab
2323 3602 2553 3668 utilitate
2600 3613 2889 3669 ministerii
2929 3615 3235 3684 prohiberi;
3286 3611 3433 3670 sicut
3463 3617 3731 3672 Dominus

2140 3707 2206 3761 de
2230 3703 2431 3758 infideli
2471 3706 2628 3760 vinea
2674 3705 2920 3775 loquens,
2947 3707 3023 3760 ait
3055 3726 3070 3760 :
3108 3705 3178 3761 Et
3211 3707 3430 3764 nubibus
3459 3709 3728 3764 mandabo

2141 3814 2204 3850 ne
2223 3796 2406 3866 pluunt
2430 3813 2585 3865 super
2613 3813 2727 3850 eam
2758 3797 2998 3851 imbrem.
3025 3797 3129 3853 Sed
3153 3808 3207 3853 et
3244 3797 3532 3855 Jeremiam
3580 3801 3727 3866 idem

2140 3887 2397 3940 Dominus
2419 3885 2696 3957 prohibens
2727 3904 2740 3940 :
2778 3885 3102 3958 Tu,-inquit,
3133 3888 3242 3943 noli
3287 3906 3439 3944 orare
3485 3907 3582 3960 pro
3629 3906 3729 3960 po—

2141 3977 2267 4048 pulo
2315 3979 2435 4042 hoc,
2481 3996 2572 4033 nec
2609 3996 2850 4034 assumas
2875 3983 2972 4051 pro
3001 3982 3075 4034 eis
3097 3980 3306 4035 laudem
3336 3991 3390 4036 et
3411 3983 3725 4049 orationem,

1800 4066 2066 4123 BALUZII
2107 4066 2344 4120 NOTAE.

449 4161 565 4216 l‘usa
592 4169 756 4230 atque
784 4159 1004 4215 fundata
1044 4173 1132 4224 δη,
1184 4175 1286 4215 nee
1334 4159 1718 4214 miracularlla
1749 4160 1804 4213 in
1846 4169 2030 4213 nostra

450 4243 704 4300 tempora
720 4232 916 4285 durare
956 4232 1216 4299 permissa
1247 4239 1371 4286 sunt
1396 4244 1425 4292 ,‘
1461 4245 1528 4284 ne
1576 4231 1787 4283 animus
1817 4245 2033 4299 semper

448 4299 679 4356 visibilis
707 4310 994 4369 quaereret,
1047 4309 1100 4352 et
1129 4315 1316 4355 eorum
1353 4299 1744 4370 consuetudine
1775 4299 2032 4370 frigesce-

451 4381 535 4425 ret
575 4368 1082 4441 genushumanum,
1136 4385 1365 4438 quorum
1411 4370 1653 4441 novitate
1701 4368 1966 4441 flagravit.
2009 4389 2026 4420 ι

445 4438 680 4495 Carolus
707 4440 951 4510 Magnus,
979 4439 1118 4510 libro
1145 4456 1216 4503 tv,
1243 4454 1369 4510 cap.
1399 4439 1464 4491 15
1498 4456 1509 4490 :
1551 4438 1838 4493 «Ecclesia
1866 4454 2032 4510 nam.-

450 4526 558 4591 que
578 4509 862 4591 catholica,
896 4509 1091 4591 inquit,
1123 4518 1181 4562 ut
1206 4509 1272 4588 ad
1303 4509 1461 4561 tidem
1486 4517 1774 4591 cresceret,
1803 4509 2031 4588 miraeu-
2058 4523 2111 4582 D

451 4577 518 4634 iis
544 4589 666 4634 erat
693 4577 1002 4640 nutrienda,
1031 4589 1087 4632 et
1115 4587 1175 4631 ut
1222 4577 1338 4645 ejus
1367 4578 1573 4632 novella
1612 4578 1875 4646 plantatio
1906 4593 2034 4632 eun-

442 4650 786 4719 ‘valcsceret,
803 4649 1034 4704 assiduis
1054 4656 1172 4704 erat
1195 4647 1602 4719 irrigatiouibus
1624 4647 1872 4719 fovenda.
1890 4670 1907 4700 ι
1943 4650 2036 4702 Sic

454 4721 747 4788 Aymoinus
770 4718 1131 4774 Floriaeensis
1159 4722 1212 4788 in
1257 4718 1480 4788 prologo
1531 4720 1597 4788 ad
1639 4718 1814 4788 Vitam
1862 4720 2039 4772 sancti

458 4779 695 4860 Abbonis
748 4791 976 4859 ingenue
1013 4779 1298 4860 proﬁtetur
1324 4779 1594 4860 miracula
1629 4787 1715 4849 illa
1766 4789 2037 4842 neminem

456 4859 760 4942 sublevare,
787 4858 1070 4942 et‘absque
1095 4858 1436 4942 iisbomines
1462 4871 1621 4942 posse
1652 4872 1772 4938 esse
1796 4867 2034 4942 sanctos.

459 4947 480 4975 ι
517 4928 574 4982 Si
603 4937 782 4983 autem
831 4927 1122 4997 quispiam,
1165 4927 1372 4995 inquit,
1422 4928 1622 4997 idcirco
1655 4927 1701 4979 ei
1749 4929 2041 4997 crediderit

458 4995 1021 5070 derogandum,'quod
1049 4999 1100 5052 in
1120 4997 1232 5070 vita
1256 5012 1352 5049 sua
1377 4997 1464 5070 vix
1495 4996 1659 5070 ullum
1691 4997 1938 5070 mirabile
1961 4995 2040 5050 fe-

452 5064 856 5139 eerit‘signum,
878 5064 1221 5139 rlegathvitas
1248 5064 1824 5139 excellentissimorum
1855 5067 2039 5139 docto-

459 5153 577 5190 rum
607 5135 887 5206 Atfgustini
922 5135 977 5192 et
1016 5137 1358 5206 Hieronymi;
1399 5147 1451 5188 et
1476 5136 1527 5188 in'
1554 5135 1635 5206 eis
1657 5150 1762 5188 non
1795 5136 2039 5206 prodigia

456 5204 831 5276 temporalium
853 5207 1150 5276 signorum,
1175 5204 1294 5274 qua:
1319 5205 1525 5276 faciunt
1547 5204 1866 5276 plerumque
1887 5204 2034 5276 mali,

455 5274 704 5346 sedi—vitae
747 5274 1054 5346 puritatem,
1107 5276 1364 5329 doetrina:
1389 5275 1622 5329 salubris
1651 5274 2036 5346 eloquentiam,

456 5354 512 5400 et
545 5345 665 5402 ﬁdei
697 5344 933 5402 inveniet
972 5347 1179 5401 laudari
1209 5346 1588 5399 constantiam.
1623 5364 1640 5394 ι
1683 5344 1856 5410 Quam
1883 5345 2037 5414 parvi

453 5430 618 5484 porro
639 5418 896 5470 momenti
923 5430 1042 5471 esse
1065 5417 1260 5470 debeat
1287 5415 1428 5469 fama
1449 5413 1841 5485 prodigiorum,
1879 5413 2039 5468 docet

455 5495 645 5541 auctor
669 5487 978 5556 appendicis
1013 5486 1079 5556 ad
1106 5485 1342 5556 Annales
1374 5484 1903 5556 lletnri_ci_Steronis.
1938 5485 2040 5539 Lo-

453 5568 629 5622 quens
649 5553 794 5610 enim
818 5558 883 5610 de
908 5555 1140 5624 quodam
1165 5555 1460 5615 Armanno;
1478 5553 2039 5624 quiobgeelebritatem

457 5626 695 5696 nominis
723 5622 996 5696 magnoin
1047 5625 1271 5696 honore
1295 5622 1608 5696 erat_apud
1646 5622 2038 5696 Ferrenenses,

453 5694 535 5748 ita
566 5697 756 5752 scribit
802 5692 869 5749 ad
908 5710 1107 5748 annum
1143 5694 1281 5747 1509.
1317 5713 1328 5746 :
1369 5714 1386 5744 ‹
1422 5693 1573 5746 Tunc
1613 5707 1811 5761 corpus
1855 5692 2038 5759 cujus-

459 5763 584 5817 dam
640 5766 860 5819 nomine
920 5764 1216 5824 Armanni,
1283 5766 1424 5832 quod
1460 5764 1519 5817 5|
1565 5763 1722 5832 annis
1779 5772 2039 5831 tanquam

457 5844 711 5890 sanctum
749 5837 813 5889 in
868 5835 1096 5889 ecclesia
1152 5831 1470 5888 Ferrenensi
1536 5831 1817 5884 exstiterat
1875 5848 2038 5890 vene-

2141 4168 2317 4232 ratum
2344 4201 2357 4224 ,
2392 4160 2494 4232 fuit
2535 4161 2715 4217 studio
2751 4171 2806 4216 et
2832 4163 3086 4217 mandato
3121 4162 3503 4232 inquisitorum
3550 4164 3720 4222 hatre-

2139 4231 2275 4302 tic:e
2324 4231 2607 4298 pravitatis
2663 4232 2718 4286 in
2777 4233 2882 4287 illis
2957 4231 3205 4302 partibus
3259 4235 3608 4286 exbumatum
3668 4246 3722 4290 et

2139 4300 2480 4373 combustum
2507 4340 2520 4363 ,
2564 4309 2820 4371 tanquam
2871 4300 3134 4373 damnati
3177 4302 3454 4368 haeretici;
3515 4310 3572 4357 et
3609 4305 3727 4373 sjus

2140 4370 2510 4476 ara.preti'osa
2549 4370 2820 4426 destructa
2861 4371 2982 4435 fuit.
3025 4393 3045 4424 ι
3108 4372 3308 4426 Rerum
3356 4370 3722 4428 humanarum

2140 4453 2385 4476 nnrrnnrn

2139 4453 2386 4507 euripum
2408 4453 2419 4493 !
3728 4456 3735 4461 ‘

2209 4522 2233 4550 ιι
2285 4508 2422 4564 Yero
2460 4511 3031 4584 proditori.‘Loq11_itur
3059 4511 3125 4566 de
3153 4510 3604 4584 JudaAlscariote,
3632 4520 3725 4584 qui

2137 4590 2270 4654 erat
2299 4596 2438 4636 unus
2462 4581 2535 4654 ex
2560 4583 2864 4654 duodecim.
2892 4581 3173 4654 Otloimp.
3205 4592 3258 4636 et
3287 4582 3530 4637 Romana
3561 4581 3725 4654 syrio-

2138 4651 2236 4702 (lus
2262 4652 2564 4722 in_epistola
2595 4652 2660 4704 ad
2693 4650 2953 4722 Joannem
3002 4651 3090 4704 ΧΗ
3117 4650 3333 4722 papam,
3378 4666 3498 4720 qute
3535 4650 3725 4715 ,δέδιθι

2139 4721 2278 4788 apud
2307 4720 2697 4790 Luitprandum
2721 4721 2812 4774 lib.
2846 4736 2921 4790 vt,
2945 4736 3065 4789 cap.
3110 4720 3214 4775 10':
3260 4740 3277 4772 ο
3311 4722 3480 4775 Judas
3508 4723 3725 4778 Domini

2139 4787 2307 4843 uestri
2333 4787 2457 4843 ἔρθύ
2483 4789 2688 4844 Christi
2707 4789 2975 4859 proditor,
3003 4787 3110 4845 imo
3133 4793 3397 4855 venditor,
3424 4806 3550 4846 cum
3566 4803 3725 4848 aete—

2139 4860 2215 4912 ris
2242 4859 2391 4933 pt-ius
2418 4859 2616 4933 ligandi
2641 4869 2804 4928 atque
2839 4861 3077 4933 solvendi
3108 4871 3432 4933 potestatem
3483 4876 3514 4914 a
3557 4863 3726 4933 magi-

2140 4937 2255 4981 stro
2280 4929 2329 4980 in
2362 4929 2477 4983 haec
2497 4930 2660 4983 verba
2689 4931 2899 4998 accepit
2927 4950 2939 4982 :
2970 4932 3136 4983 Amen
3159 4931 3279 4983 dico
3317 4929 3454 4984 vobis
3504 4947 3521 4984 :
3561 4929 3724 4996 Quie—

2140 5013 2341 5068 cunque
2372 4998 2659 5068 ligoveritis
2689 5015 2844 5067 super
2874 5009 3098 5064 terram,
3137 5011 3241 5054 etc.
3298 5000 3545 5066 Quandiu
3574 5003 3723 5060 enim

2140 5066 2481 5139 bonus_inter
2506 5066 2797 5136 discipulus
2826 5069 2944 5131 fuit,
2994 5069 3161 5138 ligare
3192 5081 3353 5139 atque
3379 5069 3591 5124 solvere
3635 5087 3726 5125 va-

2139 5135 2258 5206 luit.
2312 5136 2603 5206 Postquam
2646 5135 2777 5192 vero
2828 5135 3142 5206 cupiditatis
3193 5135 3404 5194 veneno
3458 5141 3725 5196 homicida

2141 5203 2338 5280 factus,
2369 5203 2532 5280 vitam
2559 5208 2811 5280 occidere
2832 5203 3029 5272 voluit;
3064 5225 3221 5278 quem
3256 5219 3454 5280 postea
3499 5211 3724 5278 ligatum

2139 5275 2356 5350 solvere
2375 5276 2672 5350 ,_solutum
2706 5276 2879 5344 ligare
2907 5275 3098 5350 potuit,
3139 5281 3241 5335 nisi
3255 5275 3328 5334 ‘se
3357 5275 3726 5350 ipsum‘quem

2143 5343 2515 5418 inlelicissimo
2535 5346 2731 5418 laqueo
2752 5343 3154 5417 'strangulavit?
3190 5370 3207 5401 ι

2214 5414 2244 5455 δ
2269 5414 2398 5489 ec
2421 5414 2647 5489 populus
2671 5433 2780 5470 sac.
2809 5414 2979 5489 culpa:
3007 5420 3275 5489 deputare.
3303 5417 3466 5489 Natat
3491 5419 3725 5487 imperiti

2143 5484 2338 5554 popelli
2367 5484 2699 5554 opinionem,
2729 5487 2821 5553 qui
2847 5484 2914 5541 es
2942 5484 3219 5542 miraculis
3253 5486 3463 5542 tantum
3492 5484 3726 5543 aestimat

2142 5555 2307 5607 vitam
2333 5556 2698 5620 sacerdotum,
2737 5571 2969 5624 eumque
3002 5560 3334 5612 sacerdotem
3366 5556 3576 5624 justum
3623 5572 3726 5611 non

2144 5638 2264 5678 esse
2301 5634 2470 5696 put_at,
2499 5626 2655 5694 cujus
2677 5641 2869 5695 preces
2895 5642 2994 5694 pro
3021 5627 3244 5696 publicis
3267 5628 3568 5696 commodis
3593 5625 3726 5696 etl‘uf

2146 5708 2349 5774 θωμιοη
2375 5693 2577 5774 fuerint
2598 5693 2866 5776 exaudita:
2889 5693 2917 5749 a
2943 5693 3087 5776 Deo_;_
3113 5713 3233 5776 cum
3259 5697 3438 5776 potius
3456 5694 3725 5776 ‘idjopuli

2146 5763 2316 5835 ipsius
2344 5764 2529 5830 pravis
2549 5764 2805 5835 moribus
2839 5776 2894 5818 et
2923 5763 3449 5835 gravibusin'Deunt
3481 5763 3724 5820 otl‘en’sio-

2152 5833 2309 5885 nibus
2339 5835 2518 5886 veniat
2546 5833 2942 5902 imputandum.
