3918 6326
142 393 253 451 153

1187 391 1277 446 DE
1319 388 1566 443 PRIVIL
1611 387 1697 442 ΕΤ
1739 387 1916 441 ,ιυιιε
1959 386 2389 467 SACERDOTII.

3323 395 3426 451 154

138 510 268 582 quia
302 524 404 562 non
433 507 717 562 exaudiam
746 515 812 561 te.
843 505 1111 560 Cieternm
1136 504 1280 574 quod
1312 518 1475 573 supra
1501 502 1736 555 diximus
1764 516 1809 571 Α
1842 503 1954 549 tum
1984 497 2309 566 sequestrati
2358 503 2483 551 sunt
2525 504 2577 551 et
2618 497 2825 566 praelati
2876 501 3088 569 populo,
3142 512 3201 556 ut
3238 502 3425 574 jubeat

140 602 211 657 de
231 601 399 665 Cain;
433 601 477 655 si
504 615 602 669 pro
624 599 744 655 aliis
766 598 1097 653 sacriﬁcium
1126 598 1591 667 obtulisset,quod
1620 596 1737 649 sine

141 694 413 749 cbaritate
443 694 556 747 ﬁeri
604 708 711 746 non
761 699 971 761 potest,
1002 691 1308 745 nullatenus
1349 688 1641 751 diceretur,
1669 686 1735 739 ad

140 785 278 841 Cain
306 792 363 839 et
386 785 453 839 ad
480 798 702 838 munera
739 783 859 853 ejus
885 797 992 837 non
1024 782 1330 852 respexisse
1356 780 1662 843 Dominum,
1682 779 1736 832 in

139 877 604 946 consequentibus
665 875 857 930 melius
902 873 1395 937 demonstrabitur,
1452 872 1497 926 si
1557 879 1736 925 tamen

139 970 275 1023 dare
294 968 550 1038 dignatus
572 966 733 1021 fuerit
754 966 1035 1021 Dominus.
1067 965 1289 1020 Interim
1316 964 1383 1019 de
1413 962 1736 1017 excellentia

140 1070 198 1114 et
228 1061 490 1131 dignitate
519 1061 809 1117 sacerdotii
834 1060 918 1114 vel
949 1059 1292 1115 sacerdotum
1331 1067 1510 1129 empta
1553 1072 1738 1128 perse-

141 1167 399 1222 quamur.

215 1242 303 1297 Vl.
334 1240 468 1308 Noe,
491 1256 765 1311 perquem
790 1241 1101 1305 restitutum
1117 1251 1200 1297 est
1224 1258 1395 1313 genus
1417 1242 1732 1309 humanum,

141 1342 269 1405 post
298 1332 558 1387 diluvium
609 1334 899 1388 miliﬁeavit
950 1334 1120 1388 altare
1170 1335 1418 1399 Domino,
1455 1346 1509 1389 et
1545 1336 1737 1390 obtulit

138 1416 491 1489 holocausta;
543 1425 909 1495 odoratnsque
946 1434 1032 1481 est
1053 1425 1314 1481 Dominus
1342 1427 1565 1481 odorem
1605 1442 1731 1481 sua...

140 1514 350 1579 vitatis,
379 1520 435 1569 et
460 1512 541 1568 ait
563 1514 630 1568 ad
660 1507 825 1569 eum‘:
862 1514 1209 1586 Nequaquam
1243 1515 1384 1569 ultra
1420 1515 1733 1570 maledicam

141 1614 299 1659 terra:
318 1615 530 1675 propter
555 1606 808 1659 homines.
836 1604 1190 1661 Melchisedec
1213 1622 1306 1661 rex
1334 1606 1534 1670 Salem,
1553 1622 1735 1661 sacer—

143 1694 243 1749 dos
263 1693 357 1748 Dei
386 1694 585 1749 excelsi
617 1693 783 1749 fuisse
807 1694 1094 1760 scribitur;
1135 1695 1203 1749 de
1231 1710 1340 1764 quo
1388 1694 1682 1765 Apostolus
1717 1714 1728 1747 :

142 1782 457 1851 Intuemini,
490 1786 585 1851 ait,
610 1796 839 1857 quantus
871 1787 938 1839 sit
964 1786 1076 1850 hic,
1102 1788 1188 1840 cui
1213 1798 1261 1840 et
1308 1786 1538 1841 decimas
1590 1787 1731 1840 dedit

1838 586 2101 640 Dominus
2130 587 2346 657 Moysen
2389 588 2571 643 dicere
2611 591 2711 655 eis,
2746 591 2924 644 Aaron
2957 592 3164 647 scilicet
3209 602 3264 648 et
3304 595 3431 652 ﬁliis

1834 674 1956 742 ejus
1990 692 2001 727 :
2035 672 2123 729 Sic
2150 675 2460 729 benedicetis
2487 678 2614 745 ﬁliis
2642 678 2833 733 Israel.
2860 681 2925 734 Et
2947 692 3069 750 post
3096 684 3431 739 benedictio-

1839 780 1985 829 nem,
2012 762 2355 830 Invocabunt,
2373 767 2472 832 ait,
2493 785 2678 823 nomen
2698 787 2868 824 meum
2891 790 3050 841 super
3068 773 3209 842 ﬁlios
3236 774 3426 840 Israel,

1838 863 1886 906 et
1920 870 2013 924 ego
2043 854 2345 909 benedicam
2372 857 2468 911 eis.
2516 858 2632 913 Non
2676 859 2752 914 illi
2797 863 3147 929 benedicent,
3173 868 3267 920 sed
3294 881 3425 939 ego;

1838 943 2054 998 illorum
2078 954 2164 998 est
2190 946 2465 1013 invocare,
2500 964 2679 1003 meum
2710 960 2797 1005 est
2838 953 3179 1010 benedicere.
3214 956 3269 1010 In
3311 959 3431 1028 qui-

1838 1034 1940 1088 bus
1964 1036 2147 1090 verbis
2180 1052 2288 1091 non
2329 1039 2531 1109 excipit
2579 1041 2770 1104 malos,
2823 1044 2918 1098 sed
2966 1044 3031 1099 de
3082 1048 3334 1103 omnibus
3373 1050 3429 1103 in

1838 1140 2125 1181 commune
2170 1126 2428 1196 loquitur,
2455 1128 2610 1183 benis
2647 1130 2900 1187 videlicet
2943 1141 2999 1188 et
3040 1136 3214 1191 malis.
3263 1137 3433 1195 Malos

1836 1214 2088 1280 dicimus,
2116 1217 2257 1271 sicut
2298 1214 2514 1273 fuerunt
2559 1220 2756 1289 Oplini,
2801 1232 2858 1276 et
2904 1224 3157 1290 Phineas,
3205 1226 3429 1293 Somna,

1838 1313 1891 1355 et
1920 1304 2247 1370 l’bailassnr,
2273 1318 2327 1361 et
2371 1311 2553 1363 ueteri
2590 1311 2745 1375 tales,
2777 1313 2903 1368 licet
2948 1315 3037 1370 isti
3082 1317 3136 1370 in
3174 1321 3431 1387 praesenti

1838 1394 1942 1446 vita
1962 1396 2261 1463 receperint
2277 1398 2589 1453 vindicmm.
2610 1400 2719 1458 Nec
2736 1403 3071 1461 solummodo
3088 1410 3432 1464 sacerdotum

1838 1480 1937 1535 fuit
1972 1494 2128 1539 orare
2156 1501 2255 1554 pro
2282 1488 2512 1557 populo,
2545 1475 2640 1545 sed
2684 1502 2738 1545 et
2788 1495 3029 1550 omnium
3080 1496 3391 1554 Levitarum
3415 1542 3429 1563 ,

1837 1573 1978 1627 sicut
2005 1576 2120 1645 ipse
2150 1578 2415 1633 Dominus
2442 1579 2575 1634 dicit
2606 1600 2617 1633 :
2655 1581 2774 1635 Tuli
2828 1584 3035 1639 Levitas
3085 1605 3178 1656 pro
3231 1600 3432 1645 cunctis

1834 1664 2194 1735 primogenitis
2218 1667 2461 1736 ﬁliorum
2482 1670 2675 1735 Israel,
2705 1673 3002 1744 tradidit/ue
3033 1692 3119 1730 eos
3147 1677 3283 1731 dono
3320 1680 3430 1733 Aa-

1814 1774 1931 1823 ron
1956 1770 2003 1812 et
2041 1752 2167 1825 filiis
2198 1763 2314 1831 ejus
2365 1763 2429 1816 de
2475 1764 2644 1818 medio
2681 1766 2893 1836 pepuli,
2914 1778 2969 1820 ut
3023 1770 3249 1824 serviunt
3302 1771 3430 1824 mitti

142 1880 208 1931 de
264 1849 544 1949 rma-[guis
574 1849 579 1851 “
594 1849 861 1931 Abraham
914 1878 1242 1947 patriarcha.
1302 1877 1493 1933 patres
1547 1879 1727 1943 clem,
1762 1864 1806 1921 Β
1833 1865 1928 1949 pro
1951 1849 2128 1949 lsrael
2155 1853 2208 1905 in
2239 1853 2580 1949 tabernaculo
2608 1854 2840 1949 (aderis,
2873 1874 2913 1910 e.
2943 1869 3089 1912 orent
3119 1876 3213 1929 pro
3240 1862 3333 1924 eis,
3365 1878 3427 1915 ne

142 1970 415 2026 Abraham
447 1970 676 2033 scilicet,
721 1971 870 2023 lsaac
906 1979 960 2024 et
991 1968 1157 2025 Iacob
1198 1970 1305 2040 (de
1335 1968 1531 2039 quibus
1558 1970 1738 2024 Domi-

142 2076 247 2114 nus
272 2061 337 2114 ad
370 2060 538 2114 David
565 2058 802 2129 loquitur
827 2074 841 2111 :
878 2058 1005 2112 Feci
1028 2075 1215 2113 nomen
1242 2068 1389 2113 tuum
1416 2060 1549 2113 sicut
1581 2061 1738 2113 unius

140 2168 451 2222 magnorum
472 2150 562 2222 qui
582 2149 915 2206 celebrantur
937 2151 993 2203 in
1021 2150 1211 2219 terra),
1229 2149 1529 2205 :ediﬁcasse
1550 2150 1739 2221 legun-

145 2249 233 2293 tur
260 2240 469 2294 altaria.
509 2239 707 2294 Beatus
744 2255 958 2309 quoque
984 2237 1086 2293 Job
1136 2240 1448 2295 holocausta
1489 2257 1586 2310 per
1631 2242 1743 2312 sing

140 2330 296 2402 gulos
318 2330 436 2387 dies
456 2331 711 2387 scribitur
734 2331 1025 2397 obtulisse;
1067 2338 1144 2397 et,
1175 2343 1233 2386 ut
1261 2333 1454 2388 beatus
1478 2334 1739 2407 Hierony-

141 2440 263 2479 mus
286 2424 383 2489 ait,
418 2443 436 2475 ι
471 2423 707 2493 Antiqua
739 2423 1049 2479 Judceorum
1074 2425 1293 2481 traditio
1322 2432 1425 2491 est,
1443 2428 1587 2497 quod
1613 2437 1738 2483 ante

140 2521 316 2589 legem
345 2535 537 2575 omnes
564 2519 908 2589 primogeniti
939 2518 1141 2573 fuerint
1168 2521 1506 2586 sacerdotes,
1530 2530 1585 2576 et
1628 2522 1737 2576 Deo

140 2612 396 2665 victimas
425 2610 777 2664 immolarint.
811 2629 828 2661 ι
855 2610 911 2663 ln
939 2609 1057 2679 lege
1082 2619 1263 2665 autem
1300 2612 1596 2666 assumitur
1635 2612 1737 2665 tri-

139 2699 245 2753 bus
278 2698 407 2775 Levi
436 2710 535 2768 pro
556 2698 704 2753 omni
727 2699 1090 2769 primogenito
1113 2701 1204 2769 qui
1232 2702 1409 2771 aperit
1438 2701 1649 2755 vulvam
1683 2701 1739 2779 in

141 2785 268 2844 ﬁliis
290 2788 479 2853 Israel,
512 2790 755 2858 ﬁuntque
782 2789 983 2844 Levita:
1008 2790 1125 2855 Dei,
1155 2791 1464 2861 diciturque
1489 2792 1555 2847 ad
1586 2790 1735 2861 Moy-

138 2893 279 2934 sen:
315 2877 461 2933 Tolle
485 2876 692 2933 Lecitas
718 2896 812 2949 pro
847 2880 1209 2950 primogenitis
1257 2881 1493 2950 ﬁliorum
1542 2880 1734 2945 Israel,

136 2977 188 3021 et
218 2984 410 3039 pecora
450 2966 750 3022 Levitarum
779 2985 873 3039 pro
916 2971 1191 3041 pecoribus
1245 2989 1449 3039 eorum,
1477 2984 1735 3045 eruntque

136 3055 337 3111 Levita:
359 3059 481 3111 mei.
513 3056 628 3128 Ego
656 3075 771 3112 sum
799 3059 1075 3114 Dominus.
1108 3059 1373 3116 Externus
1410 3064 1502 3134 qui
1538 3064 1608 3117 ad
1643 3064 1737 3118 mi-

137 3148 477 3202 nistrandum
506 3150 813 3214 accesserit,
842 3150 1115 3203 morietur.
1144 3151 1211 3204 Et
1238 3165 1327 3206 res
1354 3152 1493 3205 mira
1515 3193 1529 3218 ,
1552 3161 1738 3207 et.ve-

136 3243 427 3296 hemeuter
458 3242 752 3311 stupenda!
784 3239 987 3297 Omnes
1012 3242 1212 3298 Levita:
1237 3259 1374 3315 quos
1414 3259 1739 3299 numerave-

138 3342 271 3388 runt
295 3332 507 3402 Moyses
540 3340 595 3387 et
630 3332 811 3386 Aaron
843 3331 999 3401 juxta
1043 3341 1375 3402 praeceptum
1402 3334 1615 3388 Domini
1640 3350 1739 3404 per

138 3420 379 3476 familias
407 3436 535 3476 suas
564 3421 617 3475 in
661 3436 861 3492 genere
904 3421 1207 3476 masculino
1233 3437 1265 3477 a
1295 3436 1484 3477 mense
1528 3438 1640 3477 uno
1681 3432 1738 3477 et

136 3527 329 3582 supra,
361 3510 583 3566 fuerunt
620 3512 808 3582 viginti
845 3512 950 3566 duo
990 3510 1158 3566 millia
1180 3552 1194 3575 ,
1217 3512 1359 3566 sicut
1390 3512 1583 3582 viginti
1619 3512 1738 3567 dum

138 3601 339 3656 litterae
356 3600 498 3671 apud
538 3599 814 3664 Hebraeos,
845 3608 901 3655 et
928 3600 1119 3671 viginti
1148 3600 1254 3655 duo
1280 3600 1403 3655 libri
1425 3600 1620 3656 divinae
1646 3616 1738 3655 au-

135 3689 416 3745 ctoritatis
436 3689 491 3769 in
513 3686 695 3743 Veteri
723 3687 1091 3742 Testamento.
1126 3686 1194 3742 Ut
1220 3687 1273 3742 id
1306 3688 1480 3759 ipsum
1505 3688 1576 3741 sit
1596 3688 1739 3757 quod

138 3784 193 3834 in
219 3779 645 3834 Deuteronomio
668 3778 899 3832 dicitur:
928 3776 1154 3849 Scripsit
1177 3780 1353 3849 itaque
1376 3778 1583 3848 Moyses
1599 3778 1736 3831 hanc

138 3869 311 3941 legem
361 3878 410 3922 et
466 3868 685 3922 tradidit
732 3885 846 3921 eam
898 3868 1253 3922 sacerdotibus
1294 3868 1420 3937 ﬁliis
1471 3867 1738 3939 Levi,.qui

137 3960 425 4029 portabant
451 3974 630 4012 arcam
654 3959 863 4029 [mderis
895 3958 1125 4024 Domini,
1144 3968 1191 4013 et
1222 3960 1420 4013 cunctis
1448 3960 1738 4013 senioribus

144 4047 392 4103 Israelis.

216 4138 331 4193 νη.
382 4137 570 4193 Sedet
604 4138 733 4193 illud
762 4140 910 4194 omni
961 4138 1327 4213 admiratione
1371 4140 1595 4211 dignum
1647 4153 1733 4196 est

140 4230 290 4299 quod
332 4230 677 4301 primogeniti
734 4230 965 4285 ﬁliorum
1020 4230 1205 4295 Israel,
1235 4246 1331 4300 pro
1380 4232 1576 4299 quibus
1628 4231 1736 4285 dati

139 4334 271 4380 sunt
305 4324 403 4378 ﬁlii
446 4322 597 4388 Levi,
626 4322 847 4378 fuerunt
892 4323 1117 4379 masculi
1158 4339 1257 4394 per
1300 4324 1518 4379 nomina
1563 4338 1659 4377 sua
1706 4338 1735 4376 a

139 4430 335 4471 mense
375 4429 486 4470 uno
529 4423 583 4469 et
627 4430 811 4484 supra,
845 4416 1031 4487 viginti
1061 4416 1167 4470 duo
1196 4414 1380 4476 millia,
1408 4414 1626 4469 ducenti
1654 4429 1739 4469 se-

138 4507 431 4578 ptuaginta
466 4513 597 4560 tres.
630 4504 764 4559 Nam
792 4504 982 4575 viginti
1026 4504 1151 4565 duo,
1184 4512 1245 4557 ut
1274 4503 1475 4558 dictum
1504 4512 1605 4567 est,
1640 4520 1739 4557 nu-

1839 1941 1907 1994 sit
1944 1941 1996 1993 in
2025 1954 2219 2013 popqu
2246 1945 2423 2015 plaga,
2448 1947 2493 1998 si
2520 1947 2638 2000 ausi
2668 1947 2865 2016 fuerint
2913 1950 3158 2005 accedere
3195 1952 3265 2003 ad
3307 1968 3430 2005 san-

1840 2032 2123 2085 cluarium.
2162 2033 2260 2088 Ubi
2302 2036 2598 2109 notandum
2643 2038 2856 2091 videtur
2883 2040 3007 2108 quia
3056 2041 3204 2096 sicut
3238 2056 3430 2096 omnes

1840 2126 2154 2180 sacerdotes
2179 2136 2232 2181 et
2256 2126 2459 2183 Levita:
2485 2131 2658 2184 sancti
2689 2137 2740 2184 et
2759 2130 2889 2198 justi
2932 2147 3053 2188 esse
3093 2150 3201 2189 non
3240 2145 3431 2204 potue-

1838 2228 1988 2285 runt,
2013 2221 2090 2275 ita
2114 2234 2217 2275 nec
2244 2236 2434 2278 omnes
2460 2225 2642 2278 caeteri
2677 2224 2933 2280 Israelitze
2963 2226 3131 2296 iniqui
3159 2238 3209 2283 et
3234 2218 3430 2297 pecca-

1841 2322 1985 2367 tores
2008 2314 2131 2367 :sed
2159 2321 2339 2368 tamen
2364 2329 2463 2383 per
2484 2327 2800 2384 peceatores
2817 2320 3125 2373 sacerdo-.es
3141 2326 3195 2375 et
3216 2319 3432 2375 Levitas

1838 2406 2105 2476 completa
2134 2415 2261 2461 sunt
2286 2407 2543 2462 salutaria
2572 2410 2774 2477 populi,
2791 2425 2911 2479 qure
2933 2426 3031 2481 per
3050 2411 3229 2482 justos
3247 2413 3428 2483 populi

1839 2498 2051 2568 impleri
2086 2514 2193 2553 non
2226 2508 2541 2569 potuerunt.
2590 2502 2658 2555 Et
2702 2485 3012 2573 quanquam
3057 2514 3261 2559 teterna
3319 2501 3428 2564 i‘ita

1838 2588 1958 2658 plus
1984 2590 2129 2660 digni
2161 2599 2287 2644 sunt
2309 2589 2439 2659 justi
2478 2592 2767 2662 populares
2802 2609 2963 2663 quam
3014 2594 3199 2665 injusti
3248 2611 3433 2651 sacer-

1837 2681 2013 2746 dotes,
2036 2689 2216 2735 tamen
2240 2692 2581 2736 sacramenta
2602 2684 2656 2737 in
2679 2684 2875 2753 quibus
2904 2685 3051 2740 salus
3080 2687 3259 2756 populi
3296 2703 3429 2743 con-

1840 2774 1987 2828 sistit
2013 2789 2173 2844 agete
2204 2782 2431 2843 possunt
2448 2773 2632 2843 injusti
2656 2775 2988 2842 sacerdotes,
3006 2779 3152 2846 quod
3177 2792 3282 2832 non
3307 2792 3434 2848 pos-

1838 2872 1964 2919 sant
1985 2864 2123 2934 justi
2141 2864 2430 2934 populares
2456 2883 2469 2916 :
2495 2864 2704 2920 scilicet
2725 2867 2850 2936 quia
2874 2867 3016 2922 valet
3046 2869 3100 2922 in
3147 2870 3433 2938 qualicun-

1840 2969 1946 3023 que
1978 2954 2229 3008 ministro
2278 2953 2394 3023 ipsa
2450 2954 2533 3008 vis
2583 2955 2893 3021 ministerii,
2944 2960 3086 3026 quod
3138 2975 3242 3013 non
3294 2961 3434 3015 valet

1833 3041 2047 3115 justitia
2074 3043 2127 3096 in
2154 3058 2219 3097 eo
2249 3044 2335 3098 cui
2369 3059 2476 3097 non
2505 3040 2821 3099 conceditur
2847 3046 3066 3102 licentia
3112 3050 3429 3105 ministrari-

1840 3136 1915 3191 di.
1954 3134 2133 3204 Atque
2160 3136 2265 3190 hoc
2291 3137 2457 3189 etiam
2496 3143 2658 3206 atque
2695 3137 2860 3191 etiam
2891 3137 3100 3211 Moyses
3121 3141 3316 3210 populo
3346 3143 3429 3195 in—

1766 3208 1810 3269 (ἶ
1846 3227 2047 3292 culcat,
2075 3228 2260 3282 dicens
2290 3244 2302 3280 :
2344 3226 2621 3298 Separuvit
2660 3228 2919 3283 Dominus
2968 3208 3159 3283 tribum
3193 3208 3334 3294 Lcri,
3375 3244 3433 3286 ut

1839 3327 2071 3390 portaret
2101 3323 2278 3372 arcam
2301 3318 2513 3387 fcederis
2544 3319 2777 3383 Domini,
2809 3329 2856 3374 et
2890 3330 3050 3375 staret
3079 3338 3255 3377 coram
3287 3340 3345 3378 co
3371 3325 3425 3379 in

1839 3410 2151 3473 ministerio,
2177 3425 2238 3461 ac
2268 3408 2588 3463 benediceret
2616 3411 2672 3463 in
2696 3412 2904 3465 nomine
2929 3412 3095 3467 illius.

1910 3498 2045 3553 VIII.
2096 3498 2155 3553 In
2192 3506 2401 3552 tantum
2443 3508 2623 3553 autem
2667 3501 2736 3554 ab
2782 3501 2905 3555 aliis
2946 3501 3257 3558 iutcntanda
3308 3514 3435 3560 sunt

1841 3596 2183 3644 sacramenta
2207 3587 2416 3654 altaris,
2433 3594 2495 3642 ut
2514 3588 2659 3643 dicat
2683 3589 2945 3645 Dominus
2968 3592 3036 3645 ad
3054 3586 3232 3647 Aaron
3256 3611 3268 3645 :
3290 3593 3363 3647 Tu
3384 3605 3431 3648 et

1840 3683 1941 3753 ﬁlii
1969 3684 2047 3736 tui
2073 3691 2122 3736 et
2152 3682 2341 3736 domus
2380 3682 2565 3751 patris
2587 3685 2666 3736 tui
2698 3692 2891 3747 tecum,
2921 3685 3199 3755 portabitis
3240 3688 3433 3757 iniqui-

1841 3784 1999 3828 tatem
2028 3774 2343 3836 sanctuarii,
2372 3782 2420 3827 et
2449 3782 2506 3826 tu
2545 3782 2593 3827 et
2619 3773 2720 3843 ﬁlii
2770 3776 2848 3828 tui
2897 3776 3057 3829 simul
3110 3779 3434 3835 sustinebitis

1839 3875 2052 3937 peccata
2080 3865 2361 3920 sacerdotii
2388 3867 2564 3919 vestri.
2601 3866 2666 3921 Et
2694 3876 2814 3937 post
2838 3867 3019 3938 aliqua
3051 3887 3063 3922 :
3096 3868 3157 3924 Si
3195 3873 3310 3942 quis
3338 3890 3431 3927 ex-

1841 3968 2019 4012 ternus
2050 3958 2345 4020 accesserit,
2376 3959 2663 4013 occidetur.
2709 3960 2861 4027 Quod
2895 3964 3210 4019 terribiliter
3237 3965 3435 4037 legitur

1841 4048 2190 4118 adimpletum
2220 4049 2273 4102 in
2297 4048 2427 4114 Oza,
2452 4065 2574 4104 cum
2605 4045 2900 4105 adduceret
2925 4052 3093 4108 Davi]
3118 4070 3300 4110 arcam
3330 4055 3435 4110 Do-

1844 4138 1972 4193 mini
2001 4141 2066 4194 de
2090 4140 2252 4203 domo
2275 4139 2599 4207 Aminadab,
2623 4141 2763 4195 sicut
2791 4143 3051 4212 scriptum
3081 4152 3165 4199 est
3196 4164 3207 4198 :
3239 4145 3306 4199 Et
3334 4148 3433 4201 im-

1839 4238 2125 4308 posuerunt
2149 4245 2331 4282 arcam
2354 4228 2567 4283 Domini
2590 4248 2747 4301 super
2772 4232 3066 4301 plaustrum
3101 4251 3307 4300 novum,
3343 4246 3432 4289 tu-

1840 4320 2114 4391 leruntque
2159 4338 2339 4375 arcam
2392 4321 2456 4375 de
2504 4322 2659 4376 domo
2708 4318 3024 4389 Aminadab,
3066 4329 3155 4397 qui
3210 4338 3323 4381 erat
3376 4329 3433 4385 in

1844 4410 2049 4467 Gabaa.
2090 4412 2200 4469 Oza
2231 4421 2411 4466 autem
2443 4420 2497 4467 et
2532 4412 2671 4468 Abio
2698 4412 2792 4468 ﬁlii
2819 4414 3124 4471 Aminadab
3154 4417 3433 4472 minabant
3524 4427 3530 4433 ‘

1843 4503 2395 4572 plaustrum'novum.
2439 4502 2507 4557 Et
2533 4511 2655 4573 post
2682 4518 2853 4573 pauca
2882 4524 2893 4557 :
2928 4505 3215 4578 Postquam
3257 4520 3433 4563 autem

140 4574 302 4650 merci
323 4595 633 4648 litterarum
660 4574 893 4647 concinit
932 4600 988 4647 et
1028 4591 1310 4656 librorum,
1342 4591 1545 4646 habent
1574 4608 1735 4660 supra
1764 4574 1816 4633 D
1843 4603 2088 4649 venerunt
2120 4594 2190 4645 ad
2229 4608 2410 4646 arcam
2439 4592 2687 4660 Nachon,
2711 4596 2943 4649 extendit
2970 4574 3184 4652 manum
3223 4588 3334 4653 Oia
3359 4603 3434 4654 ad

138 4687 416 4755 duplicem
462 4683 837 4739 centenarium
859 4723 874 4747 ,
897 4682 1299 4753 septemplicem
1330 4682 1613 4737 denarium
1635 4724 1649 4749 ,
1685 4690 1742 4737 et

138 4777 451 4848 simplicem
499 4776 819 4839 ternarium,
860 4790 1117 4829 numeros
1160 4775 1215 4828 in
1248 4785 1273 4814 ι
1304 4774 1500 4829 divinis
1544 4774 1740 4829 litteris

139 4868 573 4925 sacratissimos.
603 4867 681 4920 Ex
704 4866 806 4921 hoc
823 4865 934 4935 jam
960 4876 1201 4947 tempore
1228 4881 1333 4920 non
1362 4866 1601 4934 oportuit
1619 4880 1739 4921 esse

138 4961 464 5017 sacerdotes
518 4972 870 5028 quoscunque
918 4956 1322 5035 primigenitos,
1372 4958 1465 5013 sed
1528 4964 1737 5011 tantum

138 5050 365 5105 Levitas
420 5048 559 5103 ﬁlios
611 5047 819 5112 Aaron,
860 5047 953 5116 qui
1001 5047 1234 5116 separati
1271 5056 1398 5102 sunt
1446 5064 1475 5101 a
1515 5047 1734 5117 populo,

138 5144 284 5198 sicut
319 5139 591 5207 scriptum
614 5147 697 5193 est
732 5156 745 5190 :
775 5137 991 5191 Tribum
1029 5136 1153 5191 Levi
1190 5137 1297 5190 noli
1328 5153 1624 5201 numerare,
1649 5154 1739 5191 ne-

137 5250 238 5304 que
263 5247 443 5302 ponas
475 5245 735 5284 summam
762 5245 943 5283 eorum
976 5245 1094 5282 cum
1120 5228 1246 5297 ﬁliis
1280 5227 1484 5307 Israel,
1508 5229 1598 5282 sed
1618 5245 1739 5290 con-

137 5322 327 5375 stitues
376 5335 468 5373 eos
518 5335 676 5389 super
718 5316 1115 5373 tabernaculum
1156 5319 1458 5372 testimonii.
1512 5319 1579 5373 Et
1618 5327 1740 5390 post

138 5411 427 5482 paululum
458 5429 470 5463 :
504 5407 639 5464 Cum
668 5409 1103 5481 proﬁciscendum
1129 5410 1297 5499 fuerit
1316 5452 1331 5475 ,
1352 5412 1607 5482 deponent
1642 5411 1739 5466 Le-

138 5507 256 5560 ritte
305 5501 751 5567 tabernaculum;
798 5517 916 5555 cum
970 5502 1479 5566 castrametandum,
1516 5503 1731 5573 erigent.

142 5596 401 5667 Quisquis
423 5601 766 5649 externorum
796 5593 1089 5658 accesserit,
1120 5593 1405 5648 occidetur.
1432 5594 1499 5648 Et
1525 5594 1578 5647 in
1618 5604 1735 5648 tan-

1840 4699 2020 4736 arcam
2068 4681 2196 4746 Dei,
2249 4690 2297 4735 et
2356 4682 2523 4736 tenuit
2574 4700 2725 4749 eam,
2780 4686 3027 4754 quoniam
3083 4686 3431 4743 calcitrabant

1840 4773 2017 4835 boves,
2045 4781 2094 4826 et
2126 4770 2516 4826 declinaverant
2559 4790 2695 4828 eam.
2726 4774 3009 4846 [ratusque
3055 4788 3135 4831 est
3179 4778 3431 4849 indigna-

1841 4864 1981 4917 tione
2003 4862 2259 4916 Dominus
2282 4873 2465 4917 contra
2504 4862 2690 4928 01am,
2718 4875 2766 4918 et
2808 4868 3061 4936 percussit
3101 4885 3219 4922 eum
3274 4887 3433 4941 super

1840 4956 2152 5018 temeritate,
2182 4956 2291 5025 ~qui
2344 4966 2705 5011 mortuusrest
2755 4958 2828 5013 ibi
2872 4959 3031 5030 juxta
3081 4978 3261 5015 arcam
3310 4963 3428 5018 Dei.

1839 5047 2002 5104 Certe
2022 5047 2131 5103 Oca
2163 5048 2593 5127 iujunctum’sibi
2628 5050 2859 5107 oﬁicium
2888 5055 3098 5125 agebat,
3125 5054 3429 5125 plaustrum

1840 5138 2113 5204 minabat;
2166 5148 2221 5193 et
2247 5138 2492 5210 obsequii
2522 5140 2640 5211 ejus
2668 5156 2790 5196 esse
2810 5143 3111 5205 videbatur,
3138 5152 3199 5197 ut
3237 5150 3432 5199 arcam

1838 5222 1956 5292 Dei,
1996 5243 2157 5296 quam
2190 5230 2598 5286 recalcitrantes
2635 5233 2804 5287 boves
2848 5232 3260 5298 inclinaverant,
3310 5251 3429 5290 sus-

1840 5308 2092 5378 tentaret.
2118 5322 2317 5379 Verum
2345 5322 2471 5392 quia
2513 5338 2621 5379 non
2648 5332 2768 5379 erat
2789 5322 2944 5380 oﬁlcii
2974 5325 3090 5395 ejus
3121 5333 3180 5378 ut
3209 5341 3271 5381 ea
3301 5341 3431 5381 con-

1842 5414 2098 5485 tingeret,
2128 5414 2272 5483 quod
2299 5413 2385 5469 ille
2414 5414 2515 5471 sibi
2544 5415 2694 5471 visus
2736 5424 2820 5471 est
2863 5415 3059 5477 fecisse
3098 5418 3317 5487 pietate,
3344 5434 3431 5474 rev

1840 5512 2084 5577 putatum
2111 5504 2183 5558 illi
2213 5519 2241 5557 a
2278 5505 2390 5560 Deo
2416 5513 2500 5560 est
2527 5506 2845 5562 terribiliter
2870 5508 2923 5561 in
2967 5507 3352 5571 temeritatem,
3374 5515 3433 5562 et

1844 5603 2049 5650 tantam
2074 5595 2432 5651 temeritatem
2454 5600 2571 5665 qua:
2610 5598 2791 5653 statim
2819 5601 3011 5654 mortis
3038 5599 3301 5671 supplicio
3324 5598 3433 5669 pio-

1508 5702 1783 5760 BALUZII
1822 5702 2056 5760 ΝΟΤᾹῘ.

211 5815 237 5847 ι
507 5798 719 5853 litteris.
748 5794 825 5851 Ita
856 5795 1025 5852 codex
1057 5796 1256 5866 regius.
1286 5795 1391 5851 Sed
1423 5793 1806 5849 Marnmsianus
1835 5793 2021 5862 habet,
2052 5794 2198 5848 libris
2219 5793 2430 5850 divinis.
