3918 6324
456 377 562 433 ιδθ
599 336 623 346 δ

1457 379 1514 435 S.
1555 376 1910 435 AGOBARDI
1950 376 2261 433 EPISCOPI
2299 374 2788 436 LUGDUNENSIS

3658 384 3757 438 1:50

452 493 817 568 aut-agellos
840 495 1179 567 provideant.
1202 495 1271 551 Et
1295 495 1417 565 quia
1443 494 1596 560 tales,
1622 496 1688 550 de
1710 494 1908 564 quibus
1928 494 2048 548 haec
2075 500 2125 560 Α
2151 493 2292 563 quis,
2339 493 2524 549 dicens
2565 513 2577 548 :
2616 493 2745 557 Haec~
2787 496 2932 550 dicta
2981 505 3108 552 sunt
3155 498 3221 553 de
3272 498 3462 555 decem
3509 501 3761 558 tribubus

452 590 702 659 dicimus,
746 593 919 649 bonos
968 592 1280 649 sacerdotes
1317 592 1373 646 in
1413 590 1667 646 domibus
1706 590 1819 646 suis
1847 589 2050 645 habere

453 696 564 738 non
589 689 818 752 possunt
847 682 996 753 (nam
1021 684 1144 755 quis
1172 690 1317 739 esset
1344 683 1518 738 bonus
1547 682 1777 738 clericus
1810 681 1903 752 qui
1927 694 2051 736 cum

453 771 656 829 talibus
695 772 1011 828 hominibus
1037 772 1383 829 dehonestari
1415 786 1613 827 nomen
1633 779 1687 827 et
1707 771 2052 827 vitam-suam

452 861 704 934 ferret?),
734 878 843 919 non
887 871 1083 919 curant
1108 864 1332 920 omnino
1360 862 1550 933 quales
1589 861 1774 918 clerici
1804 848 1885 925 illi
1918 860 2051 927 sint,

450 962 658 1025 quanta
683 954 992 1027 ignorantia
1022 955 1176 1021 caeci,
1205 954 1423 1024 quantis
1446 953 1767 1010 criminibus
1795 951 2049 1020 involuti;

452 1053 664 1102 tantum
703 1054 768 1101 ut
811 1047 1049 1103 habeant
1094 1046 1446 1119 presbyteros
1491 1047 1773 1117 proprios,
1818 1061 2052 1115 quorum

451 1141 739 1196 occasione
768 1140 1023 1196 deserant
1051 1141 1337 1207 ecclesias,
1384 1142 1413 1182 δ
1461 1141 1729 1207 seniores,
1772 1148 1828 1195 et
1877 1140 2052 1197 oﬂicia

450 1231 689 1301 publica.
719 1230 875 1299 Quod
904 1240 1089 1287 autem
1113 1247 1218 1287 non
1246 1230 1485 1288 habeant
1526 1247 1622 1288 eos
1662 1239 1886 1301 propter
1929 1231 2054 1287 reli-

453 1320 632 1393 gionis
650 1321 932 1385 honorem,
961 1329 1188 1392 apparet
1212 1336 1281 1376 ex
1301 1322 1407 1376 hoc
1427 1322 1573 1391 quod
1594 1336 1702 1376 non
1730 1322 1933 1377 habent
1959 1337 2054 1378 eos
2096 1328 2097 1331 ‘

454 1414 510 1471 in
548 1416 775 1473 honore.
824 1415 979 1471 Unde
1024 1422 1079 1470 et
1117 1414 1506 1469 contumeliose
1552 1424 1648 1470 eos
1686 1414 2049 1479 nominantes,

452 1508 676 1578 quando
697 1506 885 1562 volunt
918 1506 1038 1563 illos
1064 1505 1308 1562 ordinari
1336 1506 1706 1577 presbyteros,
1734 1514 1928 1575 rogant
1954 1520 2053 1561 nos

452 1607 547 1655 aut
587 1597 801 1668 iubent,
852 1598 1099 1653 dicentes
1147 1616 1160 1650 :
1216 1596 1402 1651 Habeo
1458 1600 1625 1651 unum
1674 1596 2050 1661 clericionem,

451 1701 615 1758 quem
641 1686 773 1742 mihi
802 1686 1005 1742 nutrivi
1040 1687 1109 1743 de
1134 1687 1313 1742 servis
1335 1685 1476 1741 meis
1500 1685 1756 1757 propriis,
1789 1696 1883 1741 aut
1909 1698 1931 1726 ε
1965 1687 2056 1741 be-

452 1775 815 1841 neﬂcialibus,
850 1776 964 1832 sive
1006 1775 1034 1817 (1
1072 1774 1433 1847 pagensibus;
1485 1782 1580 1830 aut
1615 1776 1825 1831 obtinui
1855 1777 1925 1833 ab
1962 1776 2055 1831 illo

2154 583 2340 649 lsrael,
2377 599 2498 653 quae
2526 600 2624 655 per
2650 584 2977 642 Hieroboam
3008 600 3355 646 recesserunt
3396 607 3428 646 a
3470 594 3637 648 domo
3662 595 3760 649 Da-

2154 674 2267 741 vid,
2292 682 2350 730 et
2367 675 2588 730 civitate
2612 684 2822 741 sancta,
2841 690 2904 732 ac
2928 677 3130 749 templo
3170 686 3227 735 et
3252 679 3433 746 altari,
3462 682 3581 736 sive
3602 683 3762 738 mini-

2155 767 2323 822 sterio
2364 766 2661 822 electorum
2712 768 3092 836 sacerdotum;
3136 779 3191 826 et
3234 774 3527 842 propterea
3557 772 3763 832 debent

2153 856 2222 910 de
2251 855 2521 912 haereticis
2552 856 2802 929 intelligi,
2834 858 2928 929 qui
2961 862 3222 916 recedunt
3244 878 3275 916 a
3300 864 3416 919 veri
3458 865 3626 921 domo
3652 865 3759 921 Da-

2155 945 2264 1012 vid,
2307 946 2362 1000 id
2400 955 2483 1001 est
2523 945 2749 1012 Christi,
2788 954 2844 1001 et
2885 964 2916 1002 a
2954 951 3333 1007 communione
3375 953 3463 1008 vei
3506 954 3760 1011 doctrina

2155 1037 2498 1093 sacerdotum
2529 1038 2945 1093 catholicorum.
2979 1036 3088 1095 Nos
3128 1042 3197 1097 ab
3232 1042 3473 1098 Ecclesia
3523 1061 3635 1101 non
3678 1063 3764 1103 reh

2154 1130 2417 1196 cedimus,
2467 1146 2571 1187 nec
2616 1134 2922 1203 sperni-mus
2968 1134 2989 1173 τ
3038 1136 3282 1191 nutrices
3329 1138 3627 1205 ecclesias;
3669 1140 3763 1197 sed

2154 1221 2418 1278 habemus
2451 1222 2762 1279 sacerdotes
2782 1225 2970 1295 quales
2989 1239 3300 1296 possumus.
3327 1225 3655 1284 Consideret
3671 1231 3761 1300 qui

2154 1313 2271 1368 haec
2295 1313 2426 1395 dicit
2446 1315 2665 1385 quantis
2692 1316 2868 1371 modis
2889 1318 3163 1371 receditur
3194 1333 3227 1372 a
3260 1320 3419 1374 domo
3443 1330 3501 1376 et
3530 1337 3762 1393 corpore

2153 1403 2343 1471 David,
2381 1413 2436 1460 et
2465 1405 2706 1461 inveniet
2741 1407 2930 1476 procul
2976 1408 3137 1464 dubio
3182 1410 3339 1465 valde
3363 1428 3680 1483 congruere
3710 1415 3759 1469 in

2154 1492 2255 1549 hac
2282 1508 2344 1548 re
2370 1494 2627 1550 omnibus
2650 1496 3018 1566 improbandis
3041 1497 3218 1566 factis,
3261 1502 3400 1556 sicut
3426 1512 3481 1557 et
3509 1504 3761 1561 doctores

2155 1585 2325 1657 nostri
2354 1592 2663 1641 senserunt.
2692 1586 3014 1657 Quanquam
3040 1599 3169 1645 sunt
3205 1591 3325 1647 alia:
3351 1593 3549 1650 divinae
3575 1606 3763 1652 aucto-

2156 1676 2334 1730 ritatis
2353 1676 2537 1731 multa:
2556 1679 2857 1745 sententiae,
2882 1679 2938 1734 in
2961 1681 3156 1749 quibus
3180 1682 3297 1737 sine
3322 1686 3762 1742 contradictione

2156 1768 2446 1823 temeratio
2473 1776 2637 1825 tantm
2676 1771 2983 1827 sanctitatis
3029 1774 3293 1843 arguitur.
3328 1775 3482 1832 Sicut
3509 1788 3600 1833 est
3636 1780 3760 1835 illud

449 1867 536 1923 vel
580 1866 672 1929 illo
700 1867 938 1940 homine,
972 1866 1088 1923 sive
1135 1866 1203 1922 de
1241 1865 1333 1922 illo
1362 1866 1448 1921 vel
1485 1866 1575 1922 illo
1620 1876 1780 1938 pago.
1819 1867 1948 1922 Volo
1995 1875 2057 1921 ut

2163 1862 2436 1918 Malachite
2484 1865 2762 1934 prophetae
2812 1864 2872 1932 (ι,
2908 1865 2962 1935 8)
3003 1882 3018 1919 :
3060 1865 3119 1921 Si
3161 1868 3396 1937 oﬂ'eratis
3442 1888 3650 1925 ca’cum
3698 1874 3761 1927 ad

450 1956 673 2013 ordines
698 1971 822 2012 eum
854 1956 988 2012 mihi
1009 1957 1411 2028 presbyterum.
1442 1955 1687 2027 Cumque
1716 1955 1921 2012 factum
1946 1956 2060 2012 fue-

451 2045 545 2109 rit,
584 2053 781 2117 putant
816 2060 884 2101 ex
925 2047 1030 2102 hoc
1061 2045 1207 2117 quod
1250 2057 1273 2086 ο
1303 2045 1529 2115 majoris
1564 2047 1775 2102 ordinis
1805 2047 2059 2102 sacerdo-

455 2143 540 2193 tes
566 2152 677 2193 non
708 2137 788 2192 eis
819 2137 929 2192 sint
951 2135 1270 2201 necessarii,
1302 2143 1365 2190 et
1394 2134 1775 2205 derelinquunt
1799 2134 2056 2207 frequen-

455 2242 541 2289 ter
570 2232 785 2304 publica
831 2230 1005 2287 ofﬁcia
1052 2238 1108 2284 et
1155 2230 1622 2300 przndiCamenta;
1670 2228 2057 2299 impletumque

451 2332 537 2380 est
560 2324 724 2379 etiam
755 2322 811 2378 in
841 2322 997 2379 nobis
1037 2320 1180 2392 quod
1211 2321 1289 2375 ait
1321 2321 1585 2391 propheta
1618 2338 1630 2373 :
1670 2317 1908 2390 P0pulus
1934 2324 2056 2374 tuus

452 2418 589 2471 sicut
618 2415 671 2469 hi
701 2415 792 2486 qui
823 2413 1194 2469 contradicunt
1223 2410 1507 2466 sacerdoti.
1541 2410 1614 2464 Et
1639 2426 1850 2464 corrues
1880 2410 2056 2475 hodie,

452 2516 500 2560 et
533 2514 740 2561 corruet
773 2504 932 2559 etiam
961 2502 1215 2574 propheta
1242 2510 1434 2555 tecum.
1485 2501 1553 2555 Et
1590 2509 1713 2571 post
1739 2500 2013 2569 paululum
2042 2520 2053 2554 :

454 2596 694 2653 Gloriam
728 2612 912 2652 eorum
957 2596 1012 2650 in
1042 2594 1385 2665 ignominiam
1428 2592 1780 2647 commutabo.
1830 2590 2057 2647 Peccata

452 2685 635 2758 populi
658 2686 763 2742 mei
792 2685 1086 2751 comedent,
1116 2693 1164 2738 et
1192 2683 1261 2738 ad
1301 2682 1631 2754 iniquitatem
1670 2699 1852 2738 eorum
1887 2682 2060 2738 suble-

454 2777 649 2833 vabunt
676 2778 885 2832 animas
909 2792 1111 2831 eorum.
1140 2774 1209 2830 Et
1234 2776 1331 2829 erit
1361 2776 1495 2830 sicut
1519 2774 1763 2846 populus,
1787 2776 1863 2830 sic
1891 2792 2060 2830 sacer-

454 2870 583 2937 dos,
629 2879 678 2925 et
724 2868 946 2926 uisitabo
972 2884 1130 2940 super
1164 2884 1281 2922 eum
1320 2867 1431 2922 uias
1465 2868 1603 2936 ejus,
1643 2875 1691 2921 et
1720 2867 2058 2937 cogitationes

455 2960 574 3030 ejus
600 2957 825 3013 reddam
855 2956 923 3012 ei.
953 2955 1051 3013 Vel
1074 2956 1204 3011 illud
1242 2953 1387 3027 quod
1416 2954 1698 3025 Scriptura
1741 2956 1846 3010 alia
1881 2955 2057 3026 loqui-

458 3058 569 3116 tur,
599 3048 787 3105 dicens
811 3067 824 3103 :
860 3046 989 3102 Post
1034 3046 1146 3102 Ita'c
1171 3045 1325 3103 verba
1355 3062 1458 3101 non
1484 3055 1561 3103 est
1593 3063 1829 3103 reuersus
1868 3047 2061 3103 Hiero-

2157 1953 2560 2020 immolandum,
2588 1972 2761 2010 nonne
2799 1955 3001 2010 malum
3040 1958 3157 2012 est?
3178 1968 3227 2013 et
3271 1960 3319 2013 si
3346 1961 3588 2029 o/I‘eratis
3620 1962 3763 2017 clan-

2159 2048 2288 2102 dum
2312 2057 2359 2102 et
2386 2047 2712 2119 languidum,
2748 2066 2921 2104 nonne
2956 2048 3155 2105 malum
3190 2053 3304 2107 est?
3332 2053 3463 2120 Quae
3489 2056 3761 2110 sententia

2158 2142 2339 2208 pblest
2364 2139 2582 2207 quidem
2627 2146 2681 2194 et
2715 2139 2783 2194 de
2809 2138 3002 2195 hostiis
3037 2141 3346 2197 carnalibus
3393 2143 3476 2197 vel
3507 2144 3765 2214 spiritali-

2158 2226 2259 2282 bus
2285 2228 2596 2297 specialiter
2618 2228 2814 2298 accipi,
2845 2229 3167 2300 intelligitur
3191 2237 3374 2286 tamen
3403 2233 3764 2302 probabiliter

2158 2322 2324 2376 etiam
2376 2321 2442 2377 de
2484 2319 2856 2377 offerentibus.
2894 2322 3091 2376 Verum
3138 2323 3265 2392 quia
3311 2323 3380 2378 de
3428 2324 3534 2389 his,
3573 2325 3765 2394 quales

2158 2429 2279 2469 esse
2306 2414 2389 2469 vel
2426 2430 2531 2468 non
2570 2429 2692 2469 esse
2731 2414 2985 2481 debeant,
3014 2414 3242 2470 Patrum
3266 2416 3409 2472 dicta
3440 2426 3589 2486 sunt
3639 2418 3761 2488 plu-

2160 2506 2320 2571 rima,
2346 2506 2502 2560 nobis
2531 2521 2753 2561 necesse
2780 2513 2865 2561 est
2891 2522 3015 2561 cum
3046 2508 3192 2561 omni
3220 2508 3402 2565 cordis
3430 2511 3765 2567 contritione

2162 2605 2416 2662 tractare,
2442 2597 2535 2666 qui
2568 2597 2621 2651 in
2645 2597 2729 2652 his
2754 2597 3007 2667 pessimis
3032 2600 3367 2668 temporibus
3394 2602 3691 2658 ordinandi
3711 2612 3764 2659 et

2161 2686 2379 2757 regendi
2406 2687 2669 2743 ecclesias
2695 2688 3060 2743 ministerium
3087 2690 3267 2758 sortiti
3293 2707 3511 2757 sumus;
3544 2703 3604 2749 ut
3628 2696 3676 2751 si
3698 2711 3765 2751 ex

2161 2783 2275 2831 toto
2298 2790 2492 2831 cavere
2526 2792 2633 2832 non
2662 2792 2972 2847 possumus,
3005 2778 3198 2836 saltem
3224 2784 3765 2857 quantulumcunque

2160 2868 2318 2922 nobis
2339 2866 2471 2936 ipsis
2500 2882 2820 2924 succurrere
2843 2869 3177 2934 Studeamus,
3218 2888 3286 2927 ne
3307 2863 3545 2942 peccatis
3569 2868 3767 2932 alienis

2160 2956 2646 3021 communicemus,
2688 2957 2817 3027 quia
2846 2966 3034 3014 nostra
3064 2960 3522 3029 superabundant,
3551 2969 3607 3016 et
3636 2977 3767 3018 cum

2161 3047 2477 3116 iniquitates
2523 3056 2724 3103 nostra:
2768 3063 3132 3119 supergressa:
3175 3049 3285 3104 sint
3324 3052 3501 3121 capita
3546 3061 3766 3119 nostra,

457 3143 611 3198 boum
657 3142 721 3196 de
756 3143 851 3197 'via
899 3157 998 3196 sua
1042 3140 1270 3212 pessima
1299 3156 1318 3206 ;
1348 3138 1441 3195 sed
1482 3156 1511 3195 e
1538 3141 1808 3196 contrario
1850 3139 1969 3209 fecit
1994 3137 2060 3195 de
2164 3148 2218 3194 et
2247 3139 2387 3194 sicut
2408 3153 2544 3193 onus
2572 3154 2735 3210 grave
2763 3148 3002 3211 gravatae
3031 3140 3141 3195 sint
3159 3156 3325 3211 super
3343 3152 3467 3207 nos,
3494 3142 3605 3199 non
3626 3160 3766 3202 cou-

457 3232 751 3288 nosissimis
802 3230 983 3303 populi
1021 3230 1319 3285 sacerdotes
1364 3228 1711 3285 eacolsorum.
1751 3228 2060 3301 Quicunque
2088 3217 2133 3281 C
2165 3238 2469 3285 temnamus
2508 3231 2597 3299 pie
2641 3239 2953 3286 monentem
2982 3231 3299 3302 Apostolum
3338 3249 3403 3289 ac
3440 3235 3765 3293 dicentem:

456 3325 681 3392 colebat,
729 3324 977 3395 implebat
1030 3339 1247 3377 manum
1294 3338 1475 3390 suam,
1518 3332 1566 3377 et
1614 3321 1773 3391 ﬁebat
1815 3323 2061 3378 sacerdos
2166 3319 2363 3374 Manus
2387 3320 2488 3373 cito
2510 3320 3060 3391 neminiimposueris,
3096 3328 3265 3393 neque
3293 3326 3771 3384 communicandis

455 3417 802 3477 excelsorum.
848 3415 916 3469 Et
943 3424 1156 3486 propter
1182 3413 1319 3469 hanc
1356 3431 1573 3470 causam
1613 3416 1844 3485 peccavit
1872 3414 2059 3469 domus
2163 3410 2392 3480 peccatis
2414 3408 2621 3463 alienis.

459 3506 802 3569 llieroboam,
833 3515 878 3559 et
902 3522 1079 3560 eversa
1109 3512 1186 3559 est
1221 3513 1267 3559 et
1299 3504 1468 3560 deleta
1499 3504 1563 3558 de
1600 3504 1874 3576 superﬁcie
1904 3514 2058 3560 terra:
2234 3500 2370 3555 Xlll.
2412 3499 2615 3569 Nempe
2644 3514 2711 3553 ex
2756 3514 2864 3569 quo
2897 3499 3031 3555 ﬁdes
3075 3500 3277 3557 Christi
3316 3503 3518 3558 mundo
3548 3518 3769 3561 annun-

460 3597 581 3669 (111
611 3596 742 3668 Reg.
776 3614 901 3663 xm,
928 3597 1021 3663 '55,
1052 3598 1164 3669 54).
2166 3594 2299 3647 tiata
2334 3600 2418 3647 est
2447 3600 2501 3647 et
2540 3599 2781 3662 recepta,
2812 3582 2927 3645 non
2969 3592 3186 3646 fuerunt
3219 3600 3461 3649 rectores
3502 3594 3770 3651 ecclesia-

530 3685 645 3742 XII.
676 3685 928 3742 Forsitan
961 3686 1014 3741 in
1048 3685 1131 3742 his
1165 3684 1374 3743 duabus
1402 3687 1687 3744 sententiis
1718 3688 1936 3745 resistat
1963 3688 2061 3744 ali-
2166 3693 2286 3741 ru‘m
2317 3682 2770 3755 tantispcriculis
2795 3691 2851 3739 et
2877 3692 2987 3739 tam
3017 3683 3274 3752 gravibus
3314 3691 3479 3751 atque
3522 3686 3765 3742 inevita-

1839 3777 2116 3835 BALUZII
2159 3773 2392 3832 NOTAE.

464 3878 691 3933 nausiam
712 3888 796 3945 s_;_
809 3886 918 3926 non
942 3878 1122 3945 autem
1141 3880 1373 3945 sacrata,
1396 3877 1457 3925 ut
1477 3870 1621 3945 male
1633 3869 1893 3938 scriptum
1908 3860 2061 3933 estin
2171 3881 2458 3945 scaporum
2478 3864 2554 3945 .ad
2581 3863 2915 3945 Ludovic‘um
2946 3877 3138 3945 regem
3159 3862 3467 3945 Germania;
3482 3880 3617 3945 ‘cap.
3656 3866 3765 3945 12;

461 3945 700 4001 editione
745 3934 1001 3997 Massoni.
1035 3941 1265 3997 Saccata
1301 3941 1451 4005 vina,
1476 3941 1529 3995 id
1558 3949 1661 4003 est,
1688 3934 1789 4009 per
1839 3955 2059 4007 saccum
2177 3956 2194 3988 ι
2225 3934 2551 4009 Constituite
2575 3934 2825 3990 comites“
2861 3934 3241 4009 et_ministros
3287 3934 3617 4009 reipublicae,
3668 3940 3764 4009 qui

462 4015 638 4071 calata
671 4031 685 4068 :
713 4012 845 4067 illud
866 4011 1116 4067 fortassis
1133 4010 1278 4081 quod
1305 4025 1405 4065 nos
1425 4010 1594 4065 hodie
1614 4009 1844 4077 dicimus
1874 4010 2060 4081 vinum

463 4086 932 4156 hippocraticum;
964 4082 1121 4156 quod
1154 4074 1331 4156 genus
1360 4081 1614 4156 potionis
1640 4086 1725 4134 est
1760 4074 1965 4156 magno

464 4148 726 4237 us'u'apud
755 4168 850 4208 cos
884 4148 1183 4237 qui'vitam'
1228 4150 1281 4204 in
1336 4148 1703 4221 voluptatibus
1756 4148 2074 4205 et'dellciis

466 4232 769 4295 transigere
799 4232 995 4295 amant.

542 4306 569 4336 ο
596 4290 805 4364 Αῇειιοι
832 4292 1164 4364 provideant,
1190 4291 1243 4346 id
1262 4298 1664 4364 est,_agrorum
1687 4304 1875 4364 curam
1902 4290 2075 4364 susci-

464 4359 729 4436 piantfet
760 4359 1053 4436 exactores
1079 4361 1218 4436 ﬂant
1254 4359 1519 4436 iiscalium
1546 4359 1879 4436 reruvael
1927 4360 2072 4436 redi-

468 4429 645 4499 tuum,
688 4440 782 4487 aut
805 4431 1172 4503 vectigalium.
1198 4429 1346 4503 istud
1387 4430 1677 4503 Agebardo
1710 4429 2067 4503 displicebat,

467 4514 523 4577 et
550 4502 825 4577 displicuit
857 4499 1333 4577 etia’mulfatﬁbus
1361 4499 1580 4577 synodi
1608 4499 1918 4577 Ticinensis
1964 4501 2064 4555 ha—

468 4575 599 4630 bita;
626 4569 771 4628 circa
794 4586 997 4627 annum
1018 4572 1145 4627 850.
1173 4569 1266 4626 Sic
1286 4569 1434 4626 enim
1465 4570 1542 4624 illi
1568 4570 1865 4640 loquuntur
1890 4571 1945 4625 in
1975 4584 2064 4625 ca-

470 4660 611 4700 none
642 4643 745 4699 49:
785 4662 803 4694 ι
838 4641 946 4697 Sed
973 4651 1029 4696 et
1049 4642 1139 4696 ille
1173 4655 1431 4697 excessus
1457 4640 1782 4695 inhibendus
1808 4649 1910 4701 est,
1953 4656 2064 4709 quo

469 4714 689 4783 quidam
718 4712 1011 4783 saaculares
1036 4712 1142 4765 viri
1171 4710 1524 4783 presbyteros
1553 4718 1646 4763 aut
1672 4709 1806 4764 alios
1832 4710 2064 4783 clericos

468 4779 851 4847 conductores;
878 4781 962 4853 vel
987 4779 1398 4853 procuratores,
1424 4780 1539 4835 sive
1563 4786 1850 4853 exactores
1896 4779 2062 4853 fisca-

468 4855 602 4909 lium
626 4865 831 4917 rerum,
878 4849 1306 4915 velTredituum,
1338 4858 1431 4905 aut
1462 4849 1831 4920 vectigalium,
1866 4849 2066 4920 consti-

470 4932 651 4979 tuunt.
689 4921 747 4978 Si
784 4921 920 4993 quis
958 4922 1124 4992 igitur
1158 4919 2065 4993 deinceps-hujus’ex‘orbitationis

470 5009 600 5049 rcus
623 4990 874 5048 inventus
896 4990 1082 5062 fuerit,
1110 4997 1346 5062 uterque
1376 4991 1903 5062 excommunicetur,
1922 5060 1929 5062 _
1949 4998 2061 5044 tam

475 5066 591 5132 ipse
619 5064 710 5134 qui
746 5061 1053 5134 tonstituit,
1102 5057 1271 5134 quani
1295 5057 1504 5134 illequi
1538 5059 1981 5134 indigneparuit.
2038 5078 2057 5116 ι

472 5129 652 5215 Atque
678 5132 822 5188 istud
846 5132 1023 5214 ipsum
1048 5129 1291 5202 graviter
1319 5129 1576 5200 deinceps
1574 5130 1950 5255 ‘prohibitum'
1981 5137 2093 5184 est.

477 5220 531 5255 In
559 5203 778 5255 svmd'ls
805 5213 1169 5255 posteriorum
1200 5198 1543 5255 saeculorum.
1620 5214 1774 5255 erum
1812 5199 1952 5253 mala
1980 5214 2069 5254 re-

477 5205 531 5257 in
559 5198 585 5259 5
622 5203 778 5259 nodis
805 5198 1169 5273 poeteriorum
1200 5198 1543 5255 saeculorum.
1574 5198 1774 5255 Verum
1812 5199 1952 5253 mala
1980 5214 2069 5254 re-

477 5219 671 5328 mediis
693 5271 1113 5328 nrmvalucrunt.

476 5286 671 5330 means
693 5286 1113 5344 prmvatucruns.

549 5343 579 5384 δ
620 5341 887 5399 Seniores.
923 5343 999 5397 ita
1025 5352 1254 5412 uterque
1283 5339 1490 5396 codex.
1546 5339 1830 5395 Massouus
1882 5347 2065 5395 tamen

480 5412 651 5469 edidit
670 5427 953 5467 sermones.

553 5493 576 5523 ο
605 5481 1030 5550 Beneﬁcialibus,
1069 5481 1123 5536 id
1159 5487 1264 5547 est,
1293 5478 1546 5545 vassalis,
1590 5479 1675 5535 vel
1724 5478 2063 5550 feudatariis.

479 5548 812 5609 Beneﬁcium
850 5552 994 5607 enim
1044 5561 1158 5607 tum
1187 5550 1488 5619 dicebatur,
1540 5550 1685 5619 quod
1714 5548 1934 5604 fetidum
1967 5564 2067 5619 po—

480 5633 595 5679 stea
625 5624 828 5678 dictum
854 5630 965 5685 est;
1006 5630 1068 5676 ut
1094 5616 1478 5677 adnotavimus
1520 5616 1588 5676 ad
1631 5619 1915 5683 epistolam
1966 5616 2070 5675 H9

482 5692 619 5801 Lupi
646 5691 1034 5748 Ferrariensis.

622 5760 940 5801 pnnpnu'hu'e
1009 5763 1034 5801 ίι

617 5760 940 5833 Pagensibus
962 5762 1060 5833 ,Aid
1089 5768 1209 5833 est,
1240 5776 1309 5833 ex
1336 5759 1404 5815 iis
1431 5760 1541 5833 _gui
1582 5760 1635 5833 in
1673 5772 1811 5833 pago
1843 5760 1974 5814 mihi
2003 5761 2070 5833 ad

483 5830 783 5904 regendum
804 5831 1097 5888 commisso
1126 5831 1395 5887 habitant.
1428 5830 1507 5886 Ex
1537 5830 1906 5887 admonitione
1955 5832 2071 5900 cpi-‘

2170 4022 2276 4061 non
2300 4006 2529 4075 diligant
2562 4018 2813 4075 munera,
2850 4004 2941 4075 qui
2964 4002 3153 4057 odiant
3192 4002 3497 4075 avaritiam,
3528 4007 3619 4074 qui

2180 4073 2451 4132 testentur
2476 4074 2804 4143 superbiant,
2845 4073 3076 4145 quinon
3092 4074 3423 4145 ~opprimant
3456 4073 3635 4145 neque
3672 4077 3767 4133 de-

2178 4147 2467 4201 honestent
2490 4142 2773 4215 pagenses.
2807 4162 2830 4195 ι
2864 4142 2999 4215 Vide
3044 4142 3365 4215 Bignonium
3411 4143 3468 4197 in
3516 4142 3663 4201 notis
3701 4148 3769 4203 ad

2179 4215 2510 4298 alat-cultum
2529 4213 2651 4339 pag.
2682 4214 2806 4295 518,
2836 4223 2892 4268 et
2919 4213 3267 4268 Sirmondum
3292 4214 3346 4268 in
3377 4215 3523 4271 notis
3543 4216 3612 4271 ad
3663 4216 3769 4273 Cs-

2179 4286 2347 4339 mtula
2374 4285 2552 4339 Caroli
2643 4284 2767 4339 alvu.
2796 4299 2918 4339 nae.
2950 4283 3040 4337 47.

2177 4286 2347 4357 pitula
2374 4285 2552 4341 Caroli
2596 4283 2767 4345 Calvi,
2796 4299 2918 4354 pag.
2950 4283 3040 4337 47.

2254 4368 2279 4397 ο
2331 4354 2554 4425 Majoris
2594 4354 2797 4407 ordinis
2835 4353 3263 4427 sacerdotes,_id_
3305 4361 3410 4420 est,
3457 4355 3765 4427 presbyteri

2178 4440 2318 4496 quos
2337 4422 2482 4479 nunc
2507 4431 2766 4496 vocamus
2790 4431 3045 4496 rectores
3058 4422 3425 4496 _ecclesiarum
3459 4422 3765 4496 parochia-

2176 4491 2341 4561 lium;
2368 4491 2983 4576 quos-veronGregorius
3016 4491 3251 4576 Magnus
3278 4501 3437 4576 vocat
3474 4491 3765 4576 presbyte-

2170 4581 2261 4622 ros
2291 4562 2614 4628 cardinales,
2645 4562 2740 4617 lib.
2766 4562 2835 4628 ιι,
2890 4564 3052 4632 epist.
3087 4562 3140 4628 9,
3173 4572 3236 4618 ut
3262 4579 3291 4617 a
3322 4562 3533 4621 caeteris
3562 4562 3762 4621 distin-

2167 4645 2321 4721 guat,
2344 4636 2582 4703 itemque
2596 4632 2902 4721 jWalterius
2928 4631 3227 4721 cpiscopus
3252 4631 3667 4721 Aurelianensis
3704 4636 3759 4691 in

2165 4702 2367 4788 capite.
2414 4702 2675 4785 secundo
2704 4710 2925 4757 suarum
2976 4702 3376 4828 Capitulorum.
3428 4702 3548 4771 Quo
3592 4707 3759 4761 etiam

2166 4778 2328 4857 W990
2342 4774 2741 4857 “multm!!!”
2764 4773 3023 4857 θείὶσφιε
3048 4844 3060 4856 .
3110 4787 3463 4857 999'91’39‘3,
3486 4772 3555 4857 (ἐς
3584 4791 3766 4857 δέαφτ-

2166 4847 2384 4902 dotibus
2402 4842 2801 4913 cardinalibu‘s,
2816 4842 3021 4913 relatus
3047 4844 3101 4913 in
3136 4842 3277 4902 libri)
3289 4842 3474 4913 primo
3494 4843 3763 4913 Decreta-

2164 4916 2301 4989 lium
2322 4915 2531 4989 titaﬂ,
2558 4928 2683 4989 cap.
2708 4912 2989 4989 ‘2._ljeque
3019 4912 3760 4989 e_nim_assentior_l_}u_aren_o.

2167 4987 2259 5063 qui
2287 4986 2354 5063 in
2373 4985 2514 5041 libro
2545 5000 2583 5063 ι.
2605 4981 2737 5063 'ca'p.
2764 4984 2838 5063 1'5
2856 4981 2934 5063 de
2957 4981 3145 5063 Satiris
3174 4982 3431 5063 Ecclesiae
3446 4982 3764 5063 ministeriis

2168 5052 2316 5112 hunc
2339 5055 2518 5111 locum
2544 5052 2937 5125 interpretatur
2963 5052 3399 5125 _de_presbyteris
3423 5053 3517 5124 qui
3556 5054 3615 5109 in
3646 5071 3764 5110 ma-

2161 5128 2283 5198 jore
2309 5126 2561 5198 ecclesia,
2594 5122 2756 5198 quam
2784 5122 3457 5198 cathedralemdicimus,
3476 5125 3764 5198 rem_div_io

2169 5192 2295 5253 nam
2316 5196 2479 5251 simul
2502 5192 2902 5264 cunrepiscopo
2948 5206 3048 5247 suo
3071 5192 3295 5259 iaciunt,
3330 5195 3575 5248 canonici
3603 5195 3764 5251 hodie

2168 5265 2910 5417 Ἥδθῇδξξιὲέίὲεοιεείαε,
2966 5332 3029 5415 id
3070 5341 3206 5417 sic
3231 5333 3575 5417 parochiales
3622 5333 3764 5417 apud

2170 5422 2309 5478 quas
2337 5406 2525 5478 inserti
2580 5419 2783 5478 sumus
2813 5403 3029 5478 corpori
3078 5402 3309 5468 Christi,
3357 5413 3414 5478 et
3464 5402 3659 5478 in_qui

2171 5472 2388 5533 educati
2412 5488 2618 5530 sumus.
2657 5473 2875 5530 Eaedem
2907 5474 3068 5528 dictae
3100 5482 3226 5529 sunt
3254 5474 3501 5529 matrices
3530 5472 3603 5529 in'
3635 5484 3765 5529 con-

2172 5547 2299 5603 cilio
2321 5544 2687 5601 Cabillonensi
2718 5543 2863 5614 quod
2885 5557 3027 5597 anno
3053 5543 3158 5614 9l5
3192 5543 3440 5599 habitum
3476 5551 3584 5614 est,
3612 5542 3765 5613 cujus

2172 5618 2545 5689 fragmentum
2560 5612 2751 5689 edidit
2767 5612 3071 5689 Severtius,
3098 5613 3339 5689 itemque
3366 5615 3519 5689 apud
3543 5612 3763 5689 [veneni

2174 5689 2229 5747 in
2258 5682 2493 5756 cpistola
2525 5683 2648 5739 173.
2675 5682 2734 5737 in
2764 5682 2999 5765 concilio
3029 5682 3763 5766 tamenﬁartbé‘ginehabito

2174 5770 2317 5812 anno
2338 5755 2464 5812 418.
2489 5769 2609 5809 can.
2642 5753 2729 5812 55.
2755 5760 3000 5811 matricis
3030 5752 3275 5810 ecclesne
3303 5768 3524 5811 nomine
3561 5750 3759 5810 intelli-

2174 5832 2317 5898 gitur
2355 5822 2699 5881 cathedralis.
