3918 6342
139 445 237 502 ω

1172 447 1258 501 DE
1299 444 1545 500 PRlVlL.
1586 443 1673 500 ET
1712 443 1887 501 JURE
1925 445 2351 502 SACERDOTII.

3321 448 3424 504 H2

135 561 337 620 hilibus
395 559 763 630 circumsepti.
807 558 975 626 Quia,
1024 559 1164 613 sicut
1200 557 1313 626 jam
1357 558 1562 613 dictum
1610 571 1730 611 esse
1761 564 1809 623 Α
1837 555 1973 610 Ecc'e
2031 573 2121 626 ego
2171 557 2434 610 vobiscum
2475 573 2589 610 sum
2638 558 2874 611 omnibus
2913 558 3093 612 diebus
3149 574 3308 629 usque
3352 561 3422 614 ad

139 650 504 712 meminimus,
546 650 778 703 mundus
828 651 880 703 in
938 649 1096 703 annis
1149 648 1441 718 prioribus,
1486 647 1633 702 velut
1680 648 1732 701 in

133 739 414 810 juventute
443 742 634 810 viguit.
665 741 733 793 At
763 756 904 795 nunc
942 741 1054 810 ipsa
1098 755 1196 793 sua
1239 747 1517 796 senectute
1557 739 1734 808 depri-

137 830 323 896 mitur,
357 839 413 886 et
440 831 597 901 quasi
636 832 704 886 ad
751 831 984 886 vicinam
1033 837 1262 884 mortem
1312 829 1576 884 molestiis
1617 845 1734 885 cre-

135 921 418 975 scentibus
453 928 696 990 urgetur.
730 920 881 987 Quod
910 935 1007 974 nos
1029 920 1234 988 absque
1259 919 1510 990 ambiguo
1541 920 1606 974 de
1633 919 1738 973 Ec-

135 1010 303 1066 clesia
330 1009 511 1065 dicere
541 1026 847 1080 possumus,
893 1026 1013 1080 quae
1059 1010 1113 1063 in
1155 1009 1313 1062 annis
1351 1009 1624 1077 prioribus
1667 1009 1736 1062 ad

137 1101 484 1157 tolerantiam
525 1103 844 1171 passionum
878 1103 1121 1167 robusta,
1151 1101 1203 1154 in
1238 1100 1569 1170 perfectione
1594 1101 1735 1154 veri-

137 1195 270 1248 tatis
296 1202 497 1257 erecta,
532 1195 598 1248 ad
623 1193 990 1248 ostensionem
1019 1193 1298 1262 signorum
1328 1189 1523 1254 valida,
1556 1189 1735 1244 studio

134 1282 399 1338 miranda
423 1283 770 1339 continentiae
798 1291 854 1337 et
874 1282 1215 1338 abstinentia:
1247 1281 1508 1343 accincta,
1544 1287 1733 1334 contra

135 1375 347 1430 rabiem
383 1375 632 1445 luporum
675 1374 929 1440 sollicita,
975 1375 1044 1428 ad
1085 1373 1450 1427 resistendum
1477 1373 1735 1440 improbis

133 1465 329 1521 libera.
367 1467 436 1520 At
471 1482 615 1521 nunc
643 1467 896 1522 omnibus
939 1466 1345 1520 infirmitatibus
1374 1466 1575 1520 mentis
1603 1478 1628 1506 α
1659 1467 1734 1519 ita

135 1567 224 1613 est
267 1559 537 1629 languida,
587 1559 790 1613 utbad
831 1558 1116 1613 dicendum
1153 1557 1370 1626 quidem
1417 1569 1516 1611 nec
1562 1565 1734 1611 tutum

136 1650 231 1713 sit,
259 1664 356 1704 nec
383 1649 670 1718 possibile;
694 1649 760 1702 ad
786 1649 1084 1703 cavendum
1112 1661 1260 1711 vero,
1287 1661 1384 1699 nec
1402 1654 1731 1714 promptum,

137 1753 242 1793 nec
279 1738 454 1793 facile.
485 1739 664 1807 Atque
695 1739 902 1792 utinam
932 1737 1013 1792 vel
1042 1737 1224 1791 dolere
1253 1736 1413 1804 digne
1450 1750 1734 1804 possemus

137 1845 313 1886 annos
358 1831 491 1885 istos
529 1829 687 1884 famis
715 1840 769 1884 et
799 1829 1123 1892 sterilitatis,
1165 1841 1301 1896 quos
1330 1822 1427 1895 per
1465 1827 1734 1882 somnium

1838 649 2334 702 consummationem
2371 641 2570 714 ama,
2620 648 2808 718 procul
2848 649 3012 704 dubio
3033 647 3058 689 ἀ
3091 656 3249 704 erunt
3277 664 3423 704 sem-

1834 754 1934 808 per
1956 740 2010 793 in
2034 739 2298 805 Ecclesia,
2328 755 2450 794 cum
2479 740 2671 809 quibus
2704 740 2791 795 ille
2818 740 2909 818 sit,
2934 748 3202 810 eruntque
3232 739 3423 794 fortis.

1837 829 1959 884 simi
1991 844 2053 884 ac
2087 829 2446 884 robustissimi
2476 838 2801 900 pugnatores
2823 830 2941 895 Dei,
2971 830 3255 886 adversum
3287 844 3425 900 quos

1835 920 1923 974 ille
1953 920 2044 989 qui
2069 936 2212 974 nunc
2249 920 2445 992 ligatus
2473 929 2557 974 est
2588 920 2644 972 in
2674 918 2890 990 abysso,
2923 919 3151 986 solutus,
3182 921 3310 975 totis
3353 921 3423 974 vi-

1836 1009 1987 1063 ribus
2049 1010 2398 1077 permittatur
2442 1008 2780 1078 belligerare,
2828 1023 2963 1078 quos
3021 1007 3204 1063 divina
3249 1010 3423 1079 gratia

1836 1100 2059 1154 idoneos
2088 1100 2274 1154 reddet
2304 1100 2592 1154 adversum
2623 1107 2732 1153 tam
2772 1100 3060 1155 immanem
3090 1101 3319 1156 bestiam
3347 1103 3422 1156 di'

1837 1191 2056 1255 micare,
2093 1197 2146 1243 et
2167 1190 2401 1243 victores
2430 1189 2496 1244 de
2526 1204 2588 1243 ea
2617 1189 2871 1244 existere.
2913 1189 3281 1244 Adhortcmur
3321 1189 3419 1243 ita‘

1836 1295 1940 1351 que
1968 1281 2328 1349 nosmetipsos
2365 1295 2462 1349 per
2507 1279 2747 1350 singulos
2791 1280 2926 1344 dies,
2969 1295 3078 1334 non
3115 1280 3428 1336 deserentes

1837 1371 2208 1425 collectionem
2241 1379 2501 1424 nostram.
2531 1370 2827 1424 Audiamus
2856 1370 3142 1423 Dominum
3181 1385 3280 1440 per
3306 1384 3431 1440 pro-

1835 1460 2053 1529 phetam
2083 1468 2388 1513 monentem
2418 1477 2429 1512 :
2462 1458 2782 1529 Congregate
2805 1460 3037 1512 triticum
3081 1460 3134 1512 in
3177 1459 3424 1513 horreum

1836 1567 2031 1615 meum,
2057 1560 2114 1604 et
2127 1551 2190 1604 sit
2221 1551 2365 1603 cibus
2390 1552 2444 1603 in
2465 1550 2616 1602 domo
2641 1566 2776 1603 mea.
2801 1549 3068 1603 Triticum
3094 1550 3279 1618 utique
3301 1550 3431 1606 illud

1836 1643 2227 1712 evangelicum,
2270 1642 2341 1696 de
2364 1657 2470 1711 quo
2506 1642 2705 1696 dicitur
2747 1659 2760 1694 :
2808 1639 2937 1706 Quis
2966 1649 3118 1712 putas
3154 1651 3229 1696 est
3257 1643 3428 1711 ﬁdelis

1836 1733 2168 1803 dispensator
2209 1742 2255 1786 et
2284 1733 2532 1803 prudens,
2576 1748 2727 1804 quem
2751 1733 3015 1786 constituit
3060 1732 3314 1788 Dominus
3339 1751 3433 1789 su-

1839 1841 1930 1896 per
1961 1824 2219 1895 familiam
2247 1841 2420 1890 suam,
2449 1834 2503 1878 ut
2529 1824 2615 1879 det
2637 1823 2742 1878 illis
2769 1824 2823 1877 in
2849 1833 3076 1895 tempore
3100 1825 3265 1878 tritici
3285 1842 3430 1880 men-

136 1919 350 1974 Pbarao
385 1919 539 1983 vidit,
579 1918 776 1988 Ioseph
807 1920 890 1972 vir
934 1927 1153 1972 sanctus
1186 1916 1452 1971 intellexit
1488 1925 1542 1972 et
1569 1933 1732 1986 expo—
1763 1909 1808 1967 B
1836 1918 2060 1971 suram?
2096 1917 2294 1971 Beatus
2325 1917 2461 1970 enim
2506 1916 2597 1971 ille
2629 1931 2826 1983 servus,
2853 1933 3027 1988 quem,
3073 1934 3191 1971 cum
3234 1921 3428 1973 venerit

137 2014 272 2066 suit.
309 2013 518 2082 Quippe
550 2011 743 2066 ﬂuvius
770 2011 947 2065 saeculi
992 2009 1173 2079 hujus,
1205 2010 1269 2063 de
1296 2007 1734 2078 quo-ascendere

139 2102 464 2160 videbantur
488 2109 694 2170 septem
743 2101 909 2154 boves
935 2099 1174 2169 pulchrae
1216 2107 1270 2152 et
1310 2111 1509 2151 crassa:
1551 2096 1733 2160 nimis,

138 2208 264 2262 quae
291 2194 656 2262 pascebantur
685 2192 738 2245 in
778 2191 909 2246 locis
949 2190 1302 2259 palustribus,
1337 2189 1736 2258 praeteritorum

141 2293 446 2353 temporum
479 2283 926 2354 signiﬁcationem
959 2283 1116 2352 gerit,
1147 2296 1267 2351 quze
1294 2282 1529 2335 habuere
1552 2281 1738 2334 docto-

143 2388 236 2427 res
269 2373 514 2429 doctrina
547 2372 824 2436 sublimes,
871 2372 1159 2427 sanctitate
1186 2370 1435 2440 fulgidos,
1464 2371 1518 2424 in
1553 2369 1738 2425 defen-

139 2462 298 2517 sione
327 2462 578 2516 veritatis
605 2461 824 2531 rigidos.
855 2459 1006 2514 Nunc
1036 2469 1213 2514 autem
1245 2460 1409 2529 (quod
1436 2461 1551 2514 sine
1588 2460 1736 2530 gravi

144 2551 334 2607 dolore
381 2551 486 2606 dici
548 2567 654 2605 non
700 2550 910 2620 potest)
962 2535 1029 2605 ex
1065 2550 1323 2619 praedicto
1365 2549 1584 2604 flumine
1625 2550 1736 2620 jam

145 2651 434 2714 emergunt
475 2642 594 2697 aliae
631 2644 799 2697 boves
845 2641 1002 2696 foeda:
1037 2641 1407 2712 confectaque
1433 2642 1643 2695 macie:
1673 2641 1738 2695 de

145 2749 254 2804 qua
288 2750 344 2788 re
383 2734 428 2788 si
452 2735 604 2804 juxta
651 2734 1012 2804 gracilitatem
1040 2733 1307 2788 sermonis
1334 2732 1505 2786 nostri
1538 2731 1740 2800 aliquid

144 2824 336 2879 dicere
380 2830 687 2887 tentamus,
731 2821 1053 2877 offendimus
1097 2822 1324 2876 forsitan
1371 2822 1439 2876 ad
1485 2821 1738 2875 invicem.

146 2914 355 2968 Tamen
407 2914 452 2968 si
497 2914 617 2968 Deo
657 2912 878 2980 juvante
916 2923 938 2951 ο
981 2914 1034 2966 in
1085 2928 1252 2991 unum
1304 2911 1734 2972 convenerimus,

146 3011 366 3073 oportet
393 3017 490 3056 nos
536 3003 602 3056 de
641 3003 742 3056 hoc
769 3002 1055 3073 diligenter
1100 3009 1155 3056 et
1199 3000 1429 3055 ﬁdeliter
1464 2999 1692 3067 colloqui
1724 3017 1735 3050 :

147 3093 281 3163 quia
321 3100 375 3148 et
412 3093 497 3147 his
536 3093 588 3146 in
625 3093 820 3161 Quibus
861 3093 1065 3147 sanitas
1109 3091 1310 3156 deﬁcit,
1356 3099 1412 3146 et
1453 3090 1741 3144 inﬁrmitas

147 3183 476 3245 roboratur,
530 3182 697 3237 moris
750 3189 834 3236 est
888 3181 1013 3236 inde
1065 3181 1338 3250 cogitare,
1388 3179 1514 3234 inde
1575 3179 1742 3232 inter-

1843 2007 2117 2072 Dominus,
2158 2008 2411 2062 invenerit
2452 2008 2527 2060 ita
2566 2007 2860 2077 facientem.
2895 2007 2964 2063 At
3013 2009 3058 2064 si
3090 2010 3192 2065 hoc
3218 2025 3432 2081 semper

1843 2099 2208 2153 necessarium
2258 2096 2376 2163 fuit,
2415 2106 2618 2168 quanto
2660 2098 2835 2167 magis
2876 2113 3039 2164 nunc,
3068 2099 3282 2169 quando
3317 2101 3430 2170 jam

1842 2191 2066 2260 propius
2093 2197 2178 2245 est
2212 2199 2424 2258 tempus
2453 2189 2604 2254 illud,
2645 2189 2712 2243 de
2734 2204 2840 2259 quo
2867 2189 3127 2245 Dominus
3152 2191 3229 2244 ait
3253 2179 3428 2246 :Ecrc

1843 2281 1954 2334 dies
1983 2282 2201 2344 venient,
2234 2289 2281 2334 et
2309 2282 2512 2334 mittam
2549 2281 2740 2350 famem
2768 2281 2822 2334 in
2851 2289 3064 2347 terram,
3103 2299 3208 2337 non
3237 2282 3427 2352 famem

1843 2373 2016 2443 panis,
2046 2390 2210 2444 neque
2237 2373 2376 2426 sitim
2404 2389 2574 2443 aqum,
2601 2374 2692 2426 sed
2729 2373 2979 2428 audiendi
3006 2374 3213 2428 verbum
3237 2375 3353 2439 Dei,
3381 2363 3432 2430 et

1845 2463 2093 2532 deﬁcient
2135 2465 2360 2534 virgines
2403 2463 2569 2518 bonae.
2617 2463 2836 2517 Interim
2887 2473 3089 2530 tamen,
3126 2466 3265 2520 sicut
3296 2467 3434 2522 alius

1848 2557 2107 2626 propheta
2138 2555 2378 2625 loquitur
2409 2573 2421 2609 :
2462 2554 2603 2620 Quid
2631 2555 2823 2610 bonum
2860 2556 2996 2626 ejus,
3029 2565 3118 2610 aut
3159 2558 3283 2628 quid
3318 2558 3436 2628 pul—

1848 2647 2030 2700 chrum
2057 2647 2191 2716 ejus,
2225 2647 2325 2700 nisi
2365 2647 2685 2715 frumentum
2721 2646 2999 2702 electorum
3035 2657 3081 2703 et
3112 2650 3287 2704 vinum
3311 2630 3432 2720 ger-

1849 2734 2056 2788 minans
2083 2736 2306 2805 virgines
2325 2736 2349 2789 7
2366 2735 2422 2788 lu
2449 2735 2642 2803 quibus
2663 2735 2843 2790 verbis
2868 2751 3196 2807 magnopere
3217 2753 3437 2794 necesse

1849 2835 1934 2881 est
1959 2828 2248 2896 unicuique
2287 2835 2529 2881 nostrum
2552 2827 2733 2882 subire
2757 2837 2947 2882 contra
2982 2831 3328 2899 semetipsum
3349 2829 3435 2899 ju-

1850 2916 1980 2970 dicii
2006 2916 2422 2980 districtionem,
2470 2924 2524 2971 et
2561 2916 2778 2986 exigere
2807 2932 2836 2970 a
2864 2919 3156 2988 semetipso
3194 2919 3438 2974 veritatis

1850 3004 2266 3071 confessionem,
2295 3014 2477 3060 utrum
2509 3005 2789 3061 sollieitior
2819 3008 2889 3062 sit
2911 3009 2978 3062 ad
3002 3011 3437 3080 congregandum

1849 3096 2034 3150 vinum
2059 3097 2113 3150 in
2147 3112 2255 3166 quo
2279 3105 2364 3152 est
2392 3097 2629 3164 luxuria,
2668 3112 2736 3152 an
2765 3099 2951 3153 vinum
2994 3101 3304 3171 germinans
3330 3102 3439 3157 vir-

1853 3203 2026 3257 gines.

149 3285 389 3341 rogare,
439 3279 498 3324 ut
546 3271 614 3324 ad
657 3267 845 3326 earur‘n
893 3285 1072 3325 rerum
1118 3269 1438 3338 perveniant
1484 3268 1750 3338 cognitio-
1778 3245 1822 3307 Ο
1853 3245 1883 3257 υ
1929 3276 2042 3331 XV.
2073 3277 2198 3332 llzec
2227 3277 2546 3334 brevissime
2568 3280 2634 3335 de
2659 3281 2815 3336 nobis
2834 3282 2977 3337 dicta
3005 3282 3285 3352 sint,'qua:
3310 3296 3436 3354 pcr-

151 3376 303 3416 netu.

226 3450 368 3504 XIV.
401 3449 715 3516 Quaeramus
750 3449 914 3504 etiam
958 3463 1023 3503 ne
1074 3447 1213 3503 forte
1234 3447 1346 3516 jam
1378 3462 1547 3517 prope
1574 3448 1662 3512 sit,
1692 3456 1747 3503 et

155 3541 450 3595 timeamus
479 3555 545 3594 ue
575 3555 672 3594 nos
713 3539 764 3593 in
791 3539 1149 3607 perditionem
1176 3537 1412 3592 involvat
1440 3537 1568 3592 illud
1605 3538 1750 3608 quod

155 3632 481 3688 terribiliter
502 3645 601 3700 per
624 3631 944 3701 prophetam
974 3629 1174 3683 dicitur
1200 3647 1212 3682 :
1250 3628 1317 3681 In
1355 3629 1437 3682 die
1468 3628 1582 3693 illo,
1623 3629 1750 3683 dicit

158 3720 419 3774 Dominus
448 3720 790 3783 exercituum,
820 3718 1087 3786 auferetur
1112 3717 1342 3787 paxillus
1365 3720 1455 3788 qui
1481 3718 1757 3790 ﬁmusJue—

158 3819 241 3863 rat
268 3811 323 3864 in
348 3809 461 3863 loco
483 3808 647 3878 ﬁdeli,
677 3819 725 3862 et
747 3809 1043 3878 frangetur,
1070 3819 1116 3862 et
1142 3809 1311 3873 cadet,
1337 3819 1386 3862 et
1405 3810 1590 3879 peribit
1615 3813 1753 3881 quod

156 3898 477 3969 pependerat
520 3900 575 3952 in
623 3916 704 3963 eo,
753 3901 877 3969 quia
908 3898 1164 3951 Dominus
1199 3897 1519 3953 locutusest.
1571 3902 1649 3954 lta
1697 3909 1757 3956 ut

155 3998 564 4060 consequenter
590 3990 876 4061 impleatur
904 3991 1048 4059 quod
1078 3990 1289 4046 Veritas
1322 3992 1453 4047 dicit
1485 4011 1496 4045 :
1536 3992 1756 4047 Verum-

161 4090 339 4135 tamen
363 4080 507 4148 ﬁlius
532 4081 758 4135 hominis
781 4082 1010 4147 veniens,
1041 4091 1195 4152 putas
1223 4083 1443 4136 inveniet
1482 4084 1638 4153 ﬁdem
1667 4102 1757 4138 su-

163 4190 258 4243 per
287 4174 524 4228 terram?
565 4173 767 4229 Tamen
787 4158 927 4244 quia
957 4173 1171 4230 Veritas
1214 4175 1328 4242 ipsa
1361 4175 1492 4229 dicit
1521 4176 1713 4229 iterum
1741 4194 1753 4229 :

1859 3365 2031 3419 tinent
2074 3369 2142 3419 ad
2193 3365 2425 3420 ofﬁcium
2464 3377 2519 3422 et
2565 3366 2924 3424 ministerium
2984 3379 3249 3427 nostrum.
3301 3375 3433 3430 Dein

1855 3454 2098 3509 dicamus
2142 3456 2389 3511 ﬁdelibus
2438 3457 2611 3524 laieis,
2645 3475 2750 3529 qua
2807 3460 2912 3516 ﬁde
2960 3470 3016 3516 et
3064 3478 3158 3533 spe
3191 3468 3439 3520 venerari

1856 3544 2111 3598 studeant
2138 3555 2479 3600 sacramenta
2510 3547 2690 3603 divina
2719 3549 2772 3603 in
2797 3551 3048 3606 omnibus
3076 3556 3441 3609 communiter

1858 3636 2262 3701 sacerdotibus;
2305 3637 2418 3691 sive
2460 3639 2568 3692 sint
2597 3639 2884 3709 diligentes
2918 3643 3031 3696 sive
3082 3644 3438 3716 negligentes.

1858 3724 1973 3780 sive
1997 3725 2107 3780 sint
2134 3727 2345 3795 providi
2391 3728 2505 3782 sive
2533 3736 2826 3799 torpentes.
2856 3730 3210 3789 Sacramenta
3240 3737 3440 3792 etenim

1858 3815 2059 3879 divina,
2106 3815 2377 3884 baptisma
2428 3818 2656 3884 scilicet,
2688 3827 2743 3873 et
2780 3820 3050 3876 confectio
3084 3825 3332 3893 corporis
3376 3842 3441 3882 ac

1857 3907 2140 3977 sanguinis
2163 3908 2399 3974 Domini,
2433 3919 2738 3980 czeteraque
2768 3913 2821 3966 in
2853 3895 3049 3983 quibus
3080 3915 3226 3971 salus
3275 3925 3328 3971 et
3361 3916 3443 3970 vi-

1857 4007 1909 4052 ta
1946 3999 2180 4053 ﬁdelium
2215 4002 2487 4067 consistit,
2520 4011 2628 4058 tam
2665 4020 2859 4075 magna
2900 4015 2954 4061 et
2982 4015 3170 4063 sancta
3201 4017 3348 4075 sunt,
3383 4017 3442 4063 ut

1858 4101 1958 4142 nec
1976 4087 2239 4141 bonorum
2275 4090 2485 4145 meritis
2514 4091 2808 4159 meliorari,
2844 4108 2944 4149 nec
2978 4106 2998 4134 θ
3025 4095 3289 4151 malorum
3318 4112 3443 4167 per-

1864 4176 2122 4231 versitate
2145 4177 2356 4246 possint
2385 4180 2734 4247 deteriorari;
2775 4198 2898 4238 cum
2951 4184 3018 4240 ad
3043 4185 3440 4242 invocationem

1521 4295 1791 4352 BALUZII
1831 4297 2058 4354 NOT/E.

240 4398 266 4426 ι
301 4383 387 4456 Ita
409 4393 481 4439 est
524 4384 824 4456 Languida.
861 4385 1125 4456 Loquitur
1151 4386 1214 4440 de
1237 4385 1498 4456 Ecclesia.
1545 4385 1751 4439 Salvia-

165 4455 354 4510 nusin
387 4456 655 4537 principio
703 4455 823 4537 libri
853 4455 1014 4525 primi
1062 4457 1128 4536 ad
1171 4455 1468 4538 Ecclesiam
1514 4456 1748 4536 catholi-

165 4540 293 4580 cam
323 4543 335 4578 ε
370 4545 389 4576 ‹
422 4525 786 4593 Multiplicatis
810 4527 952 4579 enim
991 4525 1115 4580 ﬁdei
1158 4525 1388 4594 populis,
1423 4525 1552 4579 ﬁdes
1574 4540 1751 4578 immi-

163 4573 304 4650 ιῖιῦῐᾶ
324 4573 952 4658 gaias-3325.635;
970 4573 1748 4663 magis:nudasset,
1778 4573 1830 4631 D

167 4664 429 4733 factaque
455 4677 530 4726 es,
580 4665 844 4728 Ecclesia,
880 4663 1124 4733 profectu
1151 4672 1258 4718 tum
1282 4663 1630 4718 fecunditatis
1679 4665 1756 4718 in-

168 4733 403 4795 ﬁrmior,
454 4742 616 4803 atque
664 4749 887 4789 accessu
935 4734 1206 4795 relabens,
1249 4741 1303 4788 et
1341 4735 1496 4803 quasi
1548 4734 1756 4790 viribus

167 4804 356 4858 minus
385 4802 580 4856 valida.
615 4823 633 4856 ι

245 4875 274 4914 b
298 4873 380 4926 Ad
407 4873 685 4926 dicendum
729 4889 822 4928 nec
858 4881 1048 4927 tutum.
1097 4873 1174 4928 Ea
1211 4887 1342 4934 ergo
1379 4873 1479 4927 mit
1513 4873 1757 4934 Agobar-

166 4943 280 4998 dici
308 4941 488 4997 saeculi
531 4942 852 5008 infelicitas,
901 4952 961 4997 ut
1001 4931 1376 4998 sacerdotibus
1418 4959 1524 4997 non
1564 4931 1756 4998 liceret

166 5012 358 5082 eloqui
389 5012 535 5082 quod
558 5013 775 5078 vellent,
808 5015 904 5068 sed
933 5013 1202 5082 palpanda
1232 5022 1414 5068 essent
1451 5014 1580 5066 vitia
1631 5015 1757 5068 sub-

161 5080 443 5162 jectOrum
472 5099 485 5134 :
525 5080 1061 5162 quodestultimum
1099 5082 1450 5162 calamitatis.
1476 5083 1757 5162 Praeclare

169 5152 360 5231 itaque
388 5165 614 5232 magnus
630 5152 864 5232 illo_vir.,_
897 5162 1117 5232 sanctus
1147 5152 1447 5232 Cyprianus
1469 5153 1752 5232 Carthagi-

168 5221 390 5292 niensis
414 5221 699 5292 episcopus
735 5222 788 5276 in
809 5222 949 5292 libro
979 5223 1045 5276 de
1081 5221 1303 5289 Lapsis:
1341 5242 1358 5274 ι
1398 5221 1500 5289 Qui
1528 5221 1758 5292 peccan-

168 5290 722 5362 tem__blandimentis
767 5290 1116 5362 adulantibus
1148 5292 1347 5361 palpat,
1383 5290 1577 5362 inquit,
1623 5307 1754 5362 pec-

165 5360 333 5431 caedi
382 5359 624 5431 fomitem
656 5361 1058 5424 subministrat;
1093 5359 1192 5416 nec
1217 5359 1530 5431 comprimit
1558 5359 1756 5417 delicia

166 5429 286 5495 ille,
339 5430 434 5484 sed
463 5431 665 5500 nutrit.
700 5432 769 5484 At
803 5431 894 5500 qui
921 5431 1164 5486 consiliis
1211 5429 1528 5488 fortioribus
1576 5433 1757 5487 redar-

166 5500 289 5570 guit
317 5499 476 5571 simul
509 5508 671 5571 atque
697 5499 916 5556 instruit
938 5501 1184 5564 fratrem,
1219 5511 1502 5571 promovet
1525 5502 1593 5555 ad
1619 5503 1760 5556 salu-

170 5567 332 5642 ic_m..
353 5567 495 5642 Quos
551 5567 714 5640 diligo
733 5611 746 5636 ,
778 5573 954 5638 inquit
981 5567 1263 5635 Dominus,
1312 5573 1575 5642 redarguo
1599 5582 1645 5626 et
1670 5590 1760 5626 ca-

166 5637 693 5711 stigo._Sic__oporte_t
728 5651 783 5695 et
813 5637 908 5695 Dei
936 5642 1275 5695 sacerdotem
1329 5657 1435 5695 non
1471 5637 1758 5711 'ohsequiis

167 5707 570 5782 decipientibus
589 5707 804 5782 fallere,
837 5711 1231 5782 sedﬂremediis
1276 5711 1606 5767 salutaribus
1632 5707 1759 5782 pro-

165 5777 375 5849 videre.
402 5777 695 5846 Imperitos
721 5790 806 5834 est
827 5781 1090 5844 medicus,
1123 5781 1212 5849 qui
1258 5789 1529 5836 tumentes
1573 5777 1745 5837 vulne-

165 5863 294 5903 rum
316 5848 470 5905 sinus
497 5861 660 5902 manu
686 5859 942 5919 parcente
977 5848 1300 5917 contrectat,
1328 5860 1383 5907 et
1421 5853 1474 5907 in
1505 5851 1630 5908 altis
1673 5868 1733 5908 re

1860 4389 2105 4471 cessibus
2131 4391 2398 4471 viscerum
2433 4393 2582 4471 virus
2613 4392 2878 4451 inclusum
2913 4396 3058 4471 dum_
3073 4405 3252 4452 servat
3279 4413 3442 4471 exago

1858 4467 2031 4538 gerat.
2066 4460 2427 4538 Aperiendum
2457 4463 2651 4538 vulnus
2671 4475 2755 4538 est
2782 4474 2837 4538 et
2860 4466 3151 4538 secandum
3180 4475 3233 4521 et
3259 4460 3444 4538 putra-

1857 4530 2096 4600 minibus
2121 4533 2412 4600 amputatis
2441 4532 2645 4586 medela
2679 4532 2906 4590 fortiore
2931 4530 3443 4596 curandum-Voci-

1860 4595 2067 4677 feretur
2076 4609 2128 4652 et
2150 4595 2345 4653 clamet
2371 4601 2516 4677 licet,
2533 4610 2587 4655 et
2611 4613 2974 4677 conqueratur
2987 4620 3131 4676 (eger
3151 4607 3441 4677 impatiens

1856 4669 2246 4748 perdolorem,
2271 4672 2472 4748 gratias
2503 4680 2625 4748 aget
2652 4669 2994 4748 postmodum
3025 4669 3442 4748 _cugm_s'enserit

1858 4740 2164 4793 sanitatem.
2191 4740 2425 4796 Emersit
2450 4742 2616 4805 enim,
2647 4740 2845 4799 fratres
2859 4745 3216 4810 dilectissimi,
3242 4763 3439 4804 novum

1858 4821 2028 4888 genus
2051 4810 2254 4888 cladis;
2288 4817 2344 4888 et
2372 4813 2528 4888 quasi
2563 4827 2752 4888 parum
2773 4815 3167 4888 persecutionis
3195 4820 3437 4888 procella

1858 4880 2113 4943 servierit,
2138 4881 2367 4935 accessit
2390 4881 2456 4934 ad
2487 4880 2895 4937 cumulum—sub
2940 4880 3327 4943 misericordiae
3369 4890 3436 4944 ti-

1858 4947 1971 5001 tulo
1998 4950 2197 5023 malum
2218 4948 2431 5013 fallens,
2460 4959 2514 5004 et
2540 4950 2734 5023 blanda
2762 4953 3050 5023 pernicies.
3092 4973 3112 5006 ι

1933 5028 1955 5056 ο
2009 5016 2077 5072 In
2121 5036 2284 5072 unum
2335 5016 3055 5079 convenerimuszdmonet
3100 5024 3435 5082 Bernardum

1858 5087 2181 5161 episcopum
2198 5089 2579 5161 Viennensem,
2611 5091 2744 5161 adeo
2765 5105 2982 5161 gravem
3007 5109 3129 5150 esse
3151 5096 3291 5151 hanc
3310 5112 3437 5152 cau-

1859 5172 2010 5244 sam,
2048 5157 2119 5244 ’th
2167 5157 2229 5244 in
2273 5159 2478 5244 synodo
2505 5159 2744 5244 plurium
2771 5157 3193 5244 provinciarum
3237 5168 3435 5222 merito

1858 5226 2137 5304 tractanda
2163 5227 2235 5281 sit
2259 5240 2275 5280 :
2304 5226 2451 5299 quod
2475 5226 2522 5283 si
2538 5231 2765 5286 occasio
2793 5226 3035 5304 ingruat,
3068 5249 3176 5289 non
3213 5246 3438 5304 praeter-

1857 5297 2178 5351 mittendam
2209 5297 2350 5353 esse.

1928 5365 1952 5404 ά
1984 5366 2157 5447 Erunt
2179 5369 2458 5447 semperjn
2481 5366 2742 5447 Ecclesia.
2776 5370 3004 5447 videtur
3031 5389 3286 5432 coercere
3311 5391 3438 5447 pro-

1857 5436 2170 5517 nissionem
2198 5435 2544 5517 Qhristitqui
2567 5441 2939 5517 pronuntiavit
2975 5441 3214 5517 futurum
3246 5435 3436 5503 se'no-

1858 5505 2065 5577 hiscum
2082 5508 2333 5562 omnibus
2347 5505 2532 5564 diebus
2545 5505 2715 5577 usque
2728 5511 2794 5563 ad
2809 5515 3326 5569 consummationem
3344 5531 3436 5571 sae-

1859 5575 1986 5647 culi,
2011 5577 2077 5630 ad
2099 5590 2193 5631 eos
2214 5578 2455 5647 quivere
2477 5575 2770 5634 Christiani
2803 5588 2950 5645 sunt,
2982 5583 3085 5638 hoc
3111 5593 3214 5647 est,
3237 5587 3433 5641 sancti.

1860 5645 2058 5726 Verum
2085 5662 2191 5726 non
2223 5645 2380 5718 negat
2408 5649 2537 5726 quin
2569 5650 2712 5726 istud
2743 5650 3011 5726 referatur
3038 5655 3104 5726 ad
3138 5645 3437 5726 Ecclesiam

1858 5717 2248 5792 universalem,
2281 5717 2442 5787 quam
2472 5717 2719 5775 Christus
2750 5736 2854 5776 non
2887 5722 3121 5792 reliquit,
3153 5725 3250 5779 sed
3295 5741 3439 5782 sem-

1857 5799 1955 5854 per
1980 5788 2264 5857 gubernat.

1934 5867 1961 5905 ο.
1990 5855 2262 5911 Malorum
2289 5860 2641 5930 perversitate.
2676 5861 2963 5918 Existimat
2994 5864 3157 5935 igitur
3200 5865 3439 5938 Agobar-
