3918 6310
487 440 591 498 145

1453 437 1509 492 S.
1555 435 1905 492 AGOBARDI
1945 433 2255 491 EPISCOPI
2294 431 2783 491 LUGDUNENSIS

3692 430 3780 483 Hi

483 565 508 592 ι
549 549 744 605 summi
777 547 1095 611 sacerdOtis,
1122 561 1230 601 non
1252 545 1488 601 humana
1511 547 1733 612 virtute,
1774 545 1868 601 sed
1894 546 2070 600 sancti
2101 551 2151 607 Α
2177 545 2399 600 caeleste
2429 544 2615 610 mittit,
2653 552 2708 598 et
2744 543 2858 612 ipsa
2893 539 2945 595 in
2977 539 3191 596 cloacas
3222 539 3540 595 descendit?
3573 540 3780 597 Timea-

480 641 722 712 Spiritus
762 637 1118 709 perﬁciantur
1164 635 1512 693 ineli‘abiliter
1555 637 1855 705 majestate.
1919 635 2079 691 Nullo

476 731 642 787 modo
691 731 874 803 igitur,
905 730 1050 785 sicut
1108 727 1301 784 beatus
1330 727 1672 800 Augustinus
1717 730 1898 794 docet,
1935 746 1954 778 σ
1987 744 2078 785 sa-

477 830 823 877 cramentum
851 819 1055 877 Christi
1083 819 1139 874 in
1166 818 1326 874 bonis
1368 818 1638 874 ministris
1665 818 2076 888 approbandum

476 920 581 976 est,
610 913 664 966 in
695 912 852 967 malis
876 913 1265 982 respuendum,
1305 914 1464 982 quasi
1489 921 1585 968 aut
1611 914 1773 983 hujus
1802 921 1896 966 aut
1916 911 2078 980 hujus

478 1003 565 1064 sit,
593 1018 718 1056 cum
747 1003 801 1057 in
847 1011 1081 1072 utroque
1112 1003 1254 1059 idem
1277 1003 1370 1068 sit,
1403 1011 1458 1060 et
1487 1019 1595 1059 non
1627 1003 1732 1058 nisi
1762 1002 1857 1057 Dei
1885 1004 1978 1057 sit.
2010 1003 2077 1058 Et

476 1095 725 1163 quamvis
758 1095 812 1148 in
853 1094 1107 1164 pessimis
1140 1095 1344 1150 bonum
1376 1095 1467 1160 sit,
1526 1094 1631 1150 etsi
1669 1093 1951 1148 hominum
1983 1094 2075 1162 qui

479 1185 584 1238 hoc
603 1191 772 1253 agunt
791 1184 928 1239 alius
958 1192 1042 1239 est
1071 1182 1178 1253 alio
1203 1183 1464 1246 deterior,
1493 1197 1600 1237 non
1631 1182 1752 1237 ideo
1777 1182 1907 1236 illud
1932 1184 2076 1250 quod

476 1283 644 1347 agunt
665 1276 904 1330 deterius
932 1285 1017 1330 est
1045 1275 1099 1329 in
1130 1275 1222 1330 illo
1251 1290 1414 1344 quam
1460 1275 1514 1328 in
1541 1274 1648 1328 isto
1676 1291 1688 1325 :
1722 1275 1846 1344 quia
1880 1289 1981 1330 nec
2017 1276 2073 1331 in

475 1369 687 1424 duobus
709 1367 997 1423 catholicis
1025 1367 1205 1432 malis,
1232 1367 1278 1420 si
1303 1381 1442 1420 unus
1465 1366 1536 1420 sit
1559 1366 1666 1420 alio
1693 1366 1951 1429 deterior,
1981 1367 2075 1420 de-

475 1461 735 1516 teriorem
789 1461 1118 1530 baptismum
1171 1459 1350 1529 gerit:
1379 1471 1480 1511 nec
1532 1459 1578 1511 si
1607 1473 1746 1511 unus
1776 1471 1963 1510 eorum
2004 1457 2076 1511 sit

475 1553 670 1617 bonus,
702 1552 842 1606 alius
870 1551 1060 1613 malus,
1096 1550 1148 1603 in
1192 1549 1335 1604 malo
1362 1548 1538 1604 malus
1560 1555 1645 1602 est
1670 1548 1995 1617 baptismus,
2020 1556 2076 1602 et

474 1646 531 1702 in
581 1648 723 1703 bono
751 1647 945 1708 bonus,
974 1645 1069 1699 sed
1117 1643 1172 1697 in
1203 1652 1435 1712 utroque
1466 1644 1642 1698 bonus
1668 1661 1680 1695 :
1713 1644 1853 1697 sicut
1891 1643 2070 1698 lumen

474 1736 629 1803 solis,
661 1737 741 1792 vel
770 1736 937 1792 etiam
979 1735 1241 1799 lucernae,
1274 1748 1383 1788 non
1415 1734 1602 1802 utique
1632 1733 1874 1788 deterius
1902 1743 1986 1789 est
2015 1735 2071 1788 in

474 1831 647 1888 oculis
690 1827 1072 1892 deterioribus,
1116 1841 1279 1895 quam
1319 1826 1372 1878 in
1404 1824 1751 1890 melioribus;
1801 1825 1896 1879 sed
1926 1825 2070 1878 idem

2183 652 2304 690 mus
2325 637 2458 699 haec,
2487 629 2705 689 fratres.
2727 632 3029 688 Conveniat
3049 633 3317 688 actionem
3337 640 3586 686 nostram
3612 633 3782 701 ipsum

2183 728 2550 784 ministerium
2571 733 2840 782 nostrum.
2867 724 2946 780 De
2975 733 3324 795 peccatorum
3347 733 3668 778 nostrorum
3697 739 3782 778 co-

2181 821 2312 876 tidie
2341 820 2676 876 relaxatione
2721 817 3054 886 cogitemus;
3084 831 3153 871 ne
3183 823 3371 871 nostra
3409 815 3522 867 vita
3559 825 3782 882 peccato

2179 913 2422 985 obligata
2448 917 2754 974 remaneat,
2784 923 2880 978 per
2909 923 3071 978 quam
3098 907 3442 976 omnipotens
3468 905 3617 958 Deus
3652 920 3781 973 quo—

2181 1006 2312 1061 tidie
2343 1004 2479 1058 alios
2508 1001 2687 1057 solvit.
2729 1021 2747 1054 ι

2248 1099 2409 1156 XV'll.
2441 1096 2820 1153 Consonanter
2844 1106 3060 1165 quoque
3088 1101 3144 1147 et
3163 1092 3357 1146 beatus
3379 1090 3407 1130 δ
3431 1103 3570 1159 papa
3599 1089 3772 1141 Anas-

2177 1191 2350 1246 tasius
2409 1189 2477 1244 de
2518 1188 2606 1242 bis
2657 1186 2816 1241 docet
2883 1185 3136 1256 (θεον-ειη
3185 1197 3233 1236 c.
3292 1182 3343 1245 7,
3402 1181 3480 1250 8),
3535 1180 3776 1233 dicens:

2180 1280 2312 1334 Nam
2340 1286 2393 1334 et
2417 1277 2748 1346 baptismum
2781 1275 2923 1344 quod
2960 1273 3150 1344 procul
3182 1271 3242 1325 lit
3266 1271 3334 1326 ab
3365 1270 3638 1334 Ecclesia,
3670 1269 3781 1323 sive

2176 1373 2244 1425 ab
2272 1370 2521 1424 adultero
2553 1367 2638 1424 vel
2663 1381 2693 1419 a
2727 1365 2844 1419 fure
2866 1364 3031 1418 fuerit
3051 1364 3260 1427 datum,
3291 1362 3356 1417 ad
3379 1360 3779 1431 perclpientem

2177 1477 2374 1516 munus
2399 1459 2654 1529 pervenit
2695 1457 2985 1520 illibatum,
3017 1454 3144 1523 quia
3176 1468 3282 1508 vox
3327 1452 3417 1506 illa
3448 1465 3569 1520 qua:
3594 1451 3782 1504 sonuit

2176 1568 2275 1622 per
2307 1549 2636 1612 columbam,
2668 1561 2885 1602 omnem
2917 1542 3185 1598 maculam
3217 1544 3469 1597 humanae
3521 1541 3782 1609 pollutio-

2177 1641 2262 1694 nis
2310 1639 2590 1702 excludit,
2648 1651 2754 1705 qua
2801 1632 3109 1688 declaratur
3158 1646 3224 1685 ac
3271 1630 3510 1685 dicitur:
3545 1628 3656 1682 Hic
3707 1639 3777 1682 est

2177 1732 2270 1799 qui
2303 1729 2535 1795 baptizat
2578 1727 2633 1781 in
2670 1725 2872 1796 Spiritu
2903 1733 3108 1777 sancto.
3130 1721 3336 1791 Nempe
3359 1732 3412 1775 et
3432 1718 3626 1785 Judas,
3658 1737 3778 1775 cum

2176 1818 2340 1872 fuerit
2365 1817 2660 1885 sacrilegus
2695 1825 2857 1884 atque
2879 1814 2983 1876 fur,
3021 1812 3288 1882 quidquid
3311 1812 3420 1882 egit
3455 1812 3601 1865 inter
3653 1827 3780 1878 apo-

475 1937 528 1975 ID
568 1920 837 1989 utrisque,
870 1917 1120 1987 quamvis
1149 1930 1241 1970 eos
1273 1914 1487 1969 diverse
1513 1929 1613 1984 pro
1641 1913 1858 1969 illorum
1885 1913 2067 1968 diver-
2096 1901 2144 1960 Β
2173 1909 2343 1965 stolos
2357 1923 2456 1978 pro
2479 1907 2742 1975 dignitate
2759 1901 3353 1967 commissa,benelieia
3376 1915 3476 1970 per
3497 1899 3778 1968 indignum

472 2013 637 2066 sitate
657 2008 740 2064 vel
765 2005 1006 2082 lmtiﬁcet
1031 2005 1116 2060 vel
1142 2004 1438 2061 excruciet.
1477 2023 1496 2057 ι

546 2102 684 2159 XVI.
721 2100 1004 2156 Similiter
1038 2107 1220 2153 autem
1257 2105 1313 2152 et
1362 2097 1557 2152 beatus
1584 2110 1726 2166 papa
1776 2094 2074 2167 Gregorius

476 2201 543 2258 de
574 2214 681 2254 non
724 2193 1142 2252 contemnendis
1169 2191 1370 2246 divinis
1408 2189 1774 2245 sacramentis
1822 2189 1875 2242 in
1905 2188 2076 2257 quali-

476 2293 795 2357 buscunque
816 2284 1083 2340 ministris
1107 2282 1204 2336 Dei
1235 2280 1336 2335 sub
1356 2279 1597 2349 quodam
1623 2291 1861 2348 congruo
1887 2291 2074 2332 exem-

473 2383 563 2453 plo
608 2381 883 2442 admonet,
930 2375 1166 2430 dicens:
1209 2391 1226 2424 t
1265 2371 1440 2442 Smpe,
1501 2369 1700 2425 fratres
1757 2370 1888 2436 mei,
1938 2369 2077 2424 solet

477 2473 698 2532 evenire
727 2469 871 2540 quod
910 2468 1052 2531 dico,
1083 2474 1144 2520 ut
1172 2478 1404 2534 persona
1439 2473 1638 2533 potens
1694 2461 1957 2516 famulum
1983 2461 2074 2515 ha-

479 2568 604 2621 beat
644 2564 991 2632 despectum;
1038 2571 1270 2624 eumque
1316 2569 1416 2624 per
1468 2568 1594 2609 eum
1642 2552 1756 2608 suis
1799 2551 1941 2610 forte
1992 2553 2076 2609 vel

477 2654 757 2714 extraneis
777 2663 1094 2724 responsum
1125 2645 1344 2720 aliquod
1369 2644 1606 2712 mandat,
1643 2662 1752 2718 non
1780 2647 2079 2717 despicitur

476 2763 710 2820 persona
752 2743 1026 2814 loquentis
1054 2741 1220 2806 servi,
1250 2740 1378 2809 quia
1407 2744 1659 2794 servatur
1703 2737 1760 2791 in
1800 2737 1965 2792 corde
1993 2751 2080 2790 re-

475 2841 724 2898 verentia
751 2836 1020 2894 mittentis
1041 2833 1283 2898 domini;
1323 2846 1425 2886 nec
1445 2839 1682 2900 pensant
1704 2829 1798 2899 qui
1825 2828 2075 2891 audiunt,

474 2949 574 3002 per
613 2945 806 3002 quem;
837 2928 935 2984 sed
973 2927 1127 2997 quid,
1173 2925 1259 2979 vel
1309 2939 1341 2978 a
1367 2938 1475 2994 quo
1521 2920 1762 2976 audiant.
1812 2921 1892 2976 lta
1925 2936 2076 2991 ergo,

477 3027 705 3089 fratres,
739 3023 814 3078 ita
841 3036 938 3076 vos
966 3020 1128 3090 agite.
1158 3017 1276 3072 Etsi
1308 3015 1539 3070 forsitan
1583 3027 1684 3067 nos
1711 3012 1874 3082 digne
1899 3010 2080 3079 despi-

479 3114 628 3179 citis,
659 3113 715 3167 in
748 3119 930 3166 mente
965 3117 1149 3163 tamen
1186 3113 1371 3160 vestra
1398 3103 1647 3158 vocantis
1668 3100 1885 3155 Domini
1919 3115 2077 3154 reve~

477 3206 715 3261 rentiam
738 3213 974 3259 servate.
1003 3219 1020 3253 ι
1047 3199 1194 3254 Idem
1217 3197 1385 3253 etiam
1409 3194 1572 3249 Pater
1594 3193 1662 3248 de
1685 3191 1887 3248 eisdem
1914 3191 2078 3246 rebus

478 3299 535 3354 in
575 3296 814 3369 quadam
861 3293 1241 3363 episcoporum
1291 3286 1672 3344 exhortatione
1710 3283 1790 3337 sic
1835 3281 2078 3350 loquitur

477 3388 707 3464 (Homil.
738 3388 802 3454 l7
832 3386 887 3439 in
913 3381 1142 3453 Evang.)
1172 3399 1184 3434 :
1223 3397 1240 3431 t
1274 3379 1344 3433 Et
1369 3392 1469 3446 per
1510 3391 1610 3431 nos
1638 3373 1860 3445 quidem
1890 3370 2075 3426 ﬁdeles

477 3463 546 3538 ad
579 3470 829 3536 sanctum
877 3474 1150 3544 baptisma
1193 3471 1435 3534 veniunt,
1471 3465 1674 3522 nostris
1697 3463 1953 3535 precibus
1983 3463 2076 3517 be—

477 3573 827 3633 nedicuntur,
863 3582 962 3637 per
985 3563 1390 3634 impositionem
1411 3574 1671 3615 manuum
1693 3564 2005 3612 nostrarum
2042 3569 2073 3608 a

480 3665 590 3719 Deo
647 3658 913 3732 Spiritum
968 3664 1221 3711 sanctum
1269 3650 1600 3721 percipiunt,
1655 3654 1823 3716 atque
1866 3644 1968 3713 ipsi
2007 3643 2075 3698 ad

476 3768 708 3827 regnum
754 3749 975 3806 caeleste
999 3745 1335 3817 pertingunt.
1374 3742 1442 3795 Et
1466 3755 1595 3796 ecce
1639 3754 1739 3793 nos
1770 3752 1868 3806 per
1910 3735 2080 3806 negli-

476 3845 715 3918 gentiam
770 3851 1015 3897 nostram
1055 3835 1311 3891 deorsum
1351 3831 1642 3887 tendimus.
1698 3827 2081 3896 lngrediuntur

476 3938 639 3994 electi
683 3933 1028 3989 sacerdotum
1087 3925 1343 3980 manibus
1396 3922 1596 3992 expiati
1651 3919 1930 3974 ecelestem
1985 3932 2080 3986 pa-

479 4030 667 4091 triam,
695 4031 752 4080 et
775 4021 1091 4077 sacerdotes
1121 4017 1226 4087 ipsi
1255 4031 1353 4085 per
1380 4014 1546 4067 vitam
1573 4010 1862 4079 reprobam
1898 4007 1968 4062 ad
1993 4008 2079 4062 in-

479 4119 620 4174 ferni
665 4112 928 4185 supplicia
979 4108 1257 4164 festinant.
1308 4105 1407 4160 Cui
1445 4117 1572 4173 ergo
1609 4101 1712 4166 rei,
1756 4100 1841 4155 cui
1873 4097 2080 4154 similes

480 4207 716 4264 dixerim
755 4202 1070 4260 sacerdOtes
1123 4197 1317 4262 malos,
1367 4195 1473 4249 nisi
1521 4207 1677 4262 aquae
1711 4190 2078 4261 baptismatis,

478 4314 600 4370 qua:
624 4303 848 4370 peccata
876 4291 1282 4363 baptizatorum
1324 4285 1559 4350 diluens,
1589 4283 1711 4337 illos
1749 4281 1817 4335 ad
1853 4294 2079 4350 regnum

2174 2001 2322 2064 data,
2361 1998 2506 2052 nulla
2540 2012 2604 2051 ex
2652 1996 2756 2050 hoc
2803 1994 3128 2048 detrimenta
3159 1998 3468 2046 senserunt.
3504 1987 3779 2058 Quidquii

2176 2105 2304 2161 ergo
2326 2089 2392 2144 ad
2423 2089 2707 2142 hominum
2736 2091 3057 2154 provectum
3078 2083 3306 2152 quilibet
3323 2083 3375 2136 in
3401 2081 3650 2135 Ecclesia
3683 2082 3780 2134 mi-

2176 2182 2348 2236 nister
2382 2194 2481 2249 pro
2524 2177 2699 2232 ollicio
2750 2191 2850 2230 suo
2890 2174 3106 2229 videtur
3163 2174 3398 2242 operari,
3451 2173 3555 2226 hoc
3609 2180 3780 2224 totum

2175 2271 2447 2327 contineri
2496 2268 2829 2338 implendum
2860 2266 3164 2320 divinitatis
3204 2264 3420 2326 ell‘ectu,
3457 2264 3529 2318 ita
3568 2263 3664 2317 ille
3691 2278 3785 2331 per

2176 2377 2340 2430 quem
2370 2360 2619 2416 Christus
2651 2357 2908 2426 loquitur,
2942 2355 3143 2409 Paulus
3174 2353 3408 2408 aﬂirmat
3440 2370 3451 2405 :
3489 2353 3607 2422 Ego
3631 2353 3782 2422 plan-

2178 2453 2304 2516 tavi,
2357 2451 2542 2521 Apollo
2596 2449 2805 2519 rigavit,
2851 2446 2941 2500 sed
2986 2445 3128 2499 Deus
3181 2446 3558 2499 incrementum
3610 2444 3778 2497 dedit.

2179 2542 2367 2615 Itaque
2403 2557 2565 2613 neque
2607 2540 2696 2610 qui
2717 2537 2924 2608 plantat
2950 2546 3026 2590 est
3058 2535 3281 2607 aliquid,
3313 2551 3474 2605 neque
3497 2535 3592 2604 qui
3620 2536 3782 2604 rigat,

2178 2636 2267 2690 sed
2291 2635 2378 2705 qui
2418 2635 2796 2686 incrementum
2842 2627 2932 2680 dat
2981 2625 3142 2679 Deus.
3199 2624 3244 2678 A
3288 2624 3398 2678 Deo
3453 2632 3639 2677 autem
3675 2639 3782 2678 non

2178 2728 2442 2799 qureritur
2468 2724 2590 2794 quis
2631 2721 2713 2775 vel
2752 2718 2929 2789 qualis
2955 2716 3236 2786 pradicet,
3265 2715 3362 2770 sed
3384 2729 3545 2783 quem
3583 2714 3784 2783 praedi-

2180 2827 2287 2882 cet,
2324 2827 2383 2869 ut
2406 2814 2616 2869 invidos
2646 2811 2811 2866 etiam
2842 2809 2979 2879 bene
3019 2807 3296 2861 Christum
3321 2805 3626 2874 praedicare
3653 2820 3782 2859 eon-

2181 2910 2380 2963 ﬁrniet.
2406 2905 2529 2961 Mali
2577 2905 2758 2971 itaque
2783 2901 2927 2955 bona
2977 2897 3359 2962 ministrando,
3395 2897 3497 2951 sibi
3531 2905 3783 2950 tantum-

2181 3001 2341 3056 modo
2372 3005 2587 3060 uoeent,
2635 3010 2734 3049 nec
2763 2991 3020 3047 Ecclesiae
3057 2990 3316 3060 mysteria
3346 2986 3780 3042 commaculant.

2180 3092 2255 3144 Ac
2272 3105 2369 3159 per
2397 3089 2500 3143 hoc
2529 3085 2837 3139 nullatenus
2862 3080 3059 3135 debent
3087 3085 3329 3132 metuere
3353 3077 3446 3146 qui
3467 3077 3551 3130 vel
3579 3078 3634 3129 in
3657 3092 3786 3130 con-

2183 3178 2580 3236 secrationibus
2626 3174 2713 3229 vel
2770 3174 2824 3227 in
2875 3169 3204 3240 baptismate
3263 3166 3524 3236 mysteria
3584 3163 3786 3217 tradita

2107 3243 2149 3303 Ο
2184 3273 2510 3341 suscipiunt,
2563 3283 2633 3323 ne
2691 3265 2847 3320 irrita
2893 3261 3160 3317 beneficia
3209 3259 3392 3314 divina
3444 3256 3782 3310 videantur:

2185 3369 2312 3438 quia
2359 3367 2616 3419 virtutem
2645 3375 2800 3416 suam
2839 3355 3211 3414 obtinentibus
3238 3351 3536 3423 mysteriis,
3587 3350 3642 3404 in
3681 3349 3787 3404 hoc

2184 3461 2305 3515 aliis
2340 3473 2431 3511 rea
2462 3455 2565 3511 sibi
2597 3465 2833 3523 persona
2860 3464 2967 3503 non
2993 3454 3176 3502 nocet.
3214 3464 3234 3497 ι

2258 3548 2438 3605 ΧἮΙΙ.
2495 3545 2619 3600 Haec
2651 3544 2818 3614 igitur
2871 3555 3031 3594 sensa
3082 3537 3306 3591 Patrum
3342 3542 3397 3589 et
3430 3532 3787 3587 deﬁnitiones

2182 3643 2482 3716 posuimus,
2512 3647 2573 3692 ut
2611 3635 2868 3690 noverint
2906 3632 3091 3686 fideles
3133 3628 3337 3700 populi,
3389 3627 3525 3681 nihil
3569 3642 3632 3680 se
3660 3625 3788 3679 laedi

2183 3731 2507 3788 criminibus
2556 3725 2898 3782 sacerdotum
2940 3723 2993 3776 in
3037 3721 3352 3788 acceptione
3406 3727 3785 3772 sacramento.

2184 3839 2336 3887 rum;
2366 3821 2410 3876 si
2443 3829 2624 3875 tamen
2646 3816 2800 3887 juxta
2830 3811 3071 3880 regulam
3103 3826 3131 3863 a
3157 3809 3384 3862 Domino
3411 3808 3669 3878 positam,
3703 3803 3788 3860 vel

2185 3914 2482 3972 secundum
2514 3907 2865 3964 traditionem
2916 3901 3366 3963 ecclesiasticam,
3412 3898 3784 3952 celebrentur.

2185 4006 2456 4061 Caeterum
2503 4009 2847 4065 summopere
2889 4006 3110 4046 necesse
3150 3999 3235 4044 est
3273 3988 3595 4058 przccaveri,
3633 3996 3690 4040 ut
3732 3988 3785 4040 in

2185 4091 2506 4152 ordinandis
2552 4101 2574 4127 ο
2623 4083 2985 4141 oti'erendisve
3037 4079 3300 4133 ministris
3329 4093 3433 4131 non
3474 4078 3782 4131 communi-

2186 4198 2397 4247 cemus,
2427 4189 2489 4234 ut
2511 4192 2676 4248 supra
2719 4174 2922 4228 dictum
2949 4179 3054 4234 est,
3097 4169 3338 4238 peccatis
3371 4167 3588 4231 alienis,
3620 4167 3645 4206 ἀ
3679 4167 3786 4221 cri-

2188 4278 2430 4332 minosos
2457 4266 2709 4323 videlicet
2734 4263 2802 4317 ad
2841 4259 3205 4317 sacerdotium
3230 4257 3629 4329 promovendo,
3670 4265 3784 4322 aut,

1859 4369 2131 4426 BALUle
2168 4363 2400 4424 NOTIE.

481 4483 603 4547 dus,
631 4475 906 4547 sacrificio
939 4473 1103 4547 etiam
1141 4467 1446 4547 sacerdotis
1479 4462 1630 4545 impii
1654 4459 2075 4547 .confici‘sacrta;

481 4528 1134 4618 agminia—Cypriane
1157 4555 1312 4618 mens
1334 4538 1438 4594 fuit
1471 4555 1488 4618 ξ
1511 4528 1605 4605 qui
1652 4528 2076 4618 in_ep_ist_qladt_i_8_

480 4600 992 4696 {utili—icjadnotat
1015 4611 1300 4696 Erasmus).
1343 4600 2082 4696 omniinomsentiie

480 4670 1105 4748 sacriﬁciosacerdotis
1153 4670 1304 4752 impii
1347 4677 1484 4734 nihil
1531 4673 1719 4752 efﬁcit
1753 4672 1877 4752 imo.
1907 4670 2084 4740 magis

786 4739 1392 4832 __—populum._'0p_tatus
1449 4757 1654 4832 tamen.
1707 4739 1964 4832 inuliliro
2008 4739 2082 4832 1:11

482 4809 886 4902 Eiliiﬁémﬁi
898 4809 1068 4895 posse
1092 4809 1296 4901 aliquid
1325 4812 1678 4876 sanctiﬁeari,
1717 4809 1933 4891 etiamsi
1937 4823 2085 4932 ἐνθο-

485 4902 687 4932 ηηιηηςιι
721 4911 882 4932 Anni")
918 4895 1006 4932 (in!
1037 4892 1203 4932 diuini
1249 4889 1489 4932 nnminis
1538 4886 1830 4932 invocatio.
1870 4895 1887 4927 ι
1987 4893 2084 4932 r10

483 4881 1205 4967 cateriswopera'ﬁatdivtni
1249 4889 1489 4967 nominis
1538 4881 1830 4967 invocatio.
1870 4895 1887 4927 ι
1937 4881 2084 4960 Ergo

483 4949 1104 5039 iani—liquidoiapparet,
1133 4960 1330 5039 inquit,
1368 4973 1436 5039 ex
1467 4951 1809 5039 invocatione
1844 4949 2084 5039 nominis

506 4989 594 5026 am
625 4989 830 5039 nququ
858 4989 1104 5036 apparet,
1133 4989 1330 5029 uulua,
1368 4989 1436 5013 CA
1468 4989 1518 5010 ιιι
1532 4989 1808 5009 ῐυυαυινιιν
1846 4989 2084 5003 ..νιιηηω

479 4989 583 5097 Dei
611 5055 772 5112 posse
809 5029 1417 5112 aliquidtsancticticari,
1460 5023 1676 5112 etiamsi
1712 5019 2085 5112 peccator

487 5086 938 5167 ié'oa’t‘néimf‘.‘
958 5086 1195 5172 ldipsum
1228 5101 1280 5172 in
1305 5086 1468 5172 causa
1497 5093 1680 5172 Aeacii
1713 5086 1902 5172 :sensit
1932 5086 2084 5172 Ana:

488 5156 929 5248 papam
952 5156 1176 5248 epistola
1208 5170 1275 5248 ad
1324 5165 1672 5248 Anastasium
1706 5159 1846 5248 Aug.
1893 5171 2021 5248 (5:inL
2053 5156 2082 5208 7

489 5227 1011 5315 affectanti
1030 5239 1414 5315 abAgebardo
1442 5233 1663 5315 infmia
1693 5227 1888 5315 Canite
1903 5227 2086 5315 tritu:

489 5298 1019 5384 ius'libri.'—Ktque
1051 5298 1129 5384 ea_
1162 5298 1488 5384 auctoritate
1535 5298 2086 5384 utitur._Hli‘nemarus

546 5366 923 5464 heu-tensist
940 5381 1166 5464 epistola
1193 5380 1260 5434 26
1289 5376 1555 5464 quaedam
1579 5380 1663 5464 est
1691 5368 1776 5464 πρ,
1801 5366 2084 5464 Ιλξίςῗιδξω

494 5437 903 5534 53325;:
919 5437 1085 5509 etiam
1109 5437 1439 5534 suntt‘psi'ssen
1454 5445 1671 5526 videtur
1717 5437 2088 5534 Eiutprandus

496 5515 804 5588 'rl‘icinensis
830 5526 921 5581 lib.
958 5541 998 5587 ι,
1028 5537 1172 5585 cap.
1205 5515 1247 5574 8'
1276 5538 1341 5588 ζ(
1397 5515 1664 5588 Quoniam
1714 5515 1855 5588 etii,
1888 5515 2085 5588 inquit,

496 5579 812 5674 illa;
837 5579 1050 5674 Domini
1082 5579 1254 5645 nostri
1272 5579 1628 5674 'Jesu‘Cliristi
1655 5579 1940 5674 μικρῇ]ςῇ
1951 5585 2089 5674 313$

499 5645 1110 5743 iiibcﬁtialiéniéiiutém
1139 5676 1237 5715 seu
1269 5645 1721 5743 benedictionem.
1731 5645 2088 5743 apostolicam

498 5721 877 5815 perceperant,
902 5751 969 5792 ea
995 5740 1122 5814 post
1147 5729 1511 5815 proditionem
1527 5721 2090 5815 propriique

500 5800 578 5868 ris
607 5800 1275 5880 su-spensionemuninimle
1306 5805 1434 5880 sunt
1457 5800 1682 5880 privati),
1706 5805 1808 5880 nis:
1835 5800 2092 5880 questiqu-

499 5853 1208 5957 L'Foﬁi"t%"r"té'ééféui}unt
1233 5853 1474 5942 ﬂagitia:
1485 5853 1798 5922 Benedictio
1817 5853 2032 5926 siquide

2197 4515 2276 4580 ἰιὶ
2297 4524 2534 4585 videtur,
2566 4519 2660 4574 sed
2687 4517 2780 4587 qui
2806 4531 2912 4569 non
2943 4515 2993 4567 vi

2107 4569 2159 4628 Β
2185 4545 2356 4653 gitur.
2390 4591 2577 4653 Neque
2612 4588 2758 4642 enim
2800 4586 2892 4653 qui
2921 4585 2993 4653 rig

2177 4471 2299 4529 quae
2328 4448 2657 4529 a_ministris
2685 4445 2891 4528 Christi
2945 4441 3297 4529 impenditur,
3352 4457 3460 4529 non
3515 4456 3619 4523 per
3661 4456 3784 4529 eum

3071 4521 3178 4576 tur,
3211 4512 3556 4566 sacerdotem
3603 4511 3785 4565 infun-

2230 4599 2356 4651 itur.
2390 4581 2577 4660 Neque
2612 4581 2770 4660 enim
2800 4586 2892 4655 qui
2921 4585 3064 4654 rigat
3082 4591 3165 4636 est
3189 4581 3412 4660 aliquid,
3458 4597 3677 4660 neque"
3693 4581 3785 4654 qui

2187 4648 2420 4737 lviii-litui.
2615 4658 2709 4737 qui
2743 4648 3152 4737 “incrementum
3199 4648 3294 4737 da‘tw
3314 4652 3503 4737 ‘Deu's.
3548 4648 3592 4732 ἶ.
3645 4648 3786 4732 gum

2188 4722 2434 4805 tempore
2463 4722 2756 4805 Alexandri
2777 4725 2849 4805 _lll
2871 4724 3114 4805 Ecclesia
3149 4722 3424 4805 credebat
3439 4722 3786 4805 Do‘minieum

2185 4791 2386 4874 cerpus
2417 4814 2571 4868 aeque
2597 4795 2789 4874 conﬁci
2817 4811 2848 4874 ρ
2871 4795 3015 4848 malo
3037 4793 3344 4874 sacerdote,
3377 4801 3483 4870 eta
3513 4791 3695 4874 bono;
3728 4798 3788 4843 ut

2184 4861 2340 4946 patet
2361 4889 2427 4946 ex
2452 4861 2720 4946 sententia
2766 4866 3031 4946 adversus
3075 4864 3253 4943 Bonos
3303 4863 3554 4942 homines
3602 4861 3786 4946 lata":

2189 4930 2485 5002 Caucelino
2506 4936 2811 4993 Lodovensi
2839 4935 3094 5004 episcopo
3113 4933 3329 5004 nomine
3359 4931 3527 5004 totius
3555 4930 3753 5000 synodi
3770 4969 3783 4991 .

2186 5001 2311 5086 qua:
2335 5019 2518 5086 exstat
2538 5007 2679 5086 apud
2716 5001 3008 5076 Rogerium
3029 5001 3106 5057 'de
3136 5002 3391 5057 Hoveden
3416 5001 3470 5054 in
3499 5010 3664 5069 parte
3688 5015 3784 5071 p0-

2187 5079 2404 5141 steriori
2426 5079 2736 5134 Annalium.

2259 5167 2285 5195 ει
2317 5151 2522 5208 Summi
2545 5147 2833 5201 sacerdotis
2857 5186 2870 5210 ,
2912 5145 2966 5199 id
2987 5151 3090 5206 est,
3126 5140 3351 5196 Christi.

2261 5225 2290 5264 ι)
2325 5222 2475 5290 Ραρα
2503 5208 2865 5290 Anastasius,
2891 5213 3220 5290 inDecretis
3249 5227 3366 5290 cap.
3402 5211 3432 5262 7
3463 5217 3520 5264 et
3558 5209 3611 5263 8.
3649 5208 3786 5262 Nam

2187 5295 2353 5350 verba
2375 5283 2650 5343 Anastasii
2687 5285 2989 5341 deem-tavit
3014 5283 3351 5353 Agobardus.

2263 5347 2698 5431 VCCOﬁ‘erendisve.
2741 5355 2890 5410 istud
2931 5347 3174 5408 additum
3210 5361 3389 5405 estex
3415 5348 3601 5404 codice
3650 5347 3790 5400 Mar-

2190 5449 2362 5490 nmen.

2261 5503 2289 5545 ά
2316 5500 2637 5556 Criminosos
2655 5494 3000 5566 prorehendo.
3037 5491 3275 5566 Vetitum
3303 5490 3453 5542 illud.
3481 5489 3616 5566 Eum
3641 5490 3790 5542 enim

2190 5575 2280 5644 qui
2325 5573 2391 5626 ad
2427 5559 2794 5644 sacerdotium
2834 5559 3643 5644 promovetur,“intfgnlfatua
3673 5571 3792 5613 esse

2191 5629 2425 5715 oportet,
2463 5637 2620 5715 juxta
2651 5629 2981 5715 praeceptum
3008 5631 3272 5715 Apostoli.
3321 5630 3441 5715 Quo.
3472 5629 3679 5711 (aetum
3712 5636 3796 5682 est

2191 5701 2252 5769 ut
2279 5701 2433 5768 vetus
2461 5701 2700 5764 Ecclesia
2731 5701 2918 5774 procul
2941 5719 2971 5756 a
2993 5703 3316 5774 clericorum
3342 5701 3572 5769 collegio
3592 5713 3797 5752 arcue-

2195 5785 2267 5838 rit
2294 5797 2390 5838 eos
2420 5781 2509 5849 qui
2555 5771 2774 5849 flagitiis
2803 5771 3179 5849 commaculati
3213 5779 3398 5849 erant;
3447 5779 3510 5823 ut
3543 5776 3703 5849 patet
3729 5781 3796 5849 ex

2189 5839 2841 5920 Decretis'papaivGelasii
2862 5857 2984 5914 cap.
3025 5843 3109 5900 18.
3143 5841 3319 5914 Atque
3345 5840 3400 5896 id
3431 5839 3678 5911 graviter
3707 5841 3799 5894 do-
