3918 6350
167 339 277 397 ηδ

1214 346 1303 402 DE
1343 346 1591 403 PRIV’IL.
1634 346 1723 405 ET
1762 347 1937 406 JURE
1978 348 2411 410 SACERDOTII.

3353 353 3459 409 HG

164 458 315 529 quod
346 456 526 515 adhuc
551 457 724 514 multo
774 457 1015 514 deterius
1036 468 1143 525 est,
1176 472 1201 501 ιι
1244 461 1544 533 ignorantia
1566 477 1759 527 caecos,
1790 462 2098 524 Asollicitc
2152 473 2237 520 est
2299 472 2532 535 quatuor
2586 479 2777 521 eorum
2822 479 2945 522 esse
2995 481 3213 539 genera,
3291 483 3461 522 unum

165 548 262 617 qui
295 547 378 602 vel
412 548 709 603 secundum
754 556 1003 603 tenorem
1049 548 1475 605 ecclesiasticum
1523 551 1773 605 nesciant

165 651 429 709 peragere
465 638 579 708 ipsa
638 639 925 709 mysteria,
976 638 1119 709 quod
1162 642 1385 696 omnino
1431 648 1517 696 est
1573 642 1773 711 impro-

167 729 411 782 bandum
439 737 493 782 et
520 728 670 783 nullo
711 729 871 784 modo
908 729 1326 796 admittendum,
1356 731 1443 786 vel
1483 730 1645 786 caecis
1670 731 1770 785 du-

168 828 355 875 catum
406 823 683 891 pmbeant
732 823 802 877 ad
843 821 1060 880 foveam
1119 833 1338 879 aeternte
1380 823 1766 879 damnationis.

167 910 326 977 Quod
370 918 427 965 et
467 910 731 967 Dominus
775 914 1097 970 terribiliter
1136 921 1196 969 se
1221 914 1513 984 reprobare
1542 914 1768 970 demon-

168 1010 331 1066 strat,
357 1002 545 1056 dicens
589 1018 689 1073 per
716 1004 1040 1074 prophetam
1070 1023 1086 1061 :
1121 1003 1261 1070 Quia
1302 1014 1359 1058 tu
1384 1004 1661 1058 scientiam
1692 1019 1773 1058 rc-

165 1094 373 1166 pulisti,
396 1094 644 1166 repellam
670 1104 718 1150 te
739 1105 788 1150 et
809 1112 927 1166 ego,
951 1113 1015 1151 ne
1035 1096 1325 1151 sacerdotio
1350 1095 1591 1167 fungaris
1616 1094 1766 1148 mihi.

168 1184 240 1239 Et
263 1184 460 1240 iterum
490 1202 505 1239 :
530 1183 841 1240 Sacerdotes
864 1194 1282 1257 contempserunt
1307 1184 1472 1256 legem
1498 1200 1692 1250 meam,
1723 1199 1771 1249 ει

164 1274 474 1346 polluerunt
494 1277 799 1331 sanctuaria
824 1292 938 1329 mea
956 1289 974 1327 .'
992 1276 1129 1330 inter
1148 1286 1387 1331 sanctum
1415 1284 1464 1330 et
1487 1275 1769 1345 profanant

168 1382 277 1421 non
306 1366 603 1420 habuerunt
640 1366 971 1432 distantiam,
1002 1377 1049 1420 et
1077 1368 1215 1421 inter
1246 1365 1505 1437 pollutum
1535 1374 1582 1419 et
1611 1380 1770 1418 mun-

166 1456 298 1510 dum
328 1448 433 1510 non
464 1454 857 1511 intellexerunt.
907 1455 1041 1511 Cum
1085 1471 1117 1512 e
1151 1455 1429 1512 contrario
1471 1454 1769 1510 secundum

164 1554 441 1619 pracepta
462 1547 760 1618 apostolica
787 1546 1081 1603 debeamus
1114 1562 1235 1604 esse
1254 1546 1431 1618 parati
1459 1559 1676 1614 semper
1701 1544 1769 1599 ad

167 1639 604 1695 satisfactionem
639 1639 787 1703 omni
837 1639 1083 1710 poscenti
1135 1654 1236 1694 nos
1283 1639 1554 1693 rationem
1591 1637 1657 1693 de
1704 1651 1769 1692 ea

167 1745 294 1801 qua:
319 1730 373 1785 in
401 1729 559 1785 nobis
586 1737 671 1785 est
708 1744 822 1800 spe,
852 1736 907 1783 et
931 1736 1181 1800 oporteat
1208 1728 1621 1799 praedicatorem
1646 1741 1769 1783 esse

1873 554 2184 619 amandum,
2209 553 2441 610 alterum
2467 554 2827 623 tolerandum,
2853 555 3073 611 tertium
3098 566 3457 614 contemnen-

1870 643 2017 707 dum,
2057 653 2313 715 quartum
2366 645 2963 703 anathematizandum.
3018 646 3324 704 Amandum
3360 648 3465 704 ita-

1871 751 1978 805 que
2015 751 2183 807 genus
2229 746 2504 792 rectorum
2547 747 2632 793 est
2674 739 2812 795 bene
2854 739 3173 806 viventium,
3219 747 3275 795 et
3320 740 3461 796 bene

1871 827 2197 882 docentium.
2248 826 2614 883 Tolerandum
2652 836 2832 883 autem
2858 828 3000 884 bene
3021 828 3238 899 quidem
3265 829 3466 884 docen-

1871 919 2027 982 tium,
2062 919 2157 974 sed
2182 918 2685 989 reprehensibiliter
2726 919 3058 985 viventium;
3097 926 3192 974 aut
3217 918 3355 974 bene
3384 919 3465 972 vi-

1871 1008 2134 1073 ventium,
2186 1015 2242 1062 et
2292 1015 2513 1079 propter
2576 1008 2979 1079 simplicitatem
3033 1024 3227 1064 sensus
3266 1009 3464 1064 docere

1870 1095 2005 1151 alios
2052 1111 2159 1152 non
2188 1096 2505 1151 valentium.
2541 1094 2714 1166 Hujus
2744 1096 2957 1167 generis
3002 1097 3213 1167 priores
3238 1096 3465 1153 audien-

1870 1184 1923 1239 di
1982 1194 2127 1252 sunt,
2170 1201 2279 1241 non
2332 1185 2602 1251 imitandi,
2646 1185 2786 1242 sicut
2846 1185 3107 1242 Dominus
3154 1187 3222 1242 de
3266 1186 3467 1243 talibus

1870 1275 2115 1345 loquens,
2162 1276 2241 1331 ait
2293 1294 2306 1331 :
2344 1275 2475 1341 Qua:
2524 1275 2706 1331 dicunt
2739 1276 2938 1347 facile;
2972 1294 3093 1348 qua:
3144 1286 3323 1333 autem
3376 1277 3466 1349 [a-

1870 1369 2034 1430 ciunt,
2080 1368 2253 1437 facere
2301 1368 2480 1423 nolite.
2520 1366 2845 1435 Seuuentes,
2893 1370 2941 1424 si
2986 1384 3176 1425 eorum
3214 1371 3323 1426 vita
3349 1371 3467 1442 pie—

1870 1460 1969 1514 tati
2013 1459 2225 1515 subdita
2274 1469 2379 1526 est,
2428 1460 2755 1531 pietatisque
2800 1458 3114 1517 doctoribus
3158 1461 3463 1528 adhterens,

1870 1553 2102 1608 tendunt
2138 1553 2325 1623 procul
2369 1554 2533 1609 dubio
2563 1552 2630 1608 ad
2680 1552 2843 1608 linem
2882 1555 3158 1624 prmcepti,
3212 1555 3357 1625 quod
3382 1564 3468 1611 est

1869 1642 2114 1698 charitas
2141 1641 2208 1696 de
2257 1642 2422 1698 corde
2470 1657 2626 1713 puro,
2666 1650 2721 1697 et
2746 1642 3079 1698 conscientia
3108 1644 3274 1710 bona,
3300 1654 3356 1699 et
3403 1644 3464 1700 tl-

1870 1733 1942 1788 de
1974 1748 2079 1787 non
2121 1732 2265 1787 licta.
2302 1732 2492 1789 Potest
2543 1734 2762 1803 quidem
2790 1743 2846 1789 et
2896 1749 3086 1791 eorum
3116 1738 3229 1791 vita
3265 1737 3462 1808 aliqui—

169 1823 592 1894 amplectentem
637 1837 782 1888 eum,
818 1821 913 1893 qui
975 1821 1271 1876 secundum
1326 1820 1629 1875 doctrinam
1681 1828 1766 1875 est
1794 1805 1971 1879 Bbus
2013 1838 2134 1879 esse
2181 1824 2447 1880 doctrina.
2501 1825 2753 1881 Attamen
2809 1825 2946 1882 tales
2997 1828 3139 1882 inter
3186 1805 3463 1900 perfectos

170 1913 386 1968 ﬁdelem
432 1927 765 1978 sermonem,
806 1921 866 1967 ut
892 1920 1088 1982 potens
1118 1910 1193 1965 sit
1216 1910 1496 1966 exhortari
1530 1910 1585 1964 in
1632 1910 1765 1965 doc-

172 2006 321 2059 trina
363 2020 517 2071 sana,
556 2014 615 2060 et
641 2019 736 2059 eos
782 2004 875 2074 qui
904 2004 1285 2060 contradicunt
1304 2018 1552 2074 arguere.
1585 2001 1766 2069 Quan-

175 2110 345 2165 quam
373 2095 519 2150 enint
544 2095 801 2150 sacerdos
827 2102 883 2149 et
908 2093 1019 2148 vita
1058 2102 1115 2148 et
1150 2091 1398 2148 doctrina
1423 2092 1767 2161 irrepreben-

172 2187 352 2242 sibilis
381 2204 501 2243 esse
536 2187 754 2252 debeat,
776 2201 884 2256 quo
915 2186 1020 2242 rite
1046 2193 1101 2240 et
1128 2185 1381 2240 audiatur
1406 2194 1463 2240 et
1487 2184 1764 2247 imitetur;

173 2289 357 2335 tamen
390 2279 437 2334 si
463 2294 632 2333 unum
675 2280 868 2333 horum
916 2276 1168 2342 defuerit,
1200 2274 1538 2331 tolerabilius
1578 2280 1664 2329 est
1693 2272 1766 2326 illi

171 2368 401 2424 obedire
445 2367 535 2436 qui
580 2367 721 2421 bene
770 2364 930 2422 docet
961 2373 1018 2420 et
1061 2364 1558 2435 reprehensibiliter
1613 2362 1766 2427 vivit,

173 2474 342 2529 quam
390 2457 466 2511 illi
509 2457 601 2527 qui
631 2464 685 2511 et
726 2457 979 2527 nequiter
1011 2456 1165 2521 vivit,
1209 2462 1265 2509 et
1290 2454 1419 2525 quid
1461 2454 1653 2509 doceat
1675 2468 1770 2507 ne-

175 2548 303 2601 scit.
354 2546 434 2600 Illi
461 2560 695 2615 namque
724 2553 884 2601 erant
911 2544 1119 2599 similes
1160 2543 1227 2598 de
1258 2543 1456 2613 quibus
1502 2542 1767 2597 Dominus

171 2636 421 2706 iubebat,
476 2638 665 2691 dicens
691 2654 706 2692 :
734 2634 866 2701 Qua:
894 2636 1076 2689 dicunt
1107 2634 1305 2703 facite;
1329 2649 1447 2705 qua:
1486 2641 1660 2686 autem
1688 2632 1772 2701 fa-

176 2728 346 2791 ciunt,
376 2728 548 2796 facere
579 2727 758 2781 nolite.
816 2725 1039 2782 Scilicet
1075 2725 1201 2795 quia
1228 2726 1345 2780 hinc
1390 2724 1769 2789 observantes,

173 2821 298 2875 sine
344 2820 427 2874 sui
450 2818 694 2889 periculo
733 2817 868 2873 tales
908 2826 1165 2889 poterant
1190 2816 1464 2872 sustinere
1504 2824 1769 2871 rectores.

176 2912 255 2966 De
286 2911 390 2965 isto
419 2919 624 2975 autem,
649 2924 771 2963 cum
798 2909 869 2963 sit
897 2917 1041 2963 totus
1070 2908 1278 2962 inutilis
1297 2914 1353 2961 et
1379 2913 1526 2961 totus
1555 2906 1769 2971 noxius,

172 3011 231 3055 et
277 3001 396 3054 sine
430 2999 672 3069 periculo
703 3012 803 3052 nec
829 2998 1004 3051 audiri
1030 2996 1204 3067 possit
1232 3011 1333 3051 nec
1374 2994 1598 3059 imitari,
1624 3002 1774 3050 recte

176 3106 208 3145 a
264 3089 589 3159 quibusdam
630 3087 837 3143 dictum
884 3087 1205 3158 intelligitur
1251 3086 1307 3141 in
1345 3085 1636 3157 Evangelio
1669 3102 1681 3137 :
1716 3083 1775 3140 Si

176 3179 362 3234 oculus
385 3188 507 3232 tuus
548 3195 771 3248 nequam
799 3178 978 3247 fuerit,
1029 3188 1195 3232 totum
1223 3194 1410 3247 corpus
1457 3186 1604 3230 tuum
1630 3186 1774 3231 tene-
1801 3160 1846 3223 Ο

176 3270 393 3322 brosum
416 3268 536 3321 erit.
574 3267 920 3336 Rursumque
962 3267 1017 3319 in
1043 3265 1353 3321 Proverbiis
1388 3285 1399 3318 :
1437 3264 1561 3318 Non
1594 3265 1776 3319 decent

174 3359 403 3413 stultum
446 3357 673 3421 delicitr,
716 3373 806 3411 nec
855 3373 1062 3410 servum
1106 3356 1374 3411 dominari
1428 3355 1771 3426 principibus.

177 3452 424 3521 Itemque
452 3450 523 3504 ibi
557 3468 570 3504 :
604 3449 770 3503 Labia
788 3450 925 3519 justi
960 3448 1210 3503 erudiunt
1235 3446 1510 3519 plurimos.
1544 3446 1647 3513 Qui
1673 3465 1774 3501 au—

176 3554 282 3597 tem
332 3542 531 3596 indocti
582 3550 729 3605 sunt,
779 3542 834 3595 in
873 3540 1047 3594 cordis
1095 3548 1321 3610 egestate
1370 3540 1678 3593 morientur.
1708 3540 1775 3594 Et

177 3636 382 3689 iterum
409 3651 422 3687 :
456 3631 603 3689 Sicut
623 3634 714 3703 qui
739 3633 895 3685 mittit
938 3630 1169 3701 lapidem
1199 3631 1257 3684 in
1282 3646 1521 3684 acervum
1565 3629 1771 3683 Mercu-

179 3729 271 3791 rii,
303 3728 380 3781 sic
403 3727 493 3797 qui
519 3726 700 3779 tribuit
726 3723 992 3793 insipienti
1031 3722 1299 3775 honorem.
1328 3720 1481 3775 Licet
1508 3721 1622 3774 hmc
1649 3735 1773 3775 sen-

182 3818 354 3872 tentia
375 3817 645 3888 przecipue
672 3815 792 3870 illos
824 3821 1027 3884 tangat,
1060 3812 1152 3883 qui
1185 3810 1321 3866 tales
1353 3811 1606 3866 ordinare
1636 3826 1773 3882 prte-

180 3917 424 3964 sumunt.

253 4000 395 4055 XIX.
428 4001 497 4055 Et
526 3999 785 4070 quoniam
831 3997 990 4053 nobis
1023 4012 1170 4051 nunc
1205 3996 1274 4050 de
1300 3994 1563 4066 dignitate
1590 4009 1774 4050 sacer-

181 4089 316 4143 dotii
345 4104 523 4144 sermo
549 4096 654 4153 est,
679 4088 772 4143 sed
794 4097 848 4142 et
870 4086 1235 4150 sacerdotum,
1264 4084 1309 4140 si
1346 4093 1524 4140 tamen
1549 4099 1776 4140 concor-

180 4181 314 4235 dent
335 4182 578 4237 moribus
602 4180 941 4246 ministerio;
968 4179 1023 4235 in
1067 4178 1174 4234 ﬁne
1218 4179 1461 4249 opusculi
1490 4178 1773 4234 sciendum

1868 1914 2255 1983 praedicatores
2299 1916 2544 1985 deputari
2602 1931 2708 1971 non
2757 1926 3004 1984 possunt,
3052 1918 3177 1987 quia
3210 1934 3317 1974 non
3365 1920 3463 1975 ha-

1871 2002 1998 2058 bent
2051 2003 2192 2057 unde
2240 2002 2518 2073 proferant
2551 2019 2688 2058 nova
2716 2014 2773 2059 et
2798 2014 3005 2059 vetera.
3060 2005 3129 2060 Et
3171 2006 3313 2061 sicut
3357 2007 3460 2062 Pa-

1870 2102 1981 2148 tres
2003 2093 2283 2148 dixerunt:
2322 2112 2339 2145 ε
2374 2093 2599 2149 Latratu
2632 2110 2850 2161 canum,
2883 2105 2939 2152 et
2980 2096 3173 2153 baculo
3200 2099 3460 2168 pastoris,

1869 2183 2117 2254 luporum
2150 2184 2329 2239 rabies
2382 2185 2706 2240 deterrenda
2756 2196 2860 2241 est.
2924 2207 2943 2240 ι
2997 2187 3463 2244 Contemuendum

1869 2289 2023 2339 vero,
2066 2275 2209 2329 sicut
2235 2290 2397 2344 supra
2437 2276 2695 2339 diximus,
2727 2291 2909 2348 genus
2935 2286 3019 2333 est
3066 2279 3468 2348 reprehensibi-

1870 2364 1996 2420 liter
2013 2365 2331 2431 viventium,
2362 2373 2416 2420 et
2434 2366 2563 2435 quid
2586 2366 2817 2421 doceant
2840 2368 3225 2439 ignorantium.
3251 2368 3467 2425 Postre—

1872 2469 2040 2518 mum,
2096 2454 2240 2523 quod
2269 2462 2325 2510 et
2351 2456 2917 2511 anathematizandum
2950 2457 3206 2521 diximus,
3238 2457 3268 2497 δ
3289 2458 3464 2527 quali-

1873 2553 2169 2614 tercunque
2197 2545 2507 2609 viventium,
2538 2544 2591 2599 id
2614 2554 2717 2609 est,
2741 2545 2825 2601 vel
2862 2547 2999 2602 bene
3032 2547 3115 2601 vel
3163 2548 3321 2614 male,
3368 2550 3463 2604 sed

1874 2644 2052 2691 tamen
2082 2635 2223 2691 male
2250 2635 2578 2690 docentium.
2610 2634 2748 2691 Sunt
2772 2637 2916 2692 enim
2946 2638 3210 2706 ἱκετεύει,
3239 2641 3457 2696 etiamsi

1872 2726 2010 2780 bene
2033 2726 2238 2779 vivant.

1944 2817 2062 2871 XX.
2111 2817 2444 2888 Deprehensi
2491 2818 2655 2888 igitur
2702 2819 2844 2874 inter
2889 2827 3069 2876 tantas
3105 2837 3171 2877 ac
3202 2822 3339 2878 tales
3367 2838 3466 2879 an—

1874 2906 2099 2978 gustias,
2146 2906 2212 2961 de
2238 2907 2435 2976 quibus
2476 2907 2689 2962 viribus
2716 2909 2918 2964 nostris
2938 2910 3169 2966 evadere
3204 2927 3308 2965 non
3340 2927 3466 2982 pos-

1875 3011 2084 3061 sumus,
2125 3011 2466 3065 summopere
2505 2998 2869 3052 necessarium
2922 3008 3025 3065 est,
3069 3008 3128 3055 ut
3151 3002 3200 3056 ei
3231 3004 3322 3072 qui
3348 3018 3464 3058 om-

1877 3089 1968 3144 nia
2013 3089 2195 3144 l'acere
2240 3098 2431 3159 potens
2476 3098 2559 3145 est
2613 3104 2777 3160 supra
2806 3104 2969 3161 quam
2992 3094 3226 3161 petimus
3250 3104 3344 3148 aut
3377 3095 3463 3149 in-

1881 3180 2187 3251 telligimus,
2216 3194 2281 3233 ex
2312 3188 2424 3233 toto
2454 3179 2618 3234 corde
2646 3179 3034 3250 supplicemus,
3074 3191 3340 3250 quatenus
3367 3199 3466 3254 per

1877 3272 2266 3327 abundantiam
2294 3270 2679 3325 misericordiae
2705 3285 2816 3327 sum
2846 3281 3035 3327 tenens
3061 3289 3281 3329 manum
3326 3275 3458 3329 dex-

1878 3372 2049 3417 teram
2104 3370 2368 3425 nostram,
2423 3362 2477 3415 in
2529 3360 2863 3417 voluntatem
2915 3378 3070 3419 suam
3120 3352 3463 3436 dirigatnos,

1876 3460 1932 3507 et
1982 3466 2107 3507 cum
2150 3450 2322 3520 gloria
2371 3458 2611 3505 assumat
2654 3467 2793 3516 nos;
2850 3452 2964 3521 ipse
3000 3462 3152 3523 regat
3187 3465 3463 3526 regentes,

1876 3546 1991 3616 ipse
2032 3544 2232 3614 dirigat
2259 3542 2582 3614 dirigentes;
2621 3551 2682 3597 ut
2726 3544 2999 3613 possimus
3023 3559 3250 3614 pascere
3279 3558 3301 3586 ε
3336 3562 3461 3617 gre-

1870 3653 1991 3709 gem
2046 3635 2162 3713 ejus
2209 3651 2332 3694 eum
2370 3634 2676 3703 disciplina,
2728 3642 2785 3689 et
2820 3650 2927 3689 non
2956 3635 3010 3689 in
3050 3636 3198 3691 vasis
3225 3639 3462 3706 pastoris

1873 3728 2137 3798 imperiti;
2198 3727 2311 3796 ipse
2372 3731 2592 3794 prmstet
2652 3725 2907 3779 virtutem
2967 3733 3021 3779 et
3089 3725 3460 3783 fortitudinem

1873 3817 2090 3889 pepulo,
2120 3824 2176 3870 et
2218 3814 2474 3869 exhibeat
2520 3812 2634 3882 ipse
2664 3813 2766 3867 sibi
2806 3814 3063 3868 mundum
3089 3824 3141 3869 et
3171 3816 3459 3870 candidum

1876 3921 2112 3977 gregem,
2143 3913 2303 3974 atque
2355 3905 2406 3957 in
2449 3902 2702 3957 omnibus
2741 3903 3147 3958 immaculatum
3175 3919 3239 3960 ac
3275 3920 3464 3976 snper—

1880 3997 1966 4051 uis
2003 3996 2195 4051 ovibus
2220 3995 2461 4065 dignum,
2503 3992 2594 4047 ubi
2626 4000 2710 4048 est
2758 3992 3021 4048 habitatio
3063 3993 3358 4049 ltetantium
3412 3996 3465 4049 in

1880 4084 2257 4156 splendoribus
2294 4090 2625 4147 sanctorum,
2657 4080 2682 4121 ἀ
2716 4081 2767 4135 in
2802 4081 3002 4150 templo
3029 4082 3145 4150 ejus
3167 4097 3357 4137 omnes
3384 4083 3467 4137 di-

1881 4190 2069 4233 camus
2117 4173 2365 4246 gloriam,
2410 4186 2539 4243 grex
2590 4171 2752 4226 simul
2782 4179 2837 4227 et
2864 4180 3130 4241 pastores,
3160 4173 3214 4227 in
3248 4171 3467 4228 Christo

1550 4271 1822 4328 BALUZII
1865 4268 2095 4327 ΝΟΤᾸΞ.

184 4364 261 4417 let
302 4363 563 4420 Alcuinus
612 4364 667 4419 in
713 4362 1065 4419 Confessione
1095 4362 1215 4418 ﬁdei
1266 4362 1357 4417 lib.
1388 4377 1472 4431 tu,
1521 4377 1639 4431 cap.
1683 4361 1774 4426 '56,

182 4430 1512 4526 asciverisRegem.ferrareae?
1529 4442 1658 4526 3211‘
1674 4447 1776 4526 If:
1800 4468 1854 4526 υ

183 4502 373 4573 uisset.
407 4522 424 4553 ι
462 4503 506 4559 Ο
542 4504 775 4559 infelicia
803 4512 1045 4573 tempora
1073 4510 1281 4567 nostra,
1306 4501 1503 4569 inquit,
1527 4516 1646 4569 qua:
1674 4515 1774 4555 nec

184 4572 367 4631 Deum
408 4574 629 4639 timent,
657 4588 758 4629 nec
788 4575 894 4627 vim
916 4572 1206 4628 sacrorum
1231 4586 1498 4625 canonum
1526 4586 1775 4626 reveren-

184 4646 323 4713 tur!
350 4641 539 4697 Nullus
566 4644 727 4713 modo
762 4642 1058 4713 sacrilegus
1089 4642 1171 4696 vel
1190 4640 1531 4713 criminosus
1554 4681 1568 4704 ,
1614 4654 1680 4695 ne
1705 4640 1772 4694 ad

181 4712 328 4772 sacri
356 4714 563 4768 ordinis
586 4712 821 4767 ollicium
848 4712 1089 4775 accedat,
1128 4712 1422 4765 inhibetur.
1473 4729 1491 4762 ι

258 4797 287 4825 ι
322 4781 636 4851 Ignorantia
662 4797 846 4836 cttcos.
878 4782 966 4835 Ait
992 4781 1309 4851 Agobardus
1340 4781 1509 4851 multo
1533 4780 1774 4834 deterius

179 4870 331 4917 esse,
362 4850 429 4906 ’si
486 4852 522 4905 ii
560 4852 653 4921 qui
697 4851 899 4921 indocti
952 4850 1111 4912 sunt,
1147 4850 1214 4921 ad
1246 4850 1605 4921 sacerdotium
1648 4864 1773 4919 pro-

184 4927 487 4986 vehantur,
539 4918 700 4991 quam
739 4920 785 4991 si
825 4921 1123 4991 criminosi.
1170 4918 1314 4974 Sane
1359 4920 1499 4991 inter
1544 4918 1772 4991 virtutes

180 4996 447 5061 episcopo
490 4989 827 5061 necessarias
869 4990 1070 5045 Paulus
1114 4997 1398 5061 enumerat
1424 4989 1766 5061 doctrinam;

180 5058 243 5119 ut
284 5058 467 5133 potens
496 5063 581 5124 sit,
625 5060 821 5133 inquit,
865 5060 1135 5114 exhortari
1154 5061 1231 5133 _in
1264 5058 1505 5111 doctrina
1534 5075 1687 5120 sana,
1723 5066 1771 5111 et

178 5129 293 5189 eos'
320 5132 411 5200 qui
458 5129 823 5185 contradicunt
868 5146 1108 5200 arguere.
1154 5129 1341 5200 Itaque
1384 5136 1595 5182 veteres
1648 5142 1772 5181 eum

178 5198 417 5258 omnino
456 5201 713 5256 arcebant
750 5214 779 5253 a
811 5198 1116 5254 sacerdotio
1144 5199 1236 5268 qui
1267 5198 1458 5252 doctus
1488 5213 1595 5268 non
1631 5203 1768 5251 erat.

182 5274 846 5350 llila_rt_ts__namgue.papa
883 5270 963 5324 sic
996 5266 1178 5350 edixit
1206 5270 1258 5322 in
1286 5268 1492 5338 synodo
1529 5266 1771 5350 Romana

180 5343 317 5397 anni
344 5340 450 5395 465
480 5359 495 5394 :
535 5358 553 5390 ο
572 5336 727 5394 Inscii
754 5336 967 5409 quoque
996 5336 1327 5409 litterarum,
1352 5353 1451 5409 nec
1472 5352 1576 5409 non
1602 5345 1656 5390 et
1678 5336 1773 5409 ali-

181 5429 293 5482 qua
324 5411 694 5482 membrorum
717 5406 920 5482 damna
948 5408 1214 5482 perpessi,
1242 5415 1299 5459 et
1318 5408 1373 5482 hi_
1393 5407 1484 5476 qui
1508 5420 1573 5459 ex
1600 5406 1773 5474 paeni-

184 5478 431 5538 tentibus
473 5488 615 5539 sunt,
664 5479 731 5532 ad
778 5493 962 5533 sacros
998 5478 1219 5532 ordines
1262 5478 1504 5545 aspirare
1533 5490 1638 5528 non
1679 5489 1774 5545 au-

178 5555 370 5607 deant.
421 5568 440 5599 ι
476 5548 606 5602 Item
635 5547 881 5603 Gelasius
915 5548 968 5601 in
991 5547 1252 5609 Deeretis,
1292 5561 1412 5616 cap.
1446 5544 1559 5616 l6;
1601 5562 1619 5595 ι
1653 5544 1771 5616 Illi-

184 5632 302 5677 tera
313 5629 396 5674 tos
418 5632 635 5689 quoque
654 5657 669 5681 ,
695 5628 751 5671 et
775 5618 1031 5689 nonnulla
1060 5624 1219 5689 parte
1238 5614 1482 5689 corporis
1504 5614 1771 5689 imminu-

184 5705 303 5751 tos.
336 5684 454 5744 sine
494 5684 603 5742 ullo
634 5695 881 5755 respectu
922 5688 989 5741 ad
1026 5684 1456 5741 ecclesiastiCum
1485 5684 1773 5738 didicimus

181 5762 371 5819 venire
394 5758 680 5816 servitium
706 5774 717 5808 :
740 5770 847 5827 quo
862 5756 881 5811 .l
905 5756 1061 5813 simul
1083 5755 1303 5812 antiuua
1329 5755 1548 5810 traditio
1574 5762 1627 5810 et
1647 5767 1763 5826 apo-

1881 4360 2087 4415 stolicae
2115 4358 2261 4413 sedis
2281 4363 2436 4410 vetus
2463 4353 2634 4409 forma
2658 4370 2763 4409 non
2799 4354 3021 4424 recipit;
3051 4356 3175 4425 quia
3201 4371 3302 4411 nec
3326 4356 3465 4414 litte-

1883 4431 1959 4484 ris
1999 4442 2191 4484 carens
2219 4426 2392 4482 sacris
2431 4439 2551 4479 esse
2572 4433 2759 4494 potest,
2780 4433 2935 4493 aptus
2970 4425 3179 4489 olliciis,
3209 4434 3263 4481 et
3296 4427 3459 4480 vitio-

1879 4514 1997 4554 sum
2068 4497 2204 4552 nihil
2264 4496 2375 4549 Deo
2428 4493 2651 4566 prorsus
2701 4493 2897 4566 oll‘erre
2946 4495 3134 4565 Iegalia
3186 4505 3460 4566 prmcepta

1878 4575 2196 4624 sanxerunt.
2226 4566 2413 4634 Itaque
2442 4564 2508 4619 de
2537 4573 2736 4634 etetero
2759 4565 2932 4619 modis
2962 4564 3211 4619 omnibus
3246 4564 3461 4621 haecvi-

1878 4646 2081 4703 tentur,
2112 4651 2214 4692 nec
2237 4633 2523 4705 quisquam
2552 4633 2687 4705 talis
2710 4634 3040 4705 suscipiatur
3076 4635 3129 4687 in
3160 4634 3383 4690 clerum.
3432 4656 3451 4688 ι

1875 4709 2009 4762 Vide
2035 4716 2191 4762 notas
2228 4703 2293 4760 ad
2321 4704 2602 4774 epistolam
2633 4704 2699 4774 79
2723 4703 2855 4774 Lupi
2888 4703 3268 4759 Fcrrarieusis.

1946 4779 1974 4819 δ
1999 4773 2443 4844 ρααιίιενειιηᾲιιε
2467 4773 2766 4844 virentium.
2806 4773 3355 4844 Anathematizandos
3382 4776 3461 4829 ait

1874 4847 1995 4902 illos
2022 4842 2373 4905 sacerdotes,
2405 4858 2636 4911 quorum
2672 4842 2782 4895 vita
2825 4842 3040 4896 tametsi
3067 4842 3249 4910 aliquo
3296 4846 3458 4898 modo

1873 4919 1946 4972 sit
1970 4912 2479 4985 irreprchensibilis,
2524 4911 2662 4985 male
2699 4921 2877 4966 tamen
2910 4911 3124 4985 docent.
3160 4913 3335 4985 Atque
3358 4914 3461 4967 hu-

1866 4980 2103 5055 iusmodi
2142 4982 2447 5051 exemplum
2476 4981 2720 5055 vidimus
2750 4996 2909 5049 supra
2935 4981 2990 5035 in
3030 4980 3168 5035 libro
3196 4980 3460 5038 adversus

1873 5050 2105 5111 Felicem
2132 5050 2457 5123 episcopum
2476 5050 2864 5123 Urgellensem.

1945 5137 1967 5164 ο
2000 5119 2218 5194 Gregem
2244 5119 2399 5194 ejus,
2450 5122 2502 5194 id
2545 5119 2649 5194 est,
2698 5120 2920 5194 Christi.
2954 5119 3271 5194 Quanquam
3311 5121 3457 5175 enim

1874 5190 2143 5250 interdum
2185 5190 2370 5247 ﬁdeles
2397 5190 2821 5261 uniuscujusque
2850 5191 3160 5261 rdimceseos
3184 5190 3459 5261 dicantur

1874 5280 2005 5335 grex
2026 5262 2284 5335 episcopi
2335 5261 2477 5335 illius
2507 5261 2598 5328 qui
2628 5258 2917 5335 'dimcesim
2967 5260 3142 5330 regit,
3180 5258 3233 5313 id
3264 5259 3333 5335 fit
3359 5275 3458 5335 per

1875 5330 2299 5388 iransla'tioneiu.
2347 5330 2481 5384 Nam
2516 5330 2731 5400 proprie
2771 5344 2901 5398 grex
2932 5343 3037 5383 non
3068 5336 3153 5383 est
3194 5330 3455 5400 episc0pi,

1874 5404 1969 5459 sed
2006 5402 2228 5457 Christi.
2262 5401 2414 5456 Unde
2444 5408 2499 5453 et
2526 5398 2864 5453 Christianos
2892 5413 3021 5453 oves
3052 5405 3109 5452 et
3138 5413 3307 5467 agnos
3329 5398 3457 5454 suos

1876 5475 1989 5541 ipse
2025 5478 2305 5541 nuncupat
2342 5470 2395 5523 in
2439 5469 2752 5541 Evangelia,
2801 5469 2927 5523 dum
2968 5482 3062 5541 eos
3110 5468 3456 5541 commendat

1918 5552 2034 5597 etro
2055 5549 2111 5596 et
2131 5537 2340 5595 caeteris
2366 5537 2623 5607 apostolis
2648 5578 2662 5601 ,
2702 5538 2755 5592 id
2786 5545 2907 5602 est,
2950 5537 3236 5607 episcopis.

1944 5612 1971 5651 (ι
2014 5611 2082 5665 1η
2126 5608 2313 5679 templo
2337 5606 2495 5679 ejus,
2521 5606 3109 5679 Ha‘e_omnia,_umue
3160 5606 3227 5660 ad
3268 5619 3455 5679 vocem

1874 5682 2062 5745 Amen,
2075 5675 2269 5735 desunt
2290 5679 2341 5731 in
2360 5675 2606 5733 editione
2632 5676 2884 5733 Massoni.
2901 5676 3160 5745 Ettameu
3174 5682 3388 5745 exstant
3402 5675 3459 5729 in

1875 5743 2061 5810 codice
2073 5765 2178 5821 quo
2194 5748 2472 5805 MasSonus
2484 5747 2994 5808 utebatur.itcmuue
3007 5745 3061 5802 in
3078 5743 3450 5802 Marnacsiauo.
