3918 6310
478 282 581 339 147

1448 285 1506 340 S.
1549 282 1897 341 AGOBARDI
1935 284 2245 342 EPISCOPI
2284 286 2776 344 LUGDUNENSIS
3684 294 3776 349 HS

470 396 599 454 Jcsu
615 398 850 457 Domino
872 408 1082 468 nostro,
1102 403 1190 458 cui
1216 412 1303 459 est
1324 405 1501 458 honor
1519 410 1575 460 et
1598 403 1775 459 virtus
1796 404 1849 459 in
1873 404 2069 459 stecula
2098 408 2150 468 Α
2177 404 2385 460 tissime
2427 414 2485 462 et
2527 405 2881 461 dilectissime
2929 407 2983 460 in
3014 407 3230 463 Christo
3257 422 3477 478 semper
3518 409 3667 465 bene
3696 424 3777 466 ta-

473 488 816 546 saaculorutn.
843 491 1039 549 Amen.
1073 490 1215 564 Opto
1242 500 1317 562 te,
1348 494 1512 551 Pater
1537 502 1593 551 et
1617 494 1788 552 frater
1812 510 2069 552 reveren-

2173 493 2310 563 iere,
2338 504 2395 552 et
2418 498 2593 553 nostri
2618 497 2950 552 meminisse.

488 638 3773 665 ww

1693 754 2049 866 ITEM
2134 752 2553 866 LIBER

1106 992 1519 1075 CONTRA
1597 984 2118 1069 INSULSAM
2196 987 2516 1067 VULGI
2576 989 3174 1071 OPINIONEM

1516 1164 1626 1225 DE
1670 1160 2088 1225 GRANDINE
2142 1161 2245 1221 ET
2303 1160 2753 1226 TONITRUIS.

537 1406 585 1467 ι.
613 1419 642 1452 ι
682 1404 745 1465 In
773 1407 861 1464 bis
904 1404 1221 1479 regionibus
1265 1419 1407 1476 pene
1434 1418 1626 1461 omnes
1670 1402 1943 1469 homines,
1972 1417 2071 1458 no-

472 1501 612 1561 biles
650 1509 711 1559 et
738 1499 1027 1573 ignobiles,
1076 1497 1273 1553 urbani
1310 1503 1367 1553 et
1405 1496 1617 1563 rustici,
1671 1510 1831 1551 senes
1880 1502 1937 1549 et
1981 1494 2070 1565 ju-

470 1607 657 1655 venes,
683 1597 879 1661 putant
914 1589 1205 1662 grandines
1247 1597 1304 1643 et
1337 1588 1579 1643 tonitrua
1606 1587 1887 1644 hominum
1912 1586 2070 1643 libitn

468 1694 629 1752 posse
677 1678 819 1737 fieri.
862 1679 1062 1735 Dicunt
1104 1678 1272 1745 enim,
1318 1691 1443 1733 mox
1492 1685 1553 1732 ut
1603 1677 1877 1733 audierint
1924 1677 2070 1732 toni-

2173 1397 2463 1454 Dominum
2531 1396 2916 1454 resuscitatum
2973 1412 3005 1452 a
3052 1397 3215 1454 Patre
3269 1400 3595 1469 prtcdicant,
3658 1400 3777 1456 falsi

2175 1496 2341 1545 testes
2392 1489 2489 1544 Dei
2553 1489 2950 1555 invenirentur,
3011 1490 3056 1545 si
3118 1491 3318 1546 mortui
3372 1506 3480 1546 non
3532 1507 3784 1564 resurge—

2176 1586 2327 1643 rent;
2383 1578 2462 1634 sic
2505 1579 2670 1634 etiam
2718 1579 2822 1634 iste
2871 1580 2965 1649 qui
3008 1579 3327 1637 admirabile
3376 1589 3433 1635 et
3472 1582 3638 1637 valde
3678 1592 3784 1637 ter-

2174 1668 2332 1725 ribile
2357 1684 2494 1738 opus
2515 1668 2608 1724 Dei
2633 1670 2744 1735 Deo
2759 1669 2938 1726 aufert
2955 1680 3015 1725 ut
3029 1671 3238 1726 homini
3261 1672 3483 1739 tribuat,
3509 1672 3684 1729 falsus
3704 1686 3783 1730 est

469 1782 611 1839 trua,
668 1779 729 1845 ct
778 1771 1019 1828 viderint
1067 1769 1300 1840 fulgura,
1354 1770 1502 1824 Aura
1554 1768 1791 1823 levatitia
1836 1777 1937 1823 est.
1976 1767 2067 1823 in-
2096 1806 2145 1867 Β
2175 1758 2295 1814 sine
2317 1759 2483 1815 dubio
2508 1760 2662 1815 testis
2685 1759 2803 1816 Dei.

469 1854 730 1935 terrogati
777 1876 910 1919 vero
954 1861 1085 1933 quid
1116 1863 1189 1919 sit
1227 1877 1361 1918 aura
1400 1860 1664 1927 levatitia,
1690 1859 1778 1915 alii
1820 1875 1944 1915 cum
1970 1873 2067 1915 ve-

472 1954 755 2023 recundia,
785 1968 979 2025 parum
1002 1954 1357 2011 remordente
1388 1952 1741 2019 conscientia,
1770 1951 1862 2006 alii
1884 1958 2069 2007 autem

468 2046 826 2112 confidenter,
860 2054 920 2101 ut
961 2045 1340 2116 imperitorum
1379 2044 1552 2099 moris
1593 2056 1714 2098 esse
1747 2043 1904 2107 solet,
1939 2056 2069 2097 con-

469 2136 691 2193 tirmant
735 2134 1202 2192 incantationibus
1258 2134 1580 2197 hominum,
1612 2133 1723 2214 'qui
1786 2133 2046 2189 dicuntur

469 2232 496 2270 ιι
533 2229 917 2301 Tempestarii,
953 2244 1082 2285 esse
1129 2228 1385 2293 levatam,
1441 2235 1498 2283 et
1541 2228 1663 2285 ideo
1716 2227 1825 2283 dici
1875 2226 2068 2301 levati—

470 2320 602 2376 tiam
625 2336 838 2375 auram.
879 2319 1036 2387 Quod
1079 2326 1265 2373 utrum
1310 2334 1501 2373 verum
1546 2318 1635 2382 sit,
1660 2325 1721 2372 ut
1761 2316 1921 2388 vulgo
1950 2332 2066 2373 cre-

466 2411 633 2477 ditur,
682 2424 753 2466 ex
798 2409 1129 2467 auctoritate
1157 2408 1464 2465 divinarum
1497 2406 1908 2478 Scripturarum
1937 2421 2067 2475 pro-

469 2502 624 2557 betur
648 2516 874 2559 necesse
918 2509 1023 2557 est.
1051 2498 1150 2556 Sin
1192 2507 1374 2555 autem
1403 2498 1601 2553 falsum
1626 2505 1731 2565 est,
1774 2507 1835 2553 ut
1860 2498 2065 2567 absque

467 2591 723 2663 ambiguo
769 2590 1079 2663 credimus,
1106 2602 1448 2659 summopere
1494 2585 1932 2658 exaggerandum
1981 2593 2067 2640 est

469 2682 663 2751 quanti
702 2681 973 2737 mendacii
1022 2696 1149 2736 reus
1192 2680 1263 2735 sit
1291 2678 1384 2749 qui
1414 2693 1551 2748 opus
1575 2676 1822 2732 divinum
1856 2676 2065 2731 homini

464 2773 679 2829 tribuit.
702 2789 705 2791 ί
728 2770 865 2829 Nam
888 2786 993 2843 per
1030 2771 1136 2827 hoc
1169 2771 1313 2826 inter
1343 2770 1449 2825 duo
1484 2767 1769 2825 mortifera
1799 2769 2067 2822 maxima-

464 2879 571 2933 que
597 2863 878 2920 mendacia
912 2863 1328 2935 constringitur,
1374 2862 1501 2917 dum
1536 2860 1865 2917 testiﬁcatur
1892 2861 2065 2916 homi-

466 2974 591 3016 nem
620 2956 801 3014 facere
825 2972 989 3028 posse
1008 2957 1154 3026 quod
1176 2955 1470 3012 soliusDei
1492 2964 1578 3009 est
1602 2968 1782 3024 posse,
1808 2961 1865 3008 et
1894 2952 2064 3007 Deum

464 3067 576 3108 non
602 3050 785 3108 facere
809 3065 930 3121 qua:
958 3047 1108 3104 facit.
1153 3047 1211 3103 Si
1239 3063 1371 3104 vero
1394 3048 1447 3102 in
1470 3046 1772 3101 mendaciis
1792 3045 2062 3099 minorum

464 3155 649 3196 rerum
676 3139 949 3196 veraciter
1001 3146 1086 3195 est
1114 3138 1407 3193 tenendum
1455 3136 1602 3206 quod
1636 3136 1897 3206 scriptum
1929 3145 2012 3190 est
2044 3154 2056 3189 :
2091 3154 2142 3215 ρ

467 3229 655 3286 Sermo
697 3231 953 3284 obscurus
991 3229 1047 3283 in
1078 3245 1302 3282 vacuum
1332 3244 1436 3282 non
1473 3226 1607 3292 ibit;
1640 3243 1697 3281 os
1728 3236 1904 3280 autem
1924 3227 2064 3298 quod

465 3320 743 3386 mentitur,
770 3318 964 3374 occidit
1012 3317 1246 3372 animant
1277 3314 1432 3386 (Sap.
1486 3332 1525 3382 ι,
1556 3315 1667 3387 il).
1712 3314 1781 3369 Et
1832 3314 2061 3369 iterum:

466 3410 666 3467 Perdes
694 3427 873 3467 omnes
899 3410 991 3483 qui
1035 3409 1322 3480 loquuntur
1361 3406 1715 3463 mendacium.
1754 3407 1823 3460 Et
1854 3424 1866 3459 :
1899 3406 2065 3461 Testis

465 3501 696 3557 mendax
737 3500 949 3573 peribit.
985 3499 1079 3555 Vel
1113 3516 1127 3554 :
1177 3497 1344 3553 Testis
1377 3496 1545 3567 falsus
1582 3513 1687 3551 non
1737 3497 1835 3551 erit
1889 3498 2064 3568 impu-

465 3595 628 3649 nitus.
660 3593 758 3650 Vel
800 3592 968 3648 etiam
1009 3592 1141 3647 illud
1186 3589 1330 3659 quod
1378 3590 1431 3644 in
1461 3588 1786 3659 Apocalypsi
1838 3586 2067 3645 Joannis

464 3684 709 3755 Apostoli
738 3682 938 3755 legitur
968 3699 981 3735 :
1013 3681 1167 3736 Beati
1192 3681 1283 3752 qui
1319 3679 1498 3735 lavant
1540 3679 1704 3733 stolas
1731 3696 1877 3745 suas,
1908 3688 1964 3732 ut
1996 3680 2063 3733 sit

463 3783 693 3845 potestas
723 3788 904 3827 eorum
948 3772 1002 3825 in
1040 3770 1182 3841 ligno
1232 3770 1374 3835 vitta,
1405 3778 1455 3824 et
1492 3770 1658 3840 portis
1681 3770 1877 3823 intrent
1907 3770 1963 3822 in
1985 3770 2062 3821 ci-

465 3866 694 3919 uitatem.
724 3858 884 3917 Foris
913 3871 1089 3916 autem
1135 3876 1314 3925 canes,
1364 3869 1413 3913 et
1444 3857 1678 3928 venefici,
1711 3867 1759 3912 et
1788 3858 2060 3929 impudici,

462 3966 513 4011 et
534 3952 836 4021 homicidae,
858 3962 907 4008 et
936 3952 1095 4007 idolis
1116 3952 1416 4017 servientes,
1458 3960 1506 4005 et
1529 3951 1701 4005 omnis
1720 3951 1810 4021 qui
1840 3958 1984 4004 amat
2016 3959 2065 4003 et

464 4045 594 4113 facit
641 4043 997 4115 mendacium.
1030 4043 1244 4111 Quanto
1284 4044 1459 4115 magis
1489 4044 1543 4097 in
1578 4051 1685 4098 tam
1716 4044 1868 4114 gravi
1912 4058 2065 4098 men-

465 4135 641 4199 dacio,
675 4142 736 4188 ut
778 4134 923 4189 istud
949 4133 1164 4189 ostendi
1190 4141 1389 4204 potest,
1424 4134 1492 4188 de
1530 4148 1637 4202 quo
1664 4148 1809 4187 nunc
1841 4132 2066 4203 loquen-

466 4226 593 4280 dum
616 4224 976 4293 suscepimus,
1018 4224 1164 4293 quod
1192 4239 1299 4278 non
1332 4224 1512 4277 minus
1540 4223 1849 4293 aliquorum
1896 4222 2065 4277 haere-

464 4314 701 4369 ticorum
739 4313 1039 4368 mendaciis
1060 4312 1358 4368 invenitur.
1383 4312 1583 4368 Beatus
1621 4313 1822 4367 Paulus
1846 4321 2065 4383 aposto-

463 4406 550 4461 lus
610 4405 743 4461 dtcit
801 4421 815 4458 :
874 4402 1183 4459 Invenimur
1238 4414 1413 4458 autent
1464 4413 1513 4459 et
1563 4403 1688 4471 falsi
1726 4413 1878 4457 testes
1927 4402 2059 4467 Dei,

2241 1851 2305 1906 ll.
2335 1850 2634 1923 Plerosque
2678 1862 2862 1909 autem
2900 1854 3138 1909 vidimus
3179 1863 3235 1909 et
3280 1855 3591 1913 audivimus
3625 1868 3775 1913 tanta

2169 1942 2438 1998 dementia
2462 1944 2705 2012 obrutos,
2758 1952 2911 2000 tanta
2958 1945 3193 2001 stultitia
3237 1946 3525 2013 alienatos,
3555 1955 3620 2003 ut
3652 1964 3771 2004 cre-

2168 2032 2299 2087 dant
2329 2040 2383 2088 et
2409 2033 2592 2089 dicant
2636 2034 2927 2104 quamdam
2955 2051 3077 2092 esse
3107 2036 3410 2107 regionem,
3455 2054 3579 2109 quae
3621 2040 3775 2095 dica-

2168 2132 2259 2178 tur
2289 2124 2555 2194 thonia,
2585 2140 2653 2181 ex
2694 2141 2803 2195 qua
2850 2141 3019 2183 naves
3066 2128 3290 2182 veniant
3334 2129 3388 2182 in
3418 2129 3682 2195 nubibus,
3727 2130 3777 2185 in

2168 2216 2363 2286 quibus
2391 2216 2595 2288 fruges,
2623 2232 2744 2287 quae
2789 2218 3145 2287 grandinibus
3170 2219 3444 2286 decidunt,
3478 2228 3534 2275 et
3565 2227 3775 2291 tempe-

2167 2310 2400 2366 statibus
2447 2320 2699 2382 pereuut,
2748 2312 3018 2367 vehantur
3064 2312 3121 2367 in
3168 2312 3415 2368 eamdem
3467 2314 3774 2384 regionem,

2167 2402 2300 2472 ipsis
2327 2402 2584 2458 videlicet
2609 2402 2791 2458 nautis
2816 2404 2994 2459 aereis
3023 2403 3277 2460 dantibus
3322 2404 3500 2475 pretia
3531 2404 3769 2475 Tempe-

2167 2492 2370 2558 stariis,
2399 2500 2453 2547 et
2481 2491 2872 2561 accipientibus
2896 2489 3170 2565 frumenta
3192 2491 3278 2547 vel
3297 2504 3530 2547 caeteras
3559 2493 3769 2562 fruges.

2167 2583 2243 2637 Ex
2270 2582 2358 2637 his
2384 2581 2513 2637 item
2543 2589 2652 2635 tam
2684 2579 2952 2651 profunda
2978 2581 3207 2637 stultitia
3233 2583 3546 2645 excaecatis,
3579 2591 3645 2636 ut
3665 2584 3782 2641 hac

2166 2689 2327 2745 posse
2360 2674 2479 2728 fieri
2514 2674 2759 2738 credant,
2788 2673 3024 2729 vidimus
3068 2673 3251 2744 plures
3282 2674 3335 2728 in
3382 2675 3625 2744 quodam
3652 2690 3778 2731 con-

2165 2772 2334 2820 ventu
2360 2764 2645 2819 hominum
2691 2764 2957 2819 exhibere
2980 2764 3194 2831 vinctos
3226 2772 3462 2834 quatuor
3500 2765 3777 2826 homines,

2167 2864 2281 2910 tres
2304 2855 2471 2920 viros,
2497 2862 2552 2909 et
2578 2870 2741 2909 unam
2781 2852 3057 2919 feminam,
3096 2856 3251 2925 quasi
3280 2856 3372 2925 qui
3401 2854 3473 2910 de
3498 2856 3637 2927 ipsis
3680 2871 3779 2911 na-

2165 2946 2323 3001 vibus
2346 2946 2681 3001 ceciderint:
2731 2960 2868 3016 quos
2919 2946 3132 3016 scilicet
3170 2961 3269 3016 per
3296 2946 3504 3015 aliquot
3551 2946 3673 3005 dies
3716 2948 3773 3001 in

2166 3037 2397 3091 vinculis
2427 3038 2696 3101 detentos,
2743 3037 2958 3091 tandem
3008 3035 3233 3092 collecto
3281 3048 3554 3091 conventu
3593 3037 3776 3093 homi-

2166 3144 2296 3182 num
2327 3127 2711 3193 exbibuerunt,
2752 3134 2813 3180 ut
2840 3125 2972 3192 dixi,
3002 3126 3056 3180 in
3082 3135 3266 3182 nostra
3295 3126 3617 3196 praesentia,
3653 3136 3775 3183 tan-

2167 3232 2330 3286 quam
2360 3216 2695 3287 lapidandos.
2736 3215 2843 3271 Sed
2875 3223 3056 3272 tamen
3079 3216 3329 3273 vincente
3371 3216 3628 3283 veritate,
3655 3227 3780 3287 post

2166 3308 2392 3362 multam
2424 3307 2913 3370 ratiocinationem,
2961 3307 3065 3377 ipsi
3104 3307 3198 3376 qui
3249 3321 3344 3361 eos
3382 3307 3774 3373 exhibueraut,

2167 3399 2462 3454 secundum
2496 3398 2871 3468 propheticum
2898 3397 3028 3453 illud
3054 3398 3267 3452 confusi
3292 3405 3439 3463 sunt,
3471 3397 3617 3453 sicut
3645 3413 3773 3455 con-

2166 3490 2412 3546 funditur
2441 3490 2530 3545 fur
2555 3492 2773 3560 quando
2803 3490 3246 3561 deprehenditur.

2235 3583 2322 3637 ili.
2352 3582 2555 3638 Verum
2585 3583 2710 3651 quia
2744 3582 2832 3638 hic
2858 3597 3036 3648 error,
3076 3583 3168 3652 qui
3200 3590 3312 3636 tam
3359 3582 3696 3654 generaliter
3720 3583 3773 3637 in

2166 3674 2267 3728 hac
2296 3673 2516 3744 regione
2540 3686 2678 3743 pene
2705 3672 2948 3727 omnium
2974 3680 3183 3728 mentes
3211 3672 3474 3742 possidet,
3497 3672 3567 3727 ab
3594 3674 3771 3727 omni-

2164 3764 2265 3820 bus
2312 3765 2524 3820 ratione
2565 3765 2807 3834 praeditis
2848 3763 3229 3834 dijudicandus
3275 3771 3379 3830 est,
3418 3763 3769 3834 proferamus

2166 3856 2475 3911 testimonia
2506 3853 2933 3923 Scripturarum,
2959 3867 3057 3924 per
3085 3869 3205 3923 qum
3233 3853 3521 3923 dijudicari
3553 3858 3766 3925 possit:

2166 3946 2361 4015 quibus
2389 3945 2666 4014 inspectis,
2712 3959 2821 3999 non
2850 3960 2949 4000 nos
2975 3944 3097 4014 ipsi,
3141 3945 3235 4000 sed
3278 3946 3397 4014 ipsa
3422 3947 3627 4002 veritas
3670 3963 3768 4003 ex-

2164 4046 2367 4110 pugnet
2380 4039 2771 4094 Stultissimum
2795 4053 3060 4105 errorem,
3088 4046 3143 4092 et
3171 4053 3361 4093 omnes
3398 4039 3493 4108 qui
3523 4056 3649 4093 cum
3681 4055 3769 4094 vc-

2166 4131 2327 4184 ritate
2367 4129 2627 4197 sentiunt,
2673 4137 2906 4201 arguant
2944 4145 3077 4184 vasa
3106 4129 3330 4196 erroris,
3371 4130 3618 4187 dicentes
3642 4148 3767 4187 cum

2164 4219 2420 4289 Apostolo
2446 4237 2457 4271 :
2491 4216 2657 4273 Omne
2680 4218 3013 4272 mendacium
3034 4234 3099 4272 ea:
3119 4220 3337 4273 veritate
3359 4236 3464 4274 non
3486 4231 3583 4274 est.
3613 4220 3769 4287 Quod

2166 4320 2347 4367 autem
2373 4326 2441 4366 ex
2466 4310 2698 4364 veritate
2726 4324 2834 4364 non
2868 4317 2972 4375 est,
3022 4322 3091 4363 ex
3139 4309 3251 4364 Deo
3276 4310 3465 4380 utique
3492 4325 3603 4366 non
3631 4320 3719 4367 est
3751 4330 3764 4378 ;

2166 4410 2219 4457 et
2248 4400 2392 4471 quod
2418 4414 2481 4454 ex
2512 4399 2624 4455 Deo
2652 4414 2761 4454 non
2788 4407 2889 4465 est,
2923 4400 3090 4455 verba
3118 4397 3235 4468 ejus
3263 4415 3371 4455 non
3400 4401 3591 4465 audit;
3625 4402 3767 4460 sicut

462 4500 712 4567 quoniam
744 4500 1099 4555 testimonium
1138 4500 1371 4555 diximus
1393 4500 1670 4552 adversum
1700 4498 1887 4562 Deum,
1916 4498 2055 4567 quod
2082 4500 2135 4559 D
2163 4494 2277 4564 ipsa
2306 4508 2403 4562 per
2431 4507 2489 4547 se
2510 4491 2727 4546 Veritas
2754 4490 2918 4545 dicit:
2946 4488 3050 4556 Qui
3085 4500 3161 4545 est
3191 4507 3258 4545 ea:
3299 4490 3427 4557 Deo,
3469 4494 3626 4547 verba
3668 4493 3765 4550 Dei

463 4591 792 4647 suscitaverit
833 4589 1127 4656 Christum,
1158 4608 1309 4663 quem
1341 4607 1444 4645 non
1474 4590 1766 4656 suscitavit,
1795 4591 1842 4643 si
1868 4589 2062 4643 mortui

467 4698 569 4736 non
596 4692 874 4747 resurgunt
900 4699 919 4737 :
952 4699 1075 4737 nam
1102 4683 1151 4736 si
1188 4683 1383 4736 mortui
1424 4699 1528 4735 non
1563 4690 1868 4751 resurgunt,
1898 4697 2062 4751 neque

467 4770 706 4828 Christus
739 4780 1043 4829 resurrexit.
1093 4773 1247 4831 Sicut
1285 4789 1413 4840 ergo
1448 4788 1637 4827 omnes
1666 4774 1759 4844 qui
1786 4773 2061 4828 Christum

2164 4585 2334 4639 audit.
2382 4580 2670 4651 Propterea
2695 4597 2781 4635 vos
2834 4597 2937 4635 non
2983 4581 3201 4648 auditis,
3232 4581 3355 4654 quia
3390 4598 3455 4636 ex
3501 4582 3614 4638 Deo
3654 4600 3761 4641 non

2165 4674 2307 4729 estis.
2334 4673 2487 4741 Quod
2514 4673 2568 4726 in
2594 4672 2699 4727 alio
2726 4686 2941 4741 quoque
2980 4671 3099 4728 loco
3130 4672 3251 4728 aliis
3277 4674 3441 4728 etiam
3468 4674 3650 4730 verbis
3675 4674 3763 4729 di-

2169 4772 2245 4826 cit
2273 4788 2284 4823 :
2317 4768 2447 4823 Oves
2477 4781 2606 4820 mea:
2650 4781 2823 4819 vocem
2850 4780 3020 4821 meam
3054 4764 3299 4818 audiunt.
3352 4763 3640 4828 Propterea
3675 4781 3761 4820 ros

1839 4865 2111 4921 BALUZII
2148 4863 2375 4920 NOTAE.

540 4952 659 5027 arln
683 4955 765 5010 his
806 4954 1126 5027 regionibus,
1155 4954 1208 5027 in
1249 4970 1378 5027 agro
1408 4956 1662 5010 nimirum
1690 4955 2058 5027 Lugdunensi,

466 5035 520 5081 et
544 5025 946 5094 circumpositis
976 5025 1315 5094 regionibus.

540 5096 569 5135 δ
607 5093 973 5166 Tempestarii.’
998 5093 1141 5166 Alibi
1184 5096 1451 5160 sortiarii;
1488 5094 1580 5165 qui
1611 5093 1855 5166 fulgura,
1888 5103 1941 5149 et
1981 5102 2061 5149 to-

466 5166 671 5234 nitrua,
712 5162 955 5233 aliasque
995 5164 1138 5218 aeris
1171 5162 1521 5234 tempestates
1542 5162 1784 5219 excitare
1810 5179 1866 5220 se
1900 5178 2061 5234 posse

466 5233 791 5306 profitentur
819 5248 922 5302 ope
956 5236 1098 5306 artis
1128 5249 1257 5289 sum.
1284 5233 1522 5306 Carolus
1558 5234 1782 5303 Magnus
1815 5253 1827 5288 :
1868 5233 1911 5285 ‹“
1935 5235 2059 5289 Ideo

466 5303 812 5375 praecipimus
832 5310 892 5375 ut
915 5304 1311 5375 catlcolatores,
1342 5312 1395 5359 et
1422 5305 1809 5375 incantatores,
1840 5313 1895 5359 et
1915 5315 2055 5359 tem-

464 5373 690 5443 pestarii
718 5412 732 5437 ,
781 5373 867 5445 vel
912 5373 1243 5445 obligatores
1276 5390 1381 5428 non
1422 5373 1591 5439 fiant;
1647 5384 1725 5445 et,
1751 5375 2055 5445 ubicunque

466 5450 623 5526 sunt,
660 5443 1062 5526 emendentur,
1110 5443 1193 5499 vel
1243 5444 1591 5526 damnentur.
1626 5464 1663 5526 ’ξ
1704 5444 1840 5526 item
1890 5444 2049 5526 ipse:

474 5532 493 5563 ι
534 5512 612 5585 De
652 5513 1147 5585 incantationibus,
1172 5515 1435 5585 auguriis,
1450 5514 1564 5585 vel
1609 5512 2051 5585 divinationibns,

468 5592 525 5654 ct
551 5582 738 5654 de_his
765 5584 858 5654 qui
885 5582 1352 5654 tempestates—vel
1389 5583 1494 5637 alia
1531 5584 1792 5639 maleficia
1825 5582 2050 5654 faciunt,

463 5650 881 5724 placuitsancto
912 5650 1142 5709 concilio
1170 5662 1231 5709 ut
1250 5655 1557 5724 ubicunque
1588 5654 1909 5724 deprehensi
1938 5652 2054 5707 fne-

468 5721 606 5789 rint,
637 5721 818 5782 videat
848 5724 1284 5798 archipresbyter
1315 5721 1566 5785 dimcésis
1587 5721 1727 5782 illius
1748 5732 1808 5782 ut
1829 5723 2053 5798 diligens

2165 4954 2374 5009 tissime
2395 4954 2800 5009 examinatione
2829 4952 3303 5023 constringantur,
3330 4951 3380 5023 si
3410 4949 3552 5023 forte
3588 4954 3755 5007 conﬁ-

2165 5032 2383 5079 teantnr
2393 5024 2657 5078 malorum
2680 5038 2800 5092 qua:
2816 5014 3117 5093 gesseruni.
3151 5014 3264 5093 Sed
3276 5019 3364 5075 tali
3381 5022 3759 5093 moderatione

2164 5095 2262 5149 ﬁat
2300 5095 2491 5149 eadem
2528 5092 2918 5162 districtio.’ne
2945 5092 3111 5145 vitam
3136 5092 3404 5162 perdant;
3436 5092 3531 5145 sed
3565 5102 3621 5146 ut
3653 5095 3751 5147 sal-

2162 5172 2359 5219 ventur
2391 5164 2445 5218 in
2483 5178 2704 5219 carcere
2729 5161 2932 5227 afﬂicti,
2969 5158 3296 5231 usquedum
3321 5158 3433 5215 Deo
3456 5162 3756 5231 inspirante

2161 5233 2488 5304 spondeant
2527 5233 2962 5304 emendationem
2995 5239 3374 5304 peccatorum.
3443 5251 3460 5283 ι
3530 5232 3757 5304 Tempe-

2162 5300 2395 5358 stuarios
2422 5302 2587 5357 etiam
2615 5309 2772 5356 vocat
2801 5300 3078 5372 Herardns
3106 5300 3549 5372 archiepiscopus
3578 5300 3755 5360 Turo-

2161 5373 2346 5427 nensis
2378 5374 2430 5427 in
2476 5373 2652 5440 capite
2686 5373 2719 5425 5
2765 5386 2987 5426 suorum
3012 5370 3382 5441 Capitulorum
3420 5370 3490 5425 ε]
3526 5373 3604 5429 De
3642 5391 3754 5430 nta-

2159 5442 2346 5507 lelicis,
2378 5442 2828 5511 incantatoribus,
2857 5440 3392 5511 divinis,’sortilegis,
3418 5445 3749 5509 somniariis,

2158 5512 2589 5582 tcmpestuariis,
2640 5520 2694 5565 et
2731 5510 2986 5582 brevibus
3037 5527 3136 5582 pro
3186 5509 3516 5580 frigoribus,
3573 5524 3629 5568 et
3685 5516 3751 5571 de

2159 5583 2475 5638 mulieribus
2523 5581 2813 5653 veneﬁcis”,
2849 5590 2904 5636 et
2945 5597 3079 5653 quae
3105 5581 3326 5653 diversa
3370 5583 3581 5653 tingunt
3618 5597 3749 5652 por-

2158 5660 2326 5717 tenta,
2357 5659 2417 5706 ut
2446 5652 2867 5722 prohibeantur,
2902 5659 2958 5707 et
2994 5650 3222 5722 publica:
3248 5650 3581 5726 ptenitcntiu:
3613 5650 3750 5714 inut-

2157 5730 2359 5780 tentur.
2407 5741 2427 5776 ι
