3918 6334
165 325 276 383 149

1217 313 1346 369 LlB.
1386 312 1478 369 DE
1511 307 1868 368 GRANDINE
1907 309 1994 366 ET
2034 305 2424 364 T-ONITRUIS.

3349 306 3446 362 150

162 459 275 499 non
307 440 524 506 auditis,
556 439 682 510 quia
709 453 815 491 non
841 435 964 490 estis
1004 449 1068 488 ea:
1105 431 1284 486 ovibus
1328 430 1480 483 meis.
1519 425 1761 496 Itemque
1788 426 1838 486 Α
1864 424 2090 481 ulterius
2119 425 2225 480 tale
2253 424 2456 480 conati.
2506 421 2667 479 Certe
2691 422 2736 479 si
2782 421 3003 492 quilibet
3036 422 3198 476 homo
3235 423 3452 494 grandi-

162 534 296 590 Ilibi
323 552 337 588 :
369 532 550 588 Omnis
584 531 672 602 qui
701 537 778 583 est
811 543 876 582 ea:
917 527 1152 602 ueritate,
1179 523 1328 577 audit
1369 536 1542 575 vocem
1569 534 1759 572 meam.

165 626 358 682 Omnis
386 626 578 694 itaque
612 622 704 692 qui
751 619 1092 675 mendacium
1143 616 1336 680 credit,
1380 622 1473 668 aut
1498 612 1760 682 loquitur,

164 728 265 778 ant
288 721 486 776 astruit
515 717 657 788 (mod
685 731 793 771 non
828 722 930 778 est,
976 723 1032 769 et
1061 711 1293 767 tenendo
1330 707 1595 778 quidlibet
1619 704 1764 776 quod

167 828 280 868 non
310 819 413 876 est,
447 826 555 880 quo
584 810 689 864 nisi
719 809 788 863 ad
822 822 932 863 non
972 820 1092 860 esse
1122 802 1333 858 tendit?
1367 800 1493 870 quia
1521 800 1655 855 item
1697 799 1766 853 ad

166 920 278 961 non
316 919 437 958 esse
459 903 632 958 tendit
658 919 672 967 ;
700 899 1058 971 proculdubio
1091 898 1166 952 'ab
1199 910 1266 951 eo
1289 896 1384 965 qui
1411 901 1497 948 est
1537 889 1763 953 recedit,

165 992 265 1062 qui
290 991 428 1046 dixit
452 991 620 1061 Moysi
645 1005 661 1043 :
696 988 786 1044 Sic
813 988 954 1042 dices
974 986 1099 1056 filiis
1130 985 1297 1039 Israel
1319 1003 1336 1038 :
1366 983 1470 1050 Qui
1487 991 1594 1048 est,
1621 981 1766 1036 misit

169 1097 256 1137 me
289 1073 371 1136 ad
395 1099 504 1137 vos.
558 1081 629 1136 Et
664 1081 730 1136 de
774 1093 882 1150 quo
928 1078 1122 1133 beatus
1167 1074 1269 1130 Job
1318 1075 1594 1144 loquitur:
1646 1070 1768 1143 Ipse

61 1191 74 1206 ⁶
169 1176 310 1232 enim
331 1175 475 1230 solus
508 1183 605 1230 est.
642 1173 819 1243 Atque
844 1180 907 1227 ut
941 1172 1184 1250 apertius
1224 1171 1530 1241 loquamur,
1560 1168 1766 1223 veritas

170 1266 466 1324 essentiam
513 1265 700 1330 habet,
728 1263 815 1318 vel
863 1259 1306 1333 potius-essentia
1348 1267 1434 1315 est
1460 1260 1513 1314 in
1541 1258 1763 1329 propria

173 1357 500 1420 substantia,
553 1355 681 1425 quia
727 1353 1008 1420 subsistit;
1061 1349 1402 1406 mendacium
1447 1364 1600 1411 vero,
1637 1346 1767 1416 quia

169 1445 379 1502 nullam
422 1445 584 1499 habet
619 1442 933 1507 essentiam,
967 1440 1102 1495 nihil
1143 1440 1288 1495 enim
1319 1447 1422 1502 est,
1452 1453 1560 1492 non
1592 1436 1768 1490 subsi-

174 1535 291 1592 stit.
320 1533 480 1589 Solus
506 1548 635 1605 ergo
669 1531 815 1587 Deus
851 1538 953 1596 est,
994 1531 1119 1599 quia
1141 1529 1288 1584 solus
1312 1541 1499 1582 verum
1521 1514 1767 1581 esseha-

173 1625 289 1693 bet,
322 1627 411 1696 qui
442 1641 551 1681 non
580 1624 789 1694 accepit
820 1631 881 1677 ut
916 1630 1080 1677 esset".
1132 1620 1333 1677 Omnes
1362 1626 1542 1674 autem
1585 1632 1672 1672 res
1701 1615 1772 1669 ab

173 1730 242 1772 eo
264 1724 478 1781 create,
507 1723 562 1770 et
605 1715 825 1785 quidem
872 1720 1035 1778 sunt;
1078 1711 1171 1767 sed
1200 1725 1388 1766 verum
1418 1718 1472 1764 et
1498 1722 1769 1763 summum

1864 514 1988 571 nem
2015 515 2278 585 potuisset
2300 514 2614 579 immittere,
2642 511 2863 568 Jamnes
2885 519 2942 568 et
2987 509 3255 566 Mambres
3279 511 3456 566 immi-

1865 607 2082 670 sissent,
2127 605 2256 675 quia
2287 619 2457 674 aquas
2501 611 2886 658 converterunt
2934 603 2988 657 in
3031 603 3370 673 sanguinem,
3402 613 3458 658 et

1865 711 2027 752 ranas
2064 696 2130 751 de
2169 693 2478 750 ﬂuminibus
2524 693 2917 763 produxerunt,
2947 691 3090 761 quod
3137 691 3229 747 isti
3274 690 3457 748 facere

1866 804 1973 844 non
2000 796 2255 858 .possunt,
2283 786 2374 860 qui
2403 800 2547 840 nunc
2575 784 2828 841 dicuntur
2863 784 3240 854 Tempestarii.

1936 881 2002 936 ν.
2033 879 2290 949 Sequitur
2318 885 2498 932 autem
2529 876 2586 929 in
2616 875 2806 932 eodem
2834 876 2951 932 loco
2983 875 3313 947 Scripturze:
3351 875 3462 930 Ex-

1866 974 2028 1028 tendit
2063 974 2283 1045 Moyses.
2315 977 2516 1046 virgam
2563 975 2620 1029 in
2655 972 2862 1039 calum,
2913 984 2961 1028 et
3009 973 3269 1029 Dominus
3317 972 3461 1026 dedit

1867 1067 2098 1125 tonitrua
2143 1077 2192 1122 et
2233 1068 2560 1137 grandinem,
2584 1084 2647 1123 ac
2675 1066 3027 1121 discurrentia
3054 1063 3267 1135 fulgura
3307 1080 3465 1134 super

1867 1167 2084 1224 terram,
2131 1158 2365 1231 pluitque
2409 1159 2664 1214 Dominus
2716 1157 3023 1230 grandinem
3071 1173 3228 1228 super
3269 1167 3462 1210 terram

1869 1249 2114 1320 Egypti,
2143 1257 2192 1302 et
2236 1249 2440 1320 grando
2469 1258 2516 1303 et
2568 1249 2706 1320 ignis
2731 1250 2898 1303 mixta
2927 1248 3125 1318 pariter
3162 1246 3464 1317 ferebantur

1871 1340 2032 1413 (Ibid.
2064 1357 2119 1406 v,
2155 1339 2268 1412 25).
2322 1340 2462 1396 Ecce
2514 1347 2568 1395 et
2607 1340 2696 1396 hic
2749 1339 2900 1395 locus
2954 1338 3127 1394 solum
3173 1337 3461 1392 Dominum

1869 1432 2108 1488 ostendit
2135 1438 2441 1486 creatorem
2472 1439 2527 1484 et
2553 1437 2826 1485 auctorem
2875 1425 3177 1499 grandinis,
3224 1442 3330 1481 non
3360 1426 3460 1481 ali-

1870 1540 2031 1596 quem
2061 1525 2356 1580 hominem.
2401 1517 2592 1578 Dicaht
2637 1520 2864 1576 forsitan
2914 1520 3004 1574 isti
3036 1519 3125 1589 qui
3156 1519 3463 1574 hominibus

1871 1619 1974 1673 hoc
2007 1617 2271 1680 tribuunt,
2306 1615 2523 1686 Moysen
2562 1612 2871 1668 extendisse
2912 1613 3121 1682 virgam
3147 1611 3201 1664 in
3238 1610 3460 1674 coelum,

1871 1718 1926 1764 et
1951 1708 2073 1763 ideo
2094 1722 2193 1777 per
2222 1705 2495 1762 hominem
2522 1704 2817 1759 immissam
2863 1701 3043 1766 fuisse.
3060 1707 3458 1772 tempestatem.

180 1808 316 1864 illud
345 1823 465 1863 esse
511 1823 617 1862 non
667 1805 885 1871 habent,
935 1805 1062 1874 quia
1107 1811 1430 1873 acceperunt
1475 1811 1536 1856 ut
1563 1808 1765 1856 essent.
1799 1777 1845 1834 Β
1873 1798 2032 1854 Certe
2058 1797 2267 1867 Moyses
2295 1811 2483 1852 servus
2528 1796 2740 1851 Domini
2769 1803 2888 1850 erat
2933 1795 3107 1850 bonus
3156 1802 3211 1849 et
3253 1791 3455 1861 justus.

173 1899 354 1956 Porro
379 1899 679 1962 mendacia,
710 1899 839 1968 quia
867 1912 975 1952 non
997 1901 1320 1964 acceperunt
1339 1901 1398 1947 ut
1419 1901 1618 1955 essent,
1647 1891 1770 1946 nul-

149 1983 294 2046 ‘lum
317 2003 439 2045 esse
463 1989 684 2043 habent.
725 1985 803 2041 Ac
821 2000 918 2056 per
943 1987 1067 2049 hoc,
1098 1985 1147 2040 is
1171 1984 1260 2053 qui
1290 1982 1572 2036 mendacio
1593 1980 1775 2035 adluu—

178 2091 285 2146 ret,
315 2079 364 2134 ei
393 2079 470 2133 rei
498 2074 740 2131 adharet
764 2090 885 2145 quae
923 2089 1029 2130 non
1071 2081 1155 2129 est
1182 2091 1194 2126 :
1228 2085 1669 2142 quanquam'nec
1695 2068 1770 2123 rei

177 2167 464 2224 dicendum
487 2167 576 2221 sit.
603 2165 705 2233 Qui
725 2171 905 2219 autem
929 2164 978 2218 ei
1001 2163 1242 2217 adhazret
1253 2160 1396 2230 quod
1415 2175 1520 2214 non
1541 2168 1644 2222 est,
1666 2174 1772 2213 non

178 2258 353 2315 solum
381 2258 450 2312 ab
474 2273 539 2313 eo
564 2256 770 2312 recedit
796 2256 889 2325 qui
925 2254 1064 2310 fecit
1089 2268 1233 2317 eum,
1263 2251 1356 2307 sed
1400 2251 1568 2305 etiam
1615 2249 1682 2304 ab
1708 2264 1772 2304 eo

179 2345 299 2423 ipso
327 2350 471 2420 quod
516 2348 695 2404 factus
737 2356 858 2412 est;
894 2345 1148 2415 quoniam
1179 2357 1286 2398 non
1333 2341 1566 2411 amplius
1609 2355 1772 2410 quam

181 2442 291 2497 duo
315 2455 434 2495 esse
463 2447 588 2494 sunt
612 2428 823 2503 {unum
850 2449 1141 2499 summum,
1170 2433 1313 2503 quod
1336 2447 1491 2487 suum
1520 2446 1641 2486 esse
1667 2445 1773 2484 non

176 2531 390 2601 accepit
422 2530 491 2584 ab
530 2529 676 2594 alio;
723 2527 952 2582 alterum
983 2539 1256 2594 magnum,
1286 2523 1430 2593 quod
1474 2537 1630 2576 suum
1655 2535 1775 2575 esse

179 2635 211 2676 a
238 2621 350 2676 Deo
377 2619 587 2690 accepit
615 2636 628 2684 ;
662 2618 717 2673 id
742 2625 845 2681 est,
889 2623 1126 2681 creator,
1164 2623 1220 2670 et
1254 2620 1524 2669 creatura.
1557 2611 1773 2666 Menda-

178 2712 324 2767 cium
357 2689 545 2781 igitur,
577 2711 701 2780 quia
743 2719 851 2763 non
883 2717 967 2764 est
994 2714 1226 2771 creator,
1257 2720 1365 2759 non
1396 2712 1479 2759 est
1499 2689 1771 2758 Summum

178 2818 304 2860 esse
327 2819 342 2868 ;
371 2804 499 2873 quia
521 2818 638 2857 non
663 2787 747 2857 est
775 2807 1051 2864 creatura,
1079 2813 1185 2853 non
1215 2805 1582 2866 estmagnum
1607 2809 1728 2849 esse
1753 2811 1766 2860 ,-

180 2895 309 2965 quia
355 2893 562 2948 nullam
604 2893 768 2948 habet
811 2890 1127 2954 essentiam,
1157 2904 1264 2943 non
1310 2895 1394 2943 est
1433 2886 1600 2942 ullum
1628 2899 1767 2940 esse.

178 2986 282 3054 Qui
309 3002 438 3058 ergo
482 2985 600 3040 vult
641 2985 933 3055 persistere
960 2983 1015 3036 in
1061 2997 1127 3037 eo
1155 2981 1298 3051 quod
1332 2987 1432 3042 est,
1467 2994 1577 3034 non
1622 2993 1774 3034 rece-

179 3073 275 3130 dat
301 3075 372 3132 ab
400 3089 464 3130 eo
485 3073 575 3143 qui
605 3073 656 3128 ei
688 3072 837 3128 dedit
873 3085 1016 3126 esse.
1048 3069 1152 3136 Qui
1183 3075 1364 3123 autem
1405 3081 1512 3121 non
1542 3065 1660 3119 vult
1687 3079 1773 3120 re-

179 3163 372 3220 cedere
402 3163 470 3217 ab
504 3177 570 3217 eo
597 3162 686 3232 qui
723 3176 849 3216 vere
890 3167 994 3226 est,
1028 3158 1211 3230 fugiat
1238 3157 1383 3228 quod
1415 3155 1638 3211 omnino
1661 3170 1772 3211 non

177 3261 284 3318 est,
312 3254 364 3308 id
389 3261 473 3308 est
499 3252 862 3307 mendacium.

249 3367 340 3423 IV.
374 3365 638 3436 Quoniam
667 3379 797 3436 ergo
825 3363 1003 3418 omnis
1028 3361 1283 3426 mendax,
1312 3359 1562 3413 falsitatis
1587 3373 1768 3413 asser-

178 3468 266 3516 tor
290 3467 392 3522 est,
420 3465 475 3512 et
498 3455 678 3510 omnis
703 3462 941 3510 assertor
986 3451 1254 3513 falsitatis,
1292 3449 1460 3504 falsus
1485 3449 1641 3503 testis
1665 3455 1766 3511 est,

177 3564 351 3619 agens
372 3553 561 3603 contra
587 3545 872 3600 veritatem
898 3560 913 3609 ;
939 3543 1220 3598 videamus
1241 3539 1374 3609 jam,
1407 3538 1497 3592 isti
1520 3537 1613 3606 qui
1639 3551 1776 3606 opus

178 3639 420 3698 divinum
451 3645 673 3692 auctore
701 3635 922 3690 homine
955 3632 1072 3689 ﬂeri
1094 3632 1301 3695 dicunt,
1341 3636 1522 3684 utrum
1549 3626 1777 3682 fulcian-

179 3740 272 3786 tur
292 3721 472 3799 aliqua
495 3726 838 3782 auctoritate.
867 3723 927 3779 ln
953 3723 1125 3779 sacris
1149 3723 1313 3791 igitur
1342 3718 1660 3788 Scripturis,
1684 3716 1775 3798 ubi

177 3795 413 3895 primum
449 3820 653 3891 grando
694 3817 1075 3879 introducitur,
1125 3815 1179 3868 in
1229 3812 1401 3881 plagis
1443 3810 1631 3879 utique
1669 3795 1776 3863 illis

175 3911 375 3984 quibus
423 3909 689 3981 Egyptus
737 3921 993 3978 percussa
1041 3913 1143 3978 est,
1181 3903 1474 3956 invenitur.
1527 3898 1770 3968 Septima

179 4004 414 4073 denique
450 4002 608 4072 plaga
654 3997 878 4070 [Egypti
925 3997 1028 4052 ista
1055 3983 1158 4050 est.
1207 3993 1354 4047 Dixit
1382 3999 1564 4045 autem
1595 3989 1774 4043 Domi-

180 4111 321 4152 nus:
357 4093 442 4147 En
468 4092 648 4164 pluam
688 4092 788 4146 hac
823 4090 938 4160 ipsa
967 4090 1098 4141 hora
1146 4101 1269 4139 cras
1303 4082 1613 4154 grandinem
1639 4078 1776 4133 mul-

174 4195 289 4240 tam
311 4183 490 4248 nimis,
522 4171 695 4253 qualis
724 4197 829 4235 non
858 4179 957 4249 fuit
985 4177 1039 4232 in
1069 4175 1302 4246 ﬁgypto
1329 4189 1361 4226 a
1402 4174 1487 4226 die
1509 4188 1614 4242 qua
1649 4171 1773 4240 {un-

177 4274 308 4329 data
333 4281 433 4340 est,
462 4289 624 4343 usque
645 4272 700 4324 in
727 4285 958 4342 prtesens
982 4276 1184 4337 tempus
1213 4263 1411 4336 (Exod.
1446 4278 1522 4326 ix,
1554 4261 1662 4333 l8).
1715 4260 1774 4314 ln

178 4366 266 4422 his
296 4367 478 4436 itaque
501 4364 682 4420 verbis
711 4362 972 4418 Dominus
997 4374 1055 4414 se
1096 4358 1274 4428 ipsum
1318 4354 1449 4409 dicit
1478 4353 1773 4407 missurum

176 4455 500 4526 grandinem
519 4454 575 4509 in
598 4452 854 4516 crastina,
883 4465 990 4505 non
1029 4447 1261 4516 aliquem
1291 4444 1585 4506 hominem,
1620 4449 1769 4496 certe
1794 4458 1847 4518 D

985 4538 1076 4609 qui
1117 4507 1252 4607 ius“
1298 4530 1352 4591 ει
1401 4534 1496 4587 Dei
1525 4507 1841 4588 homines"
1875 4533 1984 4573 non
2011 4517 2194 4580 homo,
2237 4529 2411 4583 neque
2438 4512 2659 4582 angelus
2707 4509 2903 4576 malus,
2952 4509 3058 4564 nisi
3107 4507 3254 4563 solus
3295 4507 3458 4572 Deus,

177 4561 282 4603 nec
331 4544 549 4617 Moysen
605 4553 698 4599 aut
741 4542 946 4607 Aaron,

174 4642 357 4702 erant,
388 4651 489 4691 nec
507 4635 753 4689 Jamnem
779 4641 834 4687 et
859 4631 1152 4686 Mambrem
1197 4629 1564 4682 incantatores
1602 4623 1772 4695 IEgy-

176 4739 438 4800 pttorum,
471 4727 563 4797 qui
589 4726 902 4790 scribuntur
940 4722 1084 4791 magi
1113 4719 1440 4783 Pharaonis,
1472 4732 1610 4787 quos
1633 4716 1774 4785 Apo-

178 4817 352 4873 stolus
379 4817 510 4872 dicit
538 4816 804 4872 restitisse
831 4813 1022 4884 Moysi,
1052 4811 1192 4867 sicut
1218 4817 1273 4865 et
1313 4810 1367 4863 hi
1400 4808 1661 4863 resistunt
1683 4820 1775 4860 ve-

178 4907 350 4963 ritati.
382 4904 499 4960 Jam
541 4906 792 4976 equidem
823 4904 923 4972 illi,
973 4903 1116 4958 sicut
1154 4901 1411 4970 scriptum
1439 4906 1544 4962 est,
1573 4911 1669 4966 per
1693 4896 1774 4949 in-

176 4995 522 5066 cantationes
559 4994 844 5064 Egyptias
897 4999 953 5046 et
997 5005 1195 5044 arcana
1244 4987 1488 5057 quaedam
1536 4983 1776 5056 projece-

180 5099 306 5146 rant
338 5087 535 5160 singuli
563 5088 742 5157 virgas
791 5100 918 5141 suas
964 5099 1148 5140 coram
1189 5082 1493 5156 Pharaone,
1525 5085 1579 5132 et
1605 5091 1775 5130 versat

179 5180 400 5236 fuerant
429 5181 484 5236 in
526 5181 808 5242 dracones,
857 5175 984 5231 licet
1020 5175 1170 5244 virga
1213 5172 1392 5226 Aaron
1438 5165 1777 5223 devoraverit

183 5270 366 5342 virgas
391 5284 601 5324 eorum.
642 5267 762 5322 Jam
808 5280 979 5336 aquas
1022 5270 1300 5319 verterant
1341 5260 1392 5313 in
1437 5256 1771 5328 sanguinem,

177 5359 290 5430 iam
321 5377 488 5416 ranas
524 5361 895 5430 produxerant
919 5371 950 5411 e
975 5355 1306 5416 ﬂuminibus,
1357 5352 1482 5405 licet
1505 5364 1599 5404 eas
1628 5347 1776 5402 cohi-

182 5454 313 5508 bere
334 5468 444 5508 non
469 5459 710 5522 possent,
735 5451 877 5507 sicut
895 5449 1106 5520 Moyses
1126 5446 1182 5499 in
1204 5444 1368 5497 verbo
1398 5438 1608 5495 Domini
1627 5437 1770 5500 fecit,

184 5551 246 5598 ut
273 5553 485 5600 tantum
513 5543 568 5597 in
616 5542 834 5596 ﬂumine
875 5542 1237 5594 remanerent.
1283 5532 1354 5586 At
1397 5544 1519 5586 cum
1552 5534 1772 5582 ventum

182 5647 269 5697 cst
293 5638 362 5694 ad
388 5634 702 5708 scynipbas,
732 5641 788 5688 et
814 5631 949 5689 nihil
979 5629 1104 5685 inde
1127 5626 1307 5681 facere
1344 5621 1664 5708 potuissent,
1696 5616 1776 5669 di-

184 5737 386 5788 xerunt
412 5727 640 5801 digitum
683 5723 778 5780 Dei
812 5720 914 5780 sibi
962 5733 1082 5777 esse
1130 5715 1484 5777 contrarium,
1536 5707 1776 5777 nihilque

1873 1889 1966 1944 lsti
2015 1898 2196 1944 autem
2240 1903 2334 1945 eos
2369 1903 2504 1958 quos
2531 1887 2716 1941 dicunt
2757 1885 3181 1956 Tempestarios,
3222 1898 3328 1938 non
3358 1898 3460 1937 au-

1874 1981 2002 2035 dent
2027 1979 2182 2034 fateri
2209 1979 2380 2034 bonos
2404 1993 2525 2033 esse
2551 1985 2614 2041 et.
2631 1977 2827 2047 justos,
2861 1976 2957 2032 sed
2982 1975 3152 2030 malos
3179 1974 3381 2044 potius,
3408 1981 3464 2027 et

1874 2069 2105 2138 iniquos,
2133 2075 2188 2122 et
2215 2067 2407 2138 dignos
2443 2067 2789 2122 damnatione
2831 2063 3112 2135 temporali
3136 2071 3192 2118 et
3235 2071 3462 2124 aeterna.

1873 2160 1966 2212 sed
2012 2172 2186 2227 neque
2231 2173 2417 2216 servos
2462 2156 2578 2221 Dei,
2621 2156 2723 2211 nisi
2781 2155 2920 2210 forte
2970 2155 3299 2219 cenditione,
3354 2169 3464 2209 non

1875 2251 2377 2318 tamenvoluntaria
2403 2251 2685 2306 servitute.
2731 2248 2874 2305 Nam
2910 2251 2957 2304 si
2996 2249 3063 2304 ad
3106 2249 3464 2304 imitationem

1875 2343 2043 2414 Moysi
2070 2342 2315 2398 homines
2341 2352 2523 2398 essent
2549 2350 2799 2398 auctores
2841 2341 3145 2413 grandinis,
3187 2341 3331 2397 servi
3359 2341 3465 2395 uti-

1874 2450 1979 2504 que
2007 2435 2101 2489 Dei
2127 2442 2332 2499 essent,
2351 2448 2470 2488 non
2517 2433 2658 2487 servi
2706 2431 2926 2488 diaboli.
2973 2431 3295 2500 Quanquam
3326 2419 3466 2501 pra:-

1874 2526 2052 2581 missaa
2076 2524 2358 2584 sententia:
2385 2536 2558 2592 neque
2580 2522 2700 2578 illos
2723 2520 2839 2590 ejus
2878 2522 3250 2576 demonstrant
3272 2527 3463 2575 aucto-

1873 2631 1980 2680 res,
2031 2615 2126 2671 sed
2173 2614 2348 2671 solum
2378 2612 2815 2683 omnipotentem
2851 2613 3041 2667 Deum.
3099 2610 3378 2680 Siquidem
3408 2617 3465 2665 et

1872 2706 2180 2771 Psalmista,
2210 2705 2301 2775 qui
2329 2703 2489 2773 hujus
2510 2711 2567 2758 et
2607 2703 2887 2773 grandinis
2932 2701 3200 2766 meminit,
3246 2701 3312 2755 de
3352 2699 3466 2755 Deo

1871 2794 2041 2851 dicit:
2089 2793 2293 2849 Occidit
2339 2794 2396 2847 in
2440 2792 2696 2864 grandine
2741 2793 2918 2846 uineas
2971 2799 3464 2855 eorum,et.~moros

1872 2903 2056 2942 eorum
2097 2887 2153 2941 in
2185 2887 2400 2958 pruina,
2449 2893 2498 2940 et
2551 2870 2774 2938 tradidit
2819 2884 2875 2938 in
2926 2881 3183 2954 grandine
3229 2881 3464 2947 iumenta

1873 2992 2074 3040 eorum,
2115 2984 2164 3030 et
2187 2974 2536 3045 possessiones
2560 2989 2741 3026 eorum
2782 2972 2890 3043 igni
2939 2968 3112 3042 (Psal.
3138 2985 3342 3032 Lxxvu,
3371 2967 3460 3034 47,

1875 3065 1986 3138 48).
2018 3064 2124 3120 Sed
2147 3064 2404 3135 quoniam
2446 3064 2501 3118 in
2541 3061 2792 3133 praesenti
2833 3061 2951 3117 loco
2980 3061 3130 3116 addit
3171 3059 3461 3115 Psalmista

1876 3161 2260 3216 immissionem
2286 3173 2385 3228 per
2409 3156 2636 3228 angelos.
2653 3154 2844 3220 malos,
2866 3152 3145 3210 sciendum
3170 3152 3311 3222 quod
3344 3151 3464 3206 vin-

1873 3252 2136 3306 dictarum
2163 3257 2256 3303 aut
2278 3248 2652 3317 probationum
2681 3243 2890 3315 ﬂagella
2915 3257 3014 3314 per
3043 3241 3318 3296 ministros
3343 3255 3463 3294 ma-

1872 3342 1952 3397 los
1981 3346 2233 3397 exerceat
2258 3339 2422 3403 Deus,
2444 3337 2537 3407 qui
2579 3336 2908 3391 voluntatem
2950 3321 3170 3405 quidem
3219 3332 3451 3388 nocendi

1873 3432 1938 3486 de
1964 3447 2061 3486 suo
2090 3430 2339 3494 habeant,
2371 3436 2696 3499 potestatem
2734 3435 2913 3480 autem
2952 3425 3020 3480 ab
3048 3423 3139 3479 illo
3169 3424 3456 3493 accipiant.

1876 3521 2027 3579 Sicut
2049 3522 2195 3576 enim
2227 3535 2411 3576 eorum
2435 3519 2654 3588 propria
2687 3525 2771 3572 est
2795 3515 3044 3570 voluntas
3083 3514 3344 3579 nocendi,
3379 3515 3460 3568 sic

1875 3615 2040 3670 solius
2073 3611 2284 3666 Domini
2312 3616 2548 3679 potestas
2593 3614 2654 3662 ut
2696 3606 2906 3676 possint
2949 3619 3069 3674 qua:
3108 3603 3311 3659 volunt.
3344 3601 3464 3658 Non

1873 3714 1958 3762 cst
1982 3711 2129 3760 certe
2158 3703 2436 3757 hominum
2473 3706 2730 3770 potestas,
2777 3711 2953 3766 neque
2977 3696 3264 3760 bonorum,
3290 3709 3464 3763 neque

1875 3796 2159 3859 malorum,
2200 3807 2307 3847 non
2349 3797 2434 3846 est
2455 3789 2850 3845 contrariarum
2895 3785 3277 3842 fortitudinum
3306 3793 3460 3854 pote-

1873 3894 2005 3946 stas,
2035 3883 2130 3938 sed
2156 3880 2323 3936 solius
2353 3879 2585 3944 Domini,
2628 3878 2721 3947 qui
2752 3891 2950 3932 .earum
2997 3874 3152 3930 mala:
3196 3874 3462 3930 voluntati

1875 3974 2068 4030 tribuit
2093 3978 2442 4041 potestatem,
2475 3969 2528 4022 in
2576 3975 2837 4038 quantum
2882 3966 3019 4032 vult,
3059 3974 3115 4021 et
3152 3967 3380 4036 abrogat
3408 3967 3463 4021 in

1873 4072 2133 4135 quantum
2157 4077 2264 4117 non
2289 4060 2404 4115 vult
2428 4069 2487 4114 ut
2510 4058 2735 4130 possint.
2776 4056 2911 4112 Nam
2950 4065 3004 4111 et
3031 4058 3087 4112 in
3115 4056 3221 4111 alio
3249 4071 3465 4128 quoque

1873 4155 2082 4228 psalmo
2130 4152 2416 4211 Psalmista
2455 4151 2534 4206 sic
2581 4149 2650 4206 de
2696 4149 2808 4204 Deo
2855 4149 2970 4203 ait:
3027 4147 3212 4201 Posuit
3260 4147 3463 4217 pluvias

1873 4261 2079 4310 eorum,
2117 4242 2446 4314 grandinem,
2475 4242 2648 4312 ignem
2677 4239 3062 4294 comburentem
3084 4238 3138 4291 in
3161 4247 3358 4292 terram
3383 4240 3465 4308 ip-

1872 4353 2050 4392 sorum
2070 4353 2091 4402 ;
2115 4345 2165 4391 et
2186 4336 2439 4406 percussit
2465 4334 2642 4388 vineas
2662 4347 2867 4396 eorum,
2903 4338 2955 4385 et
2997 4330 3235 4383 contrivit
3262 4328 3463 4400 lignum

1872 4427 2059 4495 finium
2079 4441 2278 4480 eorum.
2305 4421 2581 4477 Percussit
2610 4434 2756 4485 vere,
2787 4429 2842 4474 et
2865 4432 2990 4474 vere
3032 4417 3326 4481 contrivit;
3360 4417 3457 4472 sed

1877 4613 1994 4667 sine
2021 4625 2128 4680 quo
2151 4608 2290 4680 legio
2318 4606 2580 4661 malorum
2607 4603 2920 4674 angelorum
2950 4615 3124 4670 neque
3154 4613 3345 4669 porcos
3370 4613 3463 4668 po-

1877 4703 1978 4758 tuit
2005 4715 2220 4764 nocere,
2251 4705 2307 4754 et
2337 4699 2392 4752 in
2435 4711 2585 4752 mare
2615 4694 2981 4767 praecipitare.
3021 4692 3165 4746 Deus
3187 4690 3366 4761 plane,
3394 4689 3463 4745 dc

1875 4808 1982 4865 quo
2008 4792 2242 4846 dicitur:
2295 4786 2420 4842 Prw
2466 4786 2671 4857 fulgore
2712 4786 2772 4853 in,
2813 4790 3090 4853 conspectu
3140 4779 3254 4850 ejus
3301 4777 3461 4834 nubes

1874 4884 2219 4947 transierunt,
2260 4879 2460 4951 grando
2492 4887 2540 4931 et
2566 4876 2816 4932 carbones
2863 4874 3019 4946 ignis,
3050 4881 3100 4926 et
3142 4870 3369 4924 intonuit
3396 4869 3462 4923 de

1874 4973 2000 5028 caelo
2024 4971 2300 5034 Dominus,
2328 4976 2375 5022 et
2397 4965 2696 5019 Altissimus
2726 4962 2869 5017 dedit
2895 4977 3066 5015 vocem
3093 4973 3266 5022 suam,
3299 4973 3462 5026 gran-

1873 5063 2048 5117 dinem
2069 5071 2116 5116 et
2137 5059 2385 5114 carbones
2409 5056 2564 5127 ignis.
2597 5055 2666 5109 Et
2691 5052 2780 5109 cui
2803 5050 3138 5107 cantavimus
3161 5067 3174 5102 :
3215 5045 3460 5117 Fulgura

1874 5152 2306 5214 coruscationem,
2327 5156 2374 5200 et
2393 5143 2674 5215 dissipabis
2714 5159 2801 5197 eos
2823 5159 2842 5208 ,°
2874 5141 3046 5195 emitte
3070 5138 3290 5210 sagittas
3316 5145 3457 5200 tuas,

1882 5253 1921 5300 st
1950 5240 2281 5297 conturbabis
2306 5254 2415 5292 eos.
2454 5234 2559 5300 Qui
2585 5234 2748 5304 operit
2776 5230 2961 5286 caelum
3004 5228 3249 5291 nubibus,
3287 5235 3336 5280 et
3365 5242 3459 5296 pa-

1870 5343 1957 5388 rat
1985 5343 2138 5387 terra:
2166 5329 2418 5401 pluviam,
2459 5325 2549 5395 qui
2590 5324 2680 5378 d'at
2716 5323 2883 5379 niuem
2920 5321 3052 5374 sicut
3076 5317 3274 5382 lanam,
3298 5317 3458 5371 mittit

1874 5424 2179 5498 crystallum
2207 5437 2358 5477 suum
2384 5421 2517 5474 sicut
2561 5413 2841 5478 buccellae,
2871 5413 3034 5468 mittet
3073 5409 3281 5464 verbum
3302 5422 3457 5461 suum

1874 5528 1920 5572 et
1948 5515 2245 5588 liquefaciet
2287 5529 2368 5576 ea,
2411 5509 2558 5579 flabit
2602 5506 2815 5577 spiritus
2840 5503 2978 5573 ejus,
3006 5510 3053 5555 et
3079 5501 3242 5570 ﬂuent
3281 5513 3454 5568 aqua.

1875 5612 2044 5677 Quem
2071 5607 2290 5662 laudant
2314 5605 2381 5658 de
2419 5610 2579 5665 terra,
2609 5614 2718 5654 non
2762 5597 2935 5653 solum
2963 5597 3225 5650 dracones
3252 5590 3455 5662 abyssi,

1876 5715 2050 5757 verum
2072 5699 2227 5754 etiam
2251 5695 2408 5768 ignis,
2440 5690 2666 5765 grando,
2708 5690 2817 5759 nix,
2858 5685 3070 5762 glacies,
3096 5683 3312 5758 spiritus
3332 5696 3455 5751 pro.
