3918 6330
463 290 554 348 151
1427 308 1484 365 S.
1527 306 1878 366 AGOBARDI
1918 305 2230 364 EPlSCOPl
2271 307 2761 368 LUGDUNENSIS

3655 315 3756 370 15"!

451 415 727 482 cellarum,
759 433 877 488 qua:
899 418 1105 490 faciunt
1129 421 1340 476 verbum
1360 423 1476 493 ejus
1503 441 1523 490 ;
1548 441 1654 481 non
1685 426 1909 481 verbum
1951 427 2048 484 ho-
2078 427 2122 484 Α
2153 423 2515 481 sollicitudine
2539 427 2622 496 egi
2653 435 2715 481 ut
2738 427 2980 482 viderem
3008 427 3182 495 illum,
3208 429 3368 485 sicuti
3387 439 3444 486 et
3465 428 3589 486 feci.
3618 432 3750 486 Cum

452 505 635 568 minis,
665 521 770 561 non
806 509 1032 564 verbum
1062 510 1234 580 angeli
1260 512 1406 566 mali.

2154 521 2333 567 autem
2382 513 2633 584 loquerer
2679 532 2802 571 cum
2852 518 2963 584 illo,
2993 526 3048 572 et
3091 527 3326 576 tentaret
3372 522 3556 576 dicere
3585 537 3648 577 se
3680 523 3752 576 ita

523 596 608 652 Vl.
641 596 895 669 Legimus
920 599 1086 654 etiam
1116 601 1182 657 de
1215 605 1479 674 grandine
1508 605 1562 661 in
1585 605 1721 662 libro
1742 607 1870 662 Iesu
1900 607 2021 662 NaVl

2149 605 2374 671 vidisse,
2400 622 2500 678 ego
2527 607 2714 663 multis
2757 609 3009 678 precibus
3053 617 3110 666 et
3152 609 3583 679 adjurationibus
3628 628 3751 668 cum

445 685 521 778 ita
566 703 579 739 :
635 686 950 760 Congregati
1001 692 1164 762 igitur
1217 695 1569 752 ascenderunt
1615 699 1847 769 quinque
1899 715 2045 770 reges
2146 696 2344 752 divinis
2372 700 2534 752 etiam
2565 699 3079 756 comminationibus
3125 703 3393 759 obstrinxi
3424 704 3578 759 illum
3608 706 3752 778 rogi-

445 776 898 846 Aman/urorum,
925 799 1020 838 rex
1042 782 1400 853 Hierusalem,
1424 805 1518 843 rex
1538 788 1775 857 Hebron,
1800 807 1893 846 rex
1915 791 2045 846 Hie-
2148 795 2291 852 tans,
2337 796 2397 843 ut
2446 806 2553 845 non
2603 791 2808 846 diceret
2853 791 2986 846 illud
3037 793 3142 848 nisi
3192 794 3334 864 quod
3365 811 3554 851 verum
3581 776 3749 852 esset.

445 869 622 936 rimot,
653 886 747 925 rex
774 870 988 938 Lachis,
1037 891 1130 930 rex
1155 875 1348 948 Eglon,
1391 878 1551 934 simul
1581 898 1699 935 cum
1728 882 2042 938 exercitibus

443 960 575 1024 suis,
598 969 649 1014 et
677 965 1038 1018 castrametati
1082 975 1204 1021 sunt
1227 977 1410 1023 contra
1451 967 1695 1036 Gabaon,
1734 987 2042 1043 Oppugnan-

442 1061 516 1106 tcs
539 1068 675 1106 eam.
704 1052 772 1108 Et
797 1061 920 1124 post
939 1069 1109 1125 pauca
1135 1074 1150 1109 :
1185 1056 1436 1130 Dixitque
1457 1059 1714 1115 Dominus
1735 1062 1806 1115 ad
1832 1061 2038 1118 Iosue:

443 1141 527 1197 Ne
554 1143 740 1198 timeas
768 1162 875 1200 eos.
911 1145 979 1201 In
1008 1164 1198 1204 manus
1242 1151 1381 1205 enim
1408 1159 1529 1206 tuas
1566 1153 1767 1207 tradidi
1793 1152 1932 1208 illos.
1972 1155 2040 1209 Et

437 1243 561 1304 post
586 1250 759 1306 pauca
786 1255 800 1292 :
833 1236 1067 1310 Cumque
1093 1239 1333 1311 fugerent
1354 1242 1494 1311 ﬁlios
1519 1242 1761 1314 (Israel),
1787 1255 1835 1298 et
1859 1255 2030 1300 essent

436 1326 492 1378 in
517 1325 768 1381 descensu
797 1325 1086 1396 Bethoron,
1119 1328 1380 1386 Dominus
1417 1333 1562 1387 misit
1590 1349 1749 1403 super
1781 1350 1868 1389 eos
1896 1333 2033 1405 lapi-

433 1416 526 1472 des
554 1433 773 1488 magnos
819 1419 886 1473 de
918 1419 1046 1474 ccelo
1077 1437 1240 1492 usque
1281 1421 1495 1478 Azecha
1527 1440 1545 1490 ,°
1592 1433 1640 1478 et
1687 1425 1883 1478 mortui
1911 1435 2036 1480 sunt

434 1508 601 1562 multo
639 1509 815 1579 plures
845 1508 1114 1582 lapidibus
1141 1514 1441 1582 grandinis,
1479 1531 1637 1584 quam
1683 1533 1814 1585 quos
1855 1514 2033 1587 gladio

431 1609 799 1667 percusserant
826 1600 928 1670 ﬁlii
960 1599 1134 1656 Israel
1180 1602 1367 1674 (Iosue
1409 1621 1465 1669 κ,
1499 1605 1552 1670 5,
1581 1607 1614 1662 8
1642 1605 1842 1679 Seqq.).
1893 1608 2033 1663 Ecce

429 1703 562 1759 ergo
585 1698 642 1745 et
667 1691 721 1745 in
753 1693 859 1748 hoc
888 1691 1008 1749 loco
1055 1703 1303 1765 apparet,
1349 1695 1468 1750 sine
1505 1696 1610 1751 ulla
1639 1697 2031 1767 imprecatione

2147 878 2298 936 Tunc
2327 880 2417 936 ille
2445 879 2746 937 afﬁrmabat
2793 882 3012 952 quidem
3051 898 3240 938 verum
3281 900 3403 941 esse
3430 888 3578 956 quod
3603 888 3752 942 dice-

2143 966 2257 1034 bat,
2285 969 2572 1025 nominans
2603 969 2900 1036 hominem,
2946 978 3163 1042 tempus
3189 980 3244 1026 et
3275 973 3490 1041 locum;
3534 975 3632 1030 sed
3667 984 3749 1030 ta-

2144 1075 2267 1116 men
2300 1060 2586 1116 confessus
2612 1069 2698 1116 est
2733 1077 2792 1117 se
2819 1063 3009 1118 eodem
3031 1072 3275 1133 tempore
3293 1075 3614 1135 prasentem
3637 1083 3748 1122 non

2145 1148 2334 1205 fuisse.
2387 1149 2524 1206 Item
2553 1151 2608 1205 in
2651 1149 2796 1207 libro
2837 1151 3225 1219 Ecclesiastici,
3266 1154 3360 1223 qui
3406 1165 3751 1226 praenotatur

2139 1237 2266 1295 Iesu
2305 1240 2396 1294 ﬁlii
2430 1240 2644 1305 Sirach,
2677 1241 2940 1312 scriptum
2965 1251 3090 1297 est:
3141 1241 3278 1299 Sunt
3303 1245 3522 1315 spiritus
3547 1247 3645 1317 qui
3680 1247 3749 1299 ad

2137 1329 2420 1383 vindictam
2441 1330 2602 1384 creati
2629 1340 2776 1397 sunt,
2801 1341 2849 1384 et
2879 1331 2935 1385 in
2962 1331 3144 1401 furore
3170 1349 3266 1387 suo
3294 1335 3743 1403 conﬁrmaverunt

2137 1429 2396 1473 tormenta
2427 1437 2551 1486 sua,
2595 1429 2644 1475 et
2677 1422 2733 1475 in
2782 1431 3010 1492 tempore
3057 1425 3524 1478 consummationis
3569 1425 3747 1494 eﬂ'un-

2136 1509 2259 1562 dent
2283 1509 2544 1576 virtutem,
2584 1520 2632 1564 et
2657 1510 2892 1580 furorem
2923 1511 3064 1581 ejus,
3088 1514 3179 1582 qui
3201 1513 3322 1581 fecit
3348 1511 3489 1579 illas,
3511 1516 3743 1584 confun-

2135 1598 2279 1652 dent.
2311 1597 2479 1669 Ignis,
2505 1599 2735 1669 grando,
2783 1599 2972 1669 fames,
3017 1609 3066 1654 et
3112 1617 3272 1667 mors,
3302 1603 3481 1657 omnia
3527 1604 3647 1658 haec
3673 1605 3743 1658 ad

2136 1690 2418 1744 vindictam
2462 1701 2640 1745 creata
2683 1701 2825 1746 sunt.
2877 1691 3178 1746 Bestiarum
3206 1694 3402 1760 dentes,
3441 1705 3489 1748 et
3517 1699 3741 1767 scorpii,

429 1778 712 1835 hominum
743 1780 1032 1837 Dominum
1075 1783 1291 1840 misisse
1334 1786 1652 1856 grandinem
1703 1803 1870 1859 super
1912 1805 2026 1855 eos,
2058 1774 2104 1832 B
2133 1790 2180 1834 et
2219 1791 2502 1852 serpentes,
2546 1791 2595 1836 et
2639 1782 2906 1852 rompha'a
2954 1784 3227 1838 vindicans
3267 1785 3321 1838 in
3366 1787 3742 1842 exterminium

433 1885 571 1940 quos
601 1871 693 1927 tali
725 1872 936 1945 ﬂagello
983 1874 1175 1947 dignos
1197 1875 1480 1947 judicavit.
1531 1878 1666 1934 Nam
1697 1880 1741 1935 si
1770 1882 1897 1936 mali
1932 1883 2032 1938 bo-
2131 1873 2306 1943 impiis
2334 1873 2526 1944 (Eccli.
2553 1890 2741 1938 suis.
2773 1875 2844 1929 33
2867 1874 3054 1946 θείη.)-
3078 1873 3136 1928 Si
3165 1875 3327 1945 igitur
3346 1878 3555 1947 grando
3583 1894 3741 1933 crea~

428 1964 627 2030 mines,
658 1965 800 2020 sicut
828 1973 954 2022 sunt
978 1981 1116 2037 quos
1150 1968 1239 2024 isti
1279 1978 1527 2024 errantes
1559 1973 1842 2026 nominant
1869 1973 2021 2027 Tem-

2132 1973 2186 2018 ta
2235 1973 2336 2030 est,
2382 1965 2523 2019 sicut
2554 1972 2611 2019 et
2638 1975 2836 2020 caetera
2864 1980 2984 2034 quae
3014 1967 3103 2020 hic
3128 1966 3401 2030 dicuntur,
3435 1984 3465 2022 a
3491 1969 3606 2024 Deo
3633 1972 3742 2025 uti-

427 2056 719 2123 pestarios,
772 2057 827 2113 id
874 2057 1057 2113 facere
1087 2060 1409 2129 potuissent,
1462 2077 1624 2133 super
1662 2062 1802 2119 filios
1841 2065 2027 2134 utique
2129 2071 2234 2126 que
2258 2066 2440 2112 creata
2467 2065 2575 2123 est.
2623 2073 2732 2112 ιιοη
2757 2057 2828 2113 ab
2856 2057 3095 2112 homine.
3135 2057 3267 2113 [lem
3295 2059 3350 2113 ill
3379 2061 3735 2129 pmdicwli-

425 2144 588 2201 Israel
633 2147 787 2203 fieret
814 2149 1038 2219 grando,
1071 2164 1176 2204 non
1208 2164 1373 2220 super
1415 2151 1760 2208 adversarios
1786 2152 2022 2209 illorum.
2127 2151 2227 2205 bro
2255 2150 2519 2220 scriptum
2546 2149 2812 2220 legimus:
2873 2149 3005 2202 Vide
3047 2167 3250 2215 arcum,
3295 2161 3344 2205 et
3383 2153 3600 2207 benedic
3643 2157 3736 2226 qui

424 2237 530 2293 Sed
554 2239 680 2308 quia
703 2253 804 2294 nec
826 2238 953 2294 mali
975 2253 1138 2309 super
1164 2240 1356 2305 bonos,
1383 2255 1486 2295 nec
1507 2240 1636 2295 boni
1663 2254 1827 2311 super
1855 2244 2026 2299 malos
2125 2239 2249 2308 fecit
2279 2238 2451 2292 illum.
2495 2237 2658 2292 Valde
2684 2240 2950 2308 speciosus
2980 2250 3054 2293 est
3080 2241 3134 2293 in
3168 2241 3442 2311 splendore
3471 2259 3594 2297 suo.
3629 2242 3738 2315 Gy-

427 2327 529 2381 hoc
558 2325 739 2382 facere
774 2336 1026 2397 possunt,
1057 2327 1467 2383 evidentissima
1512 2329 1567 2384 in
1602 2331 1705 2385 hac
1753 2333 2024 2386 sententia
2126 2331 2259 2384 ravit
2289 2329 2475 2384 ccelum
2511 2330 2567 2382 in
2609 2330 2831 2382 circuitu
2877 2329 3060 2398 gloria:
3101 2348 3234 2396 sum,
3283 2348 3472 2386 manus
3517 2333 3736 2389 Excelsi

422 2419 748 2474 declaratur.
804 2418 957 2487 Quod
985 2427 1041 2474 et
1067 2418 1205 2474 liber
1231 2435 1447 2490 quoque
1485 2419 1775 2490 Sapientiae
1801 2429 2025 2478 attesta-

423 2518 532 2574 tur,
564 2510 751 2565 dicens
778 2511 1046 2566 Domino:
1102 2510 1271 2565 Tuam
1308 2527 1525 2565 manum
1571 2512 1802 2582 effugere
1831 2513 2023 2583 impos-

419 2599 571 2654 sibile
597 2608 694 2654 est.
724 2599 987 2671 Negantes
1013 2601 1153 2655 enim
1183 2616 1332 2655 nosse
1357 2609 1407 2654 te
1435 2600 1727 2671 impii,'per
1749 2601 2021 2670 fortitudi-

423 2705 542 2743 nem
565 2688 769 2742 brachii
792 2691 872 2744 tui
900 2689 1158 2761 ﬂagellati
1181 2698 1302 2744 sunt
1344 2691 1491 2746 novis
1518 2691 1692 2762 aquis,
1720 2700 1770 2745 et
1802 2694 2023 2762 grandi-

419 2781 572 2836 nibus
602 2790 649 2836 et
671 2781 862 2854 pluviis
888 2784 1299 2854 persecutionem
1320 2785 1463 2854 passi
1486 2793 1630 2851 sunt,
1661 2792 1710 2838 et
1737 2802 1830 2856 per
1847 2787 2020 2857 ignem

419 2874 790 2928 consummati.
831 2873 986 2940 Quod
1013 2875 1151 2928 enim
1189 2875 1428 2928 mirabile
1453 2884 1588 2939 erat,
1627 2876 1684 2930 in
1713 2893 1874 2941 aqua,
1902 2893 2020 2948 qua:

418 2965 598 3019 omnia
618 2966 926 3036 exstinguit,
965 2963 1083 3034 plus
1111 2966 1247 3036 ignis
1276 2964 1500 3020 valebat.
1543 2965 1750 3020 Vindex
1779 2976 1853 3020 est
1881 2968 2016 3021 enim

2123 2429 2442 2491 aperuerunt
2483 2419 2655 2474 illum.
2697 2419 2928 2490 Imperio
2970 2437 3066 2475 suo
3095 2421 3401 2476 acceleravit
3447 2425 3641 2489 nivem,
3686 2440 3735 2480 et

2123 2510 2379 2565 accelerat
2407 2512 2796 2565 coruscationes
2821 2512 3055 2566 emittere
3083 2512 3280 2581 judicii
3302 2515 3405 2566 sui.
3437 2512 3735 2586 Propterea

2121 2603 2289 2673 aperti
2317 2611 2440 2657 sunt
2467 2603 2728 2669 thesauri,
2746 2613 2795 2657 et
2816 2603 3152 2658 evolaverunt
3177 2603 3401 2670 nebulaz,
3425 2607 3562 2660 sicut
3585 2625 3730 2663 aves.

2121 2691 2191 2748 In
2217 2693 2580 2763 magnitudine
2622 2710 2722 2748 sua
2761 2695 2936 2764 posuit
2988 2696 3172 2760 nubes,
3207 2704 3257 2749 et
3297 2696 3559 2765 confracti
3609 2711 3733 2753 sunt

2120 2785 2396 2857 grandinis
2423 2785 2645 2856 lapides.
2694 2786 2764 2842 In
2811 2795 3090 2857 conspectu
3120 2786 3235 2856 ejus
3267 2787 3735 2841 commovebuntur

2119 2884 2340 2942 montes,
2367 2885 2414 2930 et
2436 2876 2490 2929 in
2518 2875 2784 2932 voluntate
2808 2876 2924 2947 ejus
2945 2876 3199 2946 aspirabit
3232 2886 3408 2930 notus.
3453 2874 3566 2930 Vox
3590 2879 3734 2930 toni-

2119 2969 2227 3024 trui
2268 2970 2385 3040 ejus
2429 2969 2718 3024 verberabit
2758 2979 2977 3034 terram,
3026 2978 3305 3039 tempestas
3348 2969 3639 3036 aquilonis,
3681 2981 3730 3024 et

419 3052 560 3109 orbis
577 3054 870 3125 justorum.
900 3054 967 3108 Et
997 3063 1119 3123 post
1146 3070 1315 3125 pauca
1341 3073 1352 3107 :
1394 3053 1507 3110 Nix
1530 3066 1707 3110 autem
1749 3065 1798 3110 et
1824 3057 2018 3126 glacies
2054 3119 2090 3130 Α
2122 3061 2452 3130 congregatio
2473 3061 2726 3130 spiritus;
2753 3068 2801 3113 et
2828 3060 2964 3113 sicut
2997 3061 3109 3113 avis
3146 3059 3408 3129 deponens
3438 3060 3508 3111 ad
3535 3061 3730 3112 seden-

417 3145 743 3201 sustinebant
786 3147 890 3199 vim
918 3147 1074 3215 ignis,
1118 3154 1166 3199 et
1213 3162 1315 3198 non
1343 3145 1713 3212 tabescebant;
1743 3157 1796 3201 ut
1827 3148 2018 3201 scirent
2047 3119 2091 3181 Ο
2123 3119 2250 3204 dum
2278 3119 2510 3222 aipergit'
2531 3151 2740 3214 nivem;
2786 3158 2837 3204 et
2864 3150 3002 3204 sicut
3050 3119 3256 3204 locusta
3300 3149 3606 3219 demergens
3638 3151 3732 3203 de-

418 3238 670 3303 quoniam
702 3237 906 3306 fructus
956 3236 1291 3291 inimicorum
1335 3236 1715 3292 exterminabat
1746 3238 1883 3307 ignis
1930 3253 2020 3290 ar-

417 3330 565 3392 dens,
600 3329 656 3382 in
697 3327 956 3399 grandine
997 3336 1047 3381 et
1072 3326 1251 3397 pluvia
1298 3343 1582 3382 coruscans
1610 3326 1763 3399 (Sap.
1799 3345 1911 3393 xvi,
1945 3328 2013 3383 15

418 3418 608 3489 seqq.).

493 3509 602 3564 Vll.
651 3507 710 3564 Si
758 3507 925 3577 igitur
966 3508 1311 3578 omnipotens
1335 3509 1480 3563 Deus
1507 3523 1608 3580 per
1643 3508 2017 3565 fortitudinem

417 3604 627 3658 brachii
671 3603 754 3658 sui
799 3601 1039 3672 ﬂagellat
1066 3602 1319 3658 inimicos
1355 3602 1629 3673 justorum
1677 3601 1832 3656 novis
1861 3603 2020 3671 aquis

417 3704 473 3751 et
498 3694 851 3766 grandinibus
875 3704 931 3751 et
956 3696 1172 3768 pluviis,
1209 3695 1363 3766 cujus
1405 3713 1625 3752 manum
1654 3695 1893 3768 ell'ugere
1918 3697 2020 3751 im-

416 3787 675 3858 possibile
701 3796 808 3854 est,
846 3789 1070 3844 omnino
1116 3789 1484 3861 ignorantiam
1532 3788 1628 3843 Dei
1675 3789 1878 3844 habent
1925 3788 2017 3857 qui

419 3881 536 3935 haec
566 3879 812 3935 homines
837 3878 1018 3936 facere
1044 3894 1207 3951 posse
1230 3879 1480 3934 credunt.
1525 3876 1664 3932 Nam
1695 3877 1739 3932 si
1766 3877 2017 3932 homines

419 3973 738 4044 grandinem
767 3974 1063 4029 immittere
1091 3981 1334 4045 possent,
1362 3973 1551 4042 utique
1577 3981 1630 4027 et
1655 3971 1866 4041 pluvias
1895 3987 2018 4042 pos-

417 4071 562 4119 sent.
618 4061 789 4118 Nemo
833 4063 978 4117 enim
1031 4062 1348 4134 grandinem
1391 4062 1508 4116 sine
1553 4061 1736 4130 pluvia
1778 4076 2017 4131 unquam

420 4154 577 4208 vidit.
608 4153 840 4209 Possent
864 4167 1082 4224 quoque
1107 4153 1174 4208 de
1219 4152 1455 4207 inimicis
1491 4151 1604 4207 suis
1632 4167 1692 4208 se
1716 4151 2014 4216 vindicare,

419 4259 526 4299 non
556 4245 731 4299 solum
752 4243 1023 4298 ablatione
1049 4243 1284 4313 frugum,
1308 4243 1400 4297 sed
1427 4250 1481 4297 et
1499 4242 1626 4297 vitae
1648 4241 2012 4312 ademptione.

418 4333 645 4401 Quando
693 4333 837 4390 enim
893 4335 1163 4406 contingit
1208 4333 1459 4388 inimicos
1512 4333 2014 4404 Tempestariorum

419 4442 540 4482 esse
569 4427 623 4481 in
659 4426 851 4481 itinere
880 4432 975 4481 aut
1007 4426 1062 4480 in
1096 4426 1264 4497 agris,
1293 4433 1352 4480 ut
1387 4440 1482 4480 eos
1523 4425 1858 4492 occiderent,
1889 4439 2014 4496 pos-

420 4525 542 4573 sent
584 4515 997 4588 multiplicatam
1047 4517 1366 4588 grandinem
1415 4530 1579 4586 super
1623 4531 1718 4571 eos
1761 4517 1816 4571 in
1845 4531 2009 4570 unam

422 4608 732 4678 congeriem
781 4605 1027 4667 fundere.
1073 4613 1130 4661 et
1175 4606 1406 4661 obruere
1453 4605 1590 4659 illos.
1642 4604 1777 4660 Nam
1827 4606 2014 4660 ethoc

419 4701 641 4769 quidam
694 4699 902 4764 dicunt,
953 4712 1112 4753 nosse
1160 4711 1218 4752 se
1274 4696 1407 4752 tales
1452 4697 1872 4766 Tempestarios,
1923 4697 2014 4767 qui

422 4791 725 4860 dispersam
772 4788 1111 4860 grandinem,
1156 4795 1210 4842 et
1256 4786 1364 4841 late
1408 4801 1507 4855 per
1553 4786 1828 4857 regionem
1870 4785 2016 4840 deci-

423 4884 662 4947 dentem,
698 4881 898 4937 faciant
939 4895 1106 4934 unum
1147 4879 1202 4933 in
1247 4877 1423 4933 locum
1466 4876 1703 4934 fluminis
1737 4885 1831 4931 aut
1867 4875 2016 4931 silvae

425 4973 798 5038 infructuosus,
841 4979 935 5026 aut
963 4984 1125 5040 super
1151 4984 1337 5034 unam,
1376 4977 1437 5022 ut
1463 4968 1635 5032 aiunt,
1667 4983 1878 5037 cupam,
1913 4968 2016 5022 sub

423 5078 531 5134 qua
559 5063 674 5134 ipse
716 5062 904 5126 lateat,
936 5059 1191 5116 defluere.
1231 5059 1568 5128 Frequenter
1616 5065 1764 5111 certe
1809 5057 2018 5111 audivi.-

425 5168 547 5208 mus
582 5168 612 5207 a
644 5151 827 5206 multis
856 5150 961 5205 dici
993 5150 1136 5220 quod
1173 5149 1316 5220 talia
1340 5156 1562 5203 nossent
1605 5157 1754 5203 certe
1801 5147 1855 5202 in
1886 5143 2020 5202 locis

425 5248 607 5313 facta;
655 5247 750 5301 sed
788 5245 1020 5300 necdum
1065 5241 1372 5297 audivimus
1402 5249 1458 5295 ut
1486 5241 1683 5311 aliquis
1711 5256 1769 5296 se
1796 5241 1912 5296 hinc
1934 5242 2016 5296 vi-

425 5339 570 5393 disse
600 5344 914 5391 testaretur.
966 5335 1180 5390 Dictum
1218 5342 1304 5390 est
1336 5334 1469 5388 mihi
1501 5334 1790 5402 aliquando
1819 5333 1884 5387 de
1911 5332 2015 5387 ali.

422 5447 552 5500 quo,
601 5430 745 5500 quod
789 5443 850 5484 se
886 5429 1003 5484 hac
1046 5427 1248 5483 vidisse
1289 5427 1512 5483 diceret.
1553 5424 1657 5480 Sed
1701 5440 1801 5496 ego
1847 5424 2014 5479 multa

2119 3257 2334 3295 srensus
2355 3240 2490 3310 ejus.
2527 3238 2982 3293 Pulchritudinem
3007 3237 3197 3291 coloris
3227 3237 3342 3306 ejus
3369 3237 3732 3290 admirabitur

2120 3332 2325 3398 oculus,
2349 3341 2398 3386 et
2420 3348 2577 3402 super
2599 3331 2818 3385 imbrem
2840 3331 2954 3402 ejus
2976 3339 3276 3402 expavescet
3301 3346 3410 3384 cor.
3436 3327 3568 3384 Gelu
3593 3331 3730 3384 sicut

2117 3424 2284 3480 salem
2330 3423 2563 3494 effundet
2607 3439 2764 3494 super
2803 3431 3037 3486 terram;
3069 3429 3118 3475 et
3165 3436 3283 3476 cum
3315 3419 3592 3490 gelavcrit,
3640 3421 3727 3487 ﬁet

2119 3524 2371 3583 tanquam
2418 3513 2695 3566 cacumina
2745 3503 2948 3565 tribuli.
2998 3509 3252 3581 Frigidus
3300 3518 3484 3564 ventus
3519 3510 3729 3580 aquilo

2118 3605 2291 3677 ﬂabit,
2313 3615 2361 3660 et
2385 3603 2573 3674 gelabit
2598 3601 2878 3673 crystallus
2910 3603 2973 3656 ab
2999 3620 3155 3674 aqua,
3182 3619 3340 3672 super
3359 3618 3570 3657 omnem
3597 3619 3721 3657 con-

2118 3695 2474 3766 gregationem
2516 3710 2777 3764 aquarum
2807 3694 3114 3764 requiescet,
3165 3703 3214 3747 et
3265 3694 3400 3750 sicut
3431 3691 3605 3747 lorica
3641 3694 3725 3745 in-

2117 3784 2242 3837 duet
2271 3799 2326 3837 se
2363 3784 2534 3853 aquis.
2572 3782 2848 3838 Devorabit
2881 3792 3104 3847 montes,
3136 3791 3185 3836 et
3221 3791 3402 3836 exuret
3429 3781 3724 3846 desertum,

2117 3883 2166 3928 et
2187 3874 2478 3943 exstinguet
2505 3872 2687 3938 viride,
2709 3873 2841 3927 sicut
2869 3873 3062 3942 ignem.
3108 3870 3372 3926 Medicina
3397 3872 3641 3927 omnium
3669 3871 3725 3925 in

2119 3964 2454 4034 festinatione
2481 3964 2704 4030 nebulw,
2733 3973 2782 4019 et
2811 3981 2897 4019 ros
2937 3965 3148 4022 obviam
3175 3964 3240 4019 ab
3278 3964 3471 4019 ardore
3497 3965 3726 4022 venienti

2116 4056 2365 4111 humilem
2399 4056 2575 4127 efﬁciet
2616 4073 2755 4110 eum.
2807 4055 2876 4110 In
2917 4072 3155 4112 sermone
3180 4055 3294 4126 ejus
3321 4055 3471 4109 siluit
3514 4066 3721 4120 ventus,

2117 4146 2430 4217 cogitatione
2455 4162 2555 4200 sua
2578 4144 2807 4215 placabit
2848 4145 3116 4216 abyssum,
3142 4155 3191 4200 et
3215 4144 3477 4216 plantabit
3509 4158 3538 4188 ι
3563 4146 3721 4201 illum

2117 4235 2375 4289 Dominus
2403 4234 2560 4289 Iesus
2589 4234 2781 4306 (Eccli.
2809 4249 2968 4301 mn,
2999 4235 3212 4306 12-25).

2189 4325 2320 4381 Vill.
2353 4325 2495 4381 Ecce
2539 4325 2593 4379 in
2623 4326 2727 4380 hac
2769 4340 2968 4396 magna
3007 4334 3064 4381 et
3092 4325 3299 4396 prolixa
3347 4325 3720 4384 Ecclesiastici

2120 4417 2243 4473 libri
2290 4415 2582 4482 sententia,
2624 4432 2750 4470 cum
2799 4416 3153 4472 subtilissima
3201 4417 3565 4472 admiratione
3613 4418 3713 4471 imo

2117 4509 2269 4580 perio
2294 4508 2391 4564 Dei
2421 4509 2677 4564 tribuitur
2711 4507 2970 4578 quidquid
3000 4509 3055 4562 in
3097 4523 3224 4563 aere
3251 4502 3330 4574 fil,
3360 4506 3628 4578 quidquid
3654 4508 3722 4564 de

2120 4615 2245 4656 aere
2272 4600 2328 4653 in
2353 4608 2556 4655 terram
2601 4600 2899 4664 descendit,
2927 4599 3188 4670 quidquid
3226 4601 3362 4654 mari
3407 4607 3464 4654 et
3488 4601 3714 4668 ventis:

2120 4691 2406 4762 apparitio,
2460 4690 2738 4760 splendor,
2786 4700 2842 4747 et
2875 4707 3041 4764 gyrus
3069 4709 3268 4759 arcus;
3320 4692 3606 4748 festinatio
3635 4695 3719 4750 ni-

2120 4783 2223 4845 vis,
2252 4788 2432 4836 terror
2459 4781 2870 4845 coruscationis,
2899 4781 3156 4838 velocitas
3176 4782 3404 4847 nebula,
3428 4785 3718 4852 suspensio

2122 4881 2427 4937 ventorum,
2473 4873 2783 4930 verberatio
2831 4881 3010 4941 terrae,
3056 4874 3391 4930 concertatio
3428 4890 3715 4943 aurarum,

2119 4964 2420 5033 congelatio
2450 4980 2622 5035 aqum,
2671 4980 2778 5020 non
2810 4965 2984 5021 solum
3014 4965 3070 5021 in
3097 4965 3352 5031 nubibus,
3383 4966 3527 5022 sicut
3551 4982 3716 5038 gran-

2119 5055 2262 5110 dinis
2290 5063 2346 5112 et
2388 5055 2551 5121 nivis,
2587 5056 2679 5110 sed
2725 5057 2889 5114 etiam
2941 5057 2993 5111 in
3025 5065 3191 5122 terra,
3230 5057 3457 5122 nivium,
3490 5057 3715 5128 pluviae,

2119 5159 2174 5203 et
2202 5150 2462 5206 stantium
2491 5166 2775 5220 aquarum,
2813 5151 2898 5205 vel
2940 5151 3221 5208 fluminum
3264 5151 3711 5212 discurrentium,

2119 5249 2174 5300 et
2199 5257 2265 5296 ex
2293 5242 2414 5313 gelu
2441 5242 2735 5298 desiccatio
2763 5241 3014 5299 viridium
3041 5257 3245 5307 rerum,
3294 5242 3436 5297 sicut
3466 5256 3608 5311 smpe
3641 5241 3715 5295 vi-

2120 5332 2331 5399 demus,
2361 5349 2572 5389 necnon
2602 5342 2658 5388 et
2685 5333 2880 5388 horum
2907 5333 3148 5389 omnium
3188 5331 3470 5395 resolutio,
3505 5347 3628 5401 qua:
3655 5329 3712 5387 ﬁt

2122 5433 2362 5495 tempore
2388 5426 2688 5482 rorantium
2716 5425 3057 5491 nebularum,
3096 5432 3152 5479 et
3191 5423 3403 5479 flatibus
3433 5421 3632 5489 austri,
3657 5423 3712 5480 el.

1788 5535 2058 5592 BALUle
2097 5534 2330 5592 NOTAE.

500 5679 524 5707 ι
563 5665 726 5722 Illum
752 5665 1006 5722 Dominus
1037 5663 1214 5717 Iesus.
1248 5660 1328 5715 ita
1355 5657 1578 5713 omnino
1606 5655 1774 5725 codex
1800 5652 2011 5725 regius;
2055 5666 2227 5723 neque
2260 5660 2438 5707 tamen
2477 5652 2664 5707 dubito
2703 5651 2833 5721 quin
2900 5648 3079 5704 verior
3145 5648 3214 5703 sit
3244 5646 3460 5719 vulgata
3504 5644 3667 5700 lectio
3688 5684 3706 5714 ι

426 5751 548 5815 quae
574 5738 754 5804 habet,
784 5736 1038 5807 plantavit
1065 5734 1115 5787 in
1145 5732 1238 5786 illa
1278 5730 1537 5786 Dominus
1574 5723 1799 5781 insulas.

3875 437 3883 522 ἐ
