  <div class='ocr_page' id='page_1' title='image "/cluster/home/n/w/nwhite01/storage/ocr_20150623/104/uva.x000827061/084.png"; bbox 0 0 3918 6348; ppageno 0'>
   <div class='ocr_carea' id='block_1_1' title="bbox 160 322 282 382">
    <p class='ocr_par' dir='ltr' id='par_1_1' title="bbox 160 322 282 382">
     <span class='ocr_line' id='line_1_1' title="bbox 160 322 282 382; baseline 0.016 -2"><span class='ocrx_word' id='word_1_1' title='bbox 160 322 282 382; x_wconf 71' lang='grc'><strong>153</strong></span> 
     </span>
    </p>
   </div>
   <div class='ocr_carea' id='block_1_2' title="bbox 1212 325 2428 404">
    <p class='ocr_par' dir='ltr' id='par_1_2' title="bbox 1212 325 2428 404">
     <span class='ocr_line' id='line_1_2' title="bbox 1212 325 2428 404; baseline 0.008 -21"><span class='ocrx_word' id='word_1_2' title='bbox 1212 327 1340 384; x_wconf 86' lang='lat' dir='ltr'><strong>LIB.</strong></span> <span class='ocrx_word' id='word_1_3' title='bbox 1383 330 1472 386; x_wconf 86' lang='lat' dir='ltr'><strong>DE</strong></span> <span class='ocrx_word' id='word_1_4' title='bbox 1509 325 1864 386; x_wconf 76' lang='lat' dir='ltr'><strong>GRANDINE</strong></span> <span class='ocrx_word' id='word_1_5' title='bbox 1903 329 1994 386; x_wconf 85' lang='grc' dir='ltr'><strong>ΕΤ</strong></span> <span class='ocrx_word' id='word_1_6' title='bbox 2034 331 2428 404; x_wconf 80' lang='lat' dir='ltr'><strong>TONITRUIS.</strong></span> 
     </span>
    </p>
   </div>
   <div class='ocr_carea' id='block_1_3' title="bbox 3351 345 3454 402">
    <p class='ocr_par' dir='ltr' id='par_1_3' title="bbox 3351 345 3454 402">
     <span class='ocr_line' id='line_1_3' title="bbox 3351 345 3454 402; baseline 0.01 -3"><span class='ocrx_word' id='word_1_7' title='bbox 3351 345 3454 402; x_wconf 62' lang='lat'><strong>£54</strong></span> 
     </span>
    </p>
   </div>
   <div class='ocr_carea' id='block_1_4' title="bbox 159 439 3455 523">
    <p class='ocr_par' dir='ltr' id='par_1_4' title="bbox 159 439 3455 523">
     <span class='ocr_line' id='line_1_4' title="bbox 159 439 3455 523; baseline 0.007 -29"><span class='ocrx_word' id='word_1_8' title='bbox 159 440 377 496; x_wconf 87' lang='lat' dir='ltr'><strong>favoni.</strong></span> <span class='ocrx_word' id='word_1_9' title='bbox 419 439 500 495; x_wconf 83' lang='lat' dir='ltr'><strong>Ad</strong></span> <span class='ocrx_word' id='word_1_10' title='bbox 547 456 854 497; x_wconf 81' lang='lat' dir='ltr'><strong>sermonem</strong></span> <span class='ocrx_word' id='word_1_11' title='bbox 885 458 1101 513; x_wconf 88' lang='lat' dir='ltr'><strong>quoque</strong></span> <span class='ocrx_word' id='word_1_12' title='bbox 1145 441 1247 500; x_wconf 84' lang='lat' dir='ltr'><strong>Dei</strong></span> <span class='ocrx_word' id='word_1_13' title='bbox 1276 445 1410 501; x_wconf 89' lang='lat' dir='ltr'><strong>dicit</strong></span> <span class='ocrx_word' id='word_1_14' title='bbox 1438 445 1621 500; x_wconf 83' lang='lat' dir='ltr'><strong>omnia</strong></span> <span class='ocrx_word' id='word_1_15' title='bbox 1655 446 1760 500; x_wconf 85' lang='lat' dir='ltr'><strong>ista</strong></span> <span class='ocrx_word' id='word_1_16' title='bbox 1791 445 1997 510; x_wconf 72' lang='lat' dir='ltr'><strong>Asilae,</strong></span> <span class='ocrx_word' id='word_1_17' title='bbox 2057 447 2111 503; x_wconf 89' lang='lat' dir='ltr'><strong>id</strong></span> <span class='ocrx_word' id='word_1_18' title='bbox 2154 458 2260 516; x_wconf 86' lang='lat' dir='ltr'><strong>est,</strong></span> <span class='ocrx_word' id='word_1_19' title='bbox 2314 460 2374 504; x_wconf 91' lang='lat' dir='ltr'><strong>ut</strong></span> <span class='ocrx_word' id='word_1_20' title='bbox 2421 451 2576 522; x_wconf 87' lang='lat' dir='ltr'><strong>prius</strong></span> <span class='ocrx_word' id='word_1_21' title='bbox 2609 453 3015 523; x_wconf 86' lang='lat' dir='ltr'><strong>corriperentur</strong></span> <span class='ocrx_word' id='word_1_22' title='bbox 3059 456 3124 512; x_wconf 87' lang='lat' dir='ltr'><strong>de</strong></span> <span class='ocrx_word' id='word_1_23' title='bbox 3173 462 3455 518; x_wconf 72' lang='lat' dir='ltr'><strong>aversione</strong></span> 
     </span>
    </p>
   </div>
   <div class='ocr_carea' id='block_1_5' title="bbox 157 532 3453 612">
    <p class='ocr_par' dir='ltr' id='par_1_5' title="bbox 157 532 3453 612">
     <span class='ocr_line' id='line_1_5' title="bbox 157 532 3453 612; baseline 0.006 -24"><span class='ocrx_word' id='word_1_24' title='bbox 157 532 562 604; x_wconf 73' lang='lat' dir='ltr'><strong>conquiescere</strong></span> <span class='ocrx_word' id='word_1_25' title='bbox 587 544 641 589; x_wconf 88' lang='lat' dir='ltr'><strong>et</strong></span> <span class='ocrx_word' id='word_1_26' title='bbox 673 534 896 604; x_wconf 91' lang='lat' dir='ltr'><strong>placari.</strong></span> <span class='ocrx_word' id='word_1_27' title='bbox 933 534 1046 590; x_wconf 83' lang='lat' dir='ltr'><strong>Non</strong></span> <span class='ocrx_word' id='word_1_28' title='bbox 1081 551 1210 608; x_wconf 89' lang='lat' dir='ltr'><strong>ergo</strong></span> <span class='ocrx_word' id='word_1_29' title='bbox 1232 537 1284 592; x_wconf 92' lang='lat' dir='ltr'><strong>in</strong></span> <span class='ocrx_word' id='word_1_30' title='bbox 1327 537 1525 592; x_wconf 91' lang='lat' dir='ltr'><strong>talibus</strong></span> <span class='ocrx_word' id='word_1_31' title='bbox 1553 537 1769 607; x_wconf 75' lang='lat' dir='ltr'><strong>adiutor</strong></span> <span class='ocrx_word' id='word_1_32' title='bbox 1870 536 2089 604; x_wconf 90' lang='lat' dir='ltr'><strong>mentis,</strong></span> <span class='ocrx_word' id='word_1_33' title='bbox 2146 553 2212 594; x_wconf 94' lang='lat' dir='ltr'><strong>eo</strong></span> <span class='ocrx_word' id='word_1_34' title='bbox 2248 542 2392 608; x_wconf 91' lang='lat' dir='ltr'><strong>quod</strong></span> <span class='ocrx_word' id='word_1_35' title='bbox 2447 542 2859 612; x_wconf 88' lang='lat' dir='ltr'><strong>dereliquissent</strong></span> <span class='ocrx_word' id='word_1_36' title='bbox 2903 546 3107 601; x_wconf 90' lang='lat' dir='ltr'><strong>cultum</strong></span> <span class='ocrx_word' id='word_1_37' title='bbox 3156 547 3250 604; x_wconf 93' lang='lat' dir='ltr'><strong>Dei</strong></span> <span class='ocrx_word' id='word_1_38' title='bbox 3277 555 3453 607; x_wconf 88' lang='lat' dir='ltr'><strong>omni-</strong></span> 
     </span>
    </p>
   </div>
   <div class='ocr_carea' id='block_1_6' title="bbox 156 617 1766 696">
    <p class='ocr_par' dir='ltr' id='par_1_6' title="bbox 156 617 1766 696">
     <span class='ocr_line' id='line_1_6' title="bbox 156 617 1766 696; baseline 0.002 -18"><span class='ocrx_word' id='word_1_39' title='bbox 156 625 334 680; x_wconf 79' lang='lat' dir='ltr'><strong>liomo</strong></span> <span class='ocrx_word' id='word_1_40' title='bbox 370 635 663 696; x_wconf 65' lang='lat' dir='ltr'><strong>quaeratur,</strong></span> <span class='ocrx_word' id='word_1_41' title='bbox 701 625 828 694; x_wconf 92' lang='lat' dir='ltr'><strong>quia</strong></span> <span class='ocrx_word' id='word_1_42' title='bbox 855 641 962 680; x_wconf 90' lang='lat' dir='ltr'><strong>non</strong></span> <span class='ocrx_word' id='word_1_43' title='bbox 990 626 1314 693; x_wconf 68' lang='lat' dir='ltr'><strong>invenietur,</strong></span> <span class='ocrx_word' id='word_1_44' title='bbox 1343 617 1615 684; x_wconf 61' lang='lat' dir='ltr'><strong>nisi&#39;forte</strong></span> <span class='ocrx_word' id='word_1_45' title='bbox 1641 643 1766 682; x_wconf 84' lang='lat' dir='ltr'><strong>san-</strong></span> 
     </span>
    </p>
   </div>
   <div class='ocr_carea' id='block_1_7' title="bbox 153 706 1757 788">
    <p class='ocr_par' dir='ltr' id='par_1_7' title="bbox 153 706 1757 788">
     <span class='ocr_line' id='line_1_7' title="bbox 153 706 1757 788; baseline 0.002 -15"><span class='ocrx_word' id='word_1_46' title='bbox 153 719 238 773; x_wconf 89' lang='lat' dir='ltr'><strong>cti</strong></span> <span class='ocrx_word' id='word_1_47' title='bbox 292 718 412 784; x_wconf 85' lang='lat' dir='ltr'><strong>Dei,</strong></span> <span class='ocrx_word' id='word_1_48' title='bbox 441 719 535 788; x_wconf 88' lang='lat' dir='ltr'><strong>qui</strong></span> <span class='ocrx_word' id='word_1_49' title='bbox 578 719 746 774; x_wconf 88' lang='lat' dir='ltr'><strong>multa</strong></span> <span class='ocrx_word' id='word_1_50' title='bbox 788 706 1162 786; x_wconf 86' lang='lat' dir='ltr'><strong>obtinuerunt,</strong></span> <span class='ocrx_word' id='word_1_51' title='bbox 1192 728 1262 776; x_wconf 85' lang='lat' dir='ltr'><strong>et</strong></span> <span class='ocrx_word' id='word_1_52' title='bbox 1291 721 1570 777; x_wconf 90' lang='lat' dir='ltr'><strong>obtenturi</strong></span> <span class='ocrx_word' id='word_1_53' title='bbox 1596 730 1757 777; x_wconf 89' lang='lat' dir='ltr'><strong>sunt:</strong></span> 
     </span>
    </p>
   </div>
   <div class='ocr_carea' id='block_1_8' title="bbox 155 808 1760 880">
    <p class='ocr_par' dir='ltr' id='par_1_8' title="bbox 155 808 1760 880">
     <span class='ocr_line' id='line_1_8' title="bbox 155 808 1760 880; baseline 0.001 -16"><span class='ocrx_word' id='word_1_54' title='bbox 155 823 400 878; x_wconf 84' lang='lat' dir='ltr'><strong>quorum</strong></span> <span class='ocrx_word' id='word_1_55' title='bbox 428 808 593 879; x_wconf 89' lang='lat' dir='ltr'><strong>aliqui</strong></span> <span class='ocrx_word' id='word_1_56' title='bbox 619 817 942 880; x_wconf 89' lang='lat' dir='ltr'><strong>potestatem</strong></span> <span class='ocrx_word' id='word_1_57' title='bbox 968 811 1245 866; x_wconf 87' lang='lat' dir='ltr'><strong>habebunt</strong></span> <span class='ocrx_word' id='word_1_58' title='bbox 1265 811 1516 868; x_wconf 89' lang='lat' dir='ltr'><strong>claudere</strong></span> <span class='ocrx_word' id='word_1_59' title='bbox 1539 812 1760 880; x_wconf 65' lang='lat' dir='ltr'><strong>calum,</strong></span> 
     </span>
    </p>
   </div>
   <div class='ocr_carea' id='block_1_9' title="bbox 1866 626 3452 710">
    <p class='ocr_par' dir='ltr' id='par_1_9' title="bbox 1866 626 3452 710">
     <span class='ocr_line' id='line_1_9' title="bbox 1866 626 3452 710; baseline 0.011 -30"><span class='ocrx_word' id='word_1_60' title='bbox 1866 626 2122 695; x_wconf 83' lang='lat' dir='ltr'><strong>potentis,</strong></span> <span class='ocrx_word' id='word_1_61' title='bbox 2161 638 2218 684; x_wconf 90' lang='lat' dir='ltr'><strong>et</strong></span> <span class='ocrx_word' id='word_1_62' title='bbox 2263 639 2386 700; x_wconf 87' lang='lat' dir='ltr'><strong>post</strong></span> <span class='ocrx_word' id='word_1_63' title='bbox 2410 633 2597 687; x_wconf 85' lang='lat' dir='ltr'><strong>sordes</strong></span> <span class='ocrx_word' id='word_1_64' title='bbox 2618 632 2885 688; x_wconf 81' lang='lat' dir='ltr'><strong>idolorum</strong></span> <span class='ocrx_word' id='word_1_65' title='bbox 2914 633 3150 703; x_wconf 85' lang='lat' dir='ltr'><strong>abirent,</strong></span> <span class='ocrx_word' id='word_1_66' title='bbox 3183 647 3239 694; x_wconf 92' lang='lat' dir='ltr'><strong>et</strong></span> <span class='ocrx_word' id='word_1_67' title='bbox 3264 649 3452 710; x_wconf 86' lang='lat' dir='ltr'><strong>postea</strong></span> 
     </span>
    </p>
   </div>
   <div class='ocr_carea' id='block_1_10' title="bbox 1865 717 3450 797">
    <p class='ocr_par' dir='ltr' id='par_1_10' title="bbox 1865 717 3450 797">
     <span class='ocr_line' id='line_1_10' title="bbox 1865 717 3450 797; baseline 0.011 -27"><span class='ocrx_word' id='word_1_68' title='bbox 1865 717 2116 787; x_wconf 85' lang='lat' dir='ltr'><strong>ilagellati</strong></span> <span class='ocrx_word' id='word_1_69' title='bbox 2146 729 2203 775; x_wconf 90' lang='lat' dir='ltr'><strong>et</strong></span> <span class='ocrx_word' id='word_1_70' title='bbox 2239 720 2469 793; x_wconf 73' lang='lat' dir='ltr'><strong>fatigati,</strong></span> <span class='ocrx_word' id='word_1_71' title='bbox 2511 727 2916 795; x_wconf 80' lang='lat' dir='ltr'><strong>exspectatione</strong></span> <span class='ocrx_word' id='word_1_72' title='bbox 2968 727 3276 797; x_wconf 81' lang='lat' dir='ltr'><strong>pluviarum</strong></span> <span class='ocrx_word' id='word_1_73' title='bbox 3325 748 3450 790; x_wconf 82' lang='lat' dir='ltr'><strong>cor-</strong></span> 
     </span>
    </p>
   </div>
   <div class='ocr_carea' id='block_1_11' title="bbox 1865 807 3452 892">
    <p class='ocr_par' dir='ltr' id='par_1_11' title="bbox 1865 807 3452 892">
     <span class='ocr_line' id='line_1_11' title="bbox 1865 807 3452 892; baseline 0.013 -32"><span class='ocrx_word' id='word_1_74' title='bbox 1865 807 2196 878; x_wconf 84' lang='lat' dir='ltr'><strong>rigerentur,</strong></span> <span class='ocrx_word' id='word_1_75' title='bbox 2224 819 2278 866; x_wconf 91' lang='lat' dir='ltr'><strong>et</strong></span> <span class='ocrx_word' id='word_1_76' title='bbox 2301 812 2543 868; x_wconf 83' lang='lat' dir='ltr'><strong>redirent</strong></span> <span class='ocrx_word' id='word_1_77' title='bbox 2567 814 2637 869; x_wconf 89' lang='lat' dir='ltr'><strong>ad</strong></span> <span class='ocrx_word' id='word_1_78' title='bbox 2659 815 2944 872; x_wconf 88' lang='lat' dir='ltr'><strong>Dominum</strong></span> <span class='ocrx_word' id='word_1_79' title='bbox 2973 819 3142 875; x_wconf 90' lang='lat' dir='ltr'><strong>Deum</strong></span> <span class='ocrx_word' id='word_1_80' title='bbox 3167 837 3331 892; x_wconf 87' lang='lat' dir='ltr'><strong>quem</strong></span> <span class='ocrx_word' id='word_1_81' title='bbox 3361 825 3452 881; x_wconf 90' lang='lat' dir='ltr'><strong>de-</strong></span> 
     </span>
    </p>
   </div>
   <div class='ocr_carea' id='block_1_12' title="bbox 158 898 2216 972">
    <p class='ocr_par' dir='ltr' id='par_1_12' title="bbox 158 898 2216 972">
     <span class='ocr_line' id='line_1_12' title="bbox 158 898 2216 972; baseline 0.002 -20"><span class='ocrx_word' id='word_1_82' title='bbox 158 914 234 953; x_wconf 87' lang='lat' dir='ltr'><strong>ne</strong></span> <span class='ocrx_word' id='word_1_83' title='bbox 261 899 415 968; x_wconf 89' lang='lat' dir='ltr'><strong>pluat</strong></span> <span class='ocrx_word' id='word_1_84' title='bbox 439 899 632 954; x_wconf 89' lang='lat' dir='ltr'><strong>diebus</strong></span> <span class='ocrx_word' id='word_1_85' title='bbox 676 899 970 972; x_wconf 75' lang='lat' dir='ltr'><strong>prophetia:</strong></span> <span class='ocrx_word' id='word_1_86' title='bbox 1015 900 1279 970; x_wconf 85' lang='lat' dir='ltr'><strong>ipsorum,</strong></span> <span class='ocrx_word' id='word_1_87' title='bbox 1323 902 1464 958; x_wconf 84' lang='lat' dir='ltr'><strong>sicut</strong></span> <span class='ocrx_word' id='word_1_88' title='bbox 1507 902 1670 968; x_wconf 85' lang='lat' dir='ltr'><strong>Elias,</strong></span> <span class='ocrx_word' id='word_1_89' title='bbox 1707 909 1764 958; x_wconf 93' lang='lat' dir='ltr'><strong>et</strong></span> <span class='ocrx_word' id='word_1_90' title='bbox 1863 898 2216 967; x_wconf 79' lang='lat' dir='ltr'><strong>reliquerant.</strong></span> 
     </span>
    </p>
   </div>
   <div class='ocr_carea' id='block_1_13' title="bbox 157 988 1761 1060">
    <p class='ocr_par' dir='ltr' id='par_1_13' title="bbox 157 988 1761 1060">
     <span class='ocr_line' id='line_1_13' title="bbox 157 988 1761 1060; baseline 0.002 -20"><span class='ocrx_word' id='word_1_91' title='bbox 157 1002 338 1056; x_wconf 80' lang='lat' dir='ltr'><strong>aquas</strong></span> <span class='ocrx_word' id='word_1_92' title='bbox 363 988 712 1044; x_wconf 79' lang='lat' dir='ltr'><strong>convertendi</strong></span> <span class='ocrx_word' id='word_1_93' title='bbox 759 989 814 1043; x_wconf 92' lang='lat' dir='ltr'><strong>in</strong></span> <span class='ocrx_word' id='word_1_94' title='bbox 843 989 1181 1060; x_wconf 87' lang='lat' dir='ltr'><strong>sanguinem,</strong></span> <span class='ocrx_word' id='word_1_95' title='bbox 1225 997 1282 1045; x_wconf 92' lang='lat' dir='ltr'><strong>et</strong></span> <span class='ocrx_word' id='word_1_96' title='bbox 1323 998 1606 1060; x_wconf 81' lang='lat' dir='ltr'><strong>percutere</strong></span> <span class='ocrx_word' id='word_1_97' title='bbox 1653 999 1761 1045; x_wconf 87' lang='lat' dir='ltr'><strong>ter-</strong></span> 
     </span>
    </p>
   </div>
   <div class='ocr_carea' id='block_1_14' title="bbox 156 1078 1758 1152">
    <p class='ocr_par' dir='ltr' id='par_1_14' title="bbox 156 1078 1758 1152">
     <span class='ocr_line' id='line_1_14' title="bbox 156 1078 1758 1152; baseline 0.005 -22"><span class='ocrx_word' id='word_1_98' title='bbox 156 1091 284 1132; x_wconf 85' lang='lat' dir='ltr'><strong>ram</strong></span> <span class='ocrx_word' id='word_1_99' title='bbox 325 1078 475 1133; x_wconf 91' lang='lat' dir='ltr'><strong>omni</strong></span> <span class='ocrx_word' id='word_1_100' title='bbox 517 1078 692 1150; x_wconf 89' lang='lat' dir='ltr'><strong>plaga,</strong></span> <span class='ocrx_word' id='word_1_101' title='bbox 740 1079 996 1149; x_wconf 89' lang='lat' dir='ltr'><strong>quotiens</strong></span> <span class='ocrx_word' id='word_1_102' title='bbox 1043 1081 1331 1148; x_wconf 89' lang='lat' dir='ltr'><strong>voluerint,</strong></span> <span class='ocrx_word' id='word_1_103' title='bbox 1371 1082 1513 1137; x_wconf 87' lang='lat' dir='ltr'><strong>sicut</strong></span> <span class='ocrx_word' id='word_1_104' title='bbox 1547 1080 1758 1152; x_wconf 78' lang='lat' dir='ltr'><strong>Moyses</strong></span> 
     </span>
    </p>
   </div>
   <div class='ocr_carea' id='block_1_15' title="bbox 151 1166 1758 1244">
    <p class='ocr_par' dir='ltr' id='par_1_15' title="bbox 151 1166 1758 1244">
     <span class='ocr_line' id='line_1_15' title="bbox 151 1166 1758 1244; baseline 0.004 -23"><span class='ocrx_word' id='word_1_105' title='bbox 151 1176 215 1230; x_wconf 73' lang='lat' dir='ltr'><strong>et</strong></span> <span class='ocrx_word' id='word_1_106' title='bbox 267 1167 452 1224; x_wconf 70' lang='lat' dir='ltr'><strong>Aaron</strong></span> <span class='ocrx_word' id='word_1_107' title='bbox 499 1166 813 1240; x_wconf 69' lang='lat' dir='ltr'><strong>Egyptum.</strong></span> <span class='ocrx_word' id='word_1_108' title='bbox 867 1169 1008 1242; x_wconf 74' lang='lat' dir='ltr'><strong>Vere</strong></span> <span class='ocrx_word' id='word_1_109' title='bbox 1052 1186 1160 1225; x_wconf 89' lang='lat' dir='ltr'><strong>non</strong></span> <span class='ocrx_word' id='word_1_110' title='bbox 1210 1171 1350 1227; x_wconf 89' lang='lat' dir='ltr'><strong>alius</strong></span> <span class='ocrx_word' id='word_1_111' title='bbox 1400 1173 1566 1228; x_wconf 86' lang='lat' dir='ltr'><strong>mittit</strong></span> <span class='ocrx_word' id='word_1_112' title='bbox 1597 1187 1758 1244; x_wconf 74' lang='lat' dir='ltr'><strong>gran-</strong></span> 
     </span>
    </p>
   </div>
   <div class='ocr_carea' id='block_1_16' title="bbox 154 1259 1757 1336">
    <p class='ocr_par' dir='ltr' id='par_1_16' title="bbox 154 1259 1757 1336">
     <span class='ocr_line' id='line_1_16' title="bbox 154 1259 1757 1336; baseline 0.006 -24"><span class='ocrx_word' id='word_1_113' title='bbox 154 1259 347 1314; x_wconf 87' lang='lat' dir='ltr'><strong>dinem</strong></span> <span class='ocrx_word' id='word_1_114' title='bbox 378 1267 621 1330; x_wconf 86' lang='lat' dir='ltr'><strong>tempore</strong></span> <span class='ocrx_word' id='word_1_115' title='bbox 666 1261 890 1326; x_wconf 70' lang='lat' dir='ltr'><strong>aestatis,</strong></span> <span class='ocrx_word' id='word_1_116' title='bbox 940 1262 1045 1318; x_wconf 88' lang='lat' dir='ltr'><strong>nisi</strong></span> <span class='ocrx_word' id='word_1_117' title='bbox 1092 1263 1185 1334; x_wconf 89' lang='lat' dir='ltr'><strong>qui</strong></span> <span class='ocrx_word' id='word_1_118' title='bbox 1214 1273 1269 1319; x_wconf 92' lang='lat' dir='ltr'><strong>et</strong></span> <span class='ocrx_word' id='word_1_119' title='bbox 1311 1265 1463 1321; x_wconf 83' lang='lat' dir='ltr'><strong>nives</strong></span> <span class='ocrx_word' id='word_1_120' title='bbox 1511 1275 1757 1336; x_wconf 89' lang='lat' dir='ltr'><strong>tempore</strong></span> 
     </span>
    </p>
   </div>
   <div class='ocr_carea' id='block_1_17' title="bbox 152 1348 1755 1426">
    <p class='ocr_par' dir='ltr' id='par_1_17' title="bbox 152 1348 1755 1426">
     <span class='ocr_line' id='line_1_17' title="bbox 152 1348 1755 1426; baseline 0.005 -22"><span class='ocrx_word' id='word_1_121' title='bbox 152 1348 380 1406; x_wconf 79' lang='lat' dir='ltr'><strong>hiemis.</strong></span> <span class='ocrx_word' id='word_1_122' title='bbox 411 1349 550 1406; x_wconf 81' lang='lat' dir='ltr'><strong>Nam</strong></span> <span class='ocrx_word' id='word_1_123' title='bbox 577 1359 633 1406; x_wconf 92' lang='lat' dir='ltr'><strong>et</strong></span> <span class='ocrx_word' id='word_1_124' title='bbox 653 1352 934 1423; x_wconf 89' lang='lat' dir='ltr'><strong>utriusque</strong></span> <span class='ocrx_word' id='word_1_125' title='bbox 961 1369 1068 1409; x_wconf 92' lang='lat' dir='ltr'><strong>una</strong></span> <span class='ocrx_word' id='word_1_126' title='bbox 1097 1362 1181 1410; x_wconf 90' lang='lat' dir='ltr'><strong>est</strong></span> <span class='ocrx_word' id='word_1_127' title='bbox 1206 1355 1346 1411; x_wconf 89' lang='lat' dir='ltr'><strong>ratio</strong></span> <span class='ocrx_word' id='word_1_128' title='bbox 1367 1365 1427 1410; x_wconf 92' lang='lat' dir='ltr'><strong>ut</strong></span> <span class='ocrx_word' id='word_1_129' title='bbox 1451 1355 1564 1421; x_wconf 80' lang='lat' dir='ltr'><strong>fiat,</strong></span> <span class='ocrx_word' id='word_1_130' title='bbox 1589 1372 1755 1426; x_wconf 90' lang='lat' dir='ltr'><strong>quan-</strong></span> 
     </span>
    </p>
   </div>
   <div class='ocr_carea' id='block_1_18' title="bbox 149 1443 1677 1515">
    <p class='ocr_par' dir='ltr' id='par_1_18' title="bbox 149 1443 1677 1515">
     <span class='ocr_line' id='line_1_18' title="bbox 149 1443 1677 1515; baseline 0.002 -18"><span class='ocrx_word' id='word_1_131' title='bbox 149 1443 226 1498; x_wconf 91' lang='lat' dir='ltr'><strong>do</strong></span> <span class='ocrx_word' id='word_1_132' title='bbox 265 1443 438 1499; x_wconf 86' lang='lat' dir='ltr'><strong>nubes</strong></span> <span class='ocrx_word' id='word_1_133' title='bbox 464 1452 696 1514; x_wconf 89' lang='lat' dir='ltr'><strong>utroque</strong></span> <span class='ocrx_word' id='word_1_134' title='bbox 724 1451 970 1515; x_wconf 90' lang='lat' dir='ltr'><strong>tempore</strong></span> <span class='ocrx_word' id='word_1_135' title='bbox 997 1445 1159 1501; x_wconf 91' lang='lat' dir='ltr'><strong>solito</strong></span> <span class='ocrx_word' id='word_1_136' title='bbox 1187 1446 1349 1502; x_wconf 88' lang='lat' dir='ltr'><strong>altius</strong></span> <span class='ocrx_word' id='word_1_137' title='bbox 1376 1447 1677 1502; x_wconf 87' lang='lat' dir='ltr'><strong>elevantur.</strong></span> 
     </span>
    </p>
   </div>
   <div class='ocr_carea' id='block_1_19' title="bbox 224 1533 1748 1607">
    <p class='ocr_par' dir='ltr' id='par_1_19' title="bbox 224 1533 1748 1607">
     <span class='ocr_line' id='line_1_19' title="bbox 224 1533 1748 1607; baseline 0.002 -17"><span class='ocrx_word' id='word_1_138' title='bbox 224 1533 322 1590; x_wconf 81' lang='lat' dir='ltr'><strong>iX.</strong></span> <span class='ocrx_word' id='word_1_139' title='bbox 353 1534 412 1589; x_wconf 88' lang='lat' dir='ltr'><strong>in</strong></span> <span class='ocrx_word' id='word_1_140' title='bbox 437 1534 575 1590; x_wconf 85' lang='lat' dir='ltr'><strong>libro</strong></span> <span class='ocrx_word' id='word_1_141' title='bbox 597 1549 811 1606; x_wconf 90' lang='lat' dir='ltr'><strong>quoque</strong></span> <span class='ocrx_word' id='word_1_142' title='bbox 832 1535 977 1591; x_wconf 87' lang='lat' dir='ltr'><strong>beati</strong></span> <span class='ocrx_word' id='word_1_143' title='bbox 995 1535 1097 1592; x_wconf 75' lang='lat' dir='ltr'><strong>Job</strong></span> <span class='ocrx_word' id='word_1_144' title='bbox 1117 1538 1379 1607; x_wconf 90' lang='lat' dir='ltr'><strong>scriptum</strong></span> <span class='ocrx_word' id='word_1_145' title='bbox 1403 1546 1487 1594; x_wconf 90' lang='lat' dir='ltr'><strong>est</strong></span> <span class='ocrx_word' id='word_1_146' title='bbox 1515 1553 1529 1592; x_wconf 90' lang='lat'><strong>:</strong></span> <span class='ocrx_word' id='word_1_147' title='bbox 1559 1538 1636 1592; x_wconf 80' lang='lat' dir='ltr'><strong>Ab</strong></span> <span class='ocrx_word' id='word_1_148' title='bbox 1665 1539 1748 1593; x_wconf 89' lang='lat' dir='ltr'><strong>in-</strong></span> 
     </span>
    </p>
   </div>
   <div class='ocr_carea' id='block_1_20' title="bbox 148 1627 1742 1700">
    <p class='ocr_par' dir='ltr' id='par_1_20' title="bbox 148 1627 1742 1700">
     <span class='ocr_line' id='line_1_20' title="bbox 148 1627 1742 1700; baseline 0.001 -20"><span class='ocrx_word' id='word_1_149' title='bbox 148 1627 434 1680; x_wconf 81' lang='lat' dir='ltr'><strong>terioribus</strong></span> <span class='ocrx_word' id='word_1_150' title='bbox 463 1627 756 1698; x_wconf 78' lang='lat' dir='ltr'><strong>egredietur</strong></span> <span class='ocrx_word' id='word_1_151' title='bbox 803 1636 1097 1698; x_wconf 70' lang='lat' dir='ltr'><strong>tempestas,</strong></span> <span class='ocrx_word' id='word_1_152' title='bbox 1141 1637 1192 1682; x_wconf 92' lang='lat' dir='ltr'><strong>et</strong></span> <span class='ocrx_word' id='word_1_153' title='bbox 1217 1629 1282 1681; x_wconf 91' lang='lat' dir='ltr'><strong>ab</strong></span> <span class='ocrx_word' id='word_1_154' title='bbox 1313 1639 1529 1682; x_wconf 78' lang='lat' dir='ltr'><strong>arcturo</strong></span> <span class='ocrx_word' id='word_1_155' title='bbox 1553 1628 1742 1700; x_wconf 84' lang='lat' dir='ltr'><strong>frigus.</strong></span> 
     </span>
    </p>
   </div>
   <div class='ocr_carea' id='block_1_21' title="bbox 151 1715 1749 1789">
    <p class='ocr_par' dir='ltr' id='par_1_21' title="bbox 151 1715 1749 1789">
     <span class='ocr_line' id='line_1_21' title="bbox 151 1715 1749 1789; baseline 0.003 -20"><span class='ocrx_word' id='word_1_156' title='bbox 151 1715 355 1772; x_wconf 78' lang='lat' dir='ltr'><strong>Fiante</strong></span> <span class='ocrx_word' id='word_1_157' title='bbox 397 1716 508 1771; x_wconf 91' lang='lat' dir='ltr'><strong>Deo</strong></span> <span class='ocrx_word' id='word_1_158' title='bbox 531 1719 814 1772; x_wconf 72' lang='lat' dir='ltr'><strong>concrescit</strong></span> <span class='ocrx_word' id='word_1_159' title='bbox 836 1717 973 1788; x_wconf 86' lang='lat' dir='ltr'><strong>gelu,</strong></span> <span class='ocrx_word' id='word_1_160' title='bbox 1002 1726 1052 1771; x_wconf 90' lang='lat' dir='ltr'><strong>et</strong></span> <span class='ocrx_word' id='word_1_161' title='bbox 1079 1734 1291 1772; x_wconf 88' lang='lat' dir='ltr'><strong>rursum</strong></span> <span class='ocrx_word' id='word_1_162' title='bbox 1333 1718 1585 1773; x_wconf 72' lang='lat' dir='ltr'><strong>latissime</strong></span> <span class='ocrx_word' id='word_1_163' title='bbox 1630 1719 1749 1789; x_wconf 83' lang='lat' dir='ltr'><strong>fun-</strong></span> 
     </span>
    </p>
   </div>
   <div class='ocr_carea' id='block_1_22' title="bbox 1931 988 3447 1074">
    <p class='ocr_par' dir='ltr' id='par_1_22' title="bbox 1931 988 3447 1074">
     <span class='ocr_line' id='line_1_22' title="bbox 1931 988 3447 1074; baseline 0.012 -32"><span class='ocrx_word' id='word_1_164' title='bbox 1931 988 2022 1044; x_wconf 79' lang='lat' dir='ltr'><strong>Xi.</strong></span> <span class='ocrx_word' id='word_1_165' title='bbox 2076 989 2168 1046; x_wconf 92' lang='lat' dir='ltr'><strong>Sic</strong></span> <span class='ocrx_word' id='word_1_166' title='bbox 2205 991 2365 1047; x_wconf 86' lang='lat' dir='ltr'><strong>etiam</strong></span> <span class='ocrx_word' id='word_1_167' title='bbox 2404 991 2622 1048; x_wconf 86' lang='lat' dir='ltr'><strong>Samuel</strong></span> <span class='ocrx_word' id='word_1_168' title='bbox 2654 998 2938 1066; x_wconf 81' lang='lat' dir='ltr'><strong>propheta,</strong></span> <span class='ocrx_word' id='word_1_169' title='bbox 2990 1007 3047 1056; x_wconf 90' lang='lat' dir='ltr'><strong>et</strong></span> <span class='ocrx_word' id='word_1_170' title='bbox 3099 1001 3208 1057; x_wconf 87' lang='lat' dir='ltr'><strong>dux</strong></span> <span class='ocrx_word' id='word_1_171' title='bbox 3263 1006 3447 1074; x_wconf 88' lang='lat' dir='ltr'><strong>populi</strong></span> 
     </span>
    </p>
   </div>
   <div class='ocr_carea' id='block_1_23' title="bbox 1855 1075 3437 1165">
    <p class='ocr_par' dir='ltr' id='par_1_23' title="bbox 1855 1075 3437 1165">
     <span class='ocr_line' id='line_1_23' title="bbox 1855 1075 3437 1165; baseline 0.013 -35"><span class='ocrx_word' id='word_1_172' title='bbox 1855 1075 2039 1144; x_wconf 90' lang='lat' dir='ltr'><strong>lsrael,</strong></span> <span class='ocrx_word' id='word_1_173' title='bbox 2088 1095 2212 1134; x_wconf 89' lang='lat' dir='ltr'><strong>eum</strong></span> <span class='ocrx_word' id='word_1_174' title='bbox 2262 1083 2559 1152; x_wconf 83' lang='lat' dir='ltr'><strong>corriperet</strong></span> <span class='ocrx_word' id='word_1_175' title='bbox 2605 1085 2854 1140; x_wconf 89' lang='lat' dir='ltr'><strong>eumdem</strong></span> <span class='ocrx_word' id='word_1_176' title='bbox 2894 1091 3152 1158; x_wconf 88' lang='lat' dir='ltr'><strong>populum</strong></span> <span class='ocrx_word' id='word_1_177' title='bbox 3213 1103 3437 1165; x_wconf 86' lang='lat' dir='ltr'><strong>propter</strong></span> 
     </span>
    </p>
   </div>
   <div class='ocr_carea' id='block_1_24' title="bbox 1857 1166 3445 1253">
    <p class='ocr_par' dir='ltr' id='par_1_24' title="bbox 1857 1166 3445 1253">
     <span class='ocr_line' id='line_1_24' title="bbox 1857 1166 3445 1253; baseline 0.012 -32"><span class='ocrx_word' id='word_1_178' title='bbox 1857 1166 2324 1239; x_wconf 87' lang='lat' dir='ltr'><strong>frequentissimas</strong></span> <span class='ocrx_word' id='word_1_179' title='bbox 2375 1176 2832 1244; x_wconf 75' lang='lat' dir='ltr'><strong>transgressiones</strong></span> <span class='ocrx_word' id='word_1_180' title='bbox 2871 1178 3120 1246; x_wconf 86' lang='lat' dir='ltr'><strong>illorum,</strong></span> <span class='ocrx_word' id='word_1_181' title='bbox 3173 1184 3445 1253; x_wconf 85' lang='lat' dir='ltr'><strong>replicans</strong></span> 
     </span>
    </p>
   </div>
   <div class='ocr_carea' id='block_1_25' title="bbox 1856 1259 3439 1333">
    <p class='ocr_par' dir='ltr' id='par_1_25' title="bbox 1856 1259 3439 1333">
     <span class='ocr_line' id='line_1_25' title="bbox 1856 1259 3439 1333; baseline 0.011 -21"><span class='ocrx_word' id='word_1_182' title='bbox 1856 1259 1937 1314; x_wconf 85' lang='lat' dir='ltr'><strong>eis</strong></span> <span class='ocrx_word' id='word_1_183' title='bbox 1984 1260 2247 1315; x_wconf 78' lang='lat' dir='ltr'><strong>beneficia</strong></span> <span class='ocrx_word' id='word_1_184' title='bbox 2287 1261 2383 1318; x_wconf 86' lang='lat' dir='ltr'><strong>Dei</strong></span> <span class='ocrx_word' id='word_1_185' title='bbox 2433 1265 2856 1333; x_wconf 84' lang='lat' dir='ltr'><strong>omnipotentis,</strong></span> <span class='ocrx_word' id='word_1_186' title='bbox 2912 1277 2966 1324; x_wconf 89' lang='lat' dir='ltr'><strong>et</strong></span> <span class='ocrx_word' id='word_1_187' title='bbox 3013 1285 3201 1326; x_wconf 85' lang='lat' dir='ltr'><strong>eorum</strong></span> <span class='ocrx_word' id='word_1_188' title='bbox 3236 1289 3267 1328; x_wconf 90' lang='lat' dir='ltr'><strong>e</strong></span> <span class='ocrx_word' id='word_1_189' title='bbox 3306 1290 3439 1330; x_wconf 87' lang='lat' dir='ltr'><strong>con-</strong></span> 
     </span>
    </p>
   </div>
   <div class='ocr_carea' id='block_1_26' title="bbox 1855 1351 3434 1437">
    <p class='ocr_par' dir='ltr' id='par_1_26' title="bbox 1855 1351 3434 1437">
     <span class='ocr_line' id='line_1_26' title="bbox 1855 1351 3434 1437; baseline 0.012 -34"><span class='ocrx_word' id='word_1_190' title='bbox 1855 1351 2027 1404; x_wconf 82' lang='lat' dir='ltr'><strong>trario</strong></span> <span class='ocrx_word' id='word_1_191' title='bbox 2053 1353 2384 1419; x_wconf 86' lang='lat' dir='ltr'><strong>aversiones,</strong></span> <span class='ocrx_word' id='word_1_192' title='bbox 2438 1355 2760 1426; x_wconf 90' lang='lat' dir='ltr'><strong>intelligeret</strong></span> <span class='ocrx_word' id='word_1_193' title='bbox 2787 1359 2928 1414; x_wconf 86' lang='lat' dir='ltr'><strong>idem</strong></span> <span class='ocrx_word' id='word_1_194' title='bbox 2958 1364 3188 1432; x_wconf 89' lang='lat' dir='ltr'><strong>populus</strong></span> <span class='ocrx_word' id='word_1_195' title='bbox 3227 1368 3434 1437; x_wconf 83' lang='lat' dir='ltr'><strong>grande</strong></span> 
     </span>
    </p>
   </div>
   <div class='ocr_carea' id='block_1_27' title="bbox 1853 1441 3444 1523">
    <p class='ocr_par' dir='ltr' id='par_1_27' title="bbox 1853 1441 3444 1523">
     <span class='ocr_line' id='line_1_27' title="bbox 1853 1441 3444 1523; baseline 0.012 -30"><span class='ocrx_word' id='word_1_196' title='bbox 1853 1441 2054 1495; x_wconf 87' lang='lat' dir='ltr'><strong>malum</strong></span> <span class='ocrx_word' id='word_1_197' title='bbox 2107 1457 2166 1497; x_wconf 89' lang='lat' dir='ltr'><strong>se</strong></span> <span class='ocrx_word' id='word_1_198' title='bbox 2216 1442 2430 1509; x_wconf 88' lang='lat' dir='ltr'><strong>fecisse,</strong></span> <span class='ocrx_word' id='word_1_199' title='bbox 2472 1453 2528 1499; x_wconf 90' lang='lat' dir='ltr'><strong>et</strong></span> <span class='ocrx_word' id='word_1_200' title='bbox 2577 1447 2747 1500; x_wconf 89' lang='lat' dir='ltr'><strong>Deum</strong></span> <span class='ocrx_word' id='word_1_201' title='bbox 2792 1448 3082 1507; x_wconf 73' lang='lat' dir='ltr'><strong>offendisse</strong></span> <span class='ocrx_word' id='word_1_202' title='bbox 3121 1455 3174 1506; x_wconf 93' lang='lat' dir='ltr'><strong>in</strong></span> <span class='ocrx_word' id='word_1_203' title='bbox 3209 1458 3444 1523; x_wconf 90' lang='lat' dir='ltr'><strong>petendo</strong></span> 
     </span>
    </p>
   </div>
   <div class='ocr_carea' id='block_1_28' title="bbox 1849 1532 3442 1615">
    <p class='ocr_par' dir='ltr' id='par_1_28' title="bbox 1849 1532 3442 1615">
     <span class='ocr_line' id='line_1_28' title="bbox 1849 1532 3442 1615; baseline 0.011 -29"><span class='ocrx_word' id='word_1_204' title='bbox 1849 1532 1950 1587; x_wconf 89' lang='lat' dir='ltr'><strong>sibi</strong></span> <span class='ocrx_word' id='word_1_205' title='bbox 2008 1549 2213 1604; x_wconf 85' lang='lat' dir='ltr'><strong>regem,</strong></span> <span class='ocrx_word' id='word_1_206' title='bbox 2272 1535 2481 1590; x_wconf 89' lang='lat' dir='ltr'><strong>orando</strong></span> <span class='ocrx_word' id='word_1_207' title='bbox 2517 1537 2751 1591; x_wconf 80' lang='lat' dir='ltr'><strong>obtinuit</strong></span> <span class='ocrx_word' id='word_1_208' title='bbox 2811 1547 2872 1593; x_wconf 90' lang='lat' dir='ltr'><strong>ut</strong></span> <span class='ocrx_word' id='word_1_209' title='bbox 2931 1541 3144 1598; x_wconf 89' lang='lat' dir='ltr'><strong>insueto</strong></span> <span class='ocrx_word' id='word_1_210' title='bbox 3196 1554 3442 1615; x_wconf 83' lang='lat' dir='ltr'><strong>tempore</strong></span> 
     </span>
    </p>
   </div>
   <div class='ocr_carea' id='block_1_29' title="bbox 1850 1624 3439 1708">
    <p class='ocr_par' dir='ltr' id='par_1_29' title="bbox 1850 1624 3439 1708">
     <span class='ocr_line' id='line_1_29' title="bbox 1850 1624 3439 1708; baseline 0.011 -30"><span class='ocrx_word' id='word_1_211' title='bbox 1850 1624 2169 1680; x_wconf 89' lang='lat' dir='ltr'><strong>terribiliter</strong></span> <span class='ocrx_word' id='word_1_212' title='bbox 2214 1641 2339 1680; x_wconf 91' lang='lat' dir='ltr'><strong>eum</strong></span> <span class='ocrx_word' id='word_1_213' title='bbox 2369 1627 2621 1682; x_wconf 88' lang='lat' dir='ltr'><strong>tonitruis</strong></span> <span class='ocrx_word' id='word_1_214' title='bbox 2666 1636 2723 1683; x_wconf 89' lang='lat' dir='ltr'><strong>et</strong></span> <span class='ocrx_word' id='word_1_215' title='bbox 2762 1634 3234 1692; x_wconf 87' lang='lat' dir='ltr'><strong>coruscationibus</strong></span> <span class='ocrx_word' id='word_1_216' title='bbox 3259 1638 3439 1708; x_wconf 87' lang='lat' dir='ltr'><strong>pluvia</strong></span> 
     </span>
    </p>
   </div>
   <div class='ocr_carea' id='block_1_30' title="bbox 1852 1715 3441 1801">
    <p class='ocr_par' dir='ltr' id='par_1_30' title="bbox 1852 1715 3441 1801">
     <span class='ocr_line' id='line_1_30' title="bbox 1852 1715 3441 1801; baseline 0.011 -32"><span class='ocrx_word' id='word_1_217' title='bbox 1852 1715 2139 1788; x_wconf 83' lang='lat' dir='ltr'><strong>(caderet).</strong></span> <span class='ocrx_word' id='word_1_218' title='bbox 2173 1716 2266 1772; x_wconf 91' lang='lat' dir='ltr'><strong>Sic</strong></span> <span class='ocrx_word' id='word_1_219' title='bbox 2299 1717 2528 1788; x_wconf 88' lang='lat' dir='ltr'><strong>denique</strong></span> <span class='ocrx_word' id='word_1_220' title='bbox 2558 1720 2819 1790; x_wconf 87' lang='lat' dir='ltr'><strong>scriptum</strong></span> <span class='ocrx_word' id='word_1_221' title='bbox 2867 1733 2952 1779; x_wconf 90' lang='lat' dir='ltr'><strong>est</strong></span> <span class='ocrx_word' id='word_1_222' title='bbox 3001 1726 3204 1784; x_wconf 82' lang='lat' dir='ltr'><strong>dixisse</strong></span> <span class='ocrx_word' id='word_1_223' title='bbox 3244 1733 3441 1801; x_wconf 82' lang='lat' dir='ltr'><strong>populo</strong></span> 
     </span>
    </p>
   </div>
   <div class='ocr_carea' id='block_1_31' title="bbox 148 1804 3435 1890">
    <p class='ocr_par' dir='ltr' id='par_1_31' title="bbox 148 1804 3435 1890">
     <span class='ocr_line' id='line_1_31' title="bbox 148 1804 3435 1890; baseline 0.003 -24"><span class='ocrx_word' id='word_1_224' title='bbox 148 1814 359 1867; x_wconf 88' lang='lat' dir='ltr'><strong>duntur</strong></span> <span class='ocrx_word' id='word_1_225' title='bbox 386 1829 560 1885; x_wconf 65' lang='lat' dir='ltr'><strong>aqua.</strong></span> <span class='ocrx_word' id='word_1_226' title='bbox 600 1810 952 1867; x_wconf 78' lang='lat' dir='ltr'><strong>Frumentum</strong></span> <span class='ocrx_word' id='word_1_227' title='bbox 972 1813 1236 1867; x_wconf 83' lang='lat' dir='ltr'><strong>desiderat</strong></span> <span class='ocrx_word' id='word_1_228' title='bbox 1271 1814 1453 1879; x_wconf 86' lang='lat' dir='ltr'><strong>nubes,</strong></span> <span class='ocrx_word' id='word_1_229' title='bbox 1505 1823 1552 1867; x_wconf 87' lang='lat' dir='ltr'><strong>et</strong></span> <span class='ocrx_word' id='word_1_230' title='bbox 1581 1814 1741 1868; x_wconf 89' lang='lat' dir='ltr'><strong>nubes</strong></span> <span class='ocrx_word' id='word_1_231' title='bbox 1771 1804 1816 1862; x_wconf 88' lang='grc' dir='ltr'>Β</span> <span class='ocrx_word' id='word_1_232' title='bbox 1847 1806 2153 1863; x_wconf 76' lang='lat' dir='ltr'><strong>Samuelem</strong></span> <span class='ocrx_word' id='word_1_233' title='bbox 2184 1827 2197 1862; x_wconf 76' lang='grc' dir='ltr'><em>τ</em></span> <span class='ocrx_word' id='word_1_234' title='bbox 2225 1808 2393 1875; x_wconf 64' lang='lat' dir='ltr'><strong>State,</strong></span> <span class='ocrx_word' id='word_1_235' title='bbox 2420 1819 2468 1864; x_wconf 77' lang='grc' dir='ltr'><em>ει</em></span> <span class='ocrx_word' id='word_1_236' title='bbox 2500 1811 2666 1866; x_wconf 72' lang='lat' dir='ltr'><strong>videte</strong></span> <span class='ocrx_word' id='word_1_237' title='bbox 2689 1830 2796 1867; x_wconf 75' lang='lat' dir='ltr'><strong>rem</strong></span> <span class='ocrx_word' id='word_1_238' title='bbox 2820 1816 2975 1870; x_wconf 77' lang='lat' dir='ltr'><strong>istam</strong></span> <span class='ocrx_word' id='word_1_239' title='bbox 3000 1821 3254 1886; x_wconf 85' lang='lat' dir='ltr'><strong>grandem</strong></span> <span class='ocrx_word' id='word_1_240' title='bbox 3275 1838 3435 1890; x_wconf 83' lang='lat' dir='ltr'><strong>quam</strong></span> 
     </span>
    </p>
   </div>
   <div class='ocr_carea' id='block_1_32' title="bbox 148 1903 1747 1975">
    <p class='ocr_par' dir='ltr' id='par_1_32' title="bbox 148 1903 1747 1975">
     <span class='ocr_line' id='line_1_32' title="bbox 148 1903 1747 1975; baseline 0.001 -18"><span class='ocrx_word' id='word_1_241' title='bbox 148 1914 409 1975; x_wconf 85' lang='lat' dir='ltr'><strong>spargunt</strong></span> <span class='ocrx_word' id='word_1_242' title='bbox 466 1904 642 1958; x_wconf 81' lang='lat' dir='ltr'><strong>lumen</strong></span> <span class='ocrx_word' id='word_1_243' title='bbox 699 1919 891 1969; x_wconf 88' lang='lat' dir='ltr'><strong>suum;</strong></span> <span class='ocrx_word' id='word_1_244' title='bbox 942 1921 1060 1974; x_wconf 70' lang='lat' dir='ltr'><strong>qua:</strong></span> <span class='ocrx_word' id='word_1_245' title='bbox 1123 1903 1352 1958; x_wconf 84' lang='lat' dir='ltr'><strong>lustrant</strong></span> <span class='ocrx_word' id='word_1_246' title='bbox 1412 1913 1598 1958; x_wconf 87' lang='lat' dir='ltr'><strong>cuncta</strong></span> <span class='ocrx_word' id='word_1_247' title='bbox 1653 1921 1747 1974; x_wconf 91' lang='lat' dir='ltr'><strong>per</strong></span> 
     </span>
    </p>
   </div>
   <div class='ocr_carea' id='block_1_33' title="bbox 147 1993 1740 2065">
    <p class='ocr_par' dir='ltr' id='par_1_33' title="bbox 147 1993 1740 2065">
     <span class='ocr_line' id='line_1_33' title="bbox 147 1993 1740 2065; baseline 0 -17"><span class='ocrx_word' id='word_1_248' title='bbox 147 1995 428 2048; x_wconf 81' lang='lat' dir='ltr'><strong>circuitum</strong></span> <span class='ocrx_word' id='word_1_249' title='bbox 467 2010 774 2065; x_wconf 84' lang='lat' dir='ltr'><strong>quocunque</strong></span> <span class='ocrx_word' id='word_1_250' title='bbox 824 2009 912 2048; x_wconf 89' lang='lat' dir='ltr'><strong>eas</strong></span> <span class='ocrx_word' id='word_1_251' title='bbox 947 1993 1190 2048; x_wconf 88' lang='lat' dir='ltr'><strong>voluntas</strong></span> <span class='ocrx_word' id='word_1_252' title='bbox 1234 1994 1576 2065; x_wconf 86' lang='lat' dir='ltr'><strong>gubernantis</strong></span> <span class='ocrx_word' id='word_1_253' title='bbox 1639 1993 1740 2048; x_wconf 86' lang='lat' dir='ltr'><strong>Dei</strong></span> 
     </span>
    </p>
   </div>
   <div class='ocr_carea' id='block_1_34' title="bbox 147 2083 1744 2155">
    <p class='ocr_par' dir='ltr' id='par_1_34' title="bbox 147 2083 1744 2155">
     <span class='ocr_line' id='line_1_34' title="bbox 147 2083 1744 2155; baseline 0.002 -19"><span class='ocrx_word' id='word_1_254' title='bbox 147 2085 384 2148; x_wconf 75' lang='lat' dir='ltr'><strong>duxerit,</strong></span> <span class='ocrx_word' id='word_1_255' title='bbox 433 2085 503 2138; x_wconf 88' lang='lat' dir='ltr'><strong>ad</strong></span> <span class='ocrx_word' id='word_1_256' title='bbox 531 2100 682 2139; x_wconf 90' lang='lat' dir='ltr'><strong>omne</strong></span> <span class='ocrx_word' id='word_1_257' title='bbox 725 2083 865 2154; x_wconf 86' lang='lat' dir='ltr'><strong>quod</strong></span> <span class='ocrx_word' id='word_1_258' title='bbox 889 2086 1194 2155; x_wconf 72' lang='lat' dir='ltr'><strong>prwceperit</strong></span> <span class='ocrx_word' id='word_1_259' title='bbox 1224 2084 1330 2138; x_wconf 84' lang='lat' dir='ltr'><strong>illis</strong></span> <span class='ocrx_word' id='word_1_260' title='bbox 1376 2101 1532 2155; x_wconf 87' lang='lat' dir='ltr'><strong>super</strong></span> <span class='ocrx_word' id='word_1_261' title='bbox 1554 2084 1744 2154; x_wconf 79' lang='lat' dir='ltr'><strong>faciem</strong></span> 
     </span>
    </p>
   </div>
   <div class='ocr_carea' id='block_1_35' title="bbox 146 2171 1746 2246">
    <p class='ocr_par' dir='ltr' id='par_1_35' title="bbox 146 2171 1746 2246">
     <span class='ocr_line' id='line_1_35' title="bbox 146 2171 1746 2246; baseline 0.001 -19"><span class='ocrx_word' id='word_1_262' title='bbox 146 2175 292 2228; x_wconf 82' lang='lat' dir='ltr'><strong>orbis</strong></span> <span class='ocrx_word' id='word_1_263' title='bbox 347 2183 610 2228; x_wconf 88' lang='lat' dir='ltr'><strong>terrarum</strong></span> <span class='ocrx_word' id='word_1_264' title='bbox 661 2171 785 2244; x_wconf 80' lang='lat' dir='ltr'><strong>(Job</strong></span> <span class='ocrx_word' id='word_1_265' title='bbox 838 2175 1113 2239; x_wconf 83' lang='lat' dir='ltr'><strong>xxxvn,9</strong></span> <span class='ocrx_word' id='word_1_266' title='bbox 1167 2173 1323 2246; x_wconf 89' lang='lat' dir='ltr'><strong>seq.).</strong></span> <span class='ocrx_word' id='word_1_267' title='bbox 1371 2174 1590 2230; x_wconf 80' lang='lat' dir='ltr'><strong>Auente</strong></span> <span class='ocrx_word' id='word_1_268' title='bbox 1646 2190 1746 2228; x_wconf 87' lang='lat' dir='ltr'><strong>au-</strong></span> 
     </span>
    </p>
   </div>
   <div class='ocr_carea' id='block_1_36' title="bbox 147 2263 1743 2336">
    <p class='ocr_par' dir='ltr' id='par_1_36' title="bbox 147 2263 1743 2336">
     <span class='ocr_line' id='line_1_36' title="bbox 147 2263 1743 2336; baseline 0.001 -20"><span class='ocrx_word' id='word_1_269' title='bbox 147 2263 405 2318; x_wconf 87' lang='lat' dir='ltr'><strong>diendum</strong></span> <span class='ocrx_word' id='word_1_270' title='bbox 437 2264 582 2334; x_wconf 88' lang='lat' dir='ltr'><strong>quod</strong></span> <span class='ocrx_word' id='word_1_271' title='bbox 618 2263 817 2318; x_wconf 83' lang='lat' dir='ltr'><strong>dicitur</strong></span> <span class='ocrx_word' id='word_1_272' title='bbox 850 2283 862 2317; x_wconf 91' lang='lat'>:</span> <span class='ocrx_word' id='word_1_273' title='bbox 893 2263 1148 2318; x_wconf 83' lang='lat' dir='ltr'><strong>Lustrant</strong></span> <span class='ocrx_word' id='word_1_274' title='bbox 1197 2265 1358 2320; x_wconf 90' lang='lat' dir='ltr'><strong>nubes</strong></span> <span class='ocrx_word' id='word_1_275' title='bbox 1400 2281 1493 2336; x_wconf 90' lang='lat' dir='ltr'><strong>per</strong></span> <span class='ocrx_word' id='word_1_276' title='bbox 1547 2265 1743 2319; x_wconf 88' lang='lat' dir='ltr'><strong>circui-</strong></span> 
     </span>
    </p>
   </div>
   <div class='ocr_carea' id='block_1_37' title="bbox 145 2356 1740 2429">
    <p class='ocr_par' dir='ltr' id='par_1_37' title="bbox 145 2356 1740 2429">
     <span class='ocr_line' id='line_1_37' title="bbox 145 2356 1740 2429; baseline 0.001 -21"><span class='ocrx_word' id='word_1_277' title='bbox 145 2367 261 2408; x_wconf 87' lang='lat' dir='ltr'><strong>tum</strong></span> <span class='ocrx_word' id='word_1_278' title='bbox 292 2365 504 2421; x_wconf 86' lang='lat' dir='ltr'><strong>cuncta,</strong></span> <span class='ocrx_word' id='word_1_279' title='bbox 561 2356 652 2410; x_wconf 90' lang='lat' dir='ltr'><strong>sed</strong></span> <span class='ocrx_word' id='word_1_280' title='bbox 681 2372 990 2427; x_wconf 83' lang='lat' dir='ltr'><strong>quocunque</strong></span> <span class='ocrx_word' id='word_1_281' title='bbox 1030 2373 1119 2410; x_wconf 91' lang='lat' dir='ltr'><strong>eas</strong></span> <span class='ocrx_word' id='word_1_282' title='bbox 1157 2357 1399 2412; x_wconf 86' lang='lat' dir='ltr'><strong>voluntas</strong></span> <span class='ocrx_word' id='word_1_283' title='bbox 1438 2357 1740 2429; x_wconf 83' lang='lat' dir='ltr'><strong>gubernan-</strong></span> 
     </span>
    </p>
   </div>
   <div class='ocr_carea' id='block_1_38' title="bbox 140 2447 1741 2522">
    <p class='ocr_par' dir='ltr' id='par_1_38' title="bbox 140 2447 1741 2522">
     <span class='ocr_line' id='line_1_38' title="bbox 140 2447 1741 2522; baseline 0.004 -22"><span class='ocrx_word' id='word_1_284' title='bbox 140 2449 213 2501; x_wconf 84' lang='lat' dir='ltr'><strong>tis</strong></span> <span class='ocrx_word' id='word_1_285' title='bbox 246 2447 344 2502; x_wconf 85' lang='lat' dir='ltr'><strong>Dei</strong></span> <span class='ocrx_word' id='word_1_286' title='bbox 371 2449 601 2504; x_wconf 70' lang='lat' dir='ltr'><strong>duxerit.</strong></span> <span class='ocrx_word' id='word_1_287' title='bbox 632 2448 690 2504; x_wconf 93' lang='lat' dir='ltr'><strong>Si</strong></span> <span class='ocrx_word' id='word_1_288' title='bbox 741 2465 872 2521; x_wconf 88' lang='lat' dir='ltr'><strong>ergo</strong></span> <span class='ocrx_word' id='word_1_289' title='bbox 898 2449 1042 2505; x_wconf 89' lang='lat' dir='ltr'><strong>Deus</strong></span> <span class='ocrx_word' id='word_1_290' title='bbox 1067 2465 1163 2506; x_wconf 88' lang='lat' dir='ltr'><strong>eas</strong></span> <span class='ocrx_word' id='word_1_291' title='bbox 1185 2449 1470 2522; x_wconf 85' lang='lat' dir='ltr'><strong>gubernat,</strong></span> <span class='ocrx_word' id='word_1_292' title='bbox 1515 2466 1620 2506; x_wconf 91' lang='lat' dir='ltr'><strong>non</strong></span> <span class='ocrx_word' id='word_1_293' title='bbox 1644 2464 1741 2522; x_wconf 91' lang='lat' dir='ltr'><strong>po-</strong></span> 
     </span>
    </p>
   </div>
   <div class='ocr_carea' id='block_1_39' title="bbox 146 2538 1738 2610">
    <p class='ocr_par' dir='ltr' id='par_1_39' title="bbox 146 2538 1738 2610">
     <span class='ocr_line' id='line_1_39' title="bbox 146 2538 1738 2610; baseline 0.002 -19"><span class='ocrx_word' id='word_1_294' title='bbox 146 2546 255 2592; x_wconf 88' lang='lat' dir='ltr'><strong>test</strong></span> <span class='ocrx_word' id='word_1_295' title='bbox 305 2539 470 2593; x_wconf 89' lang='lat' dir='ltr'><strong>bomo</strong></span> <span class='ocrx_word' id='word_1_296' title='bbox 504 2538 721 2608; x_wconf 89' lang='lat' dir='ltr'><strong>iniquus</strong></span> <span class='ocrx_word' id='word_1_297' title='bbox 749 2553 843 2594; x_wconf 89' lang='lat' dir='ltr'><strong>eas</strong></span> <span class='ocrx_word' id='word_1_298' title='bbox 868 2539 1028 2594; x_wconf 87' lang='lat' dir='ltr'><strong>aliam</strong></span> <span class='ocrx_word' id='word_1_299' title='bbox 1057 2540 1110 2594; x_wconf 90' lang='lat' dir='ltr'><strong>in</strong></span> <span class='ocrx_word' id='word_1_300' title='bbox 1135 2549 1344 2610; x_wconf 90' lang='lat' dir='ltr'><strong>partem</strong></span> <span class='ocrx_word' id='word_1_301' title='bbox 1395 2548 1738 2606; x_wconf 87' lang='lat' dir='ltr'><strong>convertere,</strong></span> 
     </span>
    </p>
   </div>
   <div class='ocr_carea' id='block_1_40' title="bbox 145 2629 1742 2702">
    <p class='ocr_par' dir='ltr' id='par_1_40' title="bbox 145 2629 1742 2702">
     <span class='ocr_line' id='line_1_40' title="bbox 145 2629 1742 2702; baseline 0.004 -22"><span class='ocrx_word' id='word_1_302' title='bbox 145 2629 274 2696; x_wconf 87' lang='lat' dir='ltr'><strong>quia</strong></span> <span class='ocrx_word' id='word_1_303' title='bbox 308 2644 410 2684; x_wconf 89' lang='lat' dir='ltr'><strong>nec</strong></span> <span class='ocrx_word' id='word_1_304' title='bbox 459 2629 728 2700; x_wconf 87' lang='lat' dir='ltr'><strong>imperare</strong></span> <span class='ocrx_word' id='word_1_305' title='bbox 783 2630 893 2685; x_wconf 92' lang='lat' dir='ltr'><strong>Deo</strong></span> <span class='ocrx_word' id='word_1_306' title='bbox 921 2639 1121 2701; x_wconf 89' lang='lat' dir='ltr'><strong>potest,</strong></span> <span class='ocrx_word' id='word_1_307' title='bbox 1175 2647 1274 2688; x_wconf 88' lang='lat' dir='ltr'><strong>nec</strong></span> <span class='ocrx_word' id='word_1_308' title='bbox 1321 2632 1572 2702; x_wconf 88' lang='lat' dir='ltr'><strong>precibus</strong></span> <span class='ocrx_word' id='word_1_309' title='bbox 1599 2632 1742 2687; x_wconf 83' lang='lat' dir='ltr'><strong>obti-</strong></span> 
     </span>
    </p>
   </div>
   <div class='ocr_carea' id='block_1_41' title="bbox 144 2721 1741 2795">
    <p class='ocr_par' dir='ltr' id='par_1_41' title="bbox 144 2721 1741 2795">
     <span class='ocr_line' id='line_1_41' title="bbox 144 2721 1741 2795; baseline 0.001 -19"><span class='ocrx_word' id='word_1_310' title='bbox 144 2735 279 2776; x_wconf 90' lang='lat' dir='ltr'><strong>nere</strong></span> <span class='ocrx_word' id='word_1_311' title='bbox 326 2729 585 2777; x_wconf 90' lang='lat' dir='ltr'><strong>meretur.</strong></span> <span class='ocrx_word' id='word_1_312' title='bbox 616 2721 772 2789; x_wconf 84' lang='lat' dir='ltr'><strong>Quod</strong></span> <span class='ocrx_word' id='word_1_313' title='bbox 817 2731 1003 2777; x_wconf 87' lang='lat' dir='ltr'><strong>autem</strong></span> <span class='ocrx_word' id='word_1_314' title='bbox 1055 2722 1419 2795; x_wconf 74' lang='lat' dir='ltr'><strong>subiungitur,</strong></span> <span class='ocrx_word' id='word_1_315' title='bbox 1475 2723 1546 2777; x_wconf 86' lang='lat' dir='ltr'><strong>ad</strong></span> <span class='ocrx_word' id='word_1_316' title='bbox 1586 2739 1741 2778; x_wconf 88' lang='lat' dir='ltr'><strong>omne</strong></span> 
     </span>
    </p>
   </div>
   <div class='ocr_carea' id='block_1_42' title="bbox 143 2811 1740 2884">
    <p class='ocr_par' dir='ltr' id='par_1_42' title="bbox 143 2811 1740 2884">
     <span class='ocr_line' id='line_1_42' title="bbox 143 2811 1740 2884; baseline 0.004 -20"><span class='ocrx_word' id='word_1_317' title='bbox 143 2813 287 2881; x_wconf 82' lang='lat' dir='ltr'><strong>quod</strong></span> <span class='ocrx_word' id='word_1_318' title='bbox 327 2812 630 2882; x_wconf 69' lang='lat' dir='ltr'><strong>praceperit</strong></span> <span class='ocrx_word' id='word_1_319' title='bbox 658 2811 765 2866; x_wconf 80' lang='lat' dir='ltr'><strong>illis</strong></span> <span class='ocrx_word' id='word_1_320' title='bbox 812 2829 970 2884; x_wconf 83' lang='lat' dir='ltr'><strong>super</strong></span> <span class='ocrx_word' id='word_1_321' title='bbox 998 2814 1190 2882; x_wconf 80' lang='lat' dir='ltr'><strong>faciem</strong></span> <span class='ocrx_word' id='word_1_322' title='bbox 1218 2814 1356 2870; x_wconf 85' lang='lat' dir='ltr'><strong>orbis</strong></span> <span class='ocrx_word' id='word_1_323' title='bbox 1387 2824 1559 2877; x_wconf 62' lang='lat' dir='ltr'><strong>terra,</strong></span> <span class='ocrx_word' id='word_1_324' title='bbox 1609 2814 1740 2884; x_wconf 86' lang='lat' dir='ltr'><strong>quid</strong></span> 
     </span>
    </p>
   </div>
   <div class='ocr_carea' id='block_1_43' title="bbox 145 2899 1739 2976">
    <p class='ocr_par' dir='ltr' id='par_1_43' title="bbox 145 2899 1739 2976">
     <span class='ocr_line' id='line_1_43' title="bbox 145 2899 1739 2976; baseline 0.004 -24"><span class='ocrx_word' id='word_1_325' title='bbox 145 2900 293 2954; x_wconf 84' lang='lat' dir='ltr'><strong>aliud</strong></span> <span class='ocrx_word' id='word_1_326' title='bbox 319 2899 747 2971; x_wconf 86' lang='lat' dir='ltr'><strong>intelligendum,</strong></span> <span class='ocrx_word' id='word_1_327' title='bbox 793 2901 898 2957; x_wconf 91' lang='lat' dir='ltr'><strong>nisi</strong></span> <span class='ocrx_word' id='word_1_328' title='bbox 927 2902 993 2957; x_wconf 87' lang='lat' dir='ltr'><strong>ad</strong></span> <span class='ocrx_word' id='word_1_329' title='bbox 1021 2917 1184 2958; x_wconf 90' lang='lat' dir='ltr'><strong>omne</strong></span> <span class='ocrx_word' id='word_1_330' title='bbox 1228 2904 1373 2973; x_wconf 92' lang='lat' dir='ltr'><strong>quod</strong></span> <span class='ocrx_word' id='word_1_331' title='bbox 1415 2905 1739 2976; x_wconf 70' lang='lat' dir='ltr'><strong>praeceperit</strong></span> 
     </span>
    </p>
   </div>
   <div class='ocr_carea' id='block_1_44' title="bbox 145 2988 1739 3064">
    <p class='ocr_par' dir='ltr' id='par_1_44' title="bbox 145 2988 1739 3064">
     <span class='ocr_line' id='line_1_44' title="bbox 145 2988 1739 3064; baseline 0.003 -21"><span class='ocrx_word' id='word_1_332' title='bbox 145 2989 291 3044; x_wconf 91' lang='lat' dir='ltr'><strong>Deus</strong></span> <span class='ocrx_word' id='word_1_333' title='bbox 320 2988 574 3054; x_wconf 90' lang='lat' dir='ltr'><strong>nubibus,</strong></span> <span class='ocrx_word' id='word_1_334' title='bbox 615 2991 700 3046; x_wconf 88' lang='lat' dir='ltr'><strong>vel</strong></span> <span class='ocrx_word' id='word_1_335' title='bbox 746 2992 815 3047; x_wconf 91' lang='lat' dir='ltr'><strong>ad</strong></span> <span class='ocrx_word' id='word_1_336' title='bbox 857 2990 1153 3064; x_wconf 81' lang='lat' dir='ltr'><strong>ﬂagellum,</strong></span> <span class='ocrx_word' id='word_1_337' title='bbox 1200 2994 1287 3049; x_wconf 92' lang='lat' dir='ltr'><strong>vel</strong></span> <span class='ocrx_word' id='word_1_338' title='bbox 1313 2995 1383 3050; x_wconf 88' lang='lat' dir='ltr'><strong>ad</strong></span> <span class='ocrx_word' id='word_1_339' title='bbox 1432 2993 1739 3050; x_wconf 87' lang='lat' dir='ltr'><strong>subsidium</strong></span> 
     </span>
    </p>
   </div>
   <div class='ocr_carea' id='block_1_45' title="bbox 144 3082 1738 3156">
    <p class='ocr_par' dir='ltr' id='par_1_45' title="bbox 144 3082 1738 3156">
     <span class='ocr_line' id='line_1_45' title="bbox 144 3082 1738 3156; baseline 0.004 -21"><span class='ocrx_word' id='word_1_340' title='bbox 144 3082 466 3148; x_wconf 84' lang='lat' dir='ltr'><strong>humanum,</strong></span> <span class='ocrx_word' id='word_1_341' title='bbox 515 3083 580 3137; x_wconf 91' lang='lat' dir='ltr'><strong>ad</strong></span> <span class='ocrx_word' id='word_1_342' title='bbox 607 3085 781 3150; x_wconf 88' lang='lat' dir='ltr'><strong>nives,</strong></span> <span class='ocrx_word' id='word_1_343' title='bbox 834 3084 901 3139; x_wconf 89' lang='lat' dir='ltr'><strong>ad</strong></span> <span class='ocrx_word' id='word_1_344' title='bbox 926 3085 1242 3156; x_wconf 83' lang='lat' dir='ltr'><strong>grandines,</strong></span> <span class='ocrx_word' id='word_1_345' title='bbox 1284 3087 1353 3141; x_wconf 88' lang='lat' dir='ltr'><strong>ad</strong></span> <span class='ocrx_word' id='word_1_346' title='bbox 1396 3085 1626 3156; x_wconf 87' lang='lat' dir='ltr'><strong>pluvias.</strong></span> <span class='ocrx_word' id='word_1_347' title='bbox 1670 3085 1738 3141; x_wconf 86' lang='lat' dir='ltr'><strong>ad</strong></span> 
     </span>
    </p>
   </div>
   <div class='ocr_carea' id='block_1_46' title="bbox 1846 1898 3437 1983">
    <p class='ocr_par' dir='ltr' id='par_1_46' title="bbox 1846 1898 3437 1983">
     <span class='ocr_line' id='line_1_46' title="bbox 1846 1898 3437 1983; baseline 0.01 -32"><span class='ocrx_word' id='word_1_348' title='bbox 1846 1898 2085 1968; x_wconf 78' lang='lat' dir='ltr'><strong>facturus</strong></span> <span class='ocrx_word' id='word_1_349' title='bbox 2118 1910 2194 1956; x_wconf 89' lang='lat' dir='ltr'><strong>est</strong></span> <span class='ocrx_word' id='word_1_350' title='bbox 2239 1901 2497 1957; x_wconf 77' lang='lat' dir='ltr'><strong>Dominus</strong></span> <span class='ocrx_word' id='word_1_351' title='bbox 2531 1903 2586 1956; x_wconf 88' lang='lat' dir='ltr'><strong>in</strong></span> <span class='ocrx_word' id='word_1_352' title='bbox 2616 1916 2894 1975; x_wconf 88' lang='lat' dir='ltr'><strong>conspectu</strong></span> <span class='ocrx_word' id='word_1_353' title='bbox 2945 1918 3133 1964; x_wconf 87' lang='lat' dir='ltr'><strong>vestro.</strong></span> <span class='ocrx_word' id='word_1_354' title='bbox 3179 1909 3437 1983; x_wconf 81' lang='lat' dir='ltr'><strong>Nunquid</strong></span> 
     </span>
    </p>
   </div>
   <div class='ocr_carea' id='block_1_47' title="bbox 1846 1992 3428 2066">
    <p class='ocr_par' dir='ltr' id='par_1_47' title="bbox 1846 1992 3428 2066">
     <span class='ocr_line' id='line_1_47' title="bbox 1846 1992 3428 2066; baseline 0.007 -22"><span class='ocrx_word' id='word_1_355' title='bbox 1846 2007 1950 2044; x_wconf 88' lang='lat' dir='ltr'><strong>non</strong></span> <span class='ocrx_word' id='word_1_356' title='bbox 2000 1994 2180 2046; x_wconf 85' lang='lat' dir='ltr'><strong>messis</strong></span> <span class='ocrx_word' id='word_1_357' title='bbox 2222 1992 2383 2046; x_wconf 88' lang='lat' dir='ltr'><strong>tritici</strong></span> <span class='ocrx_word' id='word_1_358' title='bbox 2420 2001 2494 2046; x_wconf 80' lang='lat' dir='ltr'><strong>est</strong></span> <span class='ocrx_word' id='word_1_359' title='bbox 2559 1994 2757 2048; x_wconf 75' lang='lat' dir='ltr'><strong>hodie?</strong></span> <span class='ocrx_word' id='word_1_360' title='bbox 2803 1995 3065 2051; x_wconf 83' lang='lat' dir='ltr'><strong>Invocabo</strong></span> <span class='ocrx_word' id='word_1_361' title='bbox 3123 1999 3428 2066; x_wconf 86' lang='lat' dir='ltr'><strong>Dominum,</strong></span> 
     </span>
    </p>
   </div>
   <div class='ocr_carea' id='block_1_48' title="bbox 1842 2081 3433 2163">
    <p class='ocr_par' dir='ltr' id='par_1_48' title="bbox 1842 2081 3433 2163">
     <span class='ocr_line' id='line_1_48' title="bbox 1842 2081 3433 2163; baseline 0.008 -30"><span class='ocrx_word' id='word_1_362' title='bbox 1842 2089 1892 2134; x_wconf 89' lang='lat' dir='ltr'><strong>et</strong></span> <span class='ocrx_word' id='word_1_363' title='bbox 1919 2081 2063 2134; x_wconf 85' lang='lat' dir='ltr'><strong>dabit</strong></span> <span class='ocrx_word' id='word_1_364' title='bbox 2096 2097 2266 2146; x_wconf 72' lang='lat' dir='ltr'><strong>voces,</strong></span> <span class='ocrx_word' id='word_1_365' title='bbox 2324 2091 2372 2136; x_wconf 88' lang='lat' dir='ltr'><strong>et</strong></span> <span class='ocrx_word' id='word_1_366' title='bbox 2406 2082 2646 2152; x_wconf 86' lang='lat' dir='ltr'><strong>pluvias;</strong></span> <span class='ocrx_word' id='word_1_367' title='bbox 2672 2095 2720 2139; x_wconf 89' lang='lat' dir='ltr'><strong>et</strong></span> <span class='ocrx_word' id='word_1_368' title='bbox 2749 2087 2922 2142; x_wconf 88' lang='lat' dir='ltr'><strong>scietis</strong></span> <span class='ocrx_word' id='word_1_369' title='bbox 2944 2099 2992 2142; x_wconf 90' lang='lat' dir='ltr'><strong>et</strong></span> <span class='ocrx_word' id='word_1_370' title='bbox 3016 2091 3256 2146; x_wconf 80' lang='lat' dir='ltr'><strong>videbitis</strong></span> <span class='ocrx_word' id='word_1_371' title='bbox 3307 2093 3433 2163; x_wconf 84' lang='lat' dir='ltr'><strong>quia</strong></span> 
     </span>
    </p>
   </div>
   <div class='ocr_carea' id='block_1_49' title="bbox 1841 2170 3432 2248">
    <p class='ocr_par' dir='ltr' id='par_1_49' title="bbox 1841 2170 3432 2248">
     <span class='ocr_line' id='line_1_49' title="bbox 1841 2170 3432 2248; baseline 0.008 -26"><span class='ocrx_word' id='word_1_372' title='bbox 1841 2170 2040 2241; x_wconf 88' lang='lat' dir='ltr'><strong>grande</strong></span> <span class='ocrx_word' id='word_1_373' title='bbox 2064 2171 2263 2225; x_wconf 86' lang='lat' dir='ltr'><strong>malum</strong></span> <span class='ocrx_word' id='word_1_374' title='bbox 2319 2172 2548 2242; x_wconf 79' lang='lat' dir='ltr'><strong>feceritis</strong></span> <span class='ocrx_word' id='word_1_375' title='bbox 2611 2175 2754 2230; x_wconf 84' lang='lat' dir='ltr'><strong>vobis</strong></span> <span class='ocrx_word' id='word_1_376' title='bbox 2783 2179 2839 2230; x_wconf 88' lang='lat' dir='ltr'><strong>in</strong></span> <span class='ocrx_word' id='word_1_377' title='bbox 2864 2189 3143 2248; x_wconf 84' lang='lat' dir='ltr'><strong>conspectu</strong></span> <span class='ocrx_word' id='word_1_378' title='bbox 3197 2181 3432 2247; x_wconf 86' lang='lat' dir='ltr'><strong>Domini,</strong></span> 
     </span>
    </p>
   </div>
   <div class='ocr_carea' id='block_1_50' title="bbox 1841 2265 3434 2334">
    <p class='ocr_par' dir='ltr' id='par_1_50' title="bbox 1841 2265 3434 2334">
     <span class='ocr_line' id='line_1_50' title="bbox 1841 2265 3434 2334; baseline 0.008 -21"><span class='ocrx_word' id='word_1_379' title='bbox 1841 2269 2069 2331; x_wconf 79' lang='lat' dir='ltr'><strong>petentes</strong></span> <span class='ocrx_word' id='word_1_380' title='bbox 2104 2278 2262 2331; x_wconf 85' lang='lat' dir='ltr'><strong>super</strong></span> <span class='ocrx_word' id='word_1_381' title='bbox 2288 2279 2378 2316; x_wconf 86' lang='lat' dir='ltr'><strong>vos</strong></span> <span class='ocrx_word' id='word_1_382' title='bbox 2415 2280 2606 2334; x_wconf 84' lang='lat' dir='ltr'><strong>regem.</strong></span> <span class='ocrx_word' id='word_1_383' title='bbox 2669 2265 2738 2319; x_wconf 87' lang='lat' dir='ltr'><strong>Et</strong></span> <span class='ocrx_word' id='word_1_384' title='bbox 2786 2266 3030 2323; x_wconf 82' lang='lat' dir='ltr'><strong>clamavit</strong></span> <span class='ocrx_word' id='word_1_385' title='bbox 3089 2269 3308 2325; x_wconf 82' lang='lat' dir='ltr'><strong>Samuel</strong></span> <span class='ocrx_word' id='word_1_386' title='bbox 3365 2273 3434 2325; x_wconf 91' lang='lat' dir='ltr'><strong>ad</strong></span> 
     </span>
    </p>
   </div>
   <div class='ocr_carea' id='block_1_51' title="bbox 1841 2349 3429 2429">
    <p class='ocr_par' dir='ltr' id='par_1_51' title="bbox 1841 2349 3429 2429">
     <span class='ocr_line' id='line_1_51' title="bbox 1841 2349 3429 2429; baseline 0.01 -27"><span class='ocrx_word' id='word_1_387' title='bbox 1841 2349 2147 2416; x_wconf 89' lang='lat' dir='ltr'><strong>Dominum,</strong></span> <span class='ocrx_word' id='word_1_388' title='bbox 2177 2363 2223 2404; x_wconf 93' lang='lat' dir='ltr'><strong>et</strong></span> <span class='ocrx_word' id='word_1_389' title='bbox 2250 2352 2395 2406; x_wconf 86' lang='lat' dir='ltr'><strong>dedit</strong></span> <span class='ocrx_word' id='word_1_390' title='bbox 2425 2353 2682 2410; x_wconf 88' lang='lat' dir='ltr'><strong>Dominus</strong></span> <span class='ocrx_word' id='word_1_391' title='bbox 2733 2372 2878 2411; x_wconf 89' lang='lat' dir='ltr'><strong>voces</strong></span> <span class='ocrx_word' id='word_1_392' title='bbox 2923 2367 2971 2412; x_wconf 90' lang='lat' dir='ltr'><strong>et</strong></span> <span class='ocrx_word' id='word_1_393' title='bbox 2996 2359 3228 2429; x_wconf 80' lang='lat' dir='ltr'><strong>pluviam</strong></span> <span class='ocrx_word' id='word_1_394' title='bbox 3258 2363 3314 2414; x_wconf 88' lang='lat' dir='ltr'><strong>in</strong></span> <span class='ocrx_word' id='word_1_395' title='bbox 3343 2362 3429 2418; x_wconf 84' lang='lat' dir='ltr'><strong>die</strong></span> 
     </span>
    </p>
   </div>
   <div class='ocr_carea' id='block_1_52' title="bbox 1840 2439 3431 2514">
    <p class='ocr_par' dir='ltr' id='par_1_52' title="bbox 1840 2439 3431 2514">
     <span class='ocr_line' id='line_1_52' title="bbox 1840 2439 3431 2514; baseline 0.007 -21"><span class='ocrx_word' id='word_1_396' title='bbox 1840 2439 1969 2505; x_wconf 88' lang='lat' dir='ltr'><strong>illa;</strong></span> <span class='ocrx_word' id='word_1_397' title='bbox 2018 2450 2067 2495; x_wconf 88' lang='lat' dir='ltr'><strong>et</strong></span> <span class='ocrx_word' id='word_1_398' title='bbox 2096 2443 2272 2495; x_wconf 85' lang='lat' dir='ltr'><strong>timuit</strong></span> <span class='ocrx_word' id='word_1_399' title='bbox 2294 2443 2463 2498; x_wconf 88' lang='lat' dir='ltr'><strong>omnis</strong></span> <span class='ocrx_word' id='word_1_400' title='bbox 2497 2444 2720 2514; x_wconf 82' lang='lat' dir='ltr'><strong>populus</strong></span> <span class='ocrx_word' id='word_1_401' title='bbox 2747 2447 2903 2500; x_wconf 88' lang='lat' dir='ltr'><strong>nimis</strong></span> <span class='ocrx_word' id='word_1_402' title='bbox 2941 2445 3225 2502; x_wconf 88' lang='lat' dir='ltr'><strong>Dominum</strong></span> <span class='ocrx_word' id='word_1_403' title='bbox 3246 2459 3294 2503; x_wconf 88' lang='lat' dir='ltr'><strong>et</strong></span> <span class='ocrx_word' id='word_1_404' title='bbox 3322 2448 3431 2504; x_wconf 83' lang='lat' dir='ltr'><strong>Sa-</strong></span> 
     </span>
    </p>
   </div>
   <div class='ocr_carea' id='block_1_53' title="bbox 1839 2528 3434 2605">
    <p class='ocr_par' dir='ltr' id='par_1_53' title="bbox 1839 2528 3434 2605">
     <span class='ocr_line' id='line_1_53' title="bbox 1839 2528 3434 2605; baseline 0.006 -23"><span class='ocrx_word' id='word_1_405' title='bbox 1839 2528 2084 2582; x_wconf 89' lang='lat' dir='ltr'><strong>muelem.</strong></span> <span class='ocrx_word' id='word_1_406' title='bbox 2150 2529 2402 2602; x_wconf 77' lang='lat' dir='ltr'><strong>Dixitque</strong></span> <span class='ocrx_word' id='word_1_407' title='bbox 2459 2534 2734 2588; x_wconf 85' lang='lat' dir='ltr'><strong>universus</strong></span> <span class='ocrx_word' id='word_1_408' title='bbox 2783 2534 3010 2605; x_wconf 77' lang='lat' dir='ltr'><strong>populus</strong></span> <span class='ocrx_word' id='word_1_409' title='bbox 3050 2537 3120 2590; x_wconf 88' lang='lat' dir='ltr'><strong>ad</strong></span> <span class='ocrx_word' id='word_1_410' title='bbox 3172 2537 3434 2592; x_wconf 83' lang='lat' dir='ltr'><strong>Samuel:</strong></span> 
     </span>
    </p>
   </div>
   <div class='ocr_carea' id='block_1_54' title="bbox 1841 2616 3429 2690">
    <p class='ocr_par' dir='ltr' id='par_1_54' title="bbox 1841 2616 3429 2690">
     <span class='ocr_line' id='line_1_54' title="bbox 1841 2616 3429 2690; baseline 0.005 -17"><span class='ocrx_word' id='word_1_411' title='bbox 1841 2616 1952 2673; x_wconf 86' lang='lat' dir='ltr'><strong>Ora</strong></span> <span class='ocrx_word' id='word_1_412' title='bbox 1990 2637 2086 2690; x_wconf 90' lang='lat' dir='ltr'><strong>pro</strong></span> <span class='ocrx_word' id='word_1_413' title='bbox 2113 2622 2277 2676; x_wconf 84' lang='lat' dir='ltr'><strong>servis</strong></span> <span class='ocrx_word' id='word_1_414' title='bbox 2302 2623 2407 2676; x_wconf 89' lang='lat' dir='ltr'><strong>tuis</strong></span> <span class='ocrx_word' id='word_1_415' title='bbox 2435 2623 2504 2676; x_wconf 85' lang='lat' dir='ltr'><strong>ad</strong></span> <span class='ocrx_word' id='word_1_416' title='bbox 2534 2622 2820 2678; x_wconf 82' lang='lat' dir='ltr'><strong>Dominum</strong></span> <span class='ocrx_word' id='word_1_417' title='bbox 2843 2625 3013 2680; x_wconf 87' lang='lat' dir='ltr'><strong>Deum</strong></span> <span class='ocrx_word' id='word_1_418' title='bbox 3041 2635 3214 2690; x_wconf 88' lang='lat' dir='ltr'><strong>tuum,</strong></span> <span class='ocrx_word' id='word_1_419' title='bbox 3243 2638 3296 2680; x_wconf 87' lang='lat' dir='ltr'><strong>ut</strong></span> <span class='ocrx_word' id='word_1_420' title='bbox 3326 2645 3429 2681; x_wconf 85' lang='lat' dir='ltr'><strong>non</strong></span> 
     </span>
    </p>
   </div>
   <div class='ocr_carea' id='block_1_55' title="bbox 1838 2709 3433 2785">
    <p class='ocr_par' dir='ltr' id='par_1_55' title="bbox 1838 2709 3433 2785">
     <span class='ocr_line' id='line_1_55' title="bbox 1838 2709 3433 2785; baseline 0.007 -24"><span class='ocrx_word' id='word_1_421' title='bbox 1838 2709 2149 2764; x_wconf 83' lang='lat' dir='ltr'><strong>moriamur.</strong></span> <span class='ocrx_word' id='word_1_422' title='bbox 2201 2710 2520 2768; x_wconf 78' lang='lat' dir='ltr'><strong>Addidimus</strong></span> <span class='ocrx_word' id='word_1_423' title='bbox 2541 2714 2680 2766; x_wconf 83' lang='lat' dir='ltr'><strong>enim</strong></span> <span class='ocrx_word' id='word_1_424' title='bbox 2705 2715 2960 2770; x_wconf 85' lang='lat' dir='ltr'><strong>universis</strong></span> <span class='ocrx_word' id='word_1_425' title='bbox 2985 2716 3210 2785; x_wconf 81' lang='lat' dir='ltr'><strong>peccatis</strong></span> <span class='ocrx_word' id='word_1_426' title='bbox 3239 2717 3433 2772; x_wconf 86' lang='lat' dir='ltr'><strong>nostris</strong></span> 
     </span>
    </p>
   </div>
   <div class='ocr_carea' id='block_1_56' title="bbox 1838 2798 3429 2876">
    <p class='ocr_par' dir='ltr' id='par_1_56' title="bbox 1838 2798 3429 2876">
     <span class='ocr_line' id='line_1_56' title="bbox 1838 2798 3429 2876; baseline 0.006 -25"><span class='ocrx_word' id='word_1_427' title='bbox 1838 2798 2059 2865; x_wconf 83' lang='lat' dir='ltr'><strong>malum,</strong></span> <span class='ocrx_word' id='word_1_428' title='bbox 2096 2810 2155 2854; x_wconf 91' lang='lat' dir='ltr'><strong>ut</strong></span> <span class='ocrx_word' id='word_1_429' title='bbox 2193 2811 2483 2870; x_wconf 83' lang='lat' dir='ltr'><strong>peteremus</strong></span> <span class='ocrx_word' id='word_1_430' title='bbox 2522 2803 2670 2858; x_wconf 89' lang='lat' dir='ltr'><strong>nobis</strong></span> <span class='ocrx_word' id='word_1_431' title='bbox 2711 2821 2882 2875; x_wconf 86' lang='lat' dir='ltr'><strong>regem</strong></span> <span class='ocrx_word' id='word_1_432' title='bbox 2931 2804 2983 2876; x_wconf 90' lang='lat' dir='ltr'><strong>(I</strong></span> <span class='ocrx_word' id='word_1_433' title='bbox 3033 2804 3163 2876; x_wconf 85' lang='lat' dir='ltr'><strong>Reg.</strong></span> <span class='ocrx_word' id='word_1_434' title='bbox 3217 2821 3320 2870; x_wconf 83' lang='lat' dir='ltr'><strong>xu,</strong></span> <span class='ocrx_word' id='word_1_435' title='bbox 3361 2805 3429 2860; x_wconf 82' lang='grc'>16</span> 
     </span>
    </p>
   </div>
   <div class='ocr_carea' id='block_1_57' title="bbox 1837 2889 3424 2961">
    <p class='ocr_par' dir='ltr' id='par_1_57' title="bbox 1837 2889 3424 2961">
     <span class='ocr_line' id='line_1_57' title="bbox 1837 2889 3424 2961; baseline 0.005 -17"><span class='ocrx_word' id='word_1_436' title='bbox 1837 2889 1990 2961; x_wconf 88' lang='lat' dir='ltr'><strong>seq.).</strong></span> <span class='ocrx_word' id='word_1_437' title='bbox 2040 2890 2240 2946; x_wconf 85' lang='lat' dir='ltr'><strong>Territi</strong></span> <span class='ocrx_word' id='word_1_438' title='bbox 2283 2893 2428 2946; x_wconf 90' lang='lat' dir='ltr'><strong>enim</strong></span> <span class='ocrx_word' id='word_1_439' title='bbox 2479 2894 2704 2948; x_wconf 81' lang='lat' dir='ltr'><strong>vocibus</strong></span> <span class='ocrx_word' id='word_1_440' title='bbox 2744 2896 3044 2950; x_wconf 89' lang='lat' dir='ltr'><strong>tonitruum</strong></span> <span class='ocrx_word' id='word_1_441' title='bbox 3071 2905 3127 2951; x_wconf 90' lang='lat' dir='ltr'><strong>et</strong></span> <span class='ocrx_word' id='word_1_442' title='bbox 3176 2897 3424 2952; x_wconf 88' lang='lat' dir='ltr'><strong>coruscis</strong></span> 
     </span>
    </p>
   </div>
   <div class='ocr_carea' id='block_1_58' title="bbox 1837 2978 3430 3056">
    <p class='ocr_par' dir='ltr' id='par_1_58' title="bbox 1837 2978 3430 3056">
     <span class='ocr_line' id='line_1_58' title="bbox 1837 2978 3430 3056; baseline 0.006 -23"><span class='ocrx_word' id='word_1_443' title='bbox 1837 2978 2134 3050; x_wconf 80' lang='lat' dir='ltr'><strong>fulgurum,</strong></span> <span class='ocrx_word' id='word_1_444' title='bbox 2161 2983 2604 3038; x_wconf 86' lang='lat' dir='ltr'><strong>intercessionem</strong></span> <span class='ocrx_word' id='word_1_445' title='bbox 2625 2985 2799 3039; x_wconf 88' lang='lat' dir='ltr'><strong>sancti</strong></span> <span class='ocrx_word' id='word_1_446' title='bbox 2821 2986 3117 3054; x_wconf 68' lang='lat' dir='ltr'><strong>propheta,</strong></span> <span class='ocrx_word' id='word_1_447' title='bbox 3147 2987 3275 3042; x_wconf 91' lang='lat' dir='ltr'><strong>licet</strong></span> <span class='ocrx_word' id='word_1_448' title='bbox 3303 3002 3430 3056; x_wconf 88' lang='lat' dir='ltr'><strong>pee-</strong></span> 
     </span>
    </p>
   </div>
   <div class='ocr_carea' id='block_1_59' title="bbox 1839 3073 3432 3145">
    <p class='ocr_par' dir='ltr' id='par_1_59' title="bbox 1839 3073 3432 3145">
     <span class='ocr_line' id='line_1_59' title="bbox 1839 3073 3432 3145; baseline 0.002 -18"><span class='ocrx_word' id='word_1_449' title='bbox 1839 3080 2071 3138; x_wconf 88' lang='lat' dir='ltr'><strong>catores,</strong></span> <span class='ocrx_word' id='word_1_450' title='bbox 2124 3082 2304 3128; x_wconf 89' lang='lat' dir='ltr'><strong>tamen</strong></span> <span class='ocrx_word' id='word_1_451' title='bbox 2359 3081 2421 3127; x_wconf 90' lang='lat' dir='ltr'><strong>ut</strong></span> <span class='ocrx_word' id='word_1_452' title='bbox 2479 3073 2666 3129; x_wconf 79' lang='lat' dir='ltr'><strong>ﬁdeles</strong></span> <span class='ocrx_word' id='word_1_453' title='bbox 2705 3075 3083 3145; x_wconf 86' lang='lat' dir='ltr'><strong>postularunt;</strong></span> <span class='ocrx_word' id='word_1_454' title='bbox 3133 3091 3240 3136; x_wconf 83' lang='lat' dir='ltr'><strong>non</strong></span> <span class='ocrx_word' id='word_1_455' title='bbox 3289 3077 3432 3132; x_wconf 87' lang='lat' dir='ltr'><strong>sicut</strong></span> 
     </span>
    </p>
   </div>
   <div class='ocr_carea' id='block_1_60' title="bbox 145 3159 3426 3247">
    <p class='ocr_par' dir='ltr' id='par_1_60' title="bbox 145 3159 3426 3247">
     <span class='ocr_line' id='line_1_60' title="bbox 145 3159 3426 3247; baseline -0.002 -23"><span class='ocrx_word' id='word_1_456' title='bbox 145 3169 380 3240; x_wconf 82' lang='lat' dir='ltr'><strong>fulgura,</strong></span> <span class='ocrx_word' id='word_1_457' title='bbox 429 3171 513 3227; x_wconf 91' lang='lat' dir='ltr'><strong>vel</strong></span> <span class='ocrx_word' id='word_1_458' title='bbox 550 3171 796 3237; x_wconf 90' lang='lat' dir='ltr'><strong>fulmina,</strong></span> <span class='ocrx_word' id='word_1_459' title='bbox 835 3174 948 3228; x_wconf 85' lang='lat' dir='ltr'><strong>sive</strong></span> <span class='ocrx_word' id='word_1_460' title='bbox 985 3175 1244 3241; x_wconf 90' lang='lat' dir='ltr'><strong>tonitrua,</strong></span> <span class='ocrx_word' id='word_1_461' title='bbox 1285 3192 1352 3231; x_wconf 88' lang='lat' dir='ltr'><strong>ex</strong></span> <span class='ocrx_word' id='word_1_462' title='bbox 1380 3179 1579 3247; x_wconf 91' lang='lat' dir='ltr'><strong>quibus</strong></span> <span class='ocrx_word' id='word_1_463' title='bbox 1612 3175 1729 3246; x_wconf 78' lang='lat' dir='ltr'><strong>ple.</strong></span> <span class='ocrx_word' id='word_1_464' title='bbox 1754 3159 1799 3221; x_wconf 88' lang='lat' dir='ltr'>C</span> <span class='ocrx_word' id='word_1_465' title='bbox 1834 3161 1925 3217; x_wconf 77' lang='lat' dir='ltr'><strong>isti</strong></span> <span class='ocrx_word' id='word_1_466' title='bbox 1973 3163 2149 3218; x_wconf 88' lang='lat' dir='ltr'><strong>nostri</strong></span> <span class='ocrx_word' id='word_1_467' title='bbox 2197 3161 2545 3227; x_wconf 84' lang='lat' dir='ltr'><strong>semilideles,</strong></span> <span class='ocrx_word' id='word_1_468' title='bbox 2597 3165 2690 3232; x_wconf 89' lang='lat' dir='ltr'><strong>qui</strong></span> <span class='ocrx_word' id='word_1_469' title='bbox 2747 3179 2873 3218; x_wconf 87' lang='lat' dir='ltr'><strong>mox</strong></span> <span class='ocrx_word' id='word_1_470' title='bbox 2920 3173 2981 3218; x_wconf 92' lang='lat' dir='ltr'><strong>ut</strong></span> <span class='ocrx_word' id='word_1_471' title='bbox 3028 3166 3256 3220; x_wconf 91' lang='lat' dir='ltr'><strong>audiunt</strong></span> <span class='ocrx_word' id='word_1_472' title='bbox 3283 3165 3426 3218; x_wconf 81' lang='lat' dir='ltr'><strong>toni-</strong></span> 
     </span>
    </p>
   </div>
   <div class='ocr_carea' id='block_1_61' title="bbox 145 3261 1724 3334">
    <p class='ocr_par' dir='ltr' id='par_1_61' title="bbox 145 3261 1724 3334">
     <span class='ocr_line' id='line_1_61' title="bbox 145 3261 1724 3334; baseline 0.003 -19"><span class='ocrx_word' id='word_1_473' title='bbox 145 3274 375 3331; x_wconf 90' lang='lat' dir='ltr'><strong>rumque</strong></span> <span class='ocrx_word' id='word_1_474' title='bbox 415 3261 525 3316; x_wconf 91' lang='lat' dir='ltr'><strong>alta</strong></span> <span class='ocrx_word' id='word_1_475' title='bbox 567 3263 794 3318; x_wconf 62' lang='lat' dir='ltr'><strong>aedilicia</strong></span> <span class='ocrx_word' id='word_1_476' title='bbox 848 3264 1122 3334; x_wconf 90' lang='lat' dir='ltr'><strong>prosterni</strong></span> <span class='ocrx_word' id='word_1_477' title='bbox 1177 3265 1386 3321; x_wconf 76' lang='lat' dir='ltr'><strong>solent?</strong></span> <span class='ocrx_word' id='word_1_478' title='bbox 1439 3265 1585 3322; x_wconf 86' lang='lat' dir='ltr'><strong>Sane</strong></span> <span class='ocrx_word' id='word_1_479' title='bbox 1615 3281 1724 3320; x_wconf 91' lang='lat' dir='ltr'><strong>non</strong></span> 
     </span>
    </p>
   </div>
   <div class='ocr_carea' id='block_1_62' title="bbox 143 3354 1732 3427">
    <p class='ocr_par' dir='ltr' id='par_1_62' title="bbox 143 3354 1732 3427">
     <span class='ocr_line' id='line_1_62' title="bbox 143 3354 1732 3427; baseline 0.004 -20"><span class='ocrx_word' id='word_1_480' title='bbox 143 3361 416 3423; x_wconf 67' lang='lat' dir='ltr'><strong>praecepto</strong></span> <span class='ocrx_word' id='word_1_481' title='bbox 443 3354 697 3420; x_wconf 86' lang='lat' dir='ltr'><strong>hominis,</strong></span> <span class='ocrx_word' id='word_1_482' title='bbox 737 3355 831 3411; x_wconf 91' lang='lat' dir='ltr'><strong>sed</strong></span> <span class='ocrx_word' id='word_1_483' title='bbox 858 3366 1134 3427; x_wconf 67' lang='lat' dir='ltr'><strong>praecepto</strong></span> <span class='ocrx_word' id='word_1_484' title='bbox 1177 3357 1297 3423; x_wconf 90' lang='lat' dir='ltr'><strong>Dei,</strong></span> <span class='ocrx_word' id='word_1_485' title='bbox 1333 3358 1476 3414; x_wconf 89' lang='lat' dir='ltr'><strong>sicut</strong></span> <span class='ocrx_word' id='word_1_486' title='bbox 1527 3359 1583 3413; x_wconf 92' lang='lat' dir='ltr'><strong>in</strong></span> <span class='ocrx_word' id='word_1_487' title='bbox 1627 3359 1732 3414; x_wconf 87' lang='lat' dir='ltr'><strong>hac</strong></span> 
     </span>
    </p>
   </div>
   <div class='ocr_carea' id='block_1_63' title="bbox 144 3443 1735 3518">
    <p class='ocr_par' dir='ltr' id='par_1_63' title="bbox 144 3443 1735 3518">
     <span class='ocr_line' id='line_1_63' title="bbox 144 3443 1735 3518; baseline 0.003 -19"><span class='ocrx_word' id='word_1_488' title='bbox 144 3445 414 3499; x_wconf 84' lang='lat' dir='ltr'><strong>sententia</strong></span> <span class='ocrx_word' id='word_1_489' title='bbox 446 3443 659 3514; x_wconf 86' lang='lat' dir='ltr'><strong>legitur,</strong></span> <span class='ocrx_word' id='word_1_490' title='bbox 689 3445 745 3499; x_wconf 86' lang='lat' dir='ltr'><strong>in</strong></span> <span class='ocrx_word' id='word_1_491' title='bbox 773 3461 880 3515; x_wconf 90' lang='lat' dir='ltr'><strong>qua</strong></span> <span class='ocrx_word' id='word_1_492' title='bbox 915 3446 1079 3501; x_wconf 87' lang='lat' dir='ltr'><strong>etiam</strong></span> <span class='ocrx_word' id='word_1_493' title='bbox 1125 3456 1250 3517; x_wconf 88' lang='lat' dir='ltr'><strong>post</strong></span> <span class='ocrx_word' id='word_1_494' title='bbox 1283 3448 1562 3518; x_wconf 89' lang='lat' dir='ltr'><strong>paululum</strong></span> <span class='ocrx_word' id='word_1_495' title='bbox 1611 3448 1735 3504; x_wconf 87' lang='lat' dir='ltr'><strong>sub-</strong></span> 
     </span>
    </p>
   </div>
   <div class='ocr_carea' id='block_1_64' title="bbox 144 3530 1733 3608">
    <p class='ocr_par' dir='ltr' id='par_1_64' title="bbox 144 3530 1733 3608">
     <span class='ocr_line' id='line_1_64' title="bbox 144 3530 1733 3608; baseline 0.004 -22"><span class='ocrx_word' id='word_1_496' title='bbox 144 3534 292 3587; x_wconf 83' lang='lat' dir='ltr'><strong>ditur</strong></span> <span class='ocrx_word' id='word_1_497' title='bbox 319 3551 332 3586; x_wconf 91' lang='lat'>:</span> <span class='ocrx_word' id='word_1_498' title='bbox 370 3530 628 3604; x_wconf 85' lang='lat' dir='ltr'><strong>Nunquid</strong></span> <span class='ocrx_word' id='word_1_499' title='bbox 653 3535 756 3589; x_wconf 89' lang='lat' dir='ltr'><strong>scis</strong></span> <span class='ocrx_word' id='word_1_500' title='bbox 781 3535 993 3606; x_wconf 82' lang='lat' dir='ltr'><strong>quando</strong></span> <span class='ocrx_word' id='word_1_501' title='bbox 1036 3538 1339 3608; x_wconf 68' lang='lat' dir='ltr'><strong>praeceperit</strong></span> <span class='ocrx_word' id='word_1_502' title='bbox 1371 3537 1515 3592; x_wconf 90' lang='lat' dir='ltr'><strong>Deus</strong></span> <span class='ocrx_word' id='word_1_503' title='bbox 1543 3537 1733 3608; x_wconf 82' lang='lat' dir='ltr'><strong>pluviis</strong></span> 
     </span>
    </p>
   </div>
   <div class='ocr_carea' id='block_1_65' title="bbox 144 3622 1733 3699">
    <p class='ocr_par' dir='ltr' id='par_1_65' title="bbox 144 3622 1733 3699">
     <span class='ocr_line' id='line_1_65' title="bbox 144 3622 1733 3699; baseline 0.005 -24"><span class='ocrx_word' id='word_1_504' title='bbox 144 3632 202 3676; x_wconf 87' lang='lat' dir='ltr'><strong>ut</strong></span> <span class='ocrx_word' id='word_1_505' title='bbox 258 3622 588 3678; x_wconf 82' lang='lat' dir='ltr'><strong>ostenderent</strong></span> <span class='ocrx_word' id='word_1_506' title='bbox 623 3623 794 3680; x_wconf 85' lang='lat' dir='ltr'><strong>lucem</strong></span> <span class='ocrx_word' id='word_1_507' title='bbox 848 3625 1068 3680; x_wconf 84' lang='lat' dir='ltr'><strong>nubium</strong></span> <span class='ocrx_word' id='word_1_508' title='bbox 1102 3628 1264 3696; x_wconf 76' lang='lat' dir='ltr'><strong>ejus?</strong></span> <span class='ocrx_word' id='word_1_509' title='bbox 1300 3627 1562 3699; x_wconf 84' lang='lat' dir='ltr'><strong>Nunquid</strong></span> <span class='ocrx_word' id='word_1_510' title='bbox 1595 3628 1733 3683; x_wconf 86' lang='lat' dir='ltr'><strong>nosti</strong></span> 
     </span>
    </p>
   </div>
   <div class='ocr_carea' id='block_1_66' title="bbox 146 3714 1731 3787">
    <p class='ocr_par' dir='ltr' id='par_1_66' title="bbox 146 3714 1731 3787">
     <span class='ocr_line' id='line_1_66' title="bbox 146 3714 1731 3787; baseline 0.004 -20"><span class='ocrx_word' id='word_1_511' title='bbox 146 3714 354 3769; x_wconf 84' lang='lat' dir='ltr'><strong>semitas</strong></span> <span class='ocrx_word' id='word_1_512' title='bbox 411 3715 628 3769; x_wconf 82' lang='lat' dir='ltr'><strong>nubium</strong></span> <span class='ocrx_word' id='word_1_513' title='bbox 676 3732 918 3786; x_wconf 87' lang='lat' dir='ltr'><strong>magnas,</strong></span> <span class='ocrx_word' id='word_1_514' title='bbox 944 3725 992 3770; x_wconf 90' lang='lat' dir='ltr'><strong>et</strong></span> <span class='ocrx_word' id='word_1_515' title='bbox 1019 3717 1281 3787; x_wconf 81' lang='lat' dir='ltr'><strong>perfectas</strong></span> <span class='ocrx_word' id='word_1_516' title='bbox 1333 3718 1621 3773; x_wconf 72' lang='lat' dir='ltr'><strong>scientias?</strong></span> <span class='ocrx_word' id='word_1_517' title='bbox 1647 3718 1731 3777; x_wconf 85' lang='lat' dir='ltr'><strong>.ln</strong></span> 
     </span>
    </p>
   </div>
   <div class='ocr_carea' id='block_1_67' title="bbox 145 3804 1730 3879">
    <p class='ocr_par' dir='ltr' id='par_1_67' title="bbox 145 3804 1730 3879">
     <span class='ocr_line' id='line_1_67' title="bbox 145 3804 1730 3879; baseline 0.004 -21"><span class='ocrx_word' id='word_1_518' title='bbox 145 3804 342 3874; x_wconf 88' lang='lat' dir='ltr'><strong>quibus</strong></span> <span class='ocrx_word' id='word_1_519' title='bbox 391 3806 574 3860; x_wconf 90' lang='lat' dir='ltr'><strong>verbis</strong></span> <span class='ocrx_word' id='word_1_520' title='bbox 601 3805 703 3861; x_wconf 86' lang='lat' dir='ltr'><strong>hoc</strong></span> <span class='ocrx_word' id='word_1_521' title='bbox 755 3820 972 3876; x_wconf 85' lang='lat' dir='ltr'><strong>quoque</strong></span> <span class='ocrx_word' id='word_1_522' title='bbox 1017 3809 1313 3862; x_wconf 89' lang='lat' dir='ltr'><strong>notandum</strong></span> <span class='ocrx_word' id='word_1_523' title='bbox 1347 3817 1451 3873; x_wconf 89' lang='lat' dir='ltr'><strong>est,</strong></span> <span class='ocrx_word' id='word_1_524' title='bbox 1505 3809 1632 3879; x_wconf 90' lang='lat' dir='ltr'><strong>quia</strong></span> <span class='ocrx_word' id='word_1_525' title='bbox 1683 3809 1730 3864; x_wconf 90' lang='lat' dir='ltr'><strong>si</strong></span> 
     </span>
    </p>
   </div>
   <div class='ocr_carea' id='block_1_68' title="bbox 146 3895 1735 3969">
    <p class='ocr_par' dir='ltr' id='par_1_68' title="bbox 146 3895 1735 3969">
     <span class='ocr_line' id='line_1_68' title="bbox 146 3895 1735 3969; baseline 0.004 -21"><span class='ocrx_word' id='word_1_526' title='bbox 146 3895 308 3949; x_wconf 85' lang='lat' dir='ltr'><strong>homo</strong></span> <span class='ocrx_word' id='word_1_527' title='bbox 332 3909 441 3950; x_wconf 92' lang='lat' dir='ltr'><strong>non</strong></span> <span class='ocrx_word' id='word_1_528' title='bbox 481 3895 632 3950; x_wconf 90' lang='lat' dir='ltr'><strong>novit</strong></span> <span class='ocrx_word' id='word_1_529' title='bbox 657 3896 880 3952; x_wconf 86' lang='lat' dir='ltr'><strong>semitas</strong></span> <span class='ocrx_word' id='word_1_530' title='bbox 907 3896 1154 3963; x_wconf 88' lang='lat' dir='ltr'><strong>nubium,</strong></span> <span class='ocrx_word' id='word_1_531' title='bbox 1195 3913 1296 3953; x_wconf 90' lang='lat' dir='ltr'><strong>nec</strong></span> <span class='ocrx_word' id='word_1_532' title='bbox 1347 3897 1620 3969; x_wconf 85' lang='lat' dir='ltr'><strong>perfectas</strong></span> <span class='ocrx_word' id='word_1_533' title='bbox 1646 3905 1735 3954; x_wconf 79' lang='lat' dir='ltr'><strong>ea-</strong></span> 
     </span>
    </p>
   </div>
   <div class='ocr_carea' id='block_1_69' title="bbox 144 3983 1730 4051">
    <p class='ocr_par' dir='ltr' id='par_1_69' title="bbox 144 3983 1730 4051">
     <span class='ocr_line' id='line_1_69' title="bbox 144 3983 1730 4051; baseline 0.003 -13"><span class='ocrx_word' id='word_1_534' title='bbox 144 3999 267 4038; x_wconf 89' lang='lat' dir='ltr'><strong>rum</strong></span> <span class='ocrx_word' id='word_1_535' title='bbox 326 3983 604 4051; x_wconf 85' lang='lat' dir='ltr'><strong>scientias,</strong></span> <span class='ocrx_word' id='word_1_536' title='bbox 659 3986 831 4041; x_wconf 83' lang='lat' dir='ltr'><strong>multo</strong></span> <span class='ocrx_word' id='word_1_537' title='bbox 879 3985 1062 4040; x_wconf 86' lang='lat' dir='ltr'><strong>minus</strong></span> <span class='ocrx_word' id='word_1_538' title='bbox 1115 3986 1268 4040; x_wconf 92' lang='lat' dir='ltr'><strong>novit</strong></span> <span class='ocrx_word' id='word_1_539' title='bbox 1321 4001 1510 4042; x_wconf 89' lang='lat' dir='ltr'><strong>earum</strong></span> <span class='ocrx_word' id='word_1_540' title='bbox 1553 3986 1730 4043; x_wconf 85' lang='lat' dir='ltr'><strong>cilicio</strong></span> 
     </span>
    </p>
   </div>
   <div class='ocr_carea' id='block_1_70' title="bbox 143 4073 1728 4147">
    <p class='ocr_par' dir='ltr' id='par_1_70' title="bbox 143 4073 1728 4147">
     <span class='ocr_line' id='line_1_70' title="bbox 143 4073 1728 4147; baseline 0 -16"><span class='ocrx_word' id='word_1_541' title='bbox 143 4073 461 4131; x_wconf 86' lang='lat' dir='ltr'><strong>hominibus</strong></span> <span class='ocrx_word' id='word_1_542' title='bbox 515 4074 772 4145; x_wconf 87' lang='lat' dir='ltr'><strong>prodesse</strong></span> <span class='ocrx_word' id='word_1_543' title='bbox 818 4073 904 4130; x_wconf 89' lang='lat' dir='ltr'><strong>vel</strong></span> <span class='ocrx_word' id='word_1_544' title='bbox 947 4075 1170 4141; x_wconf 85' lang='lat' dir='ltr'><strong>obesse;</strong></span> <span class='ocrx_word' id='word_1_545' title='bbox 1230 4076 1493 4147; x_wconf 83' lang='lat' dir='ltr'><strong>exceptis,</strong></span> <span class='ocrx_word' id='word_1_546' title='bbox 1540 4084 1600 4130; x_wconf 92' lang='lat' dir='ltr'><strong>ut</strong></span> <span class='ocrx_word' id='word_1_547' title='bbox 1645 4077 1728 4132; x_wconf 77' lang='lat' dir='ltr'><strong>di-</strong></span> 
     </span>
    </p>
   </div>
   <div class='ocr_carea' id='block_1_71' title="bbox 145 4163 1732 4232">
    <p class='ocr_par' dir='ltr' id='par_1_71' title="bbox 145 4163 1732 4232">
     <span class='ocr_line' id='line_1_71' title="bbox 145 4163 1732 4232; baseline 0.003 -14"><span class='ocrx_word' id='word_1_548' title='bbox 145 4173 294 4218; x_wconf 91' lang='lat' dir='ltr'><strong>ctum</strong></span> <span class='ocrx_word' id='word_1_549' title='bbox 335 4171 442 4228; x_wconf 89' lang='lat' dir='ltr'><strong>est,</strong></span> <span class='ocrx_word' id='word_1_550' title='bbox 472 4163 711 4228; x_wconf 87' lang='lat' dir='ltr'><strong>&#39;sanctis,</strong></span> <span class='ocrx_word' id='word_1_551' title='bbox 766 4163 859 4232; x_wconf 90' lang='lat' dir='ltr'><strong>qui</strong></span> <span class='ocrx_word' id='word_1_552' title='bbox 906 4164 1205 4220; x_wconf 83' lang='lat' dir='ltr'><strong>secundum</strong></span> <span class='ocrx_word' id='word_1_553' title='bbox 1249 4165 1585 4222; x_wconf 84' lang='lat' dir='ltr'><strong>voluntatem</strong></span> <span class='ocrx_word' id='word_1_554' title='bbox 1633 4166 1732 4222; x_wconf 90' lang='lat' dir='ltr'><strong>Dei</strong></span> 
     </span>
    </p>
   </div>
   <div class='ocr_carea' id='block_1_72' title="bbox 145 4253 1726 4327">
    <p class='ocr_par' dir='ltr' id='par_1_72' title="bbox 145 4253 1726 4327">
     <span class='ocr_line' id='line_1_72' title="bbox 145 4253 1726 4327; baseline 0.003 -19"><span class='ocrx_word' id='word_1_555' title='bbox 145 4254 312 4309; x_wconf 85' lang='lat' dir='ltr'><strong>multa</strong></span> <span class='ocrx_word' id='word_1_556' title='bbox 375 4269 474 4326; x_wconf 89' lang='lat' dir='ltr'><strong>per</strong></span> <span class='ocrx_word' id='word_1_557' title='bbox 501 4253 651 4308; x_wconf 90' lang='lat' dir='ltr'><strong>illum</strong></span> <span class='ocrx_word' id='word_1_558' title='bbox 684 4254 802 4324; x_wconf 89' lang='lat' dir='ltr'><strong>ipso</strong></span> <span class='ocrx_word' id='word_1_559' title='bbox 850 4255 1087 4310; x_wconf 87' lang='lat' dir='ltr'><strong>donante</strong></span> <span class='ocrx_word' id='word_1_560' title='bbox 1111 4264 1357 4324; x_wconf 87' lang='lat' dir='ltr'><strong>possunt,</strong></span> <span class='ocrx_word' id='word_1_561' title='bbox 1405 4272 1512 4312; x_wconf 92' lang='lat' dir='ltr'><strong>non</strong></span> <span class='ocrx_word' id='word_1_562' title='bbox 1536 4257 1726 4327; x_wconf 84' lang='lat' dir='ltr'><strong>utique</strong></span> 
     </span>
    </p>
   </div>
   <div class='ocr_carea' id='block_1_73' title="bbox 141 4343 1732 4416">
    <p class='ocr_par' dir='ltr' id='par_1_73' title="bbox 141 4343 1732 4416">
     <span class='ocr_line' id='line_1_73' title="bbox 141 4343 1732 4416; baseline 0.003 -17"><span class='ocrx_word' id='word_1_563' title='bbox 141 4345 363 4416; x_wconf 89' lang='lat' dir='ltr'><strong>propria</strong></span> <span class='ocrx_word' id='word_1_564' title='bbox 390 4350 485 4398; x_wconf 89' lang='lat' dir='ltr'><strong>aut</strong></span> <span class='ocrx_word' id='word_1_565' title='bbox 512 4343 691 4413; x_wconf 88' lang='lat' dir='ltr'><strong>aliqua</strong></span> <span class='ocrx_word' id='word_1_566' title='bbox 734 4344 1010 4400; x_wconf 86' lang='lat' dir='ltr'><strong>contraria</strong></span> <span class='ocrx_word' id='word_1_567' title='bbox 1059 4345 1280 4411; x_wconf 89' lang='lat' dir='ltr'><strong>virtute,</strong></span> <span class='ocrx_word' id='word_1_568' title='bbox 1323 4345 1419 4401; x_wconf 88' lang='lat' dir='ltr'><strong>sed</strong></span> <span class='ocrx_word' id='word_1_569' title='bbox 1454 4346 1732 4403; x_wconf 84' lang='lat' dir='ltr'><strong>voluntate</strong></span> 
     </span>
    </p>
   </div>
   <div class='ocr_carea' id='block_1_74' title="bbox 146 4432 1730 4503">
    <p class='ocr_par' dir='ltr' id='par_1_74' title="bbox 146 4432 1730 4503">
     <span class='ocr_line' id='line_1_74' title="bbox 146 4432 1730 4503; baseline 0 -13"><span class='ocrx_word' id='word_1_570' title='bbox 146 4433 444 4490; x_wconf 88' lang='lat' dir='ltr'><strong>conditoris</strong></span> <span class='ocrx_word' id='word_1_571' title='bbox 467 4451 486 4487; x_wconf 69' lang='grc' dir='ltr'>ι</span> <span class='ocrx_word' id='word_1_572' title='bbox 515 4433 658 4489; x_wconf 85' lang='lat' dir='ltr'><strong>sicut</strong></span> <span class='ocrx_word' id='word_1_573' title='bbox 689 4447 831 4503; x_wconf 55' lang='lat' dir='ltr'><strong>saepe</strong></span> <span class='ocrx_word' id='word_1_574' title='bbox 857 4432 1013 4487; x_wconf 91' lang='lat' dir='ltr'><strong>multi</strong></span> <span class='ocrx_word' id='word_1_575' title='bbox 1039 4447 1321 4488; x_wconf 86' lang='lat' dir='ltr'><strong>servorum</strong></span> <span class='ocrx_word' id='word_1_576' title='bbox 1343 4433 1440 4490; x_wconf 90' lang='lat' dir='ltr'><strong>Dei</strong></span> <span class='ocrx_word' id='word_1_577' title='bbox 1469 4436 1730 4490; x_wconf 88' lang='lat' dir='ltr'><strong>orationi-</strong></span> 
     </span>
    </p>
   </div>
   <div class='ocr_carea' id='block_1_75' title="bbox 1840 3254 3430 3319">
    <p class='ocr_par' dir='ltr' id='par_1_75' title="bbox 1840 3254 3430 3319">
     <span class='ocr_line' id='line_1_75' title="bbox 1840 3254 3430 3319; baseline -0.001 -11"><span class='ocrx_word' id='word_1_578' title='bbox 1840 3263 1959 3308; x_wconf 86' lang='lat' dir='ltr'><strong>trua</strong></span> <span class='ocrx_word' id='word_1_579' title='bbox 2005 3255 2089 3309; x_wconf 90' lang='lat' dir='ltr'><strong>vel</strong></span> <span class='ocrx_word' id='word_1_580' title='bbox 2131 3269 2254 3308; x_wconf 92' lang='lat' dir='ltr'><strong>eum</strong></span> <span class='ocrx_word' id='word_1_581' title='bbox 2285 3254 2390 3308; x_wconf 84' lang='lat' dir='ltr'><strong>levi</strong></span> <span class='ocrx_word' id='word_1_582' title='bbox 2425 3254 2555 3308; x_wconf 87' lang='lat' dir='ltr'><strong>llatu</strong></span> <span class='ocrx_word' id='word_1_583' title='bbox 2584 3254 2751 3319; x_wconf 86' lang='lat' dir='ltr'><strong>venti,</strong></span> <span class='ocrx_word' id='word_1_584' title='bbox 2797 3255 2983 3309; x_wconf 88' lang='lat' dir='ltr'><strong>dicunt</strong></span> <span class='ocrx_word' id='word_1_585' title='bbox 3009 3254 3265 3309; x_wconf 74' lang='lat' dir='ltr'><strong>Levatitia</strong></span> <span class='ocrx_word' id='word_1_586' title='bbox 3293 3271 3430 3307; x_wconf 90' lang='lat' dir='ltr'><strong>aura</strong></span> 
     </span>
    </p>
   </div>
   <div class='ocr_carea' id='block_1_76' title="bbox 1831 3341 3418 3414">
    <p class='ocr_par' dir='ltr' id='par_1_76' title="bbox 1831 3341 3418 3414">
     <span class='ocr_line' id='line_1_76' title="bbox 1831 3341 3418 3414; baseline -0.003 -16"><span class='ocrx_word' id='word_1_587' title='bbox 1831 3355 1926 3409; x_wconf 89' lang='lat' dir='ltr'><strong>est,</strong></span> <span class='ocrx_word' id='word_1_588' title='bbox 1959 3351 2015 3399; x_wconf 89' lang='lat' dir='ltr'><strong>et</strong></span> <span class='ocrx_word' id='word_1_589' title='bbox 2041 3342 2367 3398; x_wconf 87' lang='lat' dir='ltr'><strong>maledicunt</strong></span> <span class='ocrx_word' id='word_1_590' title='bbox 2387 3341 2630 3398; x_wconf 89' lang='lat' dir='ltr'><strong>dicentes</strong></span> <span class='ocrx_word' id='word_1_591' title='bbox 2661 3360 2673 3396; x_wconf 92' lang='lat'><strong>:</strong></span> <span class='ocrx_word' id='word_1_592' title='bbox 2712 3360 2730 3394; x_wconf 73' lang='grc' dir='ltr'>ι</span> <span class='ocrx_word' id='word_1_593' title='bbox 2772 3341 3058 3398; x_wconf 75' lang='lat' dir='ltr'><strong>Maledicta</strong></span> <span class='ocrx_word' id='word_1_594' title='bbox 3086 3343 3267 3414; x_wconf 84' lang='lat' dir='ltr'><strong>lingua</strong></span> <span class='ocrx_word' id='word_1_595' title='bbox 3296 3342 3418 3408; x_wconf 85' lang='lat' dir='ltr'><strong>illa,</strong></span> 
     </span>
    </p>
   </div>
   <div class='ocr_carea' id='block_1_77' title="bbox 1831 3433 3421 3503">
    <p class='ocr_par' dir='ltr' id='par_1_77' title="bbox 1831 3433 3421 3503">
     <span class='ocr_line' id='line_1_77' title="bbox 1831 3433 3421 3503; baseline 0 -16"><span class='ocrx_word' id='word_1_596' title='bbox 1831 3443 1880 3487; x_wconf 89' lang='lat' dir='ltr'><strong>et</strong></span> <span class='ocrx_word' id='word_1_597' title='bbox 1925 3433 2137 3502; x_wconf 82' lang='lat' dir='ltr'><strong>areﬁat,</strong></span> <span class='ocrx_word' id='word_1_598' title='bbox 2175 3441 2224 3487; x_wconf 91' lang='lat' dir='ltr'><strong>et</strong></span> <span class='ocrx_word' id='word_1_599' title='bbox 2261 3433 2381 3502; x_wconf 86' lang='lat' dir='ltr'><strong>jam</strong></span> <span class='ocrx_word' id='word_1_600' title='bbox 2417 3434 2638 3502; x_wconf 68' lang='lat' dir='ltr'><strong>pra&#39;cisa</strong></span> <span class='ocrx_word' id='word_1_601' title='bbox 2667 3449 2776 3487; x_wconf 86' lang='lat' dir='ltr'><strong>esse</strong></span> <span class='ocrx_word' id='word_1_602' title='bbox 2800 3433 3016 3487; x_wconf 87' lang='lat' dir='ltr'><strong>debebat</strong></span> <span class='ocrx_word' id='word_1_603' title='bbox 3059 3449 3178 3503; x_wconf 61' lang='lat' dir='ltr'><strong>quas</strong></span> <span class='ocrx_word' id='word_1_604' title='bbox 3209 3434 3308 3487; x_wconf 80' lang='lat' dir='ltr'><strong>hoc</strong></span> <span class='ocrx_word' id='word_1_605' title='bbox 3335 3433 3421 3503; x_wconf 80' lang='lat' dir='ltr'><strong>fa-</strong></span> 
     </span>
    </p>
   </div>
   <div class='ocr_carea' id='block_1_78' title="bbox 1833 3524 3415 3596">
    <p class='ocr_par' dir='ltr' id='par_1_78' title="bbox 1833 3524 3415 3596">
     <span class='ocr_line' id='line_1_78' title="bbox 1833 3524 3415 3596; baseline 0.001 -18"><span class='ocrx_word' id='word_1_606' title='bbox 1833 3526 1923 3579; x_wconf 90' lang='lat' dir='ltr'><strong>cit.</strong></span> <span class='ocrx_word' id='word_1_607' title='bbox 1957 3525 2075 3591; x_wconf 90' lang='lat' dir='ltr'><strong>Dic,</strong></span> <span class='ocrx_word' id='word_1_608' title='bbox 2124 3539 2282 3596; x_wconf 82' lang='lat' dir='ltr'><strong>rogo,</strong></span> <span class='ocrx_word' id='word_1_609' title='bbox 2329 3525 2417 3579; x_wconf 91' lang='lat' dir='ltr'><strong>cui</strong></span> <span class='ocrx_word' id='word_1_610' title='bbox 2460 3524 2772 3580; x_wconf 75' lang='lat' dir='ltr'><strong>maledicis?</strong></span> <span class='ocrx_word' id='word_1_611' title='bbox 2811 3525 2982 3595; x_wconf 87' lang='lat' dir='ltr'><strong>justo,</strong></span> <span class='ocrx_word' id='word_1_612' title='bbox 3011 3541 3080 3580; x_wconf 86' lang='lat' dir='ltr'><strong>an</strong></span> <span class='ocrx_word' id='word_1_613' title='bbox 3103 3527 3415 3596; x_wconf 64' lang='lat' dir='ltr'><strong>peccatori?</strong></span> 
     </span>
    </p>
   </div>
   <div class='ocr_carea' id='block_1_79' title="bbox 1833 3614 3419 3686">
    <p class='ocr_par' dir='ltr' id='par_1_79' title="bbox 1833 3614 3419 3686">
     <span class='ocr_line' id='line_1_79' title="bbox 1833 3614 3419 3686; baseline 0.003 -17"><span class='ocrx_word' id='word_1_614' title='bbox 1833 3614 2094 3671; x_wconf 83' lang='lat' dir='ltr'><strong>Peccator</strong></span> <span class='ocrx_word' id='word_1_615' title='bbox 2113 3629 2371 3686; x_wconf 89' lang='lat' dir='ltr'><strong>namque,</strong></span> <span class='ocrx_word' id='word_1_616' title='bbox 2398 3621 2454 3670; x_wconf 87' lang='lat' dir='ltr'><strong>et</strong></span> <span class='ocrx_word' id='word_1_617' title='bbox 2473 3629 2536 3670; x_wconf 89' lang='lat' dir='ltr'><strong>ex</strong></span> <span class='ocrx_word' id='word_1_618' title='bbox 2558 3623 2714 3684; x_wconf 84' lang='lat' dir='ltr'><strong>parte</strong></span> <span class='ocrx_word' id='word_1_619' title='bbox 2736 3615 2968 3672; x_wconf 72' lang='lat' dir='ltr'><strong>infidelis</strong></span> <span class='ocrx_word' id='word_1_620' title='bbox 2989 3617 3182 3672; x_wconf 83' lang='lat' dir='ltr'><strong>similis</strong></span> <span class='ocrx_word' id='word_1_621' title='bbox 3202 3619 3299 3682; x_wconf 85' lang='lat' dir='ltr'><strong>tui,</strong></span> <span class='ocrx_word' id='word_1_622' title='bbox 3323 3633 3419 3674; x_wconf 60' lang='lat' dir='ltr'><strong>auo</strong></span> 
     </span>
    </p>
   </div>
   <div class='ocr_carea' id='block_1_80' title="bbox 1836 3703 3422 3775">
    <p class='ocr_par' dir='ltr' id='par_1_80' title="bbox 1836 3703 3422 3775">
     <span class='ocr_line' id='line_1_80' title="bbox 1836 3703 3422 3775; baseline 0.003 -17"><span class='ocrx_word' id='word_1_623' title='bbox 1836 3720 1976 3770; x_wconf 89' lang='lat' dir='ltr'><strong>ram,</strong></span> <span class='ocrx_word' id='word_1_624' title='bbox 2021 3713 2082 3759; x_wconf 89' lang='lat' dir='ltr'><strong>ut</strong></span> <span class='ocrx_word' id='word_1_625' title='bbox 2127 3703 2307 3759; x_wconf 89' lang='lat' dir='ltr'><strong>dicere</strong></span> <span class='ocrx_word' id='word_1_626' title='bbox 2345 3703 2551 3768; x_wconf 88' lang='lat' dir='ltr'><strong>soletis,</strong></span> <span class='ocrx_word' id='word_1_627' title='bbox 2572 3704 2758 3759; x_wconf 88' lang='lat' dir='ltr'><strong>levare</strong></span> <span class='ocrx_word' id='word_1_628' title='bbox 2783 3719 2890 3758; x_wconf 90' lang='lat' dir='ltr'><strong>non</strong></span> <span class='ocrx_word' id='word_1_629' title='bbox 2921 3705 3126 3774; x_wconf 88' lang='lat' dir='ltr'><strong>potuit;</strong></span> <span class='ocrx_word' id='word_1_630' title='bbox 3164 3706 3290 3775; x_wconf 90' lang='lat' dir='ltr'><strong>quia</strong></span> <span class='ocrx_word' id='word_1_631' title='bbox 3320 3721 3422 3762; x_wconf 91' lang='lat' dir='ltr'><strong>nec</strong></span> 
     </span>
    </p>
   </div>
   <div class='ocr_carea' id='block_1_81' title="bbox 1831 3793 3415 3868">
    <p class='ocr_par' dir='ltr' id='par_1_81' title="bbox 1831 3793 3415 3868">
     <span class='ocr_line' id='line_1_81' title="bbox 1831 3793 3415 3868; baseline 0.004 -21"><span class='ocrx_word' id='word_1_632' title='bbox 1831 3795 2031 3849; x_wconf 89' lang='lat' dir='ltr'><strong>virtute</strong></span> <span class='ocrx_word' id='word_1_633' title='bbox 2061 3810 2156 3850; x_wconf 88' lang='lat' dir='ltr'><strong>sua</strong></span> <span class='ocrx_word' id='word_1_634' title='bbox 2187 3793 2375 3862; x_wconf 91' lang='lat' dir='ltr'><strong>valuit,</strong></span> <span class='ocrx_word' id='word_1_635' title='bbox 2403 3810 2505 3850; x_wconf 88' lang='lat' dir='ltr'><strong>nec</strong></span> <span class='ocrx_word' id='word_1_636' title='bbox 2533 3794 2740 3866; x_wconf 87' lang='lat' dir='ltr'><strong>angelis</strong></span> <span class='ocrx_word' id='word_1_637' title='bbox 2781 3796 2939 3852; x_wconf 87' lang='lat' dir='ltr'><strong>malis</strong></span> <span class='ocrx_word' id='word_1_638' title='bbox 2993 3798 3264 3867; x_wconf 87' lang='lat' dir='ltr'><strong>imperare</strong></span> <span class='ocrx_word' id='word_1_639' title='bbox 3315 3811 3415 3868; x_wconf 86' lang='lat' dir='ltr'><strong>po-</strong></span> 
     </span>
    </p>
   </div>
   <div class='ocr_carea' id='block_1_82' title="bbox 1835 3887 3420 3958">
    <p class='ocr_par' dir='ltr' id='par_1_82' title="bbox 1835 3887 3420 3958">
     <span class='ocr_line' id='line_1_82' title="bbox 1835 3887 3420 3958; baseline 0.001 -16"><span class='ocrx_word' id='word_1_640' title='bbox 1835 3887 1979 3942; x_wconf 89' lang='lat' dir='ltr'><strong>tuit:</strong></span> <span class='ocrx_word' id='word_1_641' title='bbox 2019 3900 2328 3957; x_wconf 86' lang='lat' dir='ltr'><strong>quanquam</strong></span> <span class='ocrx_word' id='word_1_642' title='bbox 2357 3900 2458 3941; x_wconf 91' lang='lat' dir='ltr'><strong>nec</strong></span> <span class='ocrx_word' id='word_1_643' title='bbox 2495 3900 2684 3941; x_wconf 92' lang='lat' dir='ltr'><strong>eorum</strong></span> <span class='ocrx_word' id='word_1_644' title='bbox 2726 3887 2782 3940; x_wconf 92' lang='lat' dir='ltr'><strong>in</strong></span> <span class='ocrx_word' id='word_1_645' title='bbox 2811 3887 2913 3942; x_wconf 88' lang='lat' dir='ltr'><strong>hac</strong></span> <span class='ocrx_word' id='word_1_646' title='bbox 2938 3903 2998 3942; x_wconf 89' lang='lat' dir='ltr'><strong>re</strong></span> <span class='ocrx_word' id='word_1_647' title='bbox 3039 3888 3109 3942; x_wconf 89' lang='lat' dir='ltr'><strong>sit</strong></span> <span class='ocrx_word' id='word_1_648' title='bbox 3151 3896 3420 3958; x_wconf 89' lang='lat' dir='ltr'><strong>potestas.</strong></span> 
     </span>
    </p>
   </div>
   <div class='ocr_carea' id='block_1_83' title="bbox 1833 3975 3422 4047">
    <p class='ocr_par' dir='ltr' id='par_1_83' title="bbox 1833 3975 3422 4047">
     <span class='ocr_line' id='line_1_83' title="bbox 1833 3975 3422 4047; baseline 0.002 -16"><span class='ocrx_word' id='word_1_649' title='bbox 1833 3975 2065 4031; x_wconf 89' lang='lat' dir='ltr'><strong>Domino</strong></span> <span class='ocrx_word' id='word_1_650' title='bbox 2107 3990 2218 4030; x_wconf 90' lang='lat' dir='ltr'><strong>non</strong></span> <span class='ocrx_word' id='word_1_651' title='bbox 2268 3975 2611 4047; x_wconf 88' lang='lat' dir='ltr'><strong>supplicavit,</strong></span> <span class='ocrx_word' id='word_1_652' title='bbox 2663 3986 2722 4030; x_wconf 90' lang='lat' dir='ltr'><strong>ut</strong></span> <span class='ocrx_word' id='word_1_653' title='bbox 2764 3977 2973 4032; x_wconf 85' lang='lat' dir='ltr'><strong>orando</strong></span> <span class='ocrx_word' id='word_1_654' title='bbox 3004 3977 3058 4032; x_wconf 91' lang='lat' dir='ltr'><strong>id</strong></span> <span class='ocrx_word' id='word_1_655' title='bbox 3103 3978 3422 4035; x_wconf 83' lang='lat' dir='ltr'><strong>obtineret:</strong></span> 
     </span>
    </p>
   </div>
   <div class='ocr_carea' id='block_1_84' title="bbox 1836 4066 3428 4138">
    <p class='ocr_par' dir='ltr' id='par_1_84' title="bbox 1836 4066 3428 4138">
     <span class='ocr_line' id='line_1_84' title="bbox 1836 4066 3428 4138; baseline 0.001 -18"><span class='ocrx_word' id='word_1_656' title='bbox 1836 4067 1964 4137; x_wconf 89' lang='lat' dir='ltr'><strong>quia</strong></span> <span class='ocrx_word' id='word_1_657' title='bbox 1992 4067 2134 4122; x_wconf 83' lang='lat' dir='ltr'><strong>sicut</strong></span> <span class='ocrx_word' id='word_1_658' title='bbox 2169 4081 2286 4131; x_wconf 88' lang='lat' dir='ltr'><strong>vos,</strong></span> <span class='ocrx_word' id='word_1_659' title='bbox 2337 4066 2414 4121; x_wconf 90' lang='lat' dir='ltr'><strong>ita</strong></span> <span class='ocrx_word' id='word_1_660' title='bbox 2440 4073 2495 4122; x_wconf 91' lang='lat' dir='ltr'><strong>et</strong></span> <span class='ocrx_word' id='word_1_661' title='bbox 2522 4066 2598 4121; x_wconf 91' lang='lat' dir='ltr'><strong>illi</strong></span> <span class='ocrx_word' id='word_1_662' title='bbox 2650 4082 2786 4137; x_wconf 88' lang='lat' dir='ltr'><strong>quos</strong></span> <span class='ocrx_word' id='word_1_663' title='bbox 2841 4069 3223 4137; x_wconf 88' lang='lat' dir='ltr'><strong>tempestarios</strong></span> <span class='ocrx_word' id='word_1_664' title='bbox 3270 4077 3428 4138; x_wconf 84' lang='lat' dir='ltr'><strong>puta-</strong></span> 
     </span>
    </p>
   </div>
   <div class='ocr_carea' id='block_1_85' title="bbox 1834 4157 3425 4229">
    <p class='ocr_par' dir='ltr' id='par_1_85' title="bbox 1834 4157 3425 4229">
     <span class='ocr_line' id='line_1_85' title="bbox 1834 4157 3425 4229; baseline -0.001 -15"><span class='ocrx_word' id='word_1_665' title='bbox 1834 4162 1926 4225; x_wconf 90' lang='lat' dir='ltr'><strong>tis,</strong></span> <span class='ocrx_word' id='word_1_666' title='bbox 1979 4158 2269 4229; x_wconf 74' lang='lat' dir='ltr'><strong>prznstigiis</strong></span> <span class='ocrx_word' id='word_1_667' title='bbox 2330 4157 2489 4215; x_wconf 89' lang='lat' dir='ltr'><strong>malis</strong></span> <span class='ocrx_word' id='word_1_668' title='bbox 2534 4157 2651 4213; x_wconf 78' lang='lat' dir='ltr'><strong>ﬁeri</strong></span> <span class='ocrx_word' id='word_1_669' title='bbox 2681 4159 2797 4214; x_wconf 59' lang='lat' dir='ltr'><strong>hac</strong></span> <span class='ocrx_word' id='word_1_670' title='bbox 2823 4167 3036 4228; x_wconf 85' lang='lat' dir='ltr'><strong>putant,</strong></span> <span class='ocrx_word' id='word_1_671' title='bbox 3094 4175 3201 4213; x_wconf 92' lang='lat' dir='ltr'><strong>non</strong></span> <span class='ocrx_word' id='word_1_672' title='bbox 3228 4158 3425 4214; x_wconf 88' lang='lat' dir='ltr'><strong>volun-</strong></span> 
     </span>
    </p>
   </div>
   <div class='ocr_carea' id='block_1_86' title="bbox 1835 4250 3411 4321">
    <p class='ocr_par' dir='ltr' id='par_1_86' title="bbox 1835 4250 3411 4321">
     <span class='ocr_line' id='line_1_86' title="bbox 1835 4250 3411 4321; baseline -0.002 -14"><span class='ocrx_word' id='word_1_673' title='bbox 1835 4260 1944 4307; x_wconf 86' lang='lat' dir='ltr'><strong>tate</strong></span> <span class='ocrx_word' id='word_1_674' title='bbox 1994 4251 2092 4307; x_wconf 92' lang='lat' dir='ltr'><strong>Dei</strong></span> <span class='ocrx_word' id='word_1_675' title='bbox 2133 4269 2144 4304; x_wconf 88' lang='lat'>:</span> <span class='ocrx_word' id='word_1_676' title='bbox 2190 4250 2317 4307; x_wconf 89' lang='lat' dir='ltr'><strong>licet</strong></span> <span class='ocrx_word' id='word_1_677' title='bbox 2361 4250 2464 4306; x_wconf 89' lang='lat' dir='ltr'><strong>etsi</strong></span> <span class='ocrx_word' id='word_1_678' title='bbox 2503 4264 2534 4306; x_wconf 87' lang='lat' dir='ltr'><strong>a</strong></span> <span class='ocrx_word' id='word_1_679' title='bbox 2575 4251 2804 4306; x_wconf 89' lang='lat' dir='ltr'><strong>Domino</strong></span> <span class='ocrx_word' id='word_1_680' title='bbox 2845 4251 2956 4305; x_wconf 89' lang='lat' dir='ltr'><strong>Deo</strong></span> <span class='ocrx_word' id='word_1_681' title='bbox 3001 4251 3104 4305; x_wconf 90' lang='lat' dir='ltr'><strong>hoc</strong></span> <span class='ocrx_word' id='word_1_682' title='bbox 3139 4257 3411 4321; x_wconf 86' lang='lat' dir='ltr'><strong>peterent,</strong></span> 
     </span>
    </p>
   </div>
   <div class='ocr_carea' id='block_1_87' title="bbox 1833 4340 3422 4411">
    <p class='ocr_par' dir='ltr' id='par_1_87' title="bbox 1833 4340 3422 4411">
     <span class='ocr_line' id='line_1_87' title="bbox 1833 4340 3422 4411; baseline -0.002 -16"><span class='ocrx_word' id='word_1_683' title='bbox 1833 4356 1940 4395; x_wconf 85' lang='lat' dir='ltr'><strong>non</strong></span> <span class='ocrx_word' id='word_1_684' title='bbox 1969 4349 2311 4395; x_wconf 89' lang='lat' dir='ltr'><strong>mererentur</strong></span> <span class='ocrx_word' id='word_1_685' title='bbox 2337 4340 2562 4410; x_wconf 76' lang='lat' dir='ltr'><strong>adipisci</strong></span> <span class='ocrx_word' id='word_1_686' title='bbox 2600 4357 2613 4392; x_wconf 92' lang='lat'>:</span> <span class='ocrx_word' id='word_1_687' title='bbox 2643 4341 2787 4409; x_wconf 90' lang='lat' dir='ltr'><strong>quod</strong></span> <span class='ocrx_word' id='word_1_688' title='bbox 2814 4340 2999 4409; x_wconf 90' lang='lat' dir='ltr'><strong>utique</strong></span> <span class='ocrx_word' id='word_1_689' title='bbox 3018 4341 3288 4411; x_wconf 86' lang='lat' dir='ltr'><strong>justorum</strong></span> <span class='ocrx_word' id='word_1_690' title='bbox 3316 4349 3422 4406; x_wconf 85' lang='lat' dir='ltr'><strong>est,</strong></span> 
     </span>
    </p>
   </div>
   <div class='ocr_carea' id='block_1_88' title="bbox 1833 4430 3420 4502">
    <p class='ocr_par' dir='ltr' id='par_1_88' title="bbox 1833 4430 3420 4502">
     <span class='ocr_line' id='line_1_88' title="bbox 1833 4430 3420 4502; baseline 0.001 -17"><span class='ocrx_word' id='word_1_691' title='bbox 1833 4446 1939 4485; x_wconf 90' lang='lat' dir='ltr'><strong>non</strong></span> <span class='ocrx_word' id='word_1_692' title='bbox 1966 4431 2276 4500; x_wconf 88' lang='lat' dir='ltr'><strong>iniquorum</strong></span> <span class='ocrx_word' id='word_1_693' title='bbox 2307 4448 2320 4484; x_wconf 86' lang='lat'>:</span> <span class='ocrx_word' id='word_1_694' title='bbox 2346 4431 2437 4499; x_wconf 92' lang='lat' dir='ltr'><strong>qui</strong></span> <span class='ocrx_word' id='word_1_695' title='bbox 2459 4430 2514 4484; x_wconf 91' lang='lat' dir='ltr'><strong>in</strong></span> <span class='ocrx_word' id='word_1_696' title='bbox 2545 4431 2746 4486; x_wconf 90' lang='lat' dir='ltr'><strong>talibus</strong></span> <span class='ocrx_word' id='word_1_697' title='bbox 2791 4433 2973 4497; x_wconf 90' lang='lat' dir='ltr'><strong>rebus,</strong></span> <span class='ocrx_word' id='word_1_698' title='bbox 3023 4432 3128 4487; x_wconf 86' lang='lat' dir='ltr'><strong>etsi</strong></span> <span class='ocrx_word' id='word_1_699' title='bbox 3174 4439 3420 4502; x_wconf 81' lang='lat' dir='ltr'><strong>petunta</strong></span> 
     </span>
    </p>
   </div>
   <div class='ocr_carea' id='block_1_89' title="bbox 143 4497 3419 4609">
    <p class='ocr_par' dir='ltr' id='par_1_89' title="bbox 143 4497 3419 4609">
     <span class='ocr_line' id='line_1_89' title="bbox 143 4497 3419 4609; baseline -0.002 -26"><span class='ocrx_word' id='word_1_700' title='bbox 143 4528 244 4583; x_wconf 87' lang='lat' dir='ltr'><strong>bus</strong></span> <span class='ocrx_word' id='word_1_701' title='bbox 267 4527 638 4590; x_wconf 89' lang='lat' dir='ltr'><strong>obtinuerunt,</strong></span> <span class='ocrx_word' id='word_1_702' title='bbox 668 4533 728 4580; x_wconf 91' lang='lat' dir='ltr'><strong>ut</strong></span> <span class='ocrx_word' id='word_1_703' title='bbox 748 4497 993 4609; x_wconf 77' lang='lat' dir='ltr'><strong>tempore</strong></span> <span class='ocrx_word' id='word_1_704' title='bbox 1009 4525 1271 4581; x_wconf 84' lang='lat' dir='ltr'><strong>siccitatis</strong></span> <span class='ocrx_word' id='word_1_705' title='bbox 1296 4525 1508 4596; x_wconf 87' lang='lat' dir='ltr'><strong>pluvias</strong></span> <span class='ocrx_word' id='word_1_706' title='bbox 1539 4526 1725 4583; x_wconf 84' lang='lat' dir='ltr'><strong>Domi-</strong></span> <span class='ocrx_word' id='word_1_707' title='bbox 1755 4497 1808 4556; x_wconf 82' lang='lat' dir='ltr'><strong>D</strong></span> <span class='ocrx_word' id='word_1_708' title='bbox 1835 4497 2312 4589; x_wconf 29' lang='lat' dir='ltr'><strong>Domino—aliquid,</strong></span> <span class='ocrx_word' id='word_1_709' title='bbox 2351 4497 2640 4574; x_wconf 76' lang='lat' dir='ltr'><strong>inﬁdeliter</strong></span> <span class='ocrx_word' id='word_1_710' title='bbox 2659 4529 2715 4576; x_wconf 89' lang='lat' dir='ltr'><strong>et</strong></span> <span class='ocrx_word' id='word_1_711' title='bbox 2741 4520 2936 4592; x_wconf 89' lang='lat' dir='ltr'><strong>duplici</strong></span> <span class='ocrx_word' id='word_1_712' title='bbox 2989 4497 3419 4593; x_wconf 51' lang='lat' dir='ltr'><strong>animo-petunt,</strong></span> 
     </span>
    </p>
   </div>
   <div class='ocr_carea' id='block_1_90' title="bbox 144 4619 823 4691">
    <p class='ocr_par' dir='ltr' id='par_1_90' title="bbox 144 4619 823 4691">
     <span class='ocr_line' id='line_1_90' title="bbox 144 4619 823 4691; baseline -0.004 -16"><span class='ocrx_word' id='word_1_713' title='bbox 144 4636 246 4675; x_wconf 90' lang='lat' dir='ltr'><strong>nus</strong></span> <span class='ocrx_word' id='word_1_714' title='bbox 280 4620 466 4691; x_wconf 89' lang='lat' dir='ltr'><strong>largiri</strong></span> <span class='ocrx_word' id='word_1_715' title='bbox 489 4619 823 4690; x_wconf 87' lang='lat' dir='ltr'><strong>dignaretur.</strong></span> 
     </span>
    </p>
   </div>
   <div class='ocr_carea' id='block_1_91' title="bbox 212 4708 1725 4782">
    <p class='ocr_par' dir='ltr' id='par_1_91' title="bbox 212 4708 1725 4782">
     <span class='ocr_line' id='line_1_91' title="bbox 212 4708 1725 4782; baseline 0 -16"><span class='ocrx_word' id='word_1_716' title='bbox 212 4711 283 4766; x_wconf 75' lang='grc' dir='ltr'><strong>Χ.</strong></span> <span class='ocrx_word' id='word_1_717' title='bbox 339 4711 432 4766; x_wconf 90' lang='lat' dir='ltr'><strong>Sic</strong></span> <span class='ocrx_word' id='word_1_718' title='bbox 469 4712 613 4767; x_wconf 89' lang='lat' dir='ltr'><strong>enim</strong></span> <span class='ocrx_word' id='word_1_719' title='bbox 645 4712 836 4767; x_wconf 89' lang='lat' dir='ltr'><strong>beatus</strong></span> <span class='ocrx_word' id='word_1_720' title='bbox 894 4709 1130 4768; x_wconf 72' lang='lat' dir='ltr'><strong>Iacobus</strong></span> <span class='ocrx_word' id='word_1_721' title='bbox 1167 4711 1466 4782; x_wconf 88' lang='lat' dir='ltr'><strong>apostolus,</strong></span> <span class='ocrx_word' id='word_1_722' title='bbox 1524 4708 1725 4766; x_wconf 85' lang='lat' dir='ltr'><strong>factum</strong></span> 
     </span>
    </p>
   </div>
   <div class='ocr_carea' id='block_1_92' title="bbox 139 4801 1730 4874">
    <p class='ocr_par' dir='ltr' id='par_1_92' title="bbox 139 4801 1730 4874">
     <span class='ocr_line' id='line_1_92' title="bbox 139 4801 1730 4874; baseline -0.001 -17"><span class='ocrx_word' id='word_1_723' title='bbox 139 4803 274 4858; x_wconf 76' lang='lat' dir='ltr'><strong>Elia:</strong></span> <span class='ocrx_word' id='word_1_724' title='bbox 318 4802 596 4874; x_wconf 68' lang='lat' dir='ltr'><strong>prephetaa</strong></span> <span class='ocrx_word' id='word_1_725' title='bbox 629 4801 685 4856; x_wconf 94' lang='lat' dir='ltr'><strong>in</strong></span> <span class='ocrx_word' id='word_1_726' title='bbox 723 4801 1029 4873; x_wconf 89' lang='lat' dir='ltr'><strong>exemplum</strong></span> <span class='ocrx_word' id='word_1_727' title='bbox 1055 4802 1211 4858; x_wconf 87' lang='lat' dir='ltr'><strong>nobis</strong></span> <span class='ocrx_word' id='word_1_728' title='bbox 1251 4815 1580 4873; x_wconf 91' lang='lat' dir='ltr'><strong>proponens,</strong></span> <span class='ocrx_word' id='word_1_729' title='bbox 1634 4816 1730 4856; x_wconf 89' lang='lat' dir='ltr'><strong>ex-</strong></span> 
     </span>
    </p>
   </div>
   <div class='ocr_carea' id='block_1_93' title="bbox 140 4893 1723 4964">
    <p class='ocr_par' dir='ltr' id='par_1_93' title="bbox 140 4893 1723 4964">
     <span class='ocr_line' id='line_1_93' title="bbox 140 4893 1723 4964; baseline -0.003 -13"><span class='ocrx_word' id='word_1_730' title='bbox 140 4895 394 4951; x_wconf 85' lang='lat' dir='ltr'><strong>hortatur</strong></span> <span class='ocrx_word' id='word_1_731' title='bbox 432 4908 534 4950; x_wconf 87' lang='lat' dir='ltr'><strong>nos</strong></span> <span class='ocrx_word' id='word_1_732' title='bbox 584 4893 652 4948; x_wconf 89' lang='lat' dir='ltr'><strong>ad</strong></span> <span class='ocrx_word' id='word_1_733' title='bbox 677 4895 977 4952; x_wconf 90' lang='lat' dir='ltr'><strong>orationem</strong></span> <span class='ocrx_word' id='word_1_734' title='bbox 1023 4908 1310 4950; x_wconf 89' lang='lat' dir='ltr'><strong>recurrere</strong></span> <span class='ocrx_word' id='word_1_735' title='bbox 1337 4907 1440 4964; x_wconf 86' lang='lat' dir='ltr'><strong>pro</strong></span> <span class='ocrx_word' id='word_1_736' title='bbox 1484 4893 1723 4957; x_wconf 85' lang='lat' dir='ltr'><strong>tristitia,</strong></span> 
     </span>
    </p>
   </div>
   <div class='ocr_carea' id='block_1_94' title="bbox 137 4983 1727 5056">
    <p class='ocr_par' dir='ltr' id='par_1_94' title="bbox 137 4983 1727 5056">
     <span class='ocr_line' id='line_1_94' title="bbox 137 4983 1727 5056; baseline -0.003 -17"><span class='ocrx_word' id='word_1_737' title='bbox 137 4999 240 5056; x_wconf 85' lang='lat' dir='ltr'><strong>pro</strong></span> <span class='ocrx_word' id='word_1_738' title='bbox 261 4983 597 5048; x_wconf 79' lang='lat' dir='ltr'><strong>inﬁmitate,</strong></span> <span class='ocrx_word' id='word_1_739' title='bbox 618 4997 719 5052; x_wconf 88' lang='lat' dir='ltr'><strong>pro</strong></span> <span class='ocrx_word' id='word_1_740' title='bbox 748 4984 1070 5039; x_wconf 89' lang='lat' dir='ltr'><strong>remissione</strong></span> <span class='ocrx_word' id='word_1_741' title='bbox 1092 4991 1461 5055; x_wconf 86' lang='lat' dir='ltr'><strong>peccatorum,</strong></span> <span class='ocrx_word' id='word_1_742' title='bbox 1510 4983 1727 5038; x_wconf 88' lang='lat' dir='ltr'><strong>dicens:</strong></span> 
     </span>
    </p>
   </div>
   <div class='ocr_carea' id='block_1_95' title="bbox 141 5070 1730 5144">
    <p class='ocr_par' dir='ltr' id='par_1_95' title="bbox 141 5070 1730 5144">
     <span class='ocr_line' id='line_1_95' title="bbox 141 5070 1730 5144; baseline -0.004 -13"><span class='ocrx_word' id='word_1_743' title='bbox 141 5074 303 5131; x_wconf 86' lang='lat' dir='ltr'><strong>Orate</strong></span> <span class='ocrx_word' id='word_1_744' title='bbox 323 5088 419 5144; x_wconf 90' lang='lat' dir='ltr'><strong>pro</strong></span> <span class='ocrx_word' id='word_1_745' title='bbox 449 5072 666 5126; x_wconf 87' lang='lat' dir='ltr'><strong>invicem</strong></span> <span class='ocrx_word' id='word_1_746' title='bbox 719 5081 774 5126; x_wconf 83' lang='lat' dir='ltr'><strong>ut</strong></span> <span class='ocrx_word' id='word_1_747' title='bbox 797 5072 1092 5128; x_wconf 85' lang='lat' dir='ltr'><strong>salvemini.</strong></span> <span class='ocrx_word' id='word_1_748' title='bbox 1147 5070 1377 5127; x_wconf 70' lang='lat' dir='ltr'><strong>Multum</strong></span> <span class='ocrx_word' id='word_1_749' title='bbox 1413 5073 1552 5126; x_wconf 89' lang='lat' dir='ltr'><strong>enim</strong></span> <span class='ocrx_word' id='word_1_750' title='bbox 1594 5070 1730 5126; x_wconf 83' lang='lat' dir='ltr'><strong>valet</strong></span> 
     </span>
    </p>
   </div>
   <div class='ocr_carea' id='block_1_96' title="bbox 139 5161 1729 5235">
    <p class='ocr_par' dir='ltr' id='par_1_96' title="bbox 139 5161 1729 5235">
     <span class='ocr_line' id='line_1_96' title="bbox 139 5161 1729 5235; baseline -0.003 -15"><span class='ocrx_word' id='word_1_751' title='bbox 139 5161 438 5235; x_wconf 87' lang='lat' dir='ltr'><strong>deprecatio</strong></span> <span class='ocrx_word' id='word_1_752' title='bbox 462 5161 601 5232; x_wconf 85' lang='lat' dir='ltr'><strong>justi</strong></span> <span class='ocrx_word' id='word_1_753' title='bbox 653 5161 892 5216; x_wconf 88' lang='lat' dir='ltr'><strong>assidua.</strong></span> <span class='ocrx_word' id='word_1_754' title='bbox 931 5162 1116 5218; x_wconf 82' lang='lat' dir='ltr'><strong>Helias</strong></span> <span class='ocrx_word' id='word_1_755' title='bbox 1166 5163 1322 5219; x_wconf 71' lang='lat' dir='ltr'><strong>homo</strong></span> <span class='ocrx_word' id='word_1_756' title='bbox 1376 5172 1493 5217; x_wconf 88' lang='lat' dir='ltr'><strong>erat</strong></span> <span class='ocrx_word' id='word_1_757' title='bbox 1538 5161 1729 5217; x_wconf 87' lang='lat' dir='ltr'><strong>similis</strong></span> 
     </span>
    </p>
   </div>
   <div class='ocr_carea' id='block_1_97' title="bbox 139 5257 1720 5331">
    <p class='ocr_par' dir='ltr' id='par_1_97' title="bbox 139 5257 1720 5331">
     <span class='ocr_line' id='line_1_97' title="bbox 139 5257 1720 5331; baseline -0.003 -15"><span class='ocrx_word' id='word_1_758' title='bbox 139 5263 314 5326; x_wconf 79' lang='lat' dir='ltr'><strong>nobis,</strong></span> <span class='ocrx_word' id='word_1_759' title='bbox 357 5259 656 5331; x_wconf 85' lang='lat' dir='ltr'><strong>passibilis;</strong></span> <span class='ocrx_word' id='word_1_760' title='bbox 684 5269 731 5314; x_wconf 87' lang='lat' dir='ltr'><strong>et</strong></span> <span class='ocrx_word' id='word_1_761' title='bbox 757 5260 1049 5315; x_wconf 87' lang='lat' dir='ltr'><strong>orationem</strong></span> <span class='ocrx_word' id='word_1_762' title='bbox 1078 5262 1246 5315; x_wconf 88' lang='lat' dir='ltr'><strong>oravit</strong></span> <span class='ocrx_word' id='word_1_763' title='bbox 1267 5271 1325 5315; x_wconf 87' lang='lat' dir='ltr'><strong>ut</strong></span> <span class='ocrx_word' id='word_1_764' title='bbox 1345 5276 1451 5314; x_wconf 89' lang='lat' dir='ltr'><strong>non</strong></span> <span class='ocrx_word' id='word_1_765' title='bbox 1495 5257 1720 5330; x_wconf 90' lang='lat' dir='ltr'><strong>plueret,</strong></span> 
     </span>
    </p>
   </div>
   <div class='ocr_carea' id='block_1_98' title="bbox 138 5349 1724 5420">
    <p class='ocr_par' dir='ltr' id='par_1_98' title="bbox 138 5349 1724 5420">
     <span class='ocr_line' id='line_1_98' title="bbox 138 5349 1724 5420; baseline -0.003 -13"><span class='ocrx_word' id='word_1_766' title='bbox 138 5363 192 5408; x_wconf 87' lang='lat' dir='ltr'><strong>et</strong></span> <span class='ocrx_word' id='word_1_767' title='bbox 221 5368 325 5405; x_wconf 88' lang='lat' dir='ltr'><strong>non</strong></span> <span class='ocrx_word' id='word_1_768' title='bbox 370 5349 504 5420; x_wconf 89' lang='lat' dir='ltr'><strong>pluit</strong></span> <span class='ocrx_word' id='word_1_769' title='bbox 557 5368 723 5406; x_wconf 87' lang='lat' dir='ltr'><strong>annos</strong></span> <span class='ocrx_word' id='word_1_770' title='bbox 764 5360 867 5405; x_wconf 89' lang='lat' dir='ltr'><strong>tres</strong></span> <span class='ocrx_word' id='word_1_771' title='bbox 917 5361 966 5404; x_wconf 80' lang='lat' dir='ltr'><strong>et</strong></span> <span class='ocrx_word' id='word_1_772' title='bbox 995 5368 1196 5406; x_wconf 89' lang='lat' dir='ltr'><strong>menses</strong></span> <span class='ocrx_word' id='word_1_773' title='bbox 1222 5368 1332 5406; x_wconf 72' lang='lat' dir='ltr'><strong>sex.</strong></span> <span class='ocrx_word' id='word_1_774' title='bbox 1395 5351 1464 5405; x_wconf 85' lang='lat' dir='ltr'><strong>Et</strong></span> <span class='ocrx_word' id='word_1_775' title='bbox 1512 5367 1724 5405; x_wconf 86' lang='lat' dir='ltr'><strong>rursum</strong></span> 
     </span>
    </p>
   </div>
   <div class='ocr_carea' id='block_1_99' title="bbox 139 5438 1718 5510">
    <p class='ocr_par' dir='ltr' id='par_1_99' title="bbox 139 5438 1718 5510">
     <span class='ocr_line' id='line_1_99' title="bbox 139 5438 1718 5510; baseline -0.002 -14"><span class='ocrx_word' id='word_1_776' title='bbox 139 5443 312 5496; x_wconf 82' lang='lat' dir='ltr'><strong>oravit</strong></span> <span class='ocrx_word' id='word_1_777' title='bbox 337 5457 355 5493; x_wconf 88' lang='lat'><strong><em>:</em></strong></span> <span class='ocrx_word' id='word_1_778' title='bbox 379 5449 428 5494; x_wconf 91' lang='lat' dir='ltr'><strong>et</strong></span> <span class='ocrx_word' id='word_1_779' title='bbox 455 5439 641 5494; x_wconf 69' lang='lat' dir='ltr'><strong>coelum</strong></span> <span class='ocrx_word' id='word_1_780' title='bbox 662 5440 805 5495; x_wconf 88' lang='lat' dir='ltr'><strong>dedit</strong></span> <span class='ocrx_word' id='word_1_781' title='bbox 825 5438 1050 5510; x_wconf 83' lang='lat' dir='ltr'><strong>pluvias,</strong></span> <span class='ocrx_word' id='word_1_782' title='bbox 1074 5450 1122 5494; x_wconf 94' lang='lat' dir='ltr'><strong>et</strong></span> <span class='ocrx_word' id='word_1_783' title='bbox 1150 5449 1290 5495; x_wconf 89' lang='lat' dir='ltr'><strong>terra</strong></span> <span class='ocrx_word' id='word_1_784' title='bbox 1321 5441 1464 5494; x_wconf 86' lang='lat' dir='ltr'><strong>dedit</strong></span> <span class='ocrx_word' id='word_1_785' title='bbox 1488 5440 1718 5510; x_wconf 85' lang='lat' dir='ltr'><strong>fructum</strong></span> 
     </span>
    </p>
   </div>
   <div class='ocr_carea' id='block_1_100' title="bbox 138 5529 1714 5600">
    <p class='ocr_par' dir='ltr' id='par_1_100' title="bbox 138 5529 1714 5600">
     <span class='ocr_line' id='line_1_100' title="bbox 138 5529 1714 5600; baseline -0.001 -15"><span class='ocrx_word' id='word_1_786' title='bbox 138 5547 314 5586; x_wconf 85' lang='lat' dir='ltr'><strong>suum.</strong></span> <span class='ocrx_word' id='word_1_787' title='bbox 345 5529 492 5584; x_wconf 86' lang='lat' dir='ltr'><strong>Elias</strong></span> <span class='ocrx_word' id='word_1_788' title='bbox 520 5529 706 5599; x_wconf 90' lang='lat' dir='ltr'><strong>itaque</strong></span> <span class='ocrx_word' id='word_1_789' title='bbox 732 5529 1031 5585; x_wconf 90' lang='lat' dir='ltr'><strong>orationem</strong></span> <span class='ocrx_word' id='word_1_790' title='bbox 1057 5531 1234 5585; x_wconf 86' lang='lat' dir='ltr'><strong>oravit</strong></span> <span class='ocrx_word' id='word_1_791' title='bbox 1260 5539 1320 5584; x_wconf 91' lang='lat' dir='ltr'><strong>ut</strong></span> <span class='ocrx_word' id='word_1_792' title='bbox 1346 5545 1452 5584; x_wconf 92' lang='lat' dir='ltr'><strong>non</strong></span> <span class='ocrx_word' id='word_1_793' title='bbox 1483 5529 1714 5600; x_wconf 91' lang='lat' dir='ltr'><strong>plueret,</strong></span> 
     </span>
    </p>
   </div>
   <div class='ocr_carea' id='block_1_101' title="bbox 140 5619 1719 5691">
    <p class='ocr_par' dir='ltr' id='par_1_101' title="bbox 140 5619 1719 5691">
     <span class='ocr_line' id='line_1_101' title="bbox 140 5619 1719 5691; baseline -0.002 -14"><span class='ocrx_word' id='word_1_794' title='bbox 140 5631 330 5678; x_wconf 90' lang='lat' dir='ltr'><strong>etnon</strong></span> <span class='ocrx_word' id='word_1_795' title='bbox 372 5619 507 5691; x_wconf 88' lang='lat' dir='ltr'><strong>pluit</strong></span> <span class='ocrx_word' id='word_1_796' title='bbox 528 5633 700 5674; x_wconf 89' lang='lat' dir='ltr'><strong>annos</strong></span> <span class='ocrx_word' id='word_1_797' title='bbox 755 5627 865 5674; x_wconf 88' lang='lat' dir='ltr'><strong>tres</strong></span> <span class='ocrx_word' id='word_1_798' title='bbox 911 5635 1126 5676; x_wconf 89' lang='lat' dir='ltr'><strong>menses</strong></span> <span class='ocrx_word' id='word_1_799' title='bbox 1161 5636 1276 5677; x_wconf 78' lang='lat' dir='ltr'><strong>sex.</strong></span> <span class='ocrx_word' id='word_1_800' title='bbox 1337 5620 1487 5676; x_wconf 87' lang='lat' dir='ltr'><strong>Fecit</strong></span> <span class='ocrx_word' id='word_1_801' title='bbox 1537 5629 1719 5675; x_wconf 88' lang='lat' dir='ltr'><strong>autem</strong></span> 
     </span>
    </p>
   </div>
   <div class='ocr_carea' id='block_1_102' title="bbox 145 5713 1724 5790">
    <p class='ocr_par' dir='ltr' id='par_1_102' title="bbox 145 5713 1724 5790">
     <span class='ocr_line' id='line_1_102' title="bbox 145 5713 1724 5790; baseline -0.004 -17"><span class='ocrx_word' id='word_1_802' title='bbox 145 5719 248 5773; x_wconf 80' lang='lat' dir='ltr'><strong>hoc</strong></span> <span class='ocrx_word' id='word_1_803' title='bbox 294 5723 519 5790; x_wconf 82' lang='lat' dir='ltr'><strong>propter</strong></span> <span class='ocrx_word' id='word_1_804' title='bbox 561 5714 957 5784; x_wconf 86' lang='lat' dir='ltr'><strong>eorrcptionem</strong></span> <span class='ocrx_word' id='word_1_805' title='bbox 1011 5725 1067 5771; x_wconf 85' lang='lat' dir='ltr'><strong>et</strong></span> <span class='ocrx_word' id='word_1_806' title='bbox 1113 5715 1505 5773; x_wconf 83' lang='lat' dir='ltr'><strong>correctionem</strong></span> <span class='ocrx_word' id='word_1_807' title='bbox 1549 5713 1724 5785; x_wconf 85' lang='lat' dir='ltr'><strong>gentis</strong></span> 
     </span>
    </p>
   </div>
   <div class='ocr_carea' id='block_1_103' title="bbox 1833 4611 2575 4669">
    <p class='ocr_par' dir='ltr' id='par_1_103' title="bbox 1833 4611 2575 4669">
     <span class='ocr_line' id='line_1_103' title="bbox 1833 4611 2575 4669; baseline -0.004 0"><span class='ocrx_word' id='word_1_808' title='bbox 1833 4629 1940 4669; x_wconf 90' lang='lat' dir='ltr'><strong>non</strong></span> <span class='ocrx_word' id='word_1_809' title='bbox 1982 4613 2036 4666; x_wconf 90' lang='lat' dir='ltr'><strong>in</strong></span> <span class='ocrx_word' id='word_1_810' title='bbox 2078 4613 2401 4668; x_wconf 90' lang='lat' dir='ltr'><strong>certitudine</strong></span> <span class='ocrx_word' id='word_1_811' title='bbox 2432 4611 2575 4668; x_wconf 86' lang='lat' dir='ltr'><strong>lldei.</strong></span> 
     </span>
    </p>
   </div>
   <div class='ocr_carea' id='block_1_104' title="bbox 1905 4705 3414 4776">
    <p class='ocr_par' dir='ltr' id='par_1_104' title="bbox 1905 4705 3414 4776">
     <span class='ocr_line' id='line_1_104' title="bbox 1905 4705 3414 4776; baseline 0.004 -18"><span class='ocrx_word' id='word_1_812' title='bbox 1905 4705 2018 4759; x_wconf 73' lang='grc' dir='ltr'><strong>ΧΠ.</strong></span> <span class='ocrx_word' id='word_1_813' title='bbox 2064 4705 2158 4759; x_wconf 90' lang='lat' dir='ltr'><strong>illo</strong></span> <span class='ocrx_word' id='word_1_814' title='bbox 2191 4715 2453 4776; x_wconf 55' lang='lat' dir='ltr'><strong>praeterea</strong></span> <span class='ocrx_word' id='word_1_815' title='bbox 2482 4713 2728 4776; x_wconf 84' lang='lat' dir='ltr'><strong>tempore</strong></span> <span class='ocrx_word' id='word_1_816' title='bbox 2748 4707 2964 4775; x_wconf 89' lang='lat' dir='ltr'><strong>quando</strong></span> <span class='ocrx_word' id='word_1_817' title='bbox 2995 4707 3241 4762; x_wconf 84' lang='lat' dir='ltr'><strong>oratione</strong></span> <span class='ocrx_word' id='word_1_818' title='bbox 3285 4707 3414 4766; x_wconf 63' lang='lat' dir='ltr'><strong>Elim</strong></span> 
     </span>
    </p>
   </div>
   <div class='ocr_carea' id='block_1_105' title="bbox 1836 4796 3420 4869">
    <p class='ocr_par' dir='ltr' id='par_1_105' title="bbox 1836 4796 3420 4869">
     <span class='ocr_line' id='line_1_105' title="bbox 1836 4796 3420 4869; baseline 0 -15"><span class='ocrx_word' id='word_1_819' title='bbox 1836 4798 2052 4854; x_wconf 84' lang='lat' dir='ltr'><strong>siccitas</strong></span> <span class='ocrx_word' id='word_1_820' title='bbox 2097 4800 2293 4852; x_wconf 89' lang='lat' dir='ltr'><strong>eratin</strong></span> <span class='ocrx_word' id='word_1_821' title='bbox 2326 4805 2468 4851; x_wconf 87' lang='lat' dir='ltr'><strong>terra</strong></span> <span class='ocrx_word' id='word_1_822' title='bbox 2506 4796 2691 4862; x_wconf 88' lang='lat' dir='ltr'><strong>israel,</strong></span> <span class='ocrx_word' id='word_1_823' title='bbox 2741 4799 2908 4852; x_wconf 85' lang='lat' dir='ltr'><strong>etiam</strong></span> <span class='ocrx_word' id='word_1_824' title='bbox 2955 4813 3156 4869; x_wconf 88' lang='lat' dir='ltr'><strong>pascua</strong></span> <span class='ocrx_word' id='word_1_825' title='bbox 3207 4799 3420 4868; x_wconf 88' lang='lat' dir='ltr'><strong>pecori-</strong></span> 
     </span>
    </p>
   </div>
   <div class='ocr_carea' id='block_1_106' title="bbox 1834 4890 3418 4961">
    <p class='ocr_par' dir='ltr' id='par_1_106' title="bbox 1834 4890 3418 4961">
     <span class='ocr_line' id='line_1_106' title="bbox 1834 4890 3418 4961; baseline 0 -15"><span class='ocrx_word' id='word_1_826' title='bbox 1834 4891 1936 4946; x_wconf 90' lang='lat' dir='ltr'><strong>bus</strong></span> <span class='ocrx_word' id='word_1_827' title='bbox 1981 4892 2332 4961; x_wconf 84' lang='lat' dir='ltr'><strong>negabautur.</strong></span> <span class='ocrx_word' id='word_1_828' title='bbox 2367 4890 2642 4960; x_wconf 79' lang='lat' dir='ltr'><strong>Scripmm</strong></span> <span class='ocrx_word' id='word_1_829' title='bbox 2671 4899 2753 4946; x_wconf 90' lang='lat' dir='ltr'><strong>est</strong></span> <span class='ocrx_word' id='word_1_830' title='bbox 2804 4892 2949 4947; x_wconf 86' lang='lat' dir='ltr'><strong>enim</strong></span> <span class='ocrx_word' id='word_1_831' title='bbox 2989 4909 3003 4946; x_wconf 88' lang='lat'>:</span> <span class='ocrx_word' id='word_1_832' title='bbox 3039 4891 3188 4947; x_wconf 72' lang='lat' dir='ltr'><strong>Dixit</strong></span> <span class='ocrx_word' id='word_1_833' title='bbox 3237 4891 3418 4946; x_wconf 77' lang='lat' dir='ltr'><strong>Achab</strong></span> 
     </span>
    </p>
   </div>
   <div class='ocr_carea' id='block_1_107' title="bbox 1837 4979 3420 5051">
    <p class='ocr_par' dir='ltr' id='par_1_107' title="bbox 1837 4979 3420 5051">
     <span class='ocr_line' id='line_1_107' title="bbox 1837 4979 3420 5051; baseline 0 -17"><span class='ocrx_word' id='word_1_834' title='bbox 1837 4981 1907 5035; x_wconf 89' lang='lat' dir='ltr'><strong>ad</strong></span> <span class='ocrx_word' id='word_1_835' title='bbox 1928 4980 2151 5035; x_wconf 79' lang='lat' dir='ltr'><strong>Abdiam</strong></span> <span class='ocrx_word' id='word_1_836' title='bbox 2175 4995 2191 5031; x_wconf 89' lang='lat'><em>:</em></span> <span class='ocrx_word' id='word_1_837' title='bbox 2229 4979 2370 5033; x_wconf 85' lang='lat' dir='ltr'><strong>Vade</strong></span> <span class='ocrx_word' id='word_1_838' title='bbox 2391 4981 2446 5033; x_wconf 89' lang='lat' dir='ltr'><strong>in</strong></span> <span class='ocrx_word' id='word_1_839' title='bbox 2467 4990 2661 5034; x_wconf 82' lang='lat' dir='ltr'><strong>terram</strong></span> <span class='ocrx_word' id='word_1_840' title='bbox 2684 4981 2752 5035; x_wconf 88' lang='lat' dir='ltr'><strong>ad</strong></span> <span class='ocrx_word' id='word_1_841' title='bbox 2776 4983 3043 5035; x_wconf 81' lang='lat' dir='ltr'><strong>universos</strong></span> <span class='ocrx_word' id='word_1_842' title='bbox 3066 4980 3234 5050; x_wconf 80' lang='lat' dir='ltr'><strong>fontes</strong></span> <span class='ocrx_word' id='word_1_843' title='bbox 3257 4997 3420 5051; x_wconf 80' lang='lat' dir='ltr'><strong>aqua-</strong></span> 
     </span>
    </p>
   </div>
   <div class='ocr_carea' id='block_1_108' title="bbox 1836 5071 3416 5143">
    <p class='ocr_par' dir='ltr' id='par_1_108' title="bbox 1836 5071 3416 5143">
     <span class='ocr_line' id='line_1_108' title="bbox 1836 5071 3416 5143; baseline -0.002 -18"><span class='ocrx_word' id='word_1_844' title='bbox 1836 5089 1975 5138; x_wconf 91' lang='lat' dir='ltr'><strong>rum,</strong></span> <span class='ocrx_word' id='word_1_845' title='bbox 2021 5083 2068 5126; x_wconf 89' lang='lat' dir='ltr'><strong>et</strong></span> <span class='ocrx_word' id='word_1_846' title='bbox 2092 5073 2146 5125; x_wconf 88' lang='lat' dir='ltr'><strong>in</strong></span> <span class='ocrx_word' id='word_1_847' title='bbox 2169 5083 2384 5126; x_wconf 85' lang='lat' dir='ltr'><strong>cunctas</strong></span> <span class='ocrx_word' id='word_1_848' title='bbox 2431 5072 2614 5138; x_wconf 84' lang='lat' dir='ltr'><strong>valles,</strong></span> <span class='ocrx_word' id='word_1_849' title='bbox 2643 5073 2688 5127; x_wconf 91' lang='lat' dir='ltr'><strong>si</strong></span> <span class='ocrx_word' id='word_1_850' title='bbox 2736 5074 2870 5143; x_wconf 85' lang='lat' dir='ltr'><strong>forte</strong></span> <span class='ocrx_word' id='word_1_851' title='bbox 2892 5073 3120 5127; x_wconf 86' lang='lat' dir='ltr'><strong>invenire</strong></span> <span class='ocrx_word' id='word_1_852' title='bbox 3154 5071 3416 5141; x_wconf 90' lang='lat' dir='ltr'><strong>possimus</strong></span> 
     </span>
    </p>
   </div>
   <div class='ocr_carea' id='block_1_109' title="bbox 1834 5162 3416 5245">
    <p class='ocr_par' dir='ltr' id='par_1_109' title="bbox 1834 5162 3416 5245">
     <span class='ocr_line' id='line_1_109' title="bbox 1834 5162 3416 5245; baseline 0.001 -29"><span class='ocrx_word' id='word_1_853' title='bbox 1834 5162 2074 5245; x_wconf 50' lang='lat' dir='ltr'><strong>herbam,</strong></span> <span class='ocrx_word' id='word_1_854' title='bbox 2113 5171 2161 5216; x_wconf 89' lang='lat' dir='ltr'><strong>et</strong></span> <span class='ocrx_word' id='word_1_855' title='bbox 2202 5162 2408 5216; x_wconf 85' lang='lat' dir='ltr'><strong>salvare</strong></span> <span class='ocrx_word' id='word_1_856' title='bbox 2449 5180 2607 5233; x_wconf 85' lang='lat' dir='ltr'><strong>equos</strong></span> <span class='ocrx_word' id='word_1_857' title='bbox 2653 5174 2702 5217; x_wconf 91' lang='lat' dir='ltr'><strong>et</strong></span> <span class='ocrx_word' id='word_1_858' title='bbox 2749 5163 2940 5228; x_wconf 89' lang='lat' dir='ltr'><strong>mulos,</strong></span> <span class='ocrx_word' id='word_1_859' title='bbox 2989 5173 3038 5217; x_wconf 89' lang='lat' dir='ltr'><strong>et</strong></span> <span class='ocrx_word' id='word_1_860' title='bbox 3067 5179 3171 5216; x_wconf 84' lang='lat' dir='ltr'><strong>non</strong></span> <span class='ocrx_word' id='word_1_861' title='bbox 3208 5163 3416 5232; x_wconf 84' lang='lat' dir='ltr'><strong>penitus</strong></span> 
     </span>
    </p>
   </div>
   <div class='ocr_carea' id='block_1_110' title="bbox 1824 5253 3415 5325">
    <p class='ocr_par' dir='ltr' id='par_1_110' title="bbox 1824 5253 3415 5325">
     <span class='ocr_line' id='line_1_110' title="bbox 1824 5253 3415 5325; baseline -0.001 -19"><span class='ocrx_word' id='word_1_862' title='bbox 1824 5254 2068 5324; x_wconf 83' lang='lat' dir='ltr'><strong>jumenta</strong></span> <span class='ocrx_word' id='word_1_863' title='bbox 2104 5253 2362 5307; x_wconf 89' lang='lat' dir='ltr'><strong>intereant</strong></span> <span class='ocrx_word' id='word_1_864' title='bbox 2395 5253 2514 5325; x_wconf 91' lang='lat' dir='ltr'><strong><em>(III</em></strong></span> <span class='ocrx_word' id='word_1_865' title='bbox 2552 5253 2675 5323; x_wconf 82' lang='lat' dir='ltr'><strong>Reg.</strong></span> <span class='ocrx_word' id='word_1_866' title='bbox 2721 5269 2877 5318; x_wconf 80' lang='lat' dir='ltr'><strong>xviii,</strong></span> <span class='ocrx_word' id='word_1_867' title='bbox 2904 5253 2979 5325; x_wconf 82' lang='lat'><strong>5).</strong></span> <span class='ocrx_word' id='word_1_868' title='bbox 3041 5253 3202 5317; x_wconf 85' lang='lat' dir='ltr'><strong>Ecce,</strong></span> <span class='ocrx_word' id='word_1_869' title='bbox 3229 5260 3288 5305; x_wconf 90' lang='lat' dir='ltr'><strong>ut</strong></span> <span class='ocrx_word' id='word_1_870' title='bbox 3317 5267 3415 5320; x_wconf 86' lang='lat' dir='ltr'><strong>ap-</strong></span> 
     </span>
    </p>
   </div>
   <div class='ocr_carea' id='block_1_111' title="bbox 1835 5341 3416 5414">
    <p class='ocr_par' dir='ltr' id='par_1_111' title="bbox 1835 5341 3416 5414">
     <span class='ocr_line' id='line_1_111' title="bbox 1835 5341 3416 5414; baseline 0 -17"><span class='ocrx_word' id='word_1_871' title='bbox 1835 5352 2008 5414; x_wconf 81' lang='lat' dir='ltr'><strong>paret,</strong></span> <span class='ocrx_word' id='word_1_872' title='bbox 2038 5344 2105 5397; x_wconf 93' lang='lat' dir='ltr'><strong>de</strong></span> <span class='ocrx_word' id='word_1_873' title='bbox 2134 5343 2312 5413; x_wconf 87' lang='lat' dir='ltr'><strong>pluvia</strong></span> <span class='ocrx_word' id='word_1_874' title='bbox 2336 5345 2606 5414; x_wconf 83' lang='lat' dir='ltr'><strong>desperati</strong></span> <span class='ocrx_word' id='word_1_875' title='bbox 2655 5345 2796 5412; x_wconf 90' lang='lat' dir='ltr'><strong>quod</strong></span> <span class='ocrx_word' id='word_1_876' title='bbox 2820 5359 2929 5398; x_wconf 90' lang='lat' dir='ltr'><strong>non</strong></span> <span class='ocrx_word' id='word_1_877' title='bbox 2962 5352 3106 5398; x_wconf 85' lang='lat' dir='ltr'><strong>esset</strong></span> <span class='ocrx_word' id='word_1_878' title='bbox 3135 5344 3236 5396; x_wconf 91' lang='lat' dir='ltr'><strong>nisi</strong></span> <span class='ocrx_word' id='word_1_879' title='bbox 3265 5341 3416 5410; x_wconf 81' lang='lat' dir='ltr'><strong>iuxta</strong></span> 
     </span>
    </p>
   </div>
   <div class='ocr_carea' id='block_1_112' title="bbox 1831 5432 3416 5504">
    <p class='ocr_par' dir='ltr' id='par_1_112' title="bbox 1831 5432 3416 5504">
     <span class='ocr_line' id='line_1_112' title="bbox 1831 5432 3416 5504; baseline -0.003 -14"><span class='ocrx_word' id='word_1_880' title='bbox 1831 5435 1960 5490; x_wconf 75' lang='lat' dir='ltr'><strong>Elize</strong></span> <span class='ocrx_word' id='word_1_881' title='bbox 2001 5435 2187 5500; x_wconf 90' lang='lat' dir='ltr'><strong>verba,</strong></span> <span class='ocrx_word' id='word_1_882' title='bbox 2243 5449 2343 5504; x_wconf 90' lang='lat' dir='ltr'><strong>pro</strong></span> <span class='ocrx_word' id='word_1_883' title='bbox 2393 5435 2654 5504; x_wconf 88' lang='lat' dir='ltr'><strong>jumentis</strong></span> <span class='ocrx_word' id='word_1_884' title='bbox 2713 5436 2910 5490; x_wconf 88' lang='lat' dir='ltr'><strong>herbas</strong></span> <span class='ocrx_word' id='word_1_885' title='bbox 2969 5442 3218 5503; x_wconf 75' lang='lat' dir='ltr'><strong>quzerunt</strong></span> <span class='ocrx_word' id='word_1_886' title='bbox 3260 5432 3416 5501; x_wconf 88' lang='lat' dir='ltr'><strong>juxta</strong></span> 
     </span>
    </p>
   </div>
   <div class='ocr_carea' id='block_1_113' title="bbox 1830 5526 3420 5596">
    <p class='ocr_par' dir='ltr' id='par_1_113' title="bbox 1830 5526 3420 5596">
     <span class='ocr_line' id='line_1_113' title="bbox 1830 5526 3420 5596; baseline -0.003 -12"><span class='ocrx_word' id='word_1_887' title='bbox 1830 5530 2008 5584; x_wconf 86' lang='lat' dir='ltr'><strong>fontes</strong></span> <span class='ocrx_word' id='word_1_888' title='bbox 2046 5535 2101 5581; x_wconf 91' lang='lat' dir='ltr'><strong>et</strong></span> <span class='ocrx_word' id='word_1_889' title='bbox 2159 5526 2305 5581; x_wconf 87' lang='lat' dir='ltr'><strong>rivos</strong></span> <span class='ocrx_word' id='word_1_890' title='bbox 2334 5541 2620 5595; x_wconf 89' lang='lat' dir='ltr'><strong>aquarum,</strong></span> <span class='ocrx_word' id='word_1_891' title='bbox 2649 5527 2761 5596; x_wconf 85' lang='lat' dir='ltr'><strong>jam</strong></span> <span class='ocrx_word' id='word_1_892' title='bbox 2805 5527 2950 5582; x_wconf 91' lang='lat' dir='ltr'><strong>enim</strong></span> <span class='ocrx_word' id='word_1_893' title='bbox 2978 5527 3285 5582; x_wconf 87' lang='lat' dir='ltr'><strong>sentiebant</strong></span> <span class='ocrx_word' id='word_1_894' title='bbox 3327 5537 3420 5579; x_wconf 87' lang='lat' dir='ltr'><strong>ve-</strong></span> 
     </span>
    </p>
   </div>
   <div class='ocr_carea' id='block_1_114' title="bbox 1831 5614 3413 5686">
    <p class='ocr_par' dir='ltr' id='par_1_114' title="bbox 1831 5614 3413 5686">
     <span class='ocr_line' id='line_1_114' title="bbox 1831 5614 3413 5686; baseline -0.004 -12"><span class='ocrx_word' id='word_1_895' title='bbox 1831 5634 1949 5675; x_wconf 91' lang='lat' dir='ltr'><strong>rum</strong></span> <span class='ocrx_word' id='word_1_896' title='bbox 1993 5633 2114 5673; x_wconf 88' lang='lat' dir='ltr'><strong>esse</strong></span> <span class='ocrx_word' id='word_1_897' title='bbox 2156 5617 2298 5686; x_wconf 90' lang='lat' dir='ltr'><strong>quod</strong></span> <span class='ocrx_word' id='word_1_898' title='bbox 2321 5617 2420 5686; x_wconf 92' lang='lat' dir='ltr'><strong>ipsi</strong></span> <span class='ocrx_word' id='word_1_899' title='bbox 2451 5616 2638 5672; x_wconf 84' lang='lat' dir='ltr'><strong>Achab</strong></span> <span class='ocrx_word' id='word_1_900' title='bbox 2678 5617 2824 5672; x_wconf 78' lang='lat' dir='ltr'><strong>Elias</strong></span> <span class='ocrx_word' id='word_1_901' title='bbox 2852 5619 3098 5673; x_wconf 90' lang='lat' dir='ltr'><strong>dixerat:</strong></span> <span class='ocrx_word' id='word_1_902' title='bbox 3139 5616 3272 5670; x_wconf 75' lang='lat' dir='ltr'><strong>Vivit</strong></span> <span class='ocrx_word' id='word_1_903' title='bbox 3304 5614 3413 5668; x_wconf 81' lang='lat' dir='ltr'><strong>Do—</strong></span> 
     </span>
    </p>
   </div>
   <div class='ocr_carea' id='block_1_115' title="bbox 1831 5706 3416 5782">
    <p class='ocr_par' dir='ltr' id='par_1_115' title="bbox 1831 5706 3416 5782">
     <span class='ocr_line' id='line_1_115' title="bbox 1831 5706 3416 5782; baseline -0.003 -18"><span class='ocrx_word' id='word_1_904' title='bbox 1831 5709 2000 5764; x_wconf 85' lang='lat' dir='ltr'><strong>minus</strong></span> <span class='ocrx_word' id='word_1_905' title='bbox 2030 5708 2171 5766; x_wconf 78' lang='lat' dir='ltr'><strong>Deus</strong></span> <span class='ocrx_word' id='word_1_906' title='bbox 2213 5706 2402 5776; x_wconf 79' lang='lat' dir='ltr'><strong>Israel,</strong></span> <span class='ocrx_word' id='word_1_907' title='bbox 2436 5709 2489 5761; x_wconf 84' lang='lat' dir='ltr'><strong>in</strong></span> <span class='ocrx_word' id='word_1_908' title='bbox 2523 5708 2672 5778; x_wconf 78' lang='lat' dir='ltr'><strong>cujus</strong></span> <span class='ocrx_word' id='word_1_909' title='bbox 2701 5720 2976 5782; x_wconf 79' lang='lat' dir='ltr'><strong>conspectu</strong></span> <span class='ocrx_word' id='word_1_910' title='bbox 3003 5719 3102 5776; x_wconf 90' lang='lat' dir='ltr'><strong>sto,</strong></span> <span class='ocrx_word' id='word_1_911' title='bbox 3133 5708 3177 5762; x_wconf 86' lang='lat' dir='ltr'><strong>si</strong></span> <span class='ocrx_word' id='word_1_912' title='bbox 3201 5708 3295 5761; x_wconf 88' lang='lat' dir='ltr'><strong>erit</strong></span> <span class='ocrx_word' id='word_1_913' title='bbox 3321 5722 3416 5760; x_wconf 71' lang='lat' dir='ltr'><strong>art-</strong></span> 
     </span>
    </p>
   </div>
  </div>
