3918 6316
459 288 562 349 155

1427 292 1484 348 S.
1526 291 1882 349 AGODARDI
1923 292 2234 349 EPlSCOPl
2273 292 2761 351 LUGDUNENSIS

3661 302 3759 359 156

451 409 541 466 stis
597 408 680 464 his
728 423 814 463 ros
836 416 885 462 et
910 406 1111 478 pluvia,
1143 408 1245 462 nisi
1266 406 1427 477 juxta
1450 409 1558 462 oris
1602 409 1704 462 mei
1759 410 1936 461 verba.
1990 406 2058 460 Et
2084 411 2135 470 Α
2163 405 2385 472 ﬁebant,
2437 408 2741 479 interrogat
2793 408 2861 463 de
2924 407 3121 464 talibus
3177 411 3367 480 utique
3418 427 3544 482 quas
3597 429 3759 471 nemo

452 507 608 556 certe
662 498 810 554 Elias
869 513 1040 556 annos
1085 497 1221 552 dixit
1268 498 1457 566 quanti
1504 507 1707 554 essent.
1752 498 1860 553 Iste
1925 511 2055 566 ergo

453 589 666 657 Achab,
723 598 787 648 ut
829 590 966 655 dixi,
1003 605 1184 660 quare
1230 604 1337 647 non
1381 592 1596 662 rogavit
1648 591 2056 661 Tempestarios

457 691 517 736 ut
543 682 791 742 levarent
817 689 1194 750 tempestates,
1212 690 1287 747 et,
1303 682 1559 740 utdicere
1570 683 1779 747 soletis,
1795 696 1958 739 auras
1979 684 2057 738 le-

455 773 698 837 vatitias.
725 787 823 842 per
845 787 989 842 quas
1013 772 1240 842 irrigat:
1268 779 1412 827 terra
1429 773 1631 828 habere
1655 784 1842 844 posset
1854 775 2058 830 herbas

452 863 613 932 equis
643 871 698 918 et
738 863 900 918 mulis
928 864 1042 918 suis
1083 864 1406 932 ueterisque
1450 863 1739 933 jumentis,
1797 880 1899 935 pro
1935 865 2057 934 qui-

453 956 559 1013 bus
578 955 844 1014 sollicitus
872 965 1023 1017 erat;
1055 957 1291 1011 maxime
1309 955 1440 1025 quia
1471 970 1579 1010 non
1608 957 1838 1011 timebat
1866 957 2057 1026 perde-

457 1059 517 1101 re
541 1043 728 1115 tanges
751 1046 1070 1115 insomnis,
1111 1054 1174 1102 et
1221 1045 1433 1111 vineas,
1459 1059 1582 1115 qum
1632 1045 1795 1101 nulla;
1832 1046 2055 1101 omnino

456 1145 589 1196 tum
614 1138 808 1195 eram?

527 1229 663 1285 IUL
713 1227 925 1283 Nostris
975 1241 1195 1297 quoque
1246 1227 1584 1296 temporibus
1659 1225 1910 1282 videmus
1956 1227 2056 1281 ali-

454 1321 693 1392 quando,
743 1320 992 1377 collectis
1041 1319 1314 1375 utessibus
1350 1329 1408 1373 et
1445 1319 1781 1394 'vindentiis,
1829 1328 2055 1390 propter

452 1417 766 1472 sicci'atem-
788 1413 1054 1483 agricolas
1071 1414 1353 1468 seminare
1377 1427 1486 1466 non
1508 1427 1691 1482 posse.
1735 1412 1915 1477 Quare
1945 1428 2050 1467 non

451 1509 711 1565 obtinetis
749 1507 900 1576 apud
927 1507 1338 1575 Tempestarios
1361 1514 1664 1560 vestros.”
1690 1506 1919 1559 mittant
1949 1521 2049 1560 au-

453 1611 545 1654 ras
597 1596 892 1657 levatltias,
922 1597 1123 1664 quibus
1165 1603 1309 1657 terra
1348 1594 1625 1664 irrigetur,
1655 1603 1711 1649 et
1740 1603 1926 1665 postea
1953 1610 2045 1650 se-

453 1689 666 1745 minare
712 1687 968 1757 possitis?
1015 1685 1218 1743 Verum
1277 1687 1404 1758 quia
1450 1689 1505 1744 id
1555 1704 1654 1744 vos
1671 1705 1775 1744 nec
1821 1687 2048 1754 fecistis,

2156 496 2296 552 alius
2325 496 2430 551 nisi
2459 497 2606 552 solus
2630 500 2973 568 omnipotens
3017 499 3200 556 lacere
3247 510 3446 570 potest,
3491 512 3551 557 et
3574 504 3716 559 dicit
3741 520 3755 557 :

2157 584 2262 640 Ubi
2308 601 2427 640 eras
2461 588 2674 656 quando
2699 589 2954 658 ponebam
3008 589 3354 658 fundamenta
3394 596 3597 648 terrai?
3638 596 3711 651 Et
3744 618 3754 650 :

2159 673 2290 740 Quis
2339 677 2518 746 posuit
2573 693 2849 732 mensuras
2917 678 3054 748 ejus,
3107 678 3185 734 vel
3239 697 3413 751 super,
3447 699 3553 751 quo
3607 683 3760 738 bases

2156 762 2318 826 illius
2350 765 2596 824 solidata:
2645 769 2816 827 sunt?
2867 766 3008 836 Quis,
3047 769 3305 825 conclusit
3373 775 3520 832 ostiis
3572 777 3762 829 mare?

2152 855 2225 910 Et
2263 875 2276 909 :
2313 856 2570 929 Nunquid
2619 859 2938 930 coqiuugere
2993 859 3188 934 valebis
3238 863 3493 918 micantes
3544 864 3758 930 stellas,

2158 945 2424 1012 Pleiades,
2449 958 2542 1004 aut
2567 966 2771 1020 .gyrum
2801 950 3012 1007 Arcturi
3067 953 3263 1021 poteris
3312 953 3581 1024 dissipare
3598 955 3624 1008 Ρ
3647 955 3721 1010 Et
3745 976 3755 1008 :

2159 1037 2417 1111 Nunquid
2457 1043 2610 1104 nosti-
2637 1041 2883 1101 prdiaem
2928 1041 3236 1098 cmli.’.Et:
3273 1043 3531 1115 Nunquid
3575 1050 3758 1102 mittes

2156 1129 2396 1201 fulgura,
2433 1141 2483 1185 et
2524 1132 2713 1193 ibunt?
2768 1141 2825 1187 et
2857 1133 3025 1197 multa
3077 1132 3406 1202 huiusmodi.
3437 1136 3591 1192 Inter
3607 1138 3754 1201 haec,

2156 1220 2398 1289 inquam,
2427 1230 2577 1276 tanta
2607 1237 2671 1276 ac
2699 1223 2848 1288 talia,
2886 1223 3113 1292 inquirit
3139 1226 3309 1278 etiam
3331 1225 3400 1280 ab
3427 1242 3497 1281 eo
3527 1227 3754 1282 dicens:

2159 1311 2415 1383 Nunquid
2459 1313 2725 1383 ingressus
2778 1330 2831 1368 es
2872 1314 3146 1369 thesauros
3195 1316 3352 1380 nivis,
3397 1326 3492 1370 aut
3529 1318 3756 1377 thesau-

2157 1418 2242 1454 ros
2292 1404 2591 1472 qraudinis.
2629 1405 2903 1472 aspexisti,
2945 1421 3066 1474 qua:
3121 1407 3419 1475 prtrparavi
3446 1408 3502 1461 in
3541 1416 3756 1478 tempus

2156 1492 2340 1556 hostis,
2379 1494 2446 1546 in
2490 1493 2628 1547 diem
2669 1511 2871 1563 pagum.
2904 1503 2952 1546 et
3013 1491 3175 1547 belli?
3237 1493 3344 1548 Per
3383 1512 3541 1565 quam
3605 1497 3746 1551 uisui

2155 1585 2423 1654 spargitur
2472 1583 2585 1649 lux,
2639 1584 2896 1636 dividitur
2943 1579 3103 1638 (estus
3157 1600 3314 1652 super
3341 1585 3585 1638 terram?
3623 1584 3755 1652 Qui:

2156 1676 2298 1730 dedit
2339 1677 2785 1730 vehementissimo
2815 1675 2978 1728 imbri.
3019 1692 3254 1740 cursum,
3296 1684 3346 1730 et
3387 1677 3753 1733 viantsouan-

453 1795 556 1836 nec
585 1777 770 1834 facere
796 1793 1034 1846 unquam
1079 1778 1294 1832 vidistis
1313 1787 1371 1834 et
1396 1778 1647 1842 audistis,
1698 1780 1880 1834 audite
1895 1784 2048 1834 'nunc

2160 1767 2221 1821 tis
2268 1767 2536 1823 touitrui.’
2593 1775 2649 1820 ut
2701 1767 2901 1836 plueret
2957 1783 3114 1836 super
3155 1776 3351 1841 terram
3408 1767 3608 1837 absque
3664 1769 3756 1821 ho-

446 1872 583 1943 quid
622 1872 736 1941 ipse
778 1870 1060 1934 Dominus,
1113 1886 1298 1926 rerum
1345 1871 1598 1926 omnium
1645 1873 1918 1938 conditor,
1970 1887 2052 1927 re-

448 1971 589 2026 ctor,
649 1962 1000 2033 gubernator,
1042 1961 1327 2015 ordinator
1368 1969 1422 2016 et
1459 1962 1829 2032 dispensator,
1888 1977 2052 2016 servo

453 2071 554 2111 suo
607 2055 767 2110 beato
809 2052 922 2114 Job
972 2055 1115 2109 inter
1164 2061 1365 2108 caetera
1418 2054 1583 2108 etiam
1637 2055 1705 2109 de
1737 2051 2052 2121 huiusmodi

452 2147 620 2204 rebus
644 2146 820 2201 dicat.
873 2145 1092 2217 Etenim
1132 2161 1256 2200 cum
1305 2146 1572 2209 diabolus,
1609 2146 1862 2201 inventor
1896 2147 2048 2211 mali,

449 2240 710 2312 princeps
744 2245 800 2292 et
819 2244 985 2307 caput
1009 2229 1260 2291 omnium
1291 2237 1582 2302 malorum,
1624 2236 2054 2292 accusatorlfra-

452 2339 620 2395 trum,
675 2336 990 2384 accusasset
1031 2328 1251 2382 beamm
1285 2325 1387 2382 Job
1409 2328 1554 2397 apud
1605 2328 1918 2391 Dominum,
1968 2329 2054 2383 di-

457 2437 582 2478 cens
635 2420 785 2490 quod
803 2435 915 2474 non
948 2425 1103 2473 recta.
1124 2419 1448 2483 mtemione,
1479 2418 1538 2474 id
1561 2426 1670 2482 est,
1729 2419 1830 2473 soli
1860 2421 1907 2474 ei
1937 2419 2054 2489 pla-

447 2513 630 2580 cendi,
681 2520 738 2566 et
773 2510 988 2566 solo'eo
1019 2507 1233 2565 fruendi
1264 2508 1341 2568 illi
1372 2511 1654 2587 serviret,
1693 2510 1794 2565 sed
1811 2526 1914 2588 pro
1941 2520 2053 2565 εει-δ

455 2618 711 2660 ranarum
755 2617 938 2657 rerum
970 2601 1423 2672 multiplicatione
1450 2615 1523 2656 ac
1544 2600 1900 2667 defensione;
1955 2616 2054 2656 ex-

446 2696 806 2768 petiissetque
839 2701 968 2750 eum
989 2695 1335 2758 tentandum,
1364 2702 1636 2764 quaternis
1674 2695 1936 2750 tentando
1978 2695 2054 2749 ita

452 2779 644 2844 verum
699 2800 844 2842 esse,
870 2784 1219 2850 ostenderet;
1273 2784 1580 2854 improbus,
1639 2787 1924 2855 superbus,
1999 2793 2056 2840 et

445 2878 827 2942 stultissimus,
851 2950 853 2953 ι
875 2876 1034 2946 quasi
1059 2883 1296 2940 mentem
1327 2876 1430 2931 viri
1475 2875 1575 2929 Dei
1621 2873 1832 2931 melius»
1864 2882 2053 2931 nosset

448 2983 619 3042 quam
658 2967 910 3024 conditor
925 2968 1050 3039 ejus
1076 2984 1090 3032 ;
1125 2967 1389 3022 Dominus
1421 2964 1840 3036 quoqueiustus
1864 2979 1921 3022 et
1946 2967 2045 3021 mi-

2154 1858 2291 1912 mine
2313 1856 2368 1910 in
2394 1856 2620 1924 deserto,
2654 1854 2740 1908 ubi
2793 1852 2970 1908 nullus
3001 1853 3303 1908 mortalium
3337 1856 3758 1908 commoratur?

2151 1958 2208 2002 ut
2240 1947 2476 2018 impleret
2507 1947 2699 2009 inviam
2752 1955 2797 2001 et
2821 1943 3129 2007 desolatam,
3181 1947 3230 1998 et
3270 1944 3586 2014 produceret
3633 1946 3754 1996 lier-

2153 2036 2246 2091 bas
2296 2035 2557 2091 virentes?
2604 2033 2739 2099 Quis
2787 2042 2862 2086 est
2892 2032 3086 2101 pluvia:
3141 2035 3330 2102 pater?
3387 2031 3466 2086 vel
3505 2033 3630 2103 quis
3671 2049 3757 2102 ge-

2153 2119 2267 2192 nuit
2312 2126 2482 2191 stillas
2539 2127 2714 2181 roris?
2759 2125 2836 2179 De
2872 2129 3026 2192 cuius
3056 2134 3206 2178 utero
3275 2141 3482 2194 egressa
3524 2133 3604 2177 est
3637 2123 3754 2193 gla-

2151 2219 2350 2276 cies?“
2379 2217 2498 2289 gelu
2531 2218 2596 2272 de
2631 2216 2759 2271 caelo
2797 2217 2915 2288 quis
2967 2215 3188 2286 genuit?
3234 2213 3302 2268 In
3347 2213 3757 2268 similitudinem

2153 2309 2346 2381 lapidis
2367 2321 2520 2380 aqua:
2545 2309 2829 2373 durantur,
2867 2315 2914 2360 et
2938 2307 3244 2374 superﬁcies
3285 2305 3461 2374 abyssi
3485 2305 3752 2358 constrin-

2152 2401 2295 2470 gitur
2351 2383 2473 2471 (Job
2519 2414 2750 2464 nam],
2781 2397 2815 2450 4
2849 2396 3003 2469 seq).

2229 2489 2365 2548 XIV.
2395 2489 2739 2559 Eccejgitur
2785 2503 2952 2556 opera
2997 2486 3094 2542 Dei
3122 2501 3339 2559 magna,
3395 2501 3634 2557 quorum
3660 2503 3748 2540 ra-

2155 2581 2358 2637 tionem
2403 2596 2504 2637 nec
2530 2582 2646 2651 ipse
2690 2583 2883 2637 beatus
2937 2578 3038 2634 Job
3090 2589 3202 2634 tam
3249 2579 3578 2651 sublimiter,
3647 2587 3758 2633 tam

2155 2673 2427 2732 Subtiliter
2469 2681 2627 2730 antea
2659 2680 2873 2743 poterat
2894 2671 3173 2730 admirari.
3224 2669 3281 2726 Si
3319 2662 3583 2740 Dominus
3637 2672 3757 2725 the-

2157 2777 2349 2826 sauros
2396 2764 2562 2820 habet
2585 2763 2886 2834 grandinis,
2933 2771 2988 2818 et
3029 2762 3177 2828 solus
3206 2755 3302 2816 eos
3337 2761 3552 2833 aSpicit,
3615 2775 3760 2832 quos

2155 2855 2348 2911 beatus
2381 2852 2484 2911 10b
2512 2857 2741 2912 necdum
2793 2863 3102 2924 aspexerat,
3134 2843 3226 2908 ubi
3265 2867 3359 2908 eos
3413 2853 3752 2906 invenerunt

2157 2946 2244 3000 isti
2280 2946 2656 3016 'l'empestarii,
2711 2961 2848 3016 quos
2871 2945 3067 3002 beatus
3113 2943 3215 2998 Job
3253 2958 3362 2998 non
3406 2943 3637 3006 invenit,
3669 2956 3762 2997 ne-

450 3033 709 3127 dericors,
736 3059 922 3131 justus
961 3033 1036 3116 ad
1054 3033 1496 3116 confundendum
1547 3033 1840 3127 diabolum,
1889 3063 2052 3117 mise—
2095 3126 2123 3131 _
2157 3054 2263 3109 (λ’ίθ
2291 3040 2886 3131 ίυνθηίτθγνοεγδυηδυὲθ
2923 3038 3020 3093 sed
3045 3051 3223 3131 neq“?
3247 3036 3520 3131 f”§‘i‘“’~fe
3546 3033 3644 3131 ub}
3678 3035 3763 3088 ω’

449 3156 627 3212 ricors
772 3153 1120 3210 excitandum"
1152 3153 1366 3209 ﬁdelem
1408 3152 1668 3208 famulum
1712 3125 1887 3212 suum.
1922 3170 2053 3210 con-

2162 3131 2481 3184 veniautur?
2531 3130 2793 3184 Dominus
2839 3129 3141 3199 interrogat
3189 3126 3410 3182 ﬁdelem
3458 3125 3758 3193 famulum.

448 3248 617 3304 cessit
642 3246 717 3301 illi
759 3253 1114 3316 potestatem,
1142 3246 1379 3315 primum
1406 3246 1624 3319 quidem
1659 3246 1713 3300 in
1742 3246 1908 3301 rebus
1931 3237 2051 3301 om—

447 3339 631 3405 nibus,
664 3339 860 3394 deinde
903 3351 1038 3393 vero
1080 3339 1142 3392 in
1197 3337 1343 3402 ﬁliis,
1390 3345 1515 3407 post
1551 3346 1717 3392 etiam
1762 3337 1817 3392 in
1873 3337 2050 3392 salute

454 3428 724 3498 corporis,
775 3442 840 3482 ac
866 3426 1123 3496 deinceps
1168 3426 1221 3480 in
1261 3427 1516 3480 suasione
1541 3426 1810 3496 conjugis,
1842 3435 2054 3495 postre-

456 3534 548 3575 mo
571 3526 753 3573 autem
780 3517 834 3571 in
858 3513 1278 3586 exprobratione
1304 3523 1361 3570 et
1382 3515 1680 3570 multifaria
1705 3515 2055 3587 despcctione

451 3608 806 3664 famulorum.
855 3605 959 3661 Sed
986 3605 1233 3660 diabolus
1279 3605 1457 3660 victus
1495 3610 1550 3660 et
1577 3604 1836 3661 confusus
1877 3621 2057 3660 reces-

451 3697 564 3763 sit;
613 3711 806 3751 servus
829 3694 1041 3749 Domini
1100 3695 1276 3749 victor
1313 3703 1368 3750 et
1417 3695 1762 3765 triumphans
1791 3695 2050 3759 excrevit.

454 3787 660 3843 Veiens
699 3787 867 3859 igitur
887 3786 1012 3856 pius
1030 3786 1303 3840 Dominus
1332 3786 1633 3840 secundum
1658 3786 1804 3854 quod
1827 3785 2058 3855 Aposto~

453 3880 542 3937 ius
577 3881 710 3936 dicit
735 3880 802 3935 de
826 3894 885 3934 se
919 3879 1061 3948 ipso,
1115 3894 1184 3933 ne
1223 3879 1536 3949 magnitudo
1584 3893 1708 3934 eum
1750 3881 2058 3936 revelatio-

456 3988 592 4027 num
622 3970 947 4035 extolleret,
1003 3971 1079 4024 ita
1126 3977 1182 4025 et
1221 3969 1396 4036 illum,
1451 3983 1520 4026 ne
1542 3972 1858 4043 magnitudo
1887 3972 2058 4027 victo-

457 4064 557 4120 riae
605 4063 816 4119 elatum
849 4062 1122 4129 redderet,
1177 4058 1486 4127 hnmiliare,
1520 4077 1636 4117 non
1661 4062 1941 4118 ablatione
1962 4077 2050 4116 re-

455 4171 579 4210 rum
631 4167 769 4224 quas
814 4152 1148 4223 perdiderat,
1214 4169 1323 4208 non
1374 4154 1726 4223 percussione
1780 4155 2050 4224 corporis,

448 4257 552 4330 per
593 4261 758 4318 quam
780 4245 896 4316 jam
979 4241 1118 4301 sicut
1166 4261 1360 4300 aurum
1403 4246 1458 4300 in
1511 4247 1727 4301 camino
1771 4246 2059 4300 examina-

450 4329 546 4395 tus
599 4345 755 4402 erat,
793 4351 902 4392 non
953 4336 1361 4405 comparatione
1406 4333 1634 4402 alicujus
1681 4329 1864 4407 magni
1929 4337 2054 4402 viri,

450 4431 584 4502 quia
636 4429 829 4485 similis
873 4428 925 4484 ei
973 4441 1138 4496 super
1176 4433 1382 4481 terram
1431 4426 1612 4480 nullus
1664 4429 1807 4491 erat,
1841 4426 2056 4496 'quippe

2157 3230 2337 3278 utrum
2365 3221 2504 3276 sciat
2520 3221 2644 3290 quis
2671 3220 2883 3274 dederit
2910 3219 3388 3274 vehementissimo
3423 3217 3581 3273 imbri
3632 3232 3764 3272 cur-

2155 3333 2296 3382 sum,
2358 3326 2412 3371 et
2441 3317 2584 3384 viam
2613 3316 2857 3371 sonantis
2887 3314 3132 3369 tonitrui.
3190 3312 3284 3375 Isti
3335 3320 3514 3366 autem
3559 3319 3765 3365 contra

2157 3424 2294 3477 quos
2353 3422 2537 3462 sermo
2595 3414 2700 3474 est,
2753 3405 3052 3462 ostendunt
3097 3403 3255 3458 nobis
3305 3399 3671 3468 homunculos
3731 3415 3763 3454 a

2158 3502 2470 3565 sanctitate,
2498 3498 2731 3568 iustitia,
2758 3487 2815 3552 et
2843 3496 3109 3567 sapientia
3137 3486 3361 3557 alienos,
3395 3509 3427 3548 a
3450 3493 3553 3547 ﬁde
3581 3503 3643 3546 et
3665 3508 3765 3551 ve-

2159 3593 2320 3646 ritate
2369 3591 2565 3661 nudos,
2614 3588 2846 3644 odibiles
2896 3588 3062 3642 etiam
3126 3583 3417 3655 proximis,
3458 3598 3489 3637 a
3534 3583 3764 3653 \quibus

2133 3683 2345 3751 dicunt
2373 3679 2879 3736 vehementissimos
2915 3679 3142 3743 imbres,
3180 3669 3432 3733 sonantia
3468 3689 3622 3744 aqua:
3682 3685 3765 3730 to.

2161 3775 2363 3838 nitrua,
2411 3783 2467 3827 et
2494 3772 2765 3828 levatitias
2811 3786 2974 3826 auras
3002 3785 3160 3839 posse
3191 3768 3330 3822 fieri.
3375 3768 3641 3827 Dominus
3669 3768 3757 3822 di-

2160 3865 2236 3920 cit
2280 3877 2337 3918 se
2365 3864 2480 3918 huic
2535 3875 2873 3934 prmparasse
2918 3862 2978 3915 in
3020 3869 3247 3934 tempus
3292 3859 3483 3923 hostis,
3540 3858 3594 3913 id
3646 3869 3761 3925 est,

2161 3955 2229 4010 ad
2281 3956 2594 4009 vindictam.
2645 3953 2736 4008 Isti
2779 3953 2998 4008 eosdem
3034 3953 3182 4022 ipsos
3220 3951 3405 4022 hostes
3441 3958 3602 4020 atque
3657 3951 3762 4006 ad-

2161 4049 2434 4103 versarios
2469 4047 2740 4116 tequitatis
2760 4046 2841 4117 (in
2885 4045 3083 4115 quibus
3111 4058 3276 4114 quam
3311 4044 3564 4108 maxime,
3627 4053 3760 4112 post

2162 4154 2256 4196 eos
2282 4139 2373 4207 qui
2407 4139 2668 4193 terminos
2699 4135 3053 4198 transferunt,
3096 4133 3349 4187 auferunt
3396 4147 3498 4202 pro
3527 4132 3764 4201 pignore

2160 4229 2353 4285 bovem
2403 4227 2636 4292 vidure,
2683 4227 2918 4282 lacertos
2973 4222 3300 4295 pupillorum
3354 4221 3760 4284 comminuunt,

2163 4320 2336 4376 nudos
2362 4319 2641 4377 dimittunt
2669 4317 2917 4376 homines
2952 4313 3150 4383 quibus
3195 4327 3304 4366 non
3346 4318 3430 4367 est
3452 4302 3765 4380 operimen-

2165 4419 2304 4473 tum,
2354 4395 2559 4478 egenos
2606 4405 2845 4462 educunt
2873 4404 2940 4463 de
2967 4402 3219 4457 domibus
3264 4414 3474 4465 eorum,
3502 4399 3763 4454 homines

451 4486 550 4597 qui
582 4524 725 4579 inter
773 4521 1023 4577 homines
1041 4486 1368 4574 .0rientales
1412 4530 1641 4588 magnus
1675 4486 1843 4582 esset,
1875 4486 2052 4587 erepit

2161 4499 2506 4562 contristant,
2543 4494 2928 4552 vindicandum
2953 4492 3055 4564 est)
3099 4493 3287 4548 dicunt
3332 4505 3523 4546 eorum
3551 4489 3762 4545 habere

459 4626 644 4674 tamen
666 4630 788 4670 eum
817 4611 1108 4667 liumiliare
1134 4610 1509 4673 vehementer,
1539 4607 1844 4662 sublimiter
1869 4617 2054 4662 osten-

456 4708 636 4766 dendo
690 4705 768 4760 illi
799 4702 1230 4772 immensitatem
1277 4698 1532 4769 potentize
1564 4713 1696 4774 sum
1721 4737 1736 4763 ,
1783 4705 1845 4751 ut
1881 4697 2054 4752 ﬁdelis

451 4798 696 4856 famulus
723 4784 1101 4866 cognoscendo
1149 4789 1542 4847 inmstimabilis
1575 4796 1737 4859 atque
1766 4789 2056 4852 incircumg

456 4889 652 4961 scripti
682 4886 984 4944 conditoris
1023 4881 1323 4961 ineliabilia
1365 4880 1662 4951 magnaﬂa,
1703 4874 2050 4950 semetipsum

463 4958 784 5052 despiceret.
845 4985 901 5033 et
934 4958 1281 5044 despiciendo
1305 4972 1618 5035 inclinaret,
1643 4971 1804 5025 sicuti
1851 4980 1905 5026 et
1969 4971 2052 5025 fa-

451 5082 609 5132 ctum
633 5080 738 5128 est.
774 5068 910 5132 Nam
945 5068 1050 5122 hoc
1083 5067 1138 5120 in
1172 5066 1354 5121 verbis
1403 5065 1521 5135 ejus
1571 5071 1820 5134 apparet,
1855 5064 2054 5134 quibus

460 5166 540 5220 ait
569 5181 582 5216 :
615 5161 825 5216 Idcirco
848 5159 956 5229 ipse
985 5173 1064 5210 me
1102 5153 1444 5225 reprehendo,
1477 5163 1525 5208 et
1564 5168 1662 5224 ago
1691 5153 2054 5223 paenitentiam

463 5257 520 5309 in
549 5251 730 5324 favilla
753 5260 802 5304 et
827 5249 1000 5302 cinere
1026 5245 1150 5317 (Job
1197 5260 1331 5309 XLII,
1364 5243 1441 5310 6).
1472 5243 1625 5310 Quod
1665 5243 1770 5297 alia
1825 5242 2059 5296 transla-

463 5345 541 5401 tio
589 5343 830 5412 apertius
850 5337 1116 5404 declarat,
1143 5335 1330 5390 dicens
1363 5353 1376 5389 :
1408 5334 1633 5405 Despezi
1678 5333 2053 5403 memetipsutn,

463 5447 514 5494 et
539 5433 791 5497 distabui,
823 5438 872 5486 et
905 5429 1162 5486 cestimavi
1187 5445 1268 5482 me
1285 5436 1482 5482 terram
1517 5437 1566 5480 et
1586 5423 1922 5480 cinerem.'ln
1955 5423 2060 5478 hac

2159 4595 2503 4660 potestatem,
2557 4601 2676 4656 quae
2723 4585 2986 4638 Dominus
3038 4583 3106 4637 ad
3159 4583 3455 4637 vindictam
3514 4581 3761 4650 hostium

2160 4693 2384 4735 suorum
2409 4674 2751 4747 praeparavit.
2775 4673 3035 4734 Dominus
3057 4687 3117 4728 se
3139 4672 3272 4727 dicit
3299 4670 3495 4741 pluviae
3510 4678 3754 4741 patrem,

2159 4777 2215 4824 et
2241 4768 2364 4839 gelu
2406 4767 2470 4822 de
2513 4765 2651 4822 cmlo
2692 4779 2764 4819 se
2813 4777 3103 4835 generasse
3147 4759 3454 4817 conﬁrmat.
3502 4761 3594 4818 lsti
3646 4761 3760 4814 mi-

2160 4857 2420 4914 serrimos
2458 4855 2739 4912 hominum
2775 4853 2962 4918 dicunt
3011 4851 3212 4905 habere
3251 4863 3503 4919 magnam
3550 4849 3763 4918 portio—

2161 4963 2284 5002 nem
2336 4944 2496 5015 hujus
2543 4941 2983 5013 dispensationis.
3033 4939 3188 5005 Quod
3229 4939 3284 4992 in
3337 4933 3760 4992 similitudinem

2157 5035 2361 5106 lapidis
2398 5049 2552 5104 aqum
2594 5033 2880 5104 durantur,
2925 5029 3188 5084 Dominus
3233 5027 3392 5083 nobis
3445 5025 3762 5081 mirandum

2155 5127 2428 5196 proponit.
2479 5121 2758 5179 Hocsiad
2803 5120 3019 5174 libitum
3070 5119 3506 5174 miserrimorum
3558 5116 3758 5171 horum

2157 5220 2439 5274 hominum
2469 5215 2758 5285 aliquando
2791 5213 2910 5273 ﬁeri
2934 5220 3137 5284 posset,
3185 5211 3377 5284 procul
3432 5210 3598 5267 dubio
3652 5209 3761 5264 mi-

2161 5307 2391 5363 randum
2418 5320 2525 5361 non
2552 5312 2718 5372 esset.

2235 5415 2354 5499 xv.
2390 5414 2518 5469 Haec
2559 5411 2792 5469 stultitia
2825 5420 2910 5467 est
2951 5410 3132 5482 portio
3177 5423 3285 5466 non
3314 5407 3539 5464 minima
3567 5408 3762 5462 inﬁde

463 5541 600 5605 ergo
664 5522 1061 5586 humiliatione,
1115 5535 1239 5576 cum
1284 5518 1631 5589 omnipotens
1678 5516 1825 5572 Deus
1878 5515 2065 5572 scisci-
2165 5507 2366 5572 litatis;
2419 5519 2477 5561 θι
2607 5513 2819 5605 εειηιυῑξι
2851 5502 3224 5605 ῐηξιιιιιιξὶεῑυά
3408 5501 3668 5602 adolevit,
3698 5507 3761 5605 ut

470 5588 683 5673 taietur
712 5611 945 5685 ﬁdelem
971 5609 1256 5676 famulum,
1285 5588 1594 5665 utrumuista
1641 5615 1735 5663 aut
1771 5607 1861 5661 illa
1889 5606 2067 5662 facere
2166 5601 2222 5656 in
2265 5599 2539 5670 plerisque
2570 5597 2702 5653 locis
2759 5595 2870 5651 sint
2909 5594 3158 5649 homines
3205 5591 3524 5657 miserrimi,
3562 5589 3655 5659 qui
3685 5588 3762 5643 di-

469 5711 655 5780 possct
699 5711 793 5762 aut
816 5713 1003 5760 nosset
1025 5700 1149 5774 quis
1173 5699 1384 5766 fecerit,
1417 5705 1510 5754 aut
1552 5696 1822 5757 ubi'esset
1849 5696 2066 5768 quando
2170 5700 2291 5749 cant
2335 5707 2393 5748 se
2415 5705 2521 5746 non
2571 5689 2823 5760 equidem
2851 5702 3012 5745 nosse
3043 5686 3340 5744 immittere
3377 5691 3753 5755 tempestates,
