3918 6316
171 294 272 349 151

1205 298 1333 353 LIB.
1372 299 1462 354 DE
1502 297 1857 354 GllANDl-NE
1898 302 1986 356 ET
2026 303 2418 361 TONITRUIS.

3356 308 3457 369 158

164 412 263 467 sed
322 426 483 469 nosse
512 421 699 470 tamen
744 412 1035 469 defendere
1083 429 1112 469 a
1140 422 1463 485 tempestate
1495 414 1763 469 habitato-
1790 418 1841 478 Α
1866 418 2114 485 quaedam
2144 418 2393 483 stultitia,
2424 433 2547 474 eum
2575 429 2719 475 esset
2744 420 3050 476 mortalitas
3075 423 3258 488 boum,
3292 432 3351 479 ut
3378 425 3456 481 di-

166 519 259 560 res
296 504 420 559 loci.
470 505 568 561 His
608 505 813 561 habent
861 512 1127 560 statutum
1172 514 1437 575 quantum
1479 507 1545 562 de
1594 505 1763 576 frugi-

163 594 271 649 bus
298 594 412 650 suis
441 595 662 662 donent,
690 602 746 650 et
771 607 796 636 ι
830 595 1102 666 appellant
1122 596 1227 651 hoc
1248 598 1589 653 canonicum.
1613 597 1763 651 Multi

162 700 298 739 vero
320 691 447 741 sunt
493 686 586 755 qui
638 694 833 755 sponte
882 688 1258 744 sacerdotibus
1314 688 1583 743 decimam
1620 705 1762 744 nun-

161 778 590 847 quam'donant,
637 778 816 833 viduis
856 787 911 834 et
947 781 1207 849 orphanis
1258 782 1578 852 czeterisque
1623 781 1763 837 indi-

162 867 417 935 gentibus
471 867 845 940 eleemosynas
880 885 988 925 non
1014 870 1281 935 tribuunt,
1345 886 1466 941 quae
1508 872 1613 926 illis
1658 870 1765 927 fre-

162 966 394 1028 quenter
423 960 813 1029 praedicantur,
874 961 1067 1016 crebro
1111 962 1389 1033 leguntur,
1432 963 1660 1019 subinde
1692 964 1759 1019 ad

161 1047 282 1103 haec
316 1048 697 1115 exhortantur,
753 1060 810 1105 et
854 1066 962 1105 non
1004 1053 1377 1122 acquiescant.
1425 1051 1760 1109 Canonicum

160 1147 346 1195 autem
376 1155 540 1210 quem
588 1142 795 1210 dicunt,
828 1143 942 1199 suis
977 1143 1354 1201 defensoribus
1386 1145 1437 1218 (a
1470 1146 1670 1216 quibus
1694 1160 1755 1203 se

160 1230 382 1287 defendi
434 1233 664 1288 credunt
709 1249 741 1288 a
796 1235 1142 1309 tempestate)
1202 1237 1349 1292 nullo
1404 1238 1754 1308 praedicante,

160 1324 309 1380 nullo
364 1325 713 1392 admonente,
770 1328 855 1382 vel
896 1329 1241 1395 exhortante,
1290 1342 1483 1400 sponte
1548 1332 1759 1401 persol-

160 1425 314 1483 vunt,
366 1418 584 1473 diabolo
607 1419 901 1476 inliciente.
934 1422 1178 1492 Denique
1203 1423 1258 1477 in
1289 1424 1486 1478 talibus
1508 1438 1570 1477 ex
1602 1432 1757 1493 parte

159 1527 413 1584 magnam
475 1530 625 1584 spem
674 1516 877 1571 habent
930 1516 1054 1571 vitsc
1090 1533 1221 1580 sum,
1269 1517 1427 1585 quasi
1484 1532 1583 1585 per
1638 1516 1757 1573 illos

158 1604 367 1658 vivant.
410 1603 526 1659 Hoc
573 1622 679 1661 non
709 1614 795 1660 est
829 1607 1029 1676 portio,
1079 1608 1174 1662 sed
1205 1606 1318 1661 fere
1348 1607 1630 1676 plenitudo
1668 1608 1751 1661 in-

161 1693 464 1761 ﬁdelitatis,
506 1705 561 1751 et
614 1698 660 1752 si
715 1696 1003 1769 diligenter
1053 1698 1493 1761 consideramus,
1550 1699 1755 1769 absque

1868 514 2056 560 cerent
2085 507 2112 547 ιι
2141 506 2475 563 Grimaldnm
2512 510 2708 566 ducem
2738 510 3166 568 Beneventorum
3198 520 3455 572 transmi-

1867 596 2010 651 sisse
2047 598 2291 653 homines
2316 615 2438 653 cum
2465 602 2799 670 pulveribus,
2840 617 2975 671 quos
3015 617 3333 675 spargerent
3356 622 3456 676 per

1864 702 2108 758 campos,
2140 698 2195 744 et
2225 698 2458 756 montes,
2491 700 2667 761 prata,
2711 701 2766 746 et
2792 693 2992 759 fontes,
3029 710 3094 749 eo
3142 698 3285 766 quod
3310 707 3459 754 esset

1868 790 1890 819 ο
1924 780 2175 835 inimicus
2202 779 2666 838 Christianissimo
2690 784 3001 854 imperatori
3030 786 3244 853 Carolo,
3296 799 3350 843 et
3390 792 3456 845 de

1865 870 1982 940 ipso
2008 887 2197 941 sparso
2227 874 2448 943 pulvere
2477 876 2614 929 mori
2646 874 2811 931 boves
2845 895 2857 929 :
2888 885 3111 947 prepter
3132 894 3296 947 quam
3324 896 3452 935 cau—

1863 976 1982 1016 sam
2022 963 2223 1017 multos
2262 966 2688 1033 comprehensos
2732 966 3067 1031 audivimus,
3096 977 3151 1022 et
3193 969 3451 1037 vidimus,

1863 1062 1917 1107 et
1944 1053 2156 1124 aliquos
2181 1056 2412 1120 occisos,
2444 1056 2733 1127 plerosque
2754 1067 2933 1113 autem
2960 1058 3149 1114 afﬁxas
3174 1060 3371 1115 tabulis
3401 1062 3455 1116 in

1861 1141 2061 1199 ﬂumen
2112 1144 2419 1215 proiectos,
2450 1154 2611 1216 atque
2649 1157 2890 1205 necatos.
2924 1149 3018 1215 Et,
3066 1150 3209 1221 quod
3256 1152 3456 1207 mirum

1862 1234 2019 1290 valde
2048 1245 2170 1302 est,
2204 1239 2579 1307 comprehensi
2604 1279 2619 1305 ,
2668 1240 2769 1311 ipsi
2799 1241 3084 1297 adversum
3117 1257 3176 1297 se
3205 1243 3457 1299 dicebant

1863 1326 2233 1382 testimonium
2254 1369 2267 1393 ,
2302 1328 2503 1385 habere
2534 1345 2593 1384 se
2621 1330 2786 1385 talem
2808 1331 3087 1401 pulverem
3108 1374 3122 1397 ,
3152 1341 3205 1387 et
3234 1348 3455 1404 sparge-

1862 1432 1941 1470 re.
1985 1416 2063 1472 Ita
2096 1433 2335 1488 namque
2370 1419 2616 1474 diabolus
2637 1460 2651 1485 ,
2678 1421 2891 1475 occulto
2931 1431 2985 1475 et
3009 1422 3158 1491 justo
3188 1423 3285 1478 Dei
3307 1422 3454 1491 judi-

1860 1511 1967 1575 cio,
1990 1519 2213 1579 accepta
2240 1511 2294 1565 in
2326 1510 2445 1565 illos
2466 1519 2767 1580 potestate,
2822 1519 3031 1574 tantum
3055 1512 3134 1567 eis
3162 1515 3454 1571 succedere

1859 1598 2092 1665 valebat,
2116 1608 2175 1653 ut
2197 1600 2298 1670 ipsi
2325 1599 2425 1654 sibi
2455 1606 2639 1654 essent
2660 1607 2827 1655 testes
2851 1600 3071 1656 fallaces
3092 1602 3159 1655 ad
3182 1613 3449 1671 mortem;

1861 1701 1916 1749 et
1942 1708 2117 1764 neque
2145 1692 2447 1762 disciplina,
2488 1709 2663 1763 neque
2694 1701 2925 1759 tortura,
2954 1710 3131 1765 neque
3161 1696 3274 1765 ipsa
3304 1710 3454 1751 mors

156 1788 415 1859 ambiguo
453 1768 929 1859 pronuntiabirnus
980 1790 1031 1845 id
1081 1791 1469 1860 plenitudinem
1512 1806 1633 1847 esse
1674 1768 1756 1845 in-
1785 1768 1830 1827 Β
1858 1781 2172 1837 deterrebat
2200 1781 2319 1836 Illos
2340 1822 2353 1843 .
2388 1790 2445 1836 ut
2475 1784 2760 1837 adversum
2803 1784 3125 1854 semetipsos
3152 1784 3343 1839 falsum
3372 1787 3453 1841 die

157 1878 454 1935 fidelitatis.
526 1880 662 1935 Tres
709 1897 943 1951 namque
994 1883 1226 1938 virtutes
1257 1890 1399 1947 sunt,
1452 1883 1753 1938 secundum

158 1969 474 2041 Scripturas
503 1972 739 2038 divinas,
788 1974 844 2026 in
874 1974 1070 2042 quibus
1103 1982 1247 2028 totus
1270 1974 1751 2044 comprehenditur

153 2062 352 2127 Cultus,
388 2078 489 2133 per
536 2079 672 2133 quas
708 2066 906 2119 colitur
940 2067 1103 2130 Deus,
1155 2067 1208 2121 id
1258 2074 1376 2132 est,
1421 2066 1577 2133 fides,
1604 2080 1751 2137 spes,

151 2154 417 2209 charitas.
453 2154 771 2225 Quicunque
799 2157 965 2227 igitur
985 2157 1146 2212 fidem
1172 2166 1229 2212 et
1252 2172 1402 2226 spem
1439 2173 1594 2212 suam
1628 2174 1753 2229 par-

150 2246 287 2300 titus
316 2244 497 2307 fuerit,
532 2255 591 2300 ut
618 2261 684 2300 ex
714 2254 869 2315 parte
920 2247 1111 2302 credat
1132 2236 1192 2301 in
1246 2248 1439 2312 Deum,
1498 2264 1564 2303 ex
1594 2257 1751 2318 parte

148 2338 340 2391 credat
368 2336 647 2391 hominum
688 2350 810 2390 esse
865 2350 985 2405 qua:
1034 2334 1132 2391 Dei
1182 2344 1330 2402 sunt,
1383 2346 1440 2391 et
1475 2352 1543 2391 ex
1595 2345 1751 2407 parte

147 2435 334 2496 speret
385 2428 442 2481 in
468 2428 599 2493 Deo,
647 2442 713 2482 ex
749 2434 906 2497 parte
945 2434 1127 2481 autem
1176 2438 1359 2498 speret
1399 2429 1455 2483 in
1503 2430 1747 2496 homine,

144 2518 311 2587 hujus
355 2515 604 2587 profecto
656 2516 819 2573 fidem
859 2524 915 2571 et
954 2532 1108 2588 spem
1172 2518 1403 2573 divisam
1453 2535 1562 2574 non
1606 2521 1752 2575 acci-

142 2608 227 2680 pit
276 2607 450 2673 Deus;
504 2622 571 2662 ac
594 2622 693 2677 per
720 2607 823 2663 hoc
864 2607 1009 2662 inter
1035 2607 1221 2663 fideles
1259 2610 1473 2665 censeri
1522 2625 1631 2664 non
1657 2626 1751 2681 po-

143 2706 291 2765 test;
335 2707 391 2754 et
435 2714 597 2769 quem
636 2700 835 2770 partita
881 2698 1107 2755 lideset
1136 2708 1261 2771 spes
1297 2717 1328 2757 a
1358 2717 1588 2767 numero
1618 2702 1750 2758 fide-

141 2792 282 2849 lium
324 2793 588 2859 secernit,
616 2807 818 2864 vorago
842 2793 1045 2864 procul
1077 2793 1243 2849 dubio
1280 2793 1618 2850 infidelitatis
1660 2796 1751 2851 ab—

142 2885 371 2949 sorbet;
420 2885 725 2954 meritoque
780 2884 905 2940 talis
960 2885 1307 2942 maledictum
1343 2887 1474 2941 illud
1516 2888 1747 2943 incurrit

142 2975 430 3045 prophetae
460 2976 689 3030 dicentis
720 2990 734 3029 :
763 2974 1082 3031 Maledicta;
1116 2977 1269 3031 homo
1313 2980 1404 3048 qui
1426 2995 1568 3048 spem
1593 2995 1745 3033 suam

139 3065 292 3135 ponit
314 3066 377 3119 in
397 3066 627 3119 homine.
673 3064 856 3135 Neque
878 3081 1008 3121 vero
1037 3066 1349 3121 blandiatur
1375 3067 1479 3122 sibi
1515 3068 1701 3123 dicens
1727 3082 1741 3121 :

1856 1888 1980 1929 cere
2009 1889 2118 1929 non
2152 1875 2433 1929 auderent.
2466 1872 2581 1929 Hoc
2608 1874 2681 1928 ita
2708 1874 2777 1927 ab
2804 1874 3056 1929 omnibus
3081 1874 3407 1932 credebatur
3429 1916 3443 1941 ,

1856 1972 1917 2019 ut
1951 1980 2088 2034 pene
2114 1966 2271 2035 pauci
2317 1973 2501 2020 essent
2529 1966 2725 2035 quibus
2769 1966 3215 2022 absurdissimum
3240 1967 3450 2023 videre-

1854 2064 1961 2111 tur.
2006 2056 2119 2111 Nee
2145 2056 2541 2111 rationabiliter
2574 2057 2879 2126 pensabant
2924 2055 3068 2112 unde
3110 2055 3227 2112 ﬁeri
3263 2065 3452 2127 posset

1854 2145 1976 2199 talis
2001 2146 2196 2216 pulvis,
2234 2146 2301 2200 de
2336 2161 2443 2216 quo
2477 2147 2578 2201 soli
2604 2147 2769 2203 boves
2800 2155 3162 2212 morerentur,
3204 2162 3310 2201 non
3344 2163 3448 2202 cze-

1854 2245 1970 2292 tera
2009 2237 2263 2291 animalia
2296 2256 2309 2290 :
2340 2248 2433 2292 aut
2468 2239 2736 2307 quomodo
2759 2239 2963 2307 portari
2990 2248 3175 2309 posset
3200 2255 3300 2308 per
3334 2248 3446 2294 tam

1852 2328 2144 2383 latissimas
2186 2329 2454 2399 regiones,
2490 2343 2625 2399 quas
2662 2343 3081 2400 supchpargere
3128 2329 3446 2399 pulveribus

1852 2418 2099 2474 homines
2128 2434 2234 2474 non
2266 2428 2526 2490 possunt,
2560 2436 2663 2475 nec
2703 2421 2748 2476 si
2778 2419 3143 2476 Beneventani
3167 2422 3269 2477 viri
3291 2430 3346 2477 et
3365 2420 3446 2476 fc-

1852 2510 2032 2574 minte,
2072 2524 2230 2564 senes
2257 2519 2312 2565 et
2336 2508 2566 2578 juvenes
2588 2551 2602 2576 ,
2632 2525 2754 2566 cum
2803 2510 2973 2566 ternis
3004 2513 3176 2567 carris
3226 2512 3447 2582 pulvere

1851 2602 2135 2657 carricatis
2178 2603 2381 2673 egressi
2426 2603 2491 2658 de
2541 2604 2762 2674 regione
2805 2602 3057 2657 fuissent.
3109 2603 3279 2657 Tanta
3329 2602 3442 2672 jam

1850 2693 2076 2750 stultitia
2122 2694 2393 2764 oppressit
2442 2694 2701 2749 miserum
2726 2694 3021 2757 mundum,
3061 2701 3123 2747 ut
3165 2708 3311 2747 nunc
3363 2694 3444 2749 sic

1849 2785 2083 2839 absurde
2114 2800 2203 2839 res
2248 2785 2543 2839 credantur
2573 2799 2605 2838 a
2654 2782 3012 2849 Christianis,
3064 2783 3252 2852 quales
3305 2799 3441 2838 nun-

1850 2892 2012 2946 quam
2042 2885 2199 2931 antea
2251 2876 2317 2931 ad
2357 2876 2687 2932 credendum
2717 2884 2932 2945 poterat
2976 2875 3262 2945 quisquam
3316 2891 3441 2930 sua-

1849 2966 1979 3021 dere
2006 2968 2232 3037 paganis
2255 2976 2555 3021 creatorem
2588 2966 2830 3021 omnium
2861 2966 3257 3035 ignorantibus.
3288 2965 3439 3021 llanc

1851 3061 2035 3129 itaque
2064 3074 2177 3113 rem
2214 3067 2500 3129 propterea
2540 3056 2606 3113 ad
2647 3058 2884 3113 medium
2913 3057 3235 3113 deduximus
3260 3098 3274 3123 ,
3314 3056 3440 3126 quia

141 3120 318 3227 'Magis
340 3171 502 3225 spero
532 3157 587 3209 in
619 3157 728 3211 Deo
756 3120 921 3225 (illam
970 3156 1025 3210 in
1060 3157 1279 3213 homine
1302 3174 1314 3210 ε
1341 3158 1465 3225 quia
1497 3172 1622 3226 spes
1648 3172 1747 3227 per
1774 3120 1818 3183 C
1850 3147 1978 3202 huic
2013 3148 2155 3203 unde
2202 3148 2475 3217 loquimur
2521 3147 2714 3202 similis
2745 3156 2860 3213 est,
2901 3158 2955 3201 et
3006 3148 3091 3203 νει
3129 3147 3439 3217 exemplum

142 3255 332 3317 partes
362 3245 527 3299 dividi
554 3262 658 3301 non
691 3253 888 3314 potest.
923 3244 1029 3299 Aut
1055 3247 1199 3300 enim
1222 3255 1333 3303 tota
1353 3248 1477 3311 erit,
1516 3256 1571 3301 et
1594 3256 1742 3314 tuta;

140 3345 239 3393 aut
296 3340 475 3391 intuta
529 3338 655 3401 erit,
705 3346 760 3391 et
799 3338 965 3391 nulla.

210 3425 357 3484 XVI.
408 3427 552 3482 Ante
606 3428 706 3483 hos
767 3443 973 3498 paucos
1025 3445 1199 3485 annos
1252 3430 1607 3486 disseminata
1663 3441 1748 3488 est

1850 3247 2065 3309 poterat
2103 3239 2342 3293 tribuere
2372 3241 2436 3294 de
2482 3238 2627 3293 inani
2657 3238 2972 3293 seductione
3000 3250 3053 3293 et
3089 3254 3217 3294 vera
3245 3256 3439 3295 sensus

1849 3336 2226 3390 diminutione.

1519 3540 1789 3619 BALUZII
1829 3540 2063 3597 uorax.

212 3660 239 3689 ι
272 3646 559 3723 Appellari:
585 3650 682 3703 hoc
713 3651 1047 3723 canonicum,
1088 3650 1346 3723 nimirum
1380 3665 1500 3705 eam
1526 3651 1741 3723 frugum

141 3719 473 3789 portionem,
519 3735 640 3789 quae
669 3721 1038 3789 tempestariis
1074 3721 1415 3775 tribuebatur
1461 3719 1738 3776 annuatim

142 3804 171 3842 a
202 3790 635 3858 possessoribus,
668 3797 730 3843 ut
754 3791 822 3844 ab
848 3791 993 3860 agris
1024 3806 1213 3845 eorum
1247 3791 1580 3860 depellerent
1604 3800 1741 3846 tem-

140 3867 628 4001 pegméeri'maldum
672 3928 857 3983 ducem
914 3928 1348 4001 Beneventorum.
1397 3933 1514 3985 Duo
1551 3945 1649 4001 per
1674 3948 1737 3987 ea

142 4005 391 4067 tempora
414 3997 921 4069 Beneventanorum
942 4000 1107 4055 duces
1138 3999 1309 4065 fuere,
1344 3997 1575 4069 quorum
1601 4003 1739 4056 utri-

137 4083 245 4139 que
292 4082 508 4139 nomeni
536 4066 637 4121 fuit
673 4067 970 4134 Grimaldo,
1022 4078 1078 4125 et
1127 4066 1377 4139 quorum
1404 4070 1544 4125 alter
1579 4072 1737 4127 alteri

141 4138 434 4194 successit.
482 4138 789 4193 Chronicon
820 4141 991 4194 sancti
1027 4138 1296 4196 Vincentii
1335 4142 1401 4196 de
1430 4140 1693 4197 Vulturno
1721 4161 1733 4195 :

146 4226 167 4260 ί
215 4207 487 4263 Defuncto
514 4209 712 4263 dehinc
736 4209 953 4264 Arichis
972 4212 1113 4279 apud
1144 4210 1530 4275 Beneventum,
1567 4212 1739 4267 Bene-

143 4286 506 4333 ventanorum
550 4279 799 4348 precibus
825 4280 1170 4336 Grimoaldus
1202 4296 1231 4334 a
1261 4281 1457 4336 Carolo
1486 4290 1736 4350 receptus

139 4356 457 4419 revocatur,
488 4356 543 4403 et
584 4358 872 4419 paternum
902 4350 1017 4419 ipse
1049 4352 1290 4418 suscepit
1327 4352 1599 4405 ducatum.
1630 4352 1736 4405 Iste

136 4418 510 4508 912'.”..E‘°{'E‘.
529 4418 793 4508 eddea“-
821 4428 875 4508 ει
897 4418 1273 4508 nossetis.
1292 4434 1605 4508 serram
1630 4421 1732 4508 Ρςί
1759 4449 1811 4508 D

135 4488 393 4551 contulit,
418 4489 513 4544 sed
528 4488 799 4557 praecipue
821 4490 1122 4544 beatissimi
1146 4490 1436 4545 Vincentii.
1457 4489 1733 4555 Grimoal-

135 4557 203 4613 do
243 4573 388 4613 vero
430 4566 617 4614 nostro
652 4567 903 4624 mortuo,
946 4558 1083 4613 alter
1132 4558 1475 4614 Grimoaldus
1519 4560 1735 4614 exadel-

134 4628 273 4699 phus
315 4628 696 4700 ei_succedit;
746 4636 802 4683 et
842 4631 944 4683 hoc
975 4630 1286 4692 decedente,
1319 4630 1445 4684 Sico
1470 4630 1734 4700 subroga-

135 4697 240 4770 ζωῇ.
270 4717 321 4770 ξ»
384 4697 461 4770 De
515 4698 698 4768 priore
753 4700 1159 4770 intelligendum
1210 4708 1342 4770 puto
1379 4701 1521 4768 quod
1572 4697 1733 4755 tradit

134 4766 484 4838 Eginhardus
510 4766 578 4824 ad
615 4784 815 4823 annum
842 4766 951 4825 8οἱ
978 4788 990 4823 :
1030 4788 1047 4821 ι
1086 4766 1429 4825 Grimoaldtts
1461 4771 1735 4825 Beneven-

134 4845 389 4909 tanorum
424 4840 534 4893 dux
559 4880 574 4903 ,
606 4840 782 4909 inquit
806 4880 820 4901 ,
851 4840 903 4892 in
939 4840 1170 4895 Nuceria
1202 4840 1529 4909 Winigisum
1560 4840 1731 4909 comi—

136 4913 243 4981 tem
272 4906 492 4981 Spoleti
519 4949 533 4972 ,
568 4906 944 4981 quifprzesidio
973 4917 1236 4981 praeerat,
1266 4906 1491 4981 adversa
1520 4908 1726 4981 valetu-

135 4976 257 5031 dine
293 4976 600 5049 fatigatum’
630 4976 871 5049 obsedit,
917 4976 989 5034 et'
1022 4981 1074 5034 in
1122 4980 1450 5033 deditionem
1501 4979 1731 5049 accepit,

135 5047 467 5118 captumque
491 5047 789 5118 honorifice
831 5048 1070 5103 habuit.»
1099 5050 1300 5103 Eadem
1329 5064 1543 5118 quoque
1572 5047 1735 5103 habet

135 5128 326 5171 auctor
350 5117 651 5172 Annalium
682 5117 739 5171 S.
777 5118 1002 5173 Bertiui.
1044 5119 1320 5174 Posterior
1349 5117 1533 5173 autem
1566 5118 1734 5172 inter-

137 5185 307 5259 fectus
354 5196 443 5243 est
482 5204 628 5243 anno
672 5189 799 5253 8l8,
850 5198 909 5242 ut
948 5182 1113 5259 habet
1145 5190 1299 5259 idem
1328 5187 1670 5259 Eginhardus
1714 5205 1725 5240 :

141 5256 810 5328 rlmperator,rinquit,
860 5274 982 5313 cum
1045 5256 1418 5312 Haristalliufn
1464 5259 1725 5323 venisset,

134 5326 320 5400 obvios
334 5328 541 5400 habuit
567 5326 768 5399 legatos
792 5327 1006 5400 Sigonis
1023 5328 1175 5383 ducis
1199 5328 1725 5400 Beneventanorum,

135 5396 271 5449 dona
305 5396 665 5463 deferentes',
706 5396 937 5467 eumq'ue
966 5398 1033 5453 de
1062 5413 1194 5453 nece
1233 5397 1529 5452 Grimoaldi
1575 5396 1730 5451 ducis

136 5468 503 5525 antecesseris
550 5468 633 5524 sui
670 5476 1010 5527 excusantes.
1064 5488 1081 5522 ι
1119 5468 1240 5525 Vita
1282 5467 1539 5524 Ludovici
1579 5467 1661 5524 Pii
1708 5483 1722 5521 :

1856 3673 1873 3704 ι
1916 3652 2216 3721 Imperator
2256 3665 2357 3721 per
2394 3649 2864 3721 Rotliomagnmet
2894 3648 3431 3721 Ambianumgurbcm

1851 3718 2217 3777 recto'itinere
2244 3718 2303 3773 se
2335 3718 2764 3788 Aquisgraui’ad
2793 3720 3018 3773 hiberna
3055 3719 3301 3775 contulit.
3333 3722 3435 3777 Cui

1848 3791 2171 3853 revertenti,
2210 3797 2264 3844 et
2286 3788 2649 3843 Heristallium
2684 3789 2943 3857 palatium
2972 3790 3215 3852 intranti,
3244 3806 3434 3846 occur-

1847 3876 1971 3917 rere
2001 3861 2151 3915 missi
2202 3858 2419 3929 Sigonis
2460 3858 2823 3930 Beneventani
2853 3860 3039 3925 ducis,
3089 3861 3229 3914 dona
3270 3877 3431 3930 quam

1850 3932 2086 3986 maxima
2131 3928 2467 3992 deferentes,
2509 3928 2786 3982 dominum
2827 3945 2984 3983 suum
3027 3945 3057 3983 a
3096 3928 3435 3985 morte‘Gri-

1848 4002 2049 4057 moaldi
2088 3999 2505 4070 prmdecessoris
2540 3998 2619 4052 sui
2648 4006 2962 4070 purgantes.
3010 4018 3029 4051 ι
3072 3999 3149 4054 De
3179 4008 3301 4055 utro
3338 4017 3436 4056 au-

1842 4082 1947 4127 tem
1993 4068 2187 4126 horum
2232 4070 2495 4137 capienda
2532 4070 2601 4122 sit
2648 4068 2871 4122 historia
2915 4084 3077 4137 quam
3108 4070 3197 4123 hic
3240 4080 3431 4125 narrat

1835 4140 2152 4213 Agobardus
2172 4180 2186 4205 ,
2223 4137 2640 4213 affirmarenon
2666 4139 2812 4213 licet.
2841 4137 3073 4213 Facilius
3100 4147 3282 4213 tamen
3313 4156 3431 4213 cre-

1833 4207 2061 4267 diderim
2088 4212 2200 4265 hree
2224 4212 2276 4263 in
2298 4209 2490 4277 vulgus
2509 4207 2711 4275 jactata
2734 4208 2833 4261 sub
2858 4210 3036 4277 priore
3090 4208 3424 4265 Grimoaldo.

1836 4224 2061 4267 diaertm
2088 4224 2200 4265 ntee
2224 4226 2276 4263 In
2298 4224 2384 4262 vut
2429 4224 2490 4261 us
2509 4224 2711 4275 Jaetata
2734 4224 2833 4261 sun
2858 4224 3036 4277 priore
3090 4224 3424 4265 urimoalao.

1836 4283 1963 4338 [late
1997 4283 2139 4336 enim
2179 4288 2301 4335 acta
2327 4224 2428 4333 sub
2454 4277 2647 4333 Carolo
2686 4278 2897 4348 Magno.
2942 4277 3293 4334 Suecesserat
3334 4295 3429 4333 au-

1836 4361 1943 4407 tem
1985 4351 2220 4416 Arigiso.
2269 4349 2360 4416 qui
2402 4364 2548 4403 anno
2575 4349 2675 4404 787
2723 4355 2971 4402 mortuus
3018 4357 3123 4413 est,
3165 4357 3228 4403 ut
3260 4351 3428 4405 tradit

1838 4417 2176 4493 Eginhardus
2204 4417 2594 4493 ingAnnalibus,
2631 4434 2702 4493 ac_
2710 4424 2841 4493 post
2864 4432 2986 4471 eum
3020 4417 3132 4493 alii.

1908 4486 1929 4531 ε
1974 4491 2230 4545 Inimicus
2256 4490 2382 4558 imp.
2419 4486 2633 4558 Carolo.
2683 4486 2822 4558 Hinc
2864 4495 3011 4556 patet
3034 4488 3230 4558 librum
3262 4488 3423 4544 istum

1836 4562 2005 4617 fuisse
2026 4562 2284 4631 scriptum
2308 4556 2360 4611 in
2381 4557 2539 4639 initio
2556 4558 2764 4639 imperii
2790 4556 3046 4639 hudovici
3076 4556 3195 4639 Pii,‘
3208 4560 3426 4639 quando

1838 4648 2028 4687 recens
2068 4626 2187 4685 erat
2228 4630 2487 4683 memoria
2527 4626 2650 4682 belli
2687 4628 2827 4696 quod
2867 4627 3128 4681 adversus
3157 4626 3425 4682 Grimoal-

1836 4704 1963 4756 dum
1992 4702 2497 4757 Beneventanorum
2537 4699 2727 4752 ducem
2770 4696 3001 4751 feliciter
3034 4706 3242 4767 gestum
3280 4706 3366 4754 est
3392 4714 3424 4756 a

1834 4772 2028 4827 Carolo
2075 4771 2287 4841 Magno.
2340 4768 2679 4841 Eginhardus
2717 4768 2783 4820 ad
2813 4782 3013 4841 annum
3055 4767 3205 4822 812:
3245 4786 3262 4819 ι
3306 4768 3423 4841 Pax

1833 4858 1955 4896 cum
1977 4835 2195 4895 Almbai
2218 4854 2343 4909 rege
2367 4835 2791 4909 Sarracenorum
2808 4835 2966 4909 facta.
2985 4836 3121 4909 item
3144 4853 3265 4892 cum
3287 4840 3424 4895 duce

1836 4906 2334 4967 Beueventanorum
2360 4907 2702 4978 Grimoaldo;
2729 4916 2786 4961 et
2813 4906 2996 4960 tributi
3018 4909 3243 4978 nomine
3268 4910 3423 4978 quin-

1833 4998 1937 5051 que
1972 4990 2027 5036 ct
2057 4980 2245 5051 viginti
2281 4978 2444 5031 millia
2481 4975 2773 5031 solidorum
2814 4977 2986 5051 auria
3017 4975 3421 5051 Beneventanis

1832 5046 2024 5106 soluta.
2076 5046 2305 5116 i'Quam
2353 5063 2538 5115 pacem
2582 5056 2768 5116 postea
2823 5046 3061 5101 firmavit
3109 5048 3417 5105 Ludovicus

1830 5123 1990 5186 Pius,
2035 5130 2093 5174 ut
2123 5120 2280 5173 docet
2315 5117 2655 5187 Eginhardus
2684 5117 2751 5171 ad
2794 5132 2996 5170 annum
3036 5118 3140 5173 8M
3171 5137 3183 5171 :
3220 5136 3236 5168 ι
3284 5118 3417 5174 Cum

1830 5191 2139 5247 Grimoaldo
2166 5191 2668 5245 Beneventanorum
2692 5187 2826 5241 duce
2856 5197 3073 5257 pactum
3098 5187 3226 5243 fecit
3255 5196 3420 5257 atque

1829 5262 2103 5326 firmavit,
2136 5276 2201 5315 eo
2252 5258 2412 5312 modo
2436 5272 2542 5326 quo
2586 5265 2641 5311 et
2668 5264 2857 5326 pater,
2906 5256 3115 5311 scilicet
3146 5267 3208 5311 ut
3244 5256 3416 5312 Bene-

1835 5332 2054 5388 ventani
2096 5331 2355 5387 tributum
2392 5325 2549 5383 annis
2578 5325 2805 5397 singulis
2848 5327 2879 5379 7
2920 5326 3087 5381 millia
3120 5328 3417 5385 solidorum

1837 5404 2046 5459 darent.
2089 5420 2108 5454 ι
