3918 6320
455 262 561 322 139

1432 262 1490 318 S.
1531 259 1883 319 AGOBARDI
1921 258 2234 316 EPISCOPI
2274 255 2762 314 LUGDUNENSIS

3649 252 3741 305 160

1205 395 3740 422 Μ

1689 482 2041 589 ἸΤΕΜ
2100 501 2454 586 LIBER

1208 691 1535 756 CONTRA
1582 688 2123 750 OBJECTIONES
2169 685 2573 749 FREDIGISI
2627 684 2991 746 ABBATIS.

529 926 570 985 I.
614 922 1073 983 Reverentissimo
1115 937 1181 977 ac
1216 920 1534 977 beatissimo
1564 920 1786 976 domino
1815 928 1870 976 et
1913 920 2053 990 patri
2082 927 2133 986 Α
2160 922 2366 977 minum
2402 931 2649 977 nostrum
2679 920 2863 978 Jesum
2887 921 3164 977 Christum
3204 919 3417 976 caneris
3442 920 3759 978 hominibus

461 1034 488 1063 ι
510 1019 798 1089 Fredegiso
819 1016 1022 1072 abbati.
1040 1014 1252 1069 Dudum
1281 1012 1562 1068 modestia;
1585 1019 1781 1067 vestra:
1808 1010 2056 1081 benigni-

462 1118 547 1163 tas
576 1108 867 1162 adversum
905 1102 1295 1173 nos,'peecatis
1320 1100 1522 1156 nostris
1542 1099 1903 1172 exigentibus,
1930 1114 2053 1155 mo-

463 1207 539 1262 ta,
573 1196 773 1253 talibus
812 1210 914 1250 nos
940 1192 1340 1249 invectionibus
1366 1190 1621 1261 perculit,
1665 1206 1788 1260 quae
1814 1190 2057 1245 lenitatis

461 1302 527 1342 ae
564 1284 895 1340 sinceritatis
932 1290 1129 1337 vestrae
1161 1280 1382 1336 modum
1410 1280 1675 1335 excedere
1698 1279 2017 1335 viderentur
2037 1320 2053 1346 ,

462 1378 568 1435 nisi
596 1378 650 1433 iu
685 1374 997 1430 refellendis
1020 1374 1178 1428 nobis
1200 1372 1296 1427 tali
1330 1372 1715 1443 redargutione
1740 1371 2055 1437 uteremini,

460 1484 582 1539 qua:
609 1468 794 1524 verbis
816 1474 1027 1521 tantum
1057 1479 1087 1519 a
1110 1463 1265 1520 vobis
1298 1462 1655 1534 proferretur,
1683 1464 1847 1519 corde
1875 1471 2057 1519 tamen

460 1576 569 1617 non
600 1559 1015 1630 approbaretur.
1050 1555 1185 1611 Nam
1217 1555 1265 1610 si
1294 1554 1383 1609 illa
1412 1556 1595 1611 omnia
1619 1571 1741 1626 quas
1770 1556 2059 1611 adversum

461 1668 562 1708 nos
587 1648 915 1720 protulistis,
944 1654 1001 1702 et
1028 1662 1095 1702 ex
1117 1652 1275 1717 parte
1298 1645 1551 1709 duxistis,
1577 1646 1650 1699 ita
1669 1662 1700 1700 a
1727 1645 2060 1700 vobis-sensa

465 1749 653 1799 essent
701 1748 760 1795 ut
806 1739 1017 1810 prolata
1046 1747 1217 1802 sunt,
1267 1753 1375 1793 non
1414 1737 1588 1792 solum
1620 1737 1939 1791 modestiam
1970 1752 2063 1791 ve-

468 1840 641 1886 stram
674 1828 1224 1900 transgrcderemini,
1259 1843 1449 1882 verum
1486 1827 1649 1881 etiam
1673 1827 1963 1882 veritatem
1987 1825 2064 1881 of-

474 1923 792 1979 fenderetis.
826 1922 893 1976 Et
922 1921 1146 1986 idcirco,
1170 1919 1568 1989 sapientissime
1593 1919 1695 1981 vir,
1732 1918 1777 1972 si
1810 1919 2064 1989 dignatur

467 2015 757 2070 a‘lmittere
793 2012 1111 2083 magnitudo
1152 2020 1332 2067 vestra
1362 2051 1377 2075 ,
1424 2010 1649 2064 nitimur
1696 2024 1795 2064 nos
1824 2024 1923 2079 per
1964 2010 2063 2065 bas

464 2105 735 2161 litterulas
760 2119 991 2175 purgare
1019 2105 1087 2157 ab
1112 2103 1216 2158 illis
1245 2103 1596 2168 criminibus,
1625 2117 1745 2173 quze
1771 2103 2062 2157 adversum

465 2210 566 2251 nos
598 2195 655 2249 in
687 2194 887 2249 vestris
920 2193 1118 2247 litteris
1153 2199 1377 2247 exarata
1401 2192 1724 2262 reperimus.
1760 2190 2059 2247 Recordari

2156 1013 2524 1083 permiscere;
2557 1029 2658 1069 nec
2682 1029 2778 1069 vos
2807 1012 3074 1069 debuistis
3093 1028 3192 1083 pro
3219 1027 3287 1068 eo
3317 1012 3465 1082 quod
3493 1012 3758 1067 Dominus

2156 1101 2315 1159 Iesus
2341 1103 2594 1160 Christus
2639 1104 2852 1175 abjecta
2884 1104 2951 1159 de
2996 1118 3054 1158 sc
3097 1118 3205 1158 non
3229 1102 3421 1167 sensit,
3458 1110 3514 1157 et
3540 1118 3759 1157 errasse

2158 1208 2219 1249 se
2247 1210 2522 1264 nunquam
2560 1196 2849 1266 cognovit,
2880 1203 3110 1249 caeteros
3140 1194 3392 1249 homines
3434 1193 3505 1247 ab
3534 1192 3759 1247 humili-

2160 1295 2271 1342 tate
2322 1287 2644 1359 abjeetionis
2693 1288 2901 1359 peccati
2948 1286 3297 1342 confessione
3349 1282 3653 1339 defendere
3708 1285 3761 1339 in

2161 1384 2397 1442 tantum,
2446 1385 2506 1433 ut
2536 1392 2602 1433 ex
2645 1379 2748 1433 hoc
2777 1378 3010 1447 probare
3039 1374 3247 1441 velitis,
3282 1377 3425 1430 sicut
3469 1374 3525 1428 in
3558 1375 3762 1428 vestris

2161 1478 2386 1538 apparet
2446 1470 2643 1526 litteris
2680 1510 2695 1534 ,
2753 1469 2963 1524 nullum
3011 1483 3142 1523 vere
3194 1464 3483 1522 humilium
3542 1464 3759 1533 abjecta

2162 1560 2229 1615 de
2254 1575 2313 1615 se
2340 1561 2563 1628 sentire,
2588 1560 2793 1615 nullum
2819 1575 2877 1614 se
2912 1566 3255 1629 peccatorem
3278 1555 3435 1611 fateri
3464 1556 3691 1611 debere.

2233 1651 2320 1706 lll.
2361 1650 2565 1721 Nempe
2590 1692 2606 1715 ,
2653 1666 2687 1705 o
2725 1650 3054 1705 venerabilis
3087 1647 3365 1719 magister,
3413 1647 3652 1717 putabat
3704 1662 3761 1700 ac

2162 1748 2317 1811 putat
2345 1749 2529 1796 nostra
2562 1740 2877 1811 insipientia
2914 1739 3044 1809 quia
3092 1754 3217 1794 cum
3260 1738 3326 1793 de
3355 1737 3559 1792 talibus
3601 1738 3763 1793 rebus

2163 1830 2404 1902 loquitur
2434 1832 2616 1897 homo,
2648 1846 2756 1885 non
2785 1830 2947 1885 debet
2975 1828 3265 1883 Dominum
3298 1836 3546 1883 nostrum
3576 1826 3761 1882 Jesum

2164 1919 2445 1975 Christum
2492 1920 2709 1975 cazteris
2747 1934 3046 1990 aggregare
3098 1916 3407 1971 hominibus
3450 1929 3466 1969 :
3506 1916 3641 1985 quia
3665 1917 3762 1971 hu-

2165 2010 2406 2065 manitas
2441 2026 2563 2079 quae
2597 2026 2629 2063 a
2659 2010 2841 2065 Verbo
2865 2017 3145 2079 assumpta
3170 2014 3283 2071 est,
3315 2022 3637 2077 quanquam
3666 2009 3762 2061 ha-

2164 2099 2290 2155 beat
2344 2108 2597 2154 naturam
2650 2107 2960 2154 nostrorum
3016 2112 3344 2167 corporum,
3405 2112 3517 2151 non
3587 2105 3764 2150 tamen

2167 2190 2332 2244 habet
2366 2190 2652 2258 originem.
2693 2188 2803 2244 Nos
2829 2189 2975 2244 enim
3014 2188 3256 2243 humano
3281 2188 3491 2242 semine
3518 2187 3750 2257 coagula

464 2284 762 2355 dignamini
786 2283 1089 2337 litterarum
1111 2290 1441 2347 vestrarum,
1467 2297 1603 2351 quas
1626 2290 1756 2337 tunc
1777 2282 2065 2337 adversum
2094 2275 2141 2333 B
2170 2298 2323 2347 mur,
2356 2282 2444 2337 ille
2473 2284 2539 2337 de
2564 2281 2769 2352 Spiritu
2805 2290 2992 2358 sancto
3014 2290 3176 2336 natus
3197 2290 3281 2336 est
3306 2298 3320 2335 :
3346 2283 3438 2351 qui
3468 2282 3576 2336 etsi
3610 2282 3767 2335 homo

465 2391 567 2432 nos
613 2374 910 2429 novissime
954 2373 1213 2438 dedistis;
1264 2381 1319 2427 et
1364 2372 1675 2443 cognoscite
1714 2381 1904 2427 contra
1944 2388 2065 2442 qua:

467 2464 695 2523 crimina
726 2478 873 2519 nunc
904 2463 1237 2532 respondere
1262 2477 1538 2517 curamus.

538 2553 601 2607 ΙΙ.
630 2552 940 2624 Scripsistis
964 2553 1131 2624 igitur
1165 2554 1219 2607 in
1250 2552 1568 2623 praefatione
1597 2534 1841 2609 dicentes
1882 2571 1895 2607 :
1941 2572 1960 2605 ι
2006 2553 2064 2610 Si

472 2643 541 2697 ad
568 2643 751 2697 omnia
787 2658 909 2712 qum
945 2642 999 2696 in
1027 2650 1223 2699 vestra:
1263 2644 1566 2699 dilectionis
1592 2644 1839 2699 chartula
1864 2645 2068 2715 scripta

467 2733 793 2801 reperimus,
822 2731 1259 2805 respondendum
1286 2732 1673 2803 iudicaremui,
1711 2749 1819 2788 non
1848 2742 2066 2790 tantum

467 2823 731 2879 chartula:
755 2866 769 2889 ,
798 2839 988 2879 verum
1021 2825 1331 2895 prolixioris
1372 2824 1497 2879 libri
1540 2825 1758 2880 modum
1803 2828 2068 2882 excedere

469 2910 804 2977 videremur.
862 2912 969 2969 Sed
1023 2915 1150 2985 quia
1198 2915 1503 2985 compendii
1556 2932 1744 2981 causa,
1790 2932 1961 2986 pauca
1999 2932 2067 2973 ex

468 3004 722 3076 plurimis
766 3006 1077 3060 summatim
1125 3007 1394 3076 attingere
1441 3006 1618 3061 libuit.
1678 3027 1695 3059 ι
1742 3007 1820 3061 Ex
1871 3009 2068 3078 quibus

473 3094 655 3151 verbis
688 3096 888 3150 vestris
918 3104 1145 3166 apparet
1172 3097 1352 3151 omnia
1385 3112 1481 3151 vos
1512 3094 1598 3151 illa
1648 3096 2068 3166 reprehendisse

470 3202 591 3258 que
631 3187 685 3242 in
726 3197 914 3243 nostra
958 3188 1206 3243 chartula
1242 3189 1449 3259 scripta
1480 3190 1779 3260 reperistis.
1834 3189 1942 3246 Sed
1971 3192 2066 3262 qui

468 3280 655 3333 omnia
677 3280 1095 3349 reprehenditis,
1118 3281 1251 3334 nihil
1283 3280 1546 3347 laudatis;
1572 3291 1765 3336 cuncta
1793 3281 2063 3349 refellitis,

472 3369 606 3426 nihil
640 3370 910 3439 recipitis;
945 3384 1108 3439 quam
1127 3370 1275 3440 juste
1308 3370 1409 3425 hcc
1432 3369 1662 3435 faciatis,
1689 3388 1756 3425 ex
1796 3372 1915 3426 istis
1941 3388 2066 3442 per-

471 3459 693 3530 pendite
738 3475 859 3529 quaa
889 3461 1194 3530 compendii
1232 3476 1397 3516 causa
1432 3461 1745 3515 summatim
1786 3463 2064 3530 attigistis.

471 3549 609 3617 Quia
648 3550 691 3605 si
739 3551 841 3605 ista
874 3558 981 3603 tam
1014 3549 1212 3618 injuste
1245 3550 1698 3619 reprehendistis,
1752 3560 1955 3621 quanto
1986 3553 2068 3606 in-

472 3640 668 3711 iustius
711 3640 802 3694 illa
843 3656 963 3710 qua:
1006 3640 1336 3710 reliquistis?
1372 3640 1441 3694 Et
1474 3640 1713 3710 primum
1754 3641 1973 3711 quidem
2002 3642 2069 3697 de
2097 3621 2142 3684 Ο

473 3732 559 3785 his
579 3746 700 3800 quze
721 3730 871 3784 vobis
892 3730 1159 3801 attingere
1184 3730 1362 3795 libuit,
1386 3730 1664 3784 assumitis
1686 3730 2069 3801 refragandam

475 3827 716 3873 nostram
747 3819 1099 3884 sententiam,
1125 3834 1231 3888 qua
1260 3819 1496 3873 diximus
1536 3836 1549 3871 :
1589 3836 1619 3868 ι.
1645 3816 1746 3884 Qui
1767 3820 1915 3875 enim
1942 3834 2072 3875 vere

474 3910 696 3964 humilis
723 3918 829 3975 est,
868 3910 1081 3980 abjecta
1127 3910 1194 3964 de
1217 3924 1275 3963 se
1307 3910 1505 3974 sentit;
1539 3915 1594 3964 et
1630 3908 1719 3977 qui
1749 3905 1956 3976 al-jeeta
2001 3908 2069 3963 de

476 4014 535 4055 se
566 4000 751 4065 sentit,
778 4014 994 4054 errasse
1014 4014 1072 4054 se
1093 4014 1199 4053 non
1221 3997 1451 4052 dubitat.
1492 4016 1509 4049 ι
1537 3996 1709 4063 Quam
1738 3997 2066 4052 sententiam

477 4100 536 4143 ut
579 4106 765 4144 veram
812 4105 918 4144 non
964 4105 1087 4145 esse
1121 4091 1409 4145 ostendere
1447 4092 1774 4155 videamini,
1827 4093 2071 4163 probatis

479 4181 764 4235 numinum
806 4178 991 4236 Jesum
1017 4179 1296 4235 Christum
1334 4197 1461 4236 vere
1489 4181 1749 4237 humilem
1783 4181 1983 4249 fuisse,
2014 4193 2072 4240 et

476 4272 659 4326 dicitis
706 4291 720 4326 :
775 4290 794 4323 ι
836 4271 975 4339 Quia
1016 4288 1147 4328 vere
1183 4273 1403 4329 humilis
1446 4282 1568 4351 erat
1612 4276 1911 4331 secundum
1943 4291 2065 4343 nos,

476 4362 685 4431 aijecta
717 4366 785 4421 de
823 4381 883 4421 se
921 4366 1105 4431 sentit,
1131 4374 1188 4420 et
1212 4381 1427 4422 errasse
1470 4382 1528 4422 se
1570 4382 1676 4422 non
1710 4367 1998 4423 dubitavit.
2039 4386 2059 4421 ι

481 4452 638 4522 Quod
667 4470 831 4524 quam
875 4456 1211 4511 calumniose
1257 4472 1287 4510 a
1310 4456 1463 4511 vobis
1492 4457 1697 4512 dictum
1725 4458 1819 4523 sit,
1847 4474 2065 4528 quaesu-

479 4559 602 4600 mus
632 4544 926 4615 dignamini
950 4546 1305 4617 perpendere.
1332 4547 1465 4613 Quis
1486 4548 1629 4602 enim
1656 4548 1891 4603 fidelium
1916 4549 2070 4619 igno—

482 4644 571 4691 rat
613 4638 739 4707 quia
776 4652 878 4693 nec
923 4653 1024 4693 nos
1071 4638 1331 4693 debemus
1365 4655 1623 4709 unquam,
1675 4655 1796 4694 cum
1829 4640 1897 4695 de
1927 4639 2071 4709 abje~

479 4726 677 4782 ctiouis
728 4728 1035 4782 humilitate
1072 4736 1128 4783 et
1163 4730 1367 4798 peccati
1395 4728 1737 4785 confessione
1772 4730 2064 4801 loquimur,

2172 2372 2349 2427 factus
2370 2379 2456 2426 est
2476 2380 2698 2441 propter
2714 2381 2962 2426 nostram
2987 2370 3237 2435 salutem,
3262 2370 3407 2425 Deus
3435 2380 3625 2425 tamen
3653 2386 3767 2426 esse

2169 2478 2277 2518 non
2308 2464 2495 2527 desiit;
2550 2462 2645 2533 qui
2687 2461 2814 2518 licet
2848 2463 3010 2516 homo
3048 2476 3215 2516 verus
3255 2461 3344 2525 sit,
3387 2476 3555 2515 verus
3586 2470 3767 2516 tamen

2170 2565 2225 2613 et
2250 2573 2391 2611 unus
2427 2564 2511 2611 est
2537 2555 2681 2609 Deus
2723 2570 2847 2610 cum
2889 2554 3051 2609 Patre
3094 2562 3151 2609 et
3178 2552 3383 2623 Spiritu
3426 2561 3646 2607 sancto.
3678 2553 3768 2607 llla

2170 2662 2408 2717 namque
2435 2645 2737 2710 humilitas,
2768 2661 2875 2715 qua
2905 2644 3170 2700 Dominus
3199 2652 3387 2699 noster
3420 2642 3583 2697 Iesus
3615 2642 3770 2698 Chri-

2169 2746 2309 2802 stus,
2362 2751 2485 2790 cum
2513 2737 2567 2791 in
2619 2735 2791 2791 forma
2822 2735 2917 2790 Dei
2969 2734 3148 2789 Patris
3197 2742 3362 2799 esset,
3408 2735 3766 2803 semetipsum

2169 2827 2472 2885 exinanivit
2498 2835 2554 2881 ut
2580 2825 2809 2882 formam
2839 2826 2984 2881 servi
3013 2826 3311 2894 acciperet,
3348 2823 3638 2878 inclinatio
3669 2823 3768 2877 fuit

2169 2917 2574 2981 miserationis,
2628 2932 2735 2971 non
2789 2916 3077 2970 evacuatio
3124 2914 3453 2985 potestatis;
3514 2914 3611 2984 qui
3671 2916 3769 2969 etsi

2169 3008 2380 3079 ahjecta
2406 3006 2677 3077 passionis
2696 3006 2938 3077 pertulit,
2976 3015 3155 3060 tamen
3184 3005 3295 3060 Deo
3320 3004 3467 3058 Patri
3495 3005 3766 3073 aequalem

2169 3112 2229 3153 se
2248 3112 2377 3152 esse
2405 3096 2657 3151 innotuit.
2692 3094 2942 3165 .lEqualis
2966 3096 3189 3151 omnino
3214 3103 3298 3149 est
3330 3093 3504 3159 Patri,
3535 3109 3649 3149 non
3679 3094 3773 3149 mi-

2168 3205 2271 3244 nor
2294 3198 2380 3243 est
2402 3189 2595 3259 gloria,
2645 3202 2753 3242 non
2788 3187 3061 3258 posterior
3091 3194 3357 3257 tempore,
3399 3201 3507 3241 non
3541 3186 3771 3241 inferior

2167 3286 2497 3348 potestate:
2536 3279 2627 3348 qui
2668 3285 2956 3347 propterea
3002 3275 3178 3333 factus
3217 3284 3303 3332 est
3330 3277 3518 3339 homo,
3552 3292 3664 3331 non
3713 3284 3772 3330 ut

2168 3377 2400 3433 erraret,
2431 3366 2526 3423 sed
2572 3375 2632 3421 ut
2670 3368 2960 3422 erraticam
3001 3382 3155 3422 ovem
3207 3367 3481 3420 inventam
3523 3367 3770 3421 humeris

2170 3461 2283 3515 suis
2321 3466 2576 3530 gestaret,
2624 3467 2678 3513 et
2707 3460 2775 3513 ad
2796 3458 3017 3513 domum
3047 3441 3283 3513 coilcstis
3323 3458 3545 3527 patria},
3578 3457 3649 3511 ad
3676 3473 3769 3527 pa-

2174 3560 2384 3605 ternam
2409 3549 2618 3604 scilicet
2644 3549 2909 3603 visionem
2938 3548 3280 3618 perduceret.
3321 3546 3388 3601 Et
3418 3546 3631 3602 idcirco
3660 3562 3766 3602 non

2175 3653 2260 3698 est
2280 3658 2638 3713 consequens,
2668 3642 2777 3697 imo
2802 3639 2957 3695 valde
2986 3640 3246 3711 injustum
3271 3647 3377 3705 est,
3404 3648 3465 3695 ut
3491 3655 3619 3694 cum
3650 3642 3770 3710 quis

2173 3748 2236 3788 ea
2268 3747 2389 3801 quae
2419 3732 2700 3786 hominum
2721 3740 2847 3784 sunt
2874 3744 3004 3785 vere
3034 3728 3294 3799 loquitur,
3324 3728 3464 3783 alter
3482 3728 3767 3783 Dominica

2174 3821 2579 3891 comparatione
2601 3826 2845 3875 evacuet.
2874 3818 3073 3873 lterum
3099 3827 3264 3887 atque
3284 3818 3479 3872 iterum
3509 3818 3766 3881 dicimus,

2174 3914 2301 3983 quia
2330 3912 2634 3982 pervicacis
2676 3909 2915 3965 hominis
2954 3917 3037 3963 est
3059 3907 3342 3961 Dominieo
3382 3906 3638 3976 exemplo
3672 3907 3771 3960 imo

2172 4012 2416 4073 pugnare
2440 4017 2503 4055 ea
2528 4016 2649 4070 qua:
2680 3999 2745 4055 de
2775 3998 2926 4068 puris
2950 3997 3264 4051 hominibus
3287 3997 3555 4052 veraciter
3575 3996 3771 4051 dicun-

2172 4101 2277 4159 tur,
2308 4107 2538 4163 quorum
2567 4090 2745 4145 nullus
2774 4089 2958 4145 existit
2981 4088 3098 4145 sine
3128 4095 3353 4157 peccato
3372 4128 3385 4151 ,
3435 4088 3579 4143 sicut
3621 4089 3762 4144 scri-

2173 4191 2325 4253 ptum
2356 4188 2439 4236 est
2468 4198 2481 4234 :
2510 4179 2634 4235 Non
2653 4189 2724 4233 est
2748 4180 2925 4250 justus
2967 4178 3243 4249 quisquam
3269 4178 3359 4247 qui
3385 4177 3547 4246 faciat
3575 4178 3771 4230 bonum

2172 4283 2221 4331 et
2270 4288 2374 4326 non
2409 4281 2601 4341 peccet.
2646 4270 2715 4324 Et
2748 4270 2994 4324 iterum:
3031 4268 3201 4322 Nemo
3247 4267 3475 4321 mundus
3516 4281 3549 4320 α
3588 4268 3769 4330 sorde,

2171 4363 2331 4417 etiam
2359 4362 2406 4416 si
2444 4362 2601 4415 unius
2647 4359 2753 4413 diei
2778 4360 2938 4430 fuerit
2962 4359 3069 4413 vita
3107 4358 3222 4427 ejus
3263 4375 3421 4429 super
3442 4368 3665 4412 terram.
3697 4358 3773 4412 De

2172 4455 2405 4535 quino
2451 4452 2743 4523 Apostolus
2788 4453 2982 4507 Petrus
3018 4458 3254 4505 testatur
3280 4490 3296 4515 ,
3343 4450 3534 4505 dicens
3569 4464 3583 4503 :
3624 4449 3771 4515 Quia

2160 4555 2438 4617 peccatum
2462 4561 2567 4599 non
2596 4544 2741 4613 fecit,
2774 4560 2865 4596 nec
2886 4543 3122 4596 inventus
3148 4550 3223 4595 est
3244 4539 3399 4593 dolus
3429 4540 3485 4594 in
3504 4556 3595 4593 ore
3620 4540 3765 4609 ejus.

2171 4634 2426 4705 Nunquid
2460 4633 2588 4702 quia
2618 4634 2723 4688 hoc
2749 4647 2935 4687 verum
2974 4638 3095 4695 est,
3127 4638 3413 4700 propterea
3441 4628 3548 4684 hoc
3573 4643 3768 4683 verum

2172 4730 2283 4781 non
2312 4725 2418 4780 erit
2445 4723 2575 4779 illud
2614 4723 2759 4795 quod
2797 4721 2995 4777 Paulus
3021 4721 3138 4775 ait:
3171 4719 3364 4774 Omnes
3406 4719 3545 4773 enim
3575 4735 3768 4789 pecca-

480 4829 603 4885 qua:
632 4830 763 4872 vera
800 4818 854 4872 in
882 4819 1136 4875 omnibus
1162 4819 1348 4890 procul
1381 4818 1543 4877 dubio
1571 4835 1692 4875 esse
1715 4821 1930 4883 debent,
1966 4821 2071 4876 Do-
2095 4812 2149 4871 D
2174 4827 2377 4884 verunt,
2400 4828 2450 4872 et
2477 4826 2625 4889 egent
2655 4816 2827 4886 gloria
2852 4813 2951 4869 Dei
2968 4814 2994 4867 7

1558 4910 1562 4915 “
1848 4928 2123 4987 BALUZII
2161 4925 2396 4985 uorax.

555 5055 579 5083 α
625 5039 913 5111 Fredegiso
932 5040 1109 5111 abbati
1140 5040 1322 5111 sancti
1346 5040 1558 5111 Martini
1584 5039 1915 5094 Turonensis
1945 5048 2069 5110 post

482 5109 811 5190 Alcuinutn‘;
834 5109 988 5190 cujus
1029 5109 1207 5165 fuerat
1243 5109 1539 5190 discipulus
1561 5151 1574 5173 ,
1602 5119 1666 5190 _ut
1690 5119 1923 5190 patetes
1952 5109 2067 5164 vita

482 5181 716 5236 Alcuiui.
754 5180 881 5243 Fuit,
915 5180 1079 5233 etiam
1118 5178 1474 5234 caucellarius
1503 5178 1756 5249 Ludovici
1792 5180 1871 5233 Pii
1903 5182 2070 5249 impe-

484 5252 699 5306 ratoris.
726 5251 884 5305 Varie
906 5258 1086 5304 autem
1106 5250 1362 5305 scribitur
1386 5264 1581 5303 nomen
1608 5248 1745 5317 ejus.
1773 5249 1871 5303 llic
1897 5248 2065 5315 enim,

485 5322 721 5390 itemque
750 5321 801 5373 in
843 5327 1115 5390 princepto
1164 5318 1407 5387 ejusdem
1452 5319 1707 5390 Ludovici
1750 5335 1847 5389 pro
1882 5319 2069 5390 Hilde—

486 5389 644 5459 haldo
671 5389 922 5459 episcOpo
952 5389 1355 5459 Matisconensi,
1384 5398 1609 5443 vocatur
1639 5389 1979 5459 Fredegisus.
2007 5389 2065 5443 ln

484 5457 833 5529 Testamento
855 5457 1050 5513 autem
1088 5457 1263 5513 Caroli
1308 5457 1481 5529 Magni
1530 5459 1669 5529 apud
1696 5457 2067 5529 Eginhardum

484 5537 707 5599 vocatur
735 5528 1081 5599 Fridugisus,
1128 5538 1182 5599 et
1210 5528 1426 5599 quidem
1479 5528 1725 5599 rectius,
1754 5528 1824 5599 ut
1854 5528 2064 5599 Opinor.

484 5596 621 5668 Nam
650 5598 729 5652 sic
771 5596 985 5668 quoque
1028 5598 1337 5668 nominatur
1373 5598 1427 5668 in
1473 5598 1763 5667 praeceptis
1804 5597 2061 5652 Ludovici

484 5665 563 5722 l'ii
610 5682 709 5737 pro
757 5665 987 5724 ecclesia
1032 5666 1360 5733 Parisieusi,
1414 5665 1653 5737 itemque
1689 5668 1743 5724 in
1794 5678 2065 5739 przeccpto

2171 5042 2413 5112 ejusdem
2448 5040 2710 5111 principis
2746 5055 2845 5109 pro
2870 5038 3097 5112 ecclesia
3129 5040 3305 5094 sancti
3332 5038 3606 5112 Lamberti
3638 5039 3771 5094 Tra-

2165 5109 2643 5182 jectensis,_quod_
2668 5112 2871 5182 editum
2907 5120 2995 5165 est
3026 5110 3079 5163 in
3125 5111 3483 5182 tomoprimo
3513 5109 3766 5165 Historia:

2172 5178 2559 5251 Episcoporu'm
2592 5181 2992 5251 Leodiensium,
3042 5194 3165 5248 pag.
3200 5178 3324 5243 154’,
3364 5178 3671 5251 sedentum
3710 5182 3764 5234 in

2172 5248 2411 5319 ejusdem
2434 5252 2691 5305 Ludovici
2715 5250 2999 5320 praeceptis
3022 5264 3120 5317 pro
3149 5248 3482 5320 monasterio
3508 5248 3766 5320 Arulensi

2173 5318 2227 5375 in
2259 5323 2478 5376 dimcesi
2508 5318 2795 5374 Helenensi
2825 5327 2881 5375 et
2903 5334 3002 5388 pro
3024 5319 3354 5373 monasterio
3382 5326 3588 5388 sancte
3616 5318 3762 5374 Gra-

2174 5400 2244 5445 tze
2266 5392 2319 5445 in
2346 5391 2566 5447 dicecesi
2595 5386 2919 5460 Urgellensi.
2945 5386 3201 5460 Fregedis
3224 5396 3422 5460 tamen,
3450 5387 3592 5457 quod
3621 5389 3764 5460 idem

2176 5470 2261 5516 est
2282 5475 2345 5515 ac
2371 5456 2716 5530 Fredegisus,
2741 5465 2964 5530 vocatt'Jr
2984 5473 3021 5530 Aa
3052 5456 3351 5530 Thcodulfo
3376 5456 3765 5530 episcopoAAu-

2176 5532 2495 5594 relianensi,
2529 5526 2594 5584 e'x
2627 5544 2735 5599 quo
2765 5529 2927 5599 etiam
2964 5527 3538 5599 disghntlsgdiaconum
3572 5526 3762 5599 fuisse.

2172 5601 2305 5655 V’idc
2337 5596 2683 5656 Sirmondum
2718 5598 2772 5655 in
2796 5598 2939 5655 notis
2967 5598 3033 5653 ad
3061 5596 3438 5663 Theodulfum,
3478 5611 3600 5669 pag.
3632 5597 3759 5652 292-
