3918 6326
456 398 560 453 1ῧῦ

1420 394 1476 452 S.
1520 394 1872 452 AGOBARDI
1913 390 2224 451 EPlSCOPI
2262 392 2756 453 LUGDUNENSIS

3664 404 3769 461 164

452 516 677 570 omnino
708 512 1005 569 necessitas
1049 511 1402 569 defensionis.
1445 510 1577 579 Quis
1606 513 1755 567 enim
1786 514 1853 567 de
1897 509 2054 566 nobis
2084 513 2129 572 Α
2157 520 2256 576 per
2296 522 2466 579 genus
2508 508 2825 565 femininum
2851 509 3210 583 significatur,
3242 530 3343 572 nec
3388 526 3575 574 tamen
3605 535 3636 575 a
3662 518 3773 577 Lac

453 607 817 677 calumniatus
860 613 946 661 est
984 620 1225 675 unquam
1253 604 1521 660 editorem
1554 613 1662 658 aut.
1696 603 2052 673 interpretem

453 697 690 769 aliquem
719 697 1028 753 divinarum
1052 695 1504 777 Scripturarum?
1536 696 1731 753 Dicitis
1756 686 2053 767 reprehen-

453 786 600 846 disse
623 802 725 845 nos
747 789 1019 860 apostolos
1050 796 1106 844 et
1142 789 1471 858 interpretes
1490 830 1505 857 ,
1542 804 1680 860 quos
1710 797 1922 844 tantum
1947 805 2051 860 pu-

453 880 707 936 tabamus
745 895 986 950 unquam
1028 876 1550 951 reprehendendos,
1597 888 1861 950 quantum
1908 897 2061 937 nunc

453 981 709 1045 putamus
744 971 992 1026 veritatis
1018 971 1415 1040 vituperatores
1454 966 1776 1027 laudandos.
1808 970 2054 1027 Diximus

456 1078 693 1134 namque
727 1063 854 1132 quia
894 1062 1222 1132 interpretes
1258 1054 1566 1117 divinorum
1607 1062 1941 1119 voluminum
1969 1059 2054 1117 vel

453 1149 794 1225 expositores
822 1170 933 1210 non
963 1162 1225 1210 curarunt
1257 1155 1483 1209 omnino
1530 1164 1717 1210 tenere
1760 1155 2056 1210 indeclina-

452 1244 633 1301 biliter
656 1246 895 1317 regulam
920 1246 1288 1317 grammatica:
1310 1246 1475 1311 artis;
1506 1245 1648 1316 quod
1670 1245 1855 1321 utique
1877 1261 2054 1316 neque

461 1335 762 1404 .mperitia,
792 1350 969 1404 neque
997 1336 1207 1395 malitia
1244 1334 1509 1401 fecerunt,
1548 1334 1644 1390 sed
1682 1337 1895 1391 ratione
1923 1351 2055 1391 con-

459 1423 855 1491 descensionis;
909 1434 971 1481 ut
1009 1426 1150 1480 sicut
1191 1441 1322 1480 usus
1366 1411 1569 1481 sanctas
1604 1416 1920 1499 "Scriptura:
1968 1436 2054 1484 est

454 1514 637 1569 verbis
672 1513 1113 1570 condescendere
1150 1516 1405 1571 humanis
1425 1556 1438 1579 ,
1470 1523 1740 1587 quatenus
1772 1517 1881 1571 vim
1913 1516 2052 1573 inef-

456 1605 638 1661 fabilis
668 1608 745 1661 rei
792 1608 1032 1661 humano
1071 1623 1223 1662 more
1261 1601 1520 1677 loquens,
1570 1610 1636 1664 ad
1668 1610 1916 1665 notitiam
1957 1612 2055 1666 ho-

456 1696 665 1750 minum
687 1682 1007 1761 deduceret,
1039 1706 1095 1752 et
1132 1698 1392 1768 mysteria
1420 1698 1634 1753 insolita
1673 1700 1847 1755 solitis
1877 1695 2057 1756 osten—

457 1785 619 1848 deret.
642 1787 836 1851 rebus;
879 1788 954 1842 ita
980 1795 1035 1842 et
1079 1788 1406 1857 interpretes
1437 1787 1554 1867 ejus
1582 1805 1703 1845 eam
1737 1784 2050 1860 sequendo,

2156 598 2284 653 tinis
2318 586 2589 653 feminino
2612 615 2813 670 genere
2847 602 3066 657 dicitur.
3116 604 3409 662 Peccatum
3454 602 3680 679 quoque
3717 610 3775 666 in

2154 686 2385 744 Hebraeo
2420 690 2973 760 generis'masculini
3010 702 3127 758 est,
3168 695 3226 749 in
3264 695 3772 767 Graeco-feminini,

2155 778 2211 835 in
2235 779 2429 836 Latino
2458 782 2667 846 neutri;
2698 790 2755 837 et
2781 798 2906 838 cum
2938 784 2993 838 in
3027 783 3326 859 Scripturis
3368 790 3559 846 multis
3602 793 3777 849 rebus

2154 868 2515 940 significetur,
2568 872 2747 927 nullus
2804 867 2991 929 tamen
3046 876 3365 935 Latinorum
3422 897 3600 953 genus
3649 882 3776 952 ejus

2155 958 2403 1023 mutavit,
2429 960 2555 1030 quia
2582 976 2685 1017 nec
2715 962 2899 1032 aliqua
2929 964 3141 1022 utilitas
3166 971 3487 1038 postulavit.
3514 972 3650 1029 Ilaec
3696 974 3777 1031 id-

2155 1049 2304 1106 circo
2348 1051 2607 1120 diximus,
2647 1055 2775 1137 quia
2804 1071 2902 1113 vos
2945 1058 3125 1114 dicitis
3158 1069 3446 1131 propterea
3492 1064 3773 1137 interpre-

2155 1150 2266 1196 tem
2321 1144 2615 1215 sanguines
2673 1136 2869 1216 plurali
2927 1166 3157 1207 numero
3214 1152 3594 1223 transtulisse,
3640 1159 3773 1229 quia

2156 1234 2300 1302 apud
2344 1234 2565 1293 Graecos
2599 1238 2883 1309 pluraliter
2932 1242 3184 1309 effertur;
3227 1261 3351 1301 cum
3392 1264 3500 1303 non
3548 1238 3630 1304 ita
3676 1252 3770 1305 sit.

2160 1322 2288 1378 Sive
2317 1322 2673 1396 interpretezt,
2692 1329 2807 1385 sive
2827 1335 3167 1402 expositores
3187 1337 3495 1393 divinorum
3522 1339 3775 1411 eloquio-

2154 1431 2305 1479 rum,
2352 1425 2412 1471 ut
2463 1418 2835 1490 integritatem
2893 1438 3089 1481 sensus
3131 1429 3516 1497 ostenderent,
3572 1418 3771 1487 contra

2154 1507 2565 1577 grammaticam
2598 1512 2747 1583 loqui
2776 1530 2884 1570 non
2917 1517 3257 1574 timuerunt”:
3284 1536 3423 1591 quos
3449 1539 3561 1578 non
3591 1526 3771 1581 solum

2154 1601 2263 1653 non
2305 1601 2779 1670 reprehendimus,
2804 1617 2997 1679 verum
3027 1609 3192 1664 etlam
3234 1624 3334 1680 per
3374 1628 3470 1669 eos
3511 1629 3542 1668 a
3581 1629 3776 1685 repre-

2153 1686 2416 1745 hensione
2452 1689 2693 1747 defendi‘
2718 1695 2989 1765 cupimus.
3021 1697 3160 1765 Quia
3208 1702 3348 1756 sicut
3378 1702 3453 1775 illi
3504 1703 3772 1763 laudandi

2155 1777 2284 1830 sunt
2308 1778 2361 1832 in
2389 1779 2570 1835 verbis
2610 1790 2802 1838 contra
2837 1788 3251 1856 grammaticam
3282 1793 3532 1861 prolatis,
3561 1795 3644 1849 ita
3671 1801 3774 1852 ads

454 1868 599 1935 illud.
613 1880 941 1934 studuerunt
966 1896 1310 1951 summopere
1346 1864 1678 1948 tranSfcrre,
1713 1884 1857 1938 unde
1886 1884 2052 1938 mani-

2160 1866 2469 1923 tolerandi:
2506 1866 2635 1941 quia
2685 1873 2763 1928 illi
2804 1852 3004 1933 divites
3036 1879 3095 1933 in
3145 1852 3347 1947 verbis,
3384 1852 3538 1941 sicut
3587 1889 3772 1944 volue-

454 1966 733 2023 festiorem
764 1984 997 2037 sensum
1042 1968 1346 2040 legentibus
1399 1966 1736 2041 pnrberent,
1785 1973 1953 2028 etiam
2006 1972 2054 2027 si

456 2072 649 2117 contra
677 2046 1091 2134 grammaticam
1120 2071 1265 2129 esset
1315 2072 1569 2131 eatenus,
1615 2073 1676 2119 ut
1709 2076 2055 2121 sacramento

459 2152 539 2206 rei
582 2153 962 2208 concordaret.
994 2152 1062 2207 Et
1101 2153 1176 2208 ita
1206 2154 1311 2233 hoc
1340 2154 1408 2208 ad
1437 2146 1679 2209 nostram
1724 2156 2055 2226 sumpsimus

454 2238 851 2307 defensionem,
901 2252 962 2297 ut
994 2243 1136 2298 sicut
1182 2243 1303 2299 illos
1344 2245 1437 2313 qni
1466 2238 1735 2313 poterant,
1784 2244 1828 2299 si
1855 2246 2055 2300 voluis-

456 2341 618 2391 sent.
663 2334 848 2388 omnia
895 2336 1198 2388 secundum
1251 2334 1591 2405 disciplinam
1640 2334 2053 2405 grammaticam

454 2422 721 2494 proferre,
755 2424 849 2478 sed
888 2432 951 2478 ut
979 2424 1135 2479 nobis
1161 2425 1682 2489 condescenderent,
1712 2434 1767 2481 et
1796 2426 2055 2497 simplici:

454 2523 625 2569 tatem
660 2514 907 2569 veritatis
940 2530 1047 2568 non
1088 2515 1437 2580 desererent,
1465 2530 1573 2570 non
1602 2525 1729 2570 sunt
1760 2514 1919 2570 veriti
1957 2515 2056 2570 ali-

456 2620 562 2677 qua
592 2613 782 2659 contra
813 2607 1063 2660 eamdem
1085 2605 1426 2675 disciplinam
1456 2606 1624 2677 loqui,
1654 2607 2055 2677 reprehendere

432 2696 637 2771 .nullus
680 2695 871 2760 debet;
924 2696 997 2750 ita
1024 2696 1185 2750 nobis
1213 2696 1435 2751 omnino
1476 2697 1635 2752 debet
1661 2713 1889 2768 parcere
1915 2739 1930 2764 ,
1959 2699 2054 2768 qui

453 2785 672 2843 etiarnsi
710 2785 939 2840 velimus
972 2786 1154 2841 omnia
1184 2786 1479 2841 secundum
1520 2789 1934 2859 grammaticam
1977 2789 2057 2844 lo—

457 2880 583 2951 qui,
617 2894 724 2933 non
753 2894 1043 2949 possumus
1068 2920 1081 2943 ,
1119 2879 1163 2933 si
1195 2887 1377 2933 tamen
1409 2879 1568 2934 fidem
1600 2889 1809 2937 rectam
1842 2891 1895 2937 et
1932 2898 2055 2938 sen-

456 2986 577 3028 sum
616 2970 947 3026 catholicum
980 2979 1227 3025 tenemus
1250 3012 1263 3035 ,
1306 2971 1360 3025 in
1392 2972 1587 3041 hisque
1627 2972 1811 3027 verbis
1858 2973 2057 3043 quibus

454 3079 748 3135 possumus
784 3063 1015 3118 dicimus
1041 3103 1054 3127 ,
1107 3064 1249 3117 sicut
1302 3072 1357 3118 et
1396 3080 1491 3119 vos
1523 3077 1547 3105 α
1585 3065 1900 3121 testimonio
1938 3064 2057 3120 Pri-

456 3152 629 3207 sciani
674 3152 995 3215 ostenditis,
1028 3152 1121 3220 qui
1157 3151 1295 3205 dixit
1327 3170 1337 3205 :
1377 3158 1404 3203 ιΔ
1432 3151 1575 3206 Nihil
1617 3153 1762 3208 enim
1792 3168 1859 3208 ex
1903 3155 2049 3209 omni

454 3242 612 3313 parte
637 3239 941 3314 perfectum
968 3240 1024 3294 in
1045 3241 1297 3296 humanis
1319 3240 1483 3296 credo
1508 3257 1630 3297 esse
1656 3243 2056 3297 inventionibus
2082 3201 2127 3264 Ο

527 3348 634 3391 88c.
649 3351 668 3386 ι

527 3348 668 3391 δερ.»

452 3348 654 3478 poVill.
686 3422 1073 3494 Assumpsistis
1118 3423 1376 3495 grandem
1421 3423 1685 3489 laborem,
1716 3440 1823 3481 non
1866 3440 2058 3479 neces-

453 3521 680 3578 sarium,
712 3514 869 3584 quasi
916 3514 1268 3570 defendentes
1316 3515 1724 3590 evangelistam,
1753 3515 1841 3570 vel
1885 3516 2059 3570 inter-

451 3616 696 3676 pretem,
731 3603 877 3672 quod
920 3619 1031 3660 non
1082 3604 1286 3660 frustra
1334 3607 1417 3659 vel
1464 3607 1797 3675 evangelista
1831 3607 2062 3661 ediderit

452 3696 537 3752 vel
569 3696 840 3771 interpres
867 3696 1212 3750 transtulerit
1241 3696 1441 3766 plurali
1485 3711 1714 3751 numero
1744 3698 2056 3768 sanguines,

452 3786 753 3842 secundum
801 3787 945 3855 quod
978 3795 1130 3841 certa
1184 3787 1325 3841 ratio
1370 3787 1898 3857 postulavitzquam
1942 3805 2057 3844 rem

451 3893 559 3933 non
592 3877 768 3931 solum
799 3892 906 3932 non
937 3878 1414 3950 reprehendimus,
1447 3879 1541 3933 sed
1574 3894 1750 3950 neque
1782 3881 1852 3935 ab
1878 3882 2059 3950 impiis

452 3968 758 4023 audivimus
787 3983 1029 4037 unquam
1064 3954 1477 4037 reprehensam.
1504 3969 1572 4023 Et
1598 3985 1723 4024 cum
1754 3971 1806 4024 in
1840 3972 1942 4025 hac
1966 3971 2058 4025 de—

452 4055 696 4111 fensione
740 4065 1024 4126 tantopere
1064 4057 1473 4124 laboraveritis,
1506 4058 1641 4113 nihil
1672 4060 1829 4115 nobis
1873 4072 2057 4118 vestro

451 4145 637 4200 labore
667 4146 1001 4201 innotuistis.
1030 4145 1151 4201 Jam
1182 4148 1329 4217 enim
1362 4136 1669 4219 legeramus
1707 4160 1927 4207 sanctos
1960 4153 2056 4207 do-

451 4242 631 4290 ctores
671 4236 745 4290 ita
794 4237 1131 4305 exposuisse,
1180 4237 1327 4307 quod
1370 4238 1643 4314 interpres
1690 4240 1812 4295 ideo
1860 4241 2053 4311 plurali

452 4340 683 4380 numero
725 4334 1017 4398 sanguines
1045 4328 1097 4382 in
1126 4329 1229 4383 hoc
1277 4328 1396 4384 loco
1438 4331 1734 4395 transtulit,
1774 4332 1902 4401 quia
1931 4348 2054 4388 sen-

451 4430 574 4470 sum
600 4406 966 4487 evangeli‘staa,
997 4433 1158 4487 quem
1186 4418 1278 4474 ille
1318 4420 1375 4473 in
1414 4418 1604 4475 Graeco
1630 4422 1813 4486 edidit,
1846 4423 1950 4478 hoc
1993 4424 2047 4478 in

2155 1964 2303 2021 runt,
2336 1957 2619 2028 dixerunt;
2647 1976 2746 2018 nos
2773 1980 2906 2022 vero
2933 1963 3227 2038 pauperes,
3255 1980 3318 2027 ut
3344 1988 3646 2043 possumus
3673 1992 3773 2048 per

2156 2047 2439 2117 angustias
2465 2044 2761 2107 verborum
2789 2056 3034 2112 tenuiter
3062 2073 3127 2114 ea
3163 2075 3283 2131 qua:
3314 2044 3772 2137 volumussighi-

2156 2135 2399 2193 ﬂeamus.
2450 2139 2518 2194 Et
2563 2143 2611 2195 si
2656 2142 2874 2199 illorum
2936 2145 3031 2202 lilii
3079 2148 3303 2216 sumus,
3348 2162 3405 2207 et
3451 2155 3522 2209 ab
3574 2135 3770 2212 eorum

2154 2240 2317 2282 sensu
2351 2237 2408 2283 et
2444 2228 2552 2286 ﬁde
2579 2223 2688 2311 non
2716 2249 2999 2292 erramus:
3028 2229 3173 2313 quod
3216 2242 3270 2295 in
3294 2242 3401 2313 illis
3432 2248 3684 2311 amatur,
3718 2248 3771 2302 in

2155 2317 2317 2374 nobis
2348 2319 2648 2389 toleretur;
2682 2331 2847 2395 atque
2891 2326 2939 2382 is
2972 2311 3063 2383 cui
3093 2311 3369 2400 loquimur
3407 2340 3645 2390 'sensum
3692 2347 3774 2393 at-

2155 2410 2362 2476 tendat,
2392 2426 2499 2466 non
2539 2415 2736 2477 verba,
2768 2423 2827 2470 ut
2860 2418 3046 2473 audiat
3074 2422 3368 2477 consilium
3405 2422 3666 2494 Apostoli
3692 2427 3773 2483 di-

2154 2499 2368 2554 centis:
2406 2499 2536 2555 Noli
2564 2502 2733 2559 verbis
2764 2507 3093 2562 contendere.
3127 2509 3197 2565 Et
3240 2527 3252 2564 :
3288 2512 3372 2566 Ne
3406 2516 3475 2568 sit
3506 2515 3772 2587 languens

2138 2588 2295 2647 ,circa
2323 2592 2637 2661 qumstiones
2662 2603 2710 2648 et
2733 2611 2939 2665 pugnas
2962 2598 3257 2667 verborum,
3285 2618 3351 2656 ea:
3371 2605 3566 2675 quibus
3588 2609 3775 2663 oriun-

2154 2688 2243 2734 tur
2292 2681 2537 2749 invidia',
2589 2687 2966 2754 contentiones,
3021 2689 3379 2762 blasphemia,
3418 2698 3767 2768 suspiciones

2157 2769 2336 2825 matre.

2224 2860 2316 2915 ιχ.
2358 2861 2493 2919 Illud
2520 2880 2649 2921 vero
2689 2868 2836 2938 quod
2862 2880 2988 2940 post
3025 2875 3193 2930 verba
3236 2876 3527 2934 doctorum
3580 2882 3770 2940 verbis

2155 2952 2357 3007 vestris
2382 2951 2774 3022 subjunxistis:
2814 2979 2832 3011 ι
2861 2960 2948 3016 lta‘
2970 2962 3136 3035 igitur
3164 2967 3269 3023 hoc
3299 2984 3407 3024 uno
3438 2973 3609 3028 modo
3645 2988 3776 3045 apo-

2157 3041 2281 3095 stoli
2316 3051 2371 3097 et
2390 3046 2744 3117 evangelista}
2765 3058 2821 3105 et
2844 3053 3014 3109 totius
3043 3054 3241 3113 divinae
3268 3058 3571 3131 Scriptura:
3596 3041 3773 3120 inter-

2158 3142 2364 3203 pretes,
2399 3153 2524 3193 cum
2559 3143 2848 3200 catholicis
2877 3147 2996 3217 ejus
3035 3152 3463 3221 expositoribus,
3492 3156 3567 3211 ab
3598 3157 3774 3229 impe-

2160 3224 2300 3279 ritia:
2344 3226 2619 3283 calumnia
2668 3234 3070 3293 rationabiliter
3096 3236 3315 3296 defendi
3360 3254 3590 3314 queunt.
3626 3224 3775 3304 Nihil

2161 3314 2308 3392 enim
2336 3319 2565 3373 omnino
2588 3331 2781 3377 contra
2812 3326 3053 3396 regulam
3088 3334 3455 3399 grammaticae
3483 3335 3771 3403 dixerunt,

2160 3408 2305 3477 quod
2347 3414 2475 3465 non'
2500 3413 2577 3467 ita
2624 3425 2718 3469 aut
2763 3420 2906 3475 ratio
2942 3420 3146 3491 aliqua,
3181 3421 3275 3480 aut
3316 3442 3483 3483 causa
3518 3433 3773 3502 mysterii

2162 3500 2270 3555 dici
2311 3503 2574 3573 exigeret.
2600 3526 2618 3559 ›
2648 3508 2734 3563 Ab
2764 3509 2849 3564 his
2876 3513 3058 3569 verbis
3088 3516 3287 3572 vestris
3320 3520 3552 3576 multum
3579 3500 3774 3580 Vrecte-

2162 3592 2367 3648 siastici
2390 3596 2663 3653 -doctores
2694 3600 2994 3658 dissonant.
3042 3606 3333 3678 Exiguitati
3377 3620 3583 3667 nostra
3617 3615 3774 3671 vide-

2162 3688 2255 3737 tdr
2276 3685 2420 3753 quod
2449 3701 2626 3756 neque
2654 3705 2751 3746 vos
2777 3706 2953 3762 neque
2975 3710 3076 3750 nos
3100 3697 3166 3751 de
3193 3697 3298 3753 hac
3324 3715 3385 3756 re
3410 3702 3618 3773 aliquid
3646 3720 3774 3760 sen-

2159 3775 2265 3829 tire
2314 3783 2409 3830 aut
2452 3778 2633 3835 dicere
2680 3780 2971 3852 debemus,
3021 3787 3126 3842 nisi
3163 3803 3226 3843 ea
3262 3806 3384 3859 qua:
3410 3794 3773 3855 ,orthodoxos

2161 3867 2452 3937 magistros
2482 3872 2724 3927 sensisse
2768 3883 2860 3928 aut
2906 3876 3109 3931 dixisse
3148 3878 3397 3951 legimus.
3435 3881 3545 3938 Ista
3585 3894 3771 3942 tamen

2165 3956 2494 4014 inconcussa
2542 3970 2597 4015 et
2647 3963 3157 4024 ﬁrma'auetoritas
3208 3971 3424 4027 illorum
3478 3986 3769 4031 auctorum

2158 4056 2263 4114 est,
2298 4065 2397 4119 per
2418 4065 2554 4119 quos
2583 4050 2819 4121 Spiritus
2844 4064 3065 4112 sanctus
3087 4058 3221 4115 Novi
3247 4070 3302 4115 et
3328 4063 3542 4119 Veteris
3574 4065 3771 4122 Testa-

2158 4141 2326 4194 menti
2362 4141 2634 4197 volumina
2666 4144 2933 4214 confecit;
2981 4150 3047 4205 de
3098 4152 3296 4220 quibus
3345 4154 3474 4209 n'ulli
3523 4173 3768 4227 unquam

2157 4230 2363 4285 homini
2412 4232 2565 4287 licuit
2615 4243 2709 4289 aut
2754 4235 2882 4292 licet
2908 4241 3149 4310 cogitare
3182 4244 3265 4298 vel
3313 4262 3477 4301 unam
3520 4248 3763 4306 litteram

2154 4320 2311 4375 aliter
2340 4335 2435 4379 eos
2462 4324 2644 4380 dicere
2681 4327 2932 4385 debuisse
2966 4348 3130 4401 quam
3163 4333 3451 4404 dixerunt,
3498 4340 3761 4408 quoniam

2153 4427 2342 4468 eorum
2373 4417 2671 4472 auctoritas
2702 4416 2912 4477 ﬁrmior
2950 4435 3035 4479 est
3065 4425 3204 4480 caelo
3248 4442 3314 4483 ac
3358 4436 3522 4491 terra,
3564 4446 3765 4488 secun-

450 4501 648 4559 Latino
679 4499 979 4560 tranSferre
1008 4503 1168 4559 aliter
1212 4522 1320 4560 non
1371 4507 1575 4577 potuit;
1621 4524 1728 4564 non
1771 4510 1913 4566 sicut
1954 4529 2050 4568 vos
2075 4535 2129 4594 Ι)
2155 4506 2280 4561 dum
2321 4508 2465 4578 quod
2511 4509 2779 4567 Dominus
2815 4512 2932 4568 ait:
2966 4511 3208 4571 Facilius
3239 4528 3315 4573 est
3359 4519 3547 4575 omium
3575 4531 3625 4575 et
3655 4532 3765 4579 ter-

451 4594 635 4651 dicitis
663 4604 951 4666 propterea
983 4594 1140 4661 fecit,
1168 4599 1297 4668 quia
1334 4598 1387 4653 in
1432 4597 1623 4655 Graeco
1652 4596 1936 4671 pluraliter
1969 4604 2053 4660 in-

452 4686 619 4740 venit.
651 4684 787 4740 Nam
817 4696 943 4741 sunt
983 4686 1154 4742 multa
1197 4689 1419 4743 nomina
1460 4706 1580 4760 quze
1610 4691 1665 4745 in
1697 4692 1927 4748 Hebraeo
1970 4695 2052 4749 vel

450 4769 898 4832 Graecoalterius
920 4780 1138 4848 generis
1164 4785 1259 4832 aut
1287 4780 1499 4835 numeri
1524 4796 1646 4836 esse
1672 4782 2050 4852 inveniuntur,

450 4881 560 4923 non
597 4865 715 4935 ejus
741 4866 893 4937 cujus
920 4877 1047 4923 sunt
1087 4869 1141 4923 in
1190 4869 1464 4925 Latinum.
1498 4870 1610 4927 Nec
1651 4880 1834 4929 tamen
1878 4875 2051 4930 inter-

450 4972 577 5028 pres
612 4957 801 5012 eodem
831 4974 1029 5028 genere
1072 4976 1180 5030 quo
1207 4961 1441 5026 invenit,
1492 4961 1790 5018 transferre
1816 4966 2049 5031 curavit,

449 5047 576 5117 quia
604 5047 750 5102 nulla
785 5050 1087 5104 necessitas
1127 5050 1402 5119 compulit.
1446 5050 1619 5127 Sicut,
1652 5053 1802 5109 verbi
1843 5059 2041 5126 gratia,

452 5138 680 5211 Spiritus
709 5141 851 5211 apud
886 5141 1164 5207 Hebraeos,
1196 5158 1395 5214 genere
1444 5144 1645 5199 dicitur
1674 5144 1953 5214 feminino,
1989 5158 2046 5205 et

448 5242 573 5283 cum
603 5229 676 5284 sit
720 5230 791 5290 in,
816 5230 1010 5286 Latino
1037 5232 1252 5301 generis
1299 5233 1610 5299 masculini,
1650 5236 1828 5291 nullus
1872 5239 2043 5295 inter-

448 5319 661 5389 pretum
692 5320 1018 5379 chraicum
1057 5339 1291 5394 sequens
1318 5341 1518 5395 genere
1548 5326 1807 5385 feminino
1842 5331 1897 5387 in
1940 5333 2045 5388 La-

450 5409 565 5464 tino
589 5421 792 5480 ponere
816 5413 1063 5478 tentavit,
1091 5412 1256 5467 etiam
1286 5429 1407 5467 cum
1446 5417 1746 5472 necessitas
1766 5431 2039 5489 posceret.

451 5497 587 5554 Nam
623 5501 900 5556 invenitur
949 5502 1004 5557 in
1051 5501 1351 5572 Seripturis
1396 5503 1486 5557 ubi
1540 5502 1775 5574 Spiritus
1821 5520 2043 5568 sanctus

2155 4600 2271 4653 ram
2316 4600 2577 4667 transire,
2620 4619 2781 4674 quam
2820 4604 2887 4659 de
2935 4604 3045 4677 tege
3090 4615 3257 4663 unum
3302 4613 3503 4682 apicem
3547 4615 3759 4670 cadere.

2153 4688 2284 4745 Post
2306 4690 2407 4745 bos
2431 4706 2647 4763 quoque
2671 4692 2827 4750 ﬁrma
2852 4694 3151 4755 auctoritas
3179 4709 3263 4756 est
3290 4700 3644 4774 Septuaginta
3674 4706 3761 4763 ln-

2156 4788 2478 4849 terpretum,
2509 4793 2646 4852 quos
2675 4782 2893 4841 Constat
2936 4794 3065 4844 ante
3110 4790 3414 4846 adventum
3442 4793 3658 4849 Domini
3692 4797 3759 4852 de

2156 4870 2425 4927 llebraico
2450 4874 2503 4927 in
2541 4874 2792 4935 Gnaeum
2839 4877 3112 4949 eloquium
3143 4876 3311 4937 Vetus
3344 4882 3755 4943 Testamentum

2153 4963 2517 5020 transtulisse.
2575 4966 2893 5038 lnterpretis
2938 4986 3155 5042 quoque
3202 4974 3374 5029 nostri
3436 4975 3754 5049 Hieronymi

2146 5055 2449 5125 presbyteri
2475 5055 2651 5112 fidelis
2686 5067 2771 5114 est
2792 5057 2993 5125 editio,
3021 5079 3142 5132 quae
3173 5064 3239 5119 de
3268 5063 3539 5123 Hebraico
3569 5069 3623 5124 in
3654 5069 3746 5125 La.

2145 5138 2317 5199 tinum
2347 5147 2633 5217 magnifice
2664 5151 2961 5205 transtulit.
3013 5140 3259 5209 Fuerunt
3286 5166 3553 5225 praeterea
3587 5160 3755 5230 aliqui

2145 5238 2437 5292 venerandi
2468 5232 2726 5295 Catholici
2765 5240 3093 5312 interpretes
3133 5242 3347 5312 Latini,
3395 5250 3489 5320 qui
3520 5248 3753 5321 Septual

2146 5334 2296 5407 ginta
2333 5333 2628 5390 editionem
2666 5320 2721 5389 in
2749 5335 3001 5392 Latinum
3030 5335 3426 5399 transtulerunt
3452 5346 3750 5417 eloquium.

2149 5420 2317 5478 Extra
2362 5425 2463 5479 hos
2508 5424 2691 5494 itaque
2735 5425 2890 5481 multi
2926 5424 3144 5484 fuerunt
3188 5431 3515 5504 interpretes
3563 5453 3752 5511 repre-

2148 5510 2467 5581 henSibiles,
2491 5524 2546 5571 et
2568 5514 2715 5585 juSte
2738 5508 3085 5588 reprehensi;
3114 5523 3258 5578 sicut
3281 5524 3357 5579 illi
3388 5508 3743 5591 famosissimi

1816 5602 1900 5657 ΒΑ
1910 5605 2090 5664 L13le
2120 5610 2355 5667 NOTAE.

524 5698 550 5726 ι
586 5685 916 5771 Iastimonia
958 5687 1242 5771 Prisciani,
1286 5695 1517 5771 insignis
1546 5696 1904 5771 grammatici,
1950 5702 2043 5771 qui

453 5756 705 5811 manibus
761 5759 1098 5814 eruditorum
1153 5756 1435 5817 hominum
1481 5756 1717 5821 maxime
1771 5756 2047 5825 terebatnr

440 5840 555 5897 per
578 5841 672 5883 eas
701 5836 1069 5898 tempestates.
1101 5829 1254 5886 Hunc
1284 5848 1447 5903 porro
1476 5834 1653 5890 locum
1680 5836 1862 5891 laudat
1885 5841 2049 5895 etiam

2158 5705 2340 5778 _Lupus
2372 5703 2740 5778 Ferrariensis
2776 5704 2828 5758 in
2862 5707 3085 5778 epistola
3106 5710 3194 5778 54,
3222 5721 3285 5775 et
3310 5714 3364 5769 in
3390 5714 3531 5773 libro
3556 5717 3629 5777 de
3660 5721 3747 5778 tri-

2156 5773 2260 5831 bus
2286 5773 2709 5845 qtlwstionibus,
2746 5790 2868 5847 pag.
2894 5773 3034 5832 3'55.
