3918 6342
162 407 183 459 1
195 408 265 462 (ὶὸ

1268 420 1397 476 LIB.
1438 420 1811 478 ADVERSUS
1851 420 2313 483 FBEDEGISUM.

3340 439 3359 494 l
3374 438 3440 496 t‘.6

156 527 869 600 interpretesjudaizantes,
896 540 949 588 et
974 533 1235 597 haeretici,
1264 537 1498 606 aAquila
1523 537 1752 601 scilicet,
1785 539 1834 597 Α
1862 537 2132 592 mentibus
2180 539 2547 608 apostolorum
2587 542 2816 612 infudit,
2856 548 3214 604 rusticitatem
3263 555 3440 622 potius

154 627 207 671 et
239 616 561 685 Theodotio,
594 637 658 677 ac
701 622 1089 695 Symmachus;
1120 641 1186 681 ex
1215 629 1411 697 quibus
1440 644 1582 683 unus
1622 627 1751 681 fecit

154 706 291 763 duas
321 710 589 766 editiones
634 712 776 767 inter
803 728 862 768 se
887 715 1248 771 dissonantes.
1298 717 1540 772 Fuerunt
1583 718 1746 771 etiam

152 796 333 852 Latini
366 800 554 870 aliqui,
583 818 719 872 quos
756 802 1122 876 Hieronymus
1144 806 1429 877 presbyter
1455 801 1749 877 reprehen-

152 889 235 943 dit
270 890 323 944 in
356 891 464 947 illis
508 893 695 962 utiqu'e
722 896 1153 964 pral’ationihus,
1181 913 1319 967 quas
1354 899 1648 969 praeposuit
1678 898 1747 964 li-

152 980 270 1035 bris
312 995 450 1051 quos
479 984 545 1038 de
570 983 775 1039 Griecis
805 986 859 1039 in
890 985 1143 1040 Latinum
1190 995 1280 1040 aut
1329 987 1623 1053 transtulit,
1655 995 1749 1042 aut

148 1073 503 1140 emendavit;
558 1076 699 1131 sicut
760 1077 813 1130 in
868 1076 957 1130 illa
1016 1076 1338 1147 praefatione
1386 1093 1548 1148 quam
1589 1078 1745 1147 juxta

148 1161 397 1218 Graecam
428 1167 860 1223 emendationem
891 1169 943 1222 in
974 1166 1115 1222 libro
1152 1168 1296 1223 beati
1327 1168 1427 1224 Job
1463 1170 1617 1237 fecit,
1662 1187 1748 1226 as-

148 1270 339 1311 serens
362 1257 508 1324 quod
533 1256 675 1312 idem
716 1258 854 1312 liber
887 1259 1029 1327 apud
1057 1258 1279 1314 Latinos
1310 1261 1382 1314 ita
1407 1270 1523 1315 erat
1552 1263 1747 1317 decur-

149 1354 317 1410 tatus,
349 1362 735 1417 conrosusquc,
770 1356 830 1401 ut
872 1347 1170 1404 foeditatem
1212 1365 1364 1405 suam
1405 1352 1619 1420 publice
1666 1352 1744 1407 le-

146 1439 402 1507 gentibus
429 1440 760 1494 ostenderet.
786 1439 878 1495 Sic
901 1441 1066 1495 etiam
1099 1440 1152 1494 in
1181 1441 1302 1495 aliis
1322 1441 1454 1496 locis
1478 1443 1740 1512 quosdam

149 1529 500 1598 reprehendit
526 1530 872 1601 interpretes.

217 1616 287 1670 Χ.
319 1616 446 1673 [ὶωο
472 1617 540 1672 de
574 1619 959 1687 interpretibus
988 1620 1191 1676 idcirco
1220 1621 1291 1675 ita
1328 1622 1579 1687 dicimus,
1611 1624 1737 1693 quia

148 1708 393 1778 magistri
433 1707 697 1777 speciales
726 1723 832 1763 non
859 1725 1050 1765 omnes
1079 1712 1358 1780 :equalitcr
1397 1721 1734 1782 receperunt,

148 1807 242 1853 aut
275 1798 642 1854 inditierenter
668 1799 1045 1865 laudaveram,
1081 1803 1222 1856 sicut
1256 1818 1352 1857 vos
1382 1802 1563 1857 facere
1590 1804 1737 1871 vide-

1850 638 1948 693 per
1983 641 2077 682 eos
2112 643 2272 697 quam
2303 630 2640 691 nobilitatem
2680 637 3097 710 uniuscujusque
3141 641 3336 713 linguae
3361 645 3439 701 lo-

1850 724 2034 770 cutum
2075 732 2211 774 esse.
2238 739 2258 771 ι
2305 720 2431 776 Haec
2467 738 2574 792 qua
2620 726 2919 782 intentione
2947 730 3215 797 dixeritis,
3260 734 3440 793 nullus

1849 818 2035 859 eorum
2068 809 2160 877 qui
2188 809 2360 865 otiosa
2388 811 2534 882 loqui
2564 815 2773 882 timent,
2806 818 3133 890 intelligent;
3166 823 3270 878 nisi
3297 822 3439 881 forte

1848 894 1953 949 hoc
1974 896 2137 951 etiam
2177 899 2333 956 nobis
2358 902 2566 958 crimen
2596 908 2979 975 superadditis,
3011 911 3166 979 quasi
3214 914 3435 969 rustic:-

1848 985 1977 1061 tatis
2002 990 2463 1057 reprehendamus
2511 992 2775 1064 Spiritum
2804 1010 3070 1055 sanctum.
3103 1002 3255 1069 Quod
3285 1006 3328 1060 si
3360 1006 3434 1060 ita

1847 1084 1954 1142 est,
1986 1078 2037 1131 id
2065 1088 2172 1145 est,
2204 1081 2295 1135 tali
2328 1082 2626 1141 intentione
2671 1087 2773 1141 ista
2814 1089 3013 1156 dicitis,
3044 1092 3176 1162 quid
3217 1095 3288 1149 ad
3316 1095 3433 1152 haec

1847 1171 2179 1237 respondere
2222 1176 2513 1243 possimus,
2546 1179 2651 1233 nisi
2680 1198 2692 1233 :
2726 1180 2845 1251 ipse
2887 1184 3223 1239 occultorum
3252 1188 3437 1260 cogni-

1847 1264 1955 1323 tor,
2005 1260 2249 1316 cordium
2298 1266 2473 1329 teStis,
2524 1274 2797 1323 scrutator
2842 1286 3054 1338 renum,
3097 1276 3437 1352 omnipotens

1846 1347 1989 1403 Deus
2019 1351 2220 1419 videat,
2266 1361 2320 1407 et
2362 1355 2564 1411 audiat.
2604 1358 2773 1413 Extra
2802 1362 2907 1417 hoc
2936 1371 3114 1419 autem
3145 1347 3287 1435 quod
3331 1368 3436 1424 tale

1844 1440 2185 1512 sacrilegium
2210 1444 2366 1500 nobis
2394 1446 2691 1518 impingere
2718 1451 2996 1519 videmini,
3021 1465 3245 1525 apparet
3270 1458 3435 1513 etiam

1842 1530 1896 1584 in
1930 1531 2014 1587 his
2050 1534 2231 1589 verbis
2259 1538 2454 1592 vestris
2494 1541 2638 1607 quod
2668 1540 2741 1593 ita
2773 1543 3021 1598 sentiatis
3047 1546 3114 1599 de
3155 1548 3433 1616 prophetis

1840 1628 1894 1674 et
1925 1622 2200 1691 apostolis,
2232 1632 2293 1677 ut
2338 1642 2442 1679 non
2474 1627 2648 1681 solum
2678 1645 2896 1685 sensum
2928 1634 3349 1703 prmdicationis,
3379 1646 3437 1693 et

1839 1712 2029 1767 modos
2052 1714 2136 1768 vel
2162 1726 2478 1784 argumenta
2510 1717 2807 1775 dictionum
2841 1720 3075 1792 Spiritus
3106 1735 3327 1783 sanctus
3352 1729 3432 1783 eis
3530 1748 3531 1751 ‘

1840 1801 2207 1870 inspiraverit,
2261 1807 2354 1859 sed
2398 1806 2565 1860 etiam
2611 1808 2723 1877 ipsa
2776 1811 3079 1880 corporalia
3122 1814 3286 1868 verba
3334 1831 3433 1871 ex-

148 1891 315 1956 mini,
344 1907 519 1961 neque
564 1892 817 1948 omnibus
850 1893 1132 1963 mqualiter
1165 1893 1322 1949 fidem
1354 1895 1733 1949 adhibuerunt.
1766 1887 1813 1945 B
1843 1891 2110 1946 triusecus
2139 1893 2191 1946 iu
2218 1909 2314 1947 ora
2356 1895 2568 1950 illorum
2598 1898 2713 1966 ipse
2742 1898 3077 1956 formaverit.
3105 1902 3256 1969 Quod
3286 1906 3330 1959 si
3358 1906 3433 1962 ita

148 1982 225 2037 De
252 1984 651 2058 expositoribus
692 1997 908 2054 quoque
951 1985 1119 2041 multo
1148 1987 1311 2041 aliter
1337 2002 1499 2056 quam
1529 2001 1627 2040 vos
1659 1988 1740 2041 di-

148 2076 292 2134 citis.
320 2076 508 2131 beatus
547 2076 709 2131 Pater
752 2077 1085 2149 Augustinus
1132 2080 1427 2133 tenendum
1471 2080 1733 2134 tradidit:

147 2167 241 2237 qui
275 2184 381 2221 non
416 2170 590 2223 solum
621 2170 687 2224 de
719 2171 823 2225 illis
866 2173 957 2243 qui
993 2174 1304 2241 reprehensi
1341 2182 1468 2228 sunt
1499 2190 1530 2227 a
1556 2175 1731 2230 docto-

148 2257 318 2318 ribus.
348 2259 511 2313 etiam
554 2260 620 2314 de
652 2262 1074 2330 probatissimis.
1103 2264 1156 2316 in
1186 2262 1322 2316 libro
1349 2268 1508 2333 quem
1551 2264 1740 2318 adver-

148 2365 240 2404 sus
268 2348 527 2405 Faustum
569 2350 922 2406 Manichieum
964 2354 1198 2423 scripsit,
1230 2354 1304 2408 ita
1335 2353 1504 2409 dicit:
1538 2371 1557 2404 ι
1584 2350 1739 2420 Quod

147 2455 319 2510 genus
360 2440 695 2507 litterarum,
737 2443 789 2497 id
836 2452 952 2510 est,
993 2445 1423 2515 expositionum,
1460 2460 1566 2500 non
1612 2460 1738 2501 cum

146 2531 402 2585 credendi
431 2534 777 2599 necessitate,
808 2535 901 2589 sed
928 2550 1051 2589 cum
1080 2534 1359 2603 judicandi
1387 2536 1638 2596 libertate
1663 2536 1740 2591 le—

146 2625 385 2694 gendum
417 2633 519 2679 est.
564 2624 676 2680 Soli
720 2641 958 2696 namque
998 2628 1191 2683 divinae
1226 2622 1569 2684 auctoritatis
1613 2629 1740 2684 libri

148 2714 358 2785 legendi
383 2724 529 2781 sunt,
555 2730 661 2770 non
706 2716 1123 2785 cumjudicandi
1165 2717 1436 2783 libertate,
1479 2718 1574 2773 sed
1615 2733 1739 2784 cum

148 2804 404 2859 credendi
420 2794 782 2863 'necessitate.
820 2806 991 2873 Quam
1033 2807 1266 2862 formam
1305 2808 1591 2879 Apostolus
1631 2816 1743 2862 tra-

148 2896 291 2949 didit
332 2896 557 2951 dicens:
584 2895 817 2965 Spiritus
855 2897 1014 2951 nolite
1052 2899 1399 2968 exstinguere,
1446 2897 1740 2970 prophetias

148 2983 309 3037 nolite
337 3001 599 3054 spernere,
625 2988 801 3039 omnia
824 2996 997 3041 autem
1022 2987 1256 3058 probate,
1278 2989 1418 3059 quod
1445 2988 1634 3043 bonum
1665 2997 1743 3042 est

148 3084 337 3140 tenete,
366 3076 430 3129 ab
460 3077 603 3130 omni
626 3078 793 3147 specie
821 3077 963 3132 mala
992 3078 1245 3134 abstinete
1272 3079 1471 3134 vos.'ln
1498 3081 1602 3135 hoc
1623 3079 1741 3135 loco

148 3165 429 3234 apostolus
458 3164 657 3219 Paulus
684 3166 1000 3235 prophetias
1030 3167 1167 3220 dixit
1196 3168 1471 3222 doctrinas
1496 3176 1552 3222 et
1576 3182 1741 3236 expo-

1843 1980 2079 2042 sentitis,
2104 1991 2304 2051 quanta
2332 1986 2640 2053 absurditas
2662 1998 2917 2057 sequetur
2938 1992 3060 2059 quis
3086 1993 3434 2052 dinumerare

1842 2074 2075 2140 poterit?
2104 2074 2169 2127 Et
2202 2076 2255 2128 in
2287 2077 2476 2145 primis
2513 2080 2753 2147 quidem,
2783 2088 2844 2134 ut
2881 2092 3039 2137 caute
3074 2085 3314 2141 scientiae
3343 2102 3436 2142 ve-

1842 2166 1968 2215 stra:
2018 2159 2320 2231 loquamur,
2362 2169 2723 2223 recordamini
2775 2171 2905 2240 quid
2952 2172 3160 2243 Moyses
3207 2176 3435 2232 Domino

1841 2248 2005 2314 dicat,
2038 2266 2161 2305 cum
2197 2268 2254 2307 se
2288 2265 2577 2312 excusaret
2612 2273 2681 2312 ne
2724 2260 2788 2312 ad
2822 2259 3158 2317 Pharaonem
3191 2265 3435 2323 mittere-

1844 2348 1952 2406 tur,
1986 2356 2238 2398 asserens
2267 2358 2326 2399 se
2368 2347 2584 2416 gracilis
2627 2363 2747 2404 esse
2795 2352 2943 2406 vocis
2986 2362 3041 2406 et
3075 2354 3434 2423 impeditior-is

1842 2430 2058 2502 linguze.
2090 2432 2188 2488 Cui
2237 2435 2496 2491 Dominus
2531 2452 2872 2508 nequaquam
2913 2443 3207 2511 respondit,
3241 2444 3435 2501 Menti—

1843 2524 1949 2590 ris;
1996 2525 2093 2580 sed
2119 2541 2365 2582 annuens
2390 2529 2715 2596 obsecranti,
2746 2531 2821 2584 ait
2848 2549 2859 2583 :
2888 2531 3024 2586 Ecce
3052 2533 3229 2589 Aaron
3268 2537 3436 2605 frater

1842 2624 1985 2681 tuus,
2015 2616 2123 2669 scio
2149 2618 2288 2687 quod
2317 2616 2561 2689 eloquens
2594 2620 2703 2673 sit:
2739 2622 2845 2690 ipse
2879 2624 2975 2675 erit
3000 2624 3249 2693 propheta
3274 2635 3432 2681 tuus:

1842 2709 1899 2755 tu
1929 2702 2157 2775 loqueris
2200 2705 2269 2758 ad
2312 2721 2452 2772 eum,
2482 2715 2531 2760 et
2566 2707 2654 2761 ille
2688 2707 2931 2780 loquetur
2967 2712 3035 2765 ad
3074 2712 3430 2769 Pharaonem.

1840 2790 2118 2847 Attendite
2141 2794 2267 2863 quia
2297 2795 2342 2849 si
2374 2796 2666 2851 secundum
2698 2813 2791 2853 vos
2821 2799 2934 2869 ipsa
2978 2801 3141 2855 verba
3178 2816 3435 2874 corpora-

1843 2883 1912 2937 lia
1944 2884 1999 2938 in
2026 2900 2121 2939 ore
2150 2885 2319 2957 Moysi
2349 2890 2594 2944 sonantia
2624 2888 2741 2957 ejus
2769 2900 2947 2957 erant,
2979 2900 3034 2947 et
3062 2908 3163 2947 vox
3192 2908 3313 2963 quin
3342 2912 3429 2952 so-

1844 2976 2029 3038 nabat,
2059 2991 2226 3045 quare
2250 2992 2379 3047 ergo
2405 2979 2624 3048 gracilis
2666 2982 2803 3034 vox?
2832 2996 2999 3050 quare
3039 2997 3167 3052 ergo
3207 2984 3435 3053 impedi-

1843 3065 1950 3119 tior
1976 3067 2191 3121 sermo?
2214 3066 2397 3121 Aaron
2421 3077 2539 3122 erat
2566 3069 2826 3139 propheta
2854 3064 3043 3140 Moysi,
3073 3071 3281 3142 Moyses
3308 3090 3435 3143 pro-

1843 3155 2003 3223 pheta
2038 3156 2152 3209 Deit
2194 3155 2374 3222 Quare
2402 3172 2537 3227 ergo
2570 3159 2859 3214 robustior
2904 3174 3005 3213 vox
3041 3169 3095 3214 et
3134 3164 3437 3232 expeditior

148 3257 381 3311 sitiones
410 3255 716 3318 doctorum,
747 3263 888 3310 scut
914 3255 1040 3311 alibi
1078 3256 1316 3310 insinuat
1347 3256 1570 3311 dicens:
1604 3235 1741 3309 Pro-
1768 3235 1815 3296 C
1847 3259 2026 3300 sermo
2074 3246 2128 3299 in
2166 3247 2431 3316 propheta
2476 3248 2641 3318 Moysi
2689 3265 2851 3318 quam
2900 3250 2951 3303 in
2998 3252 3259 3320 propheta
3307 3254 3441 3308 Dei?

148 3347 317 3415 phetw
338 3346 444 3399 duo
469 3343 561 3398 aut
590 3355 693 3399 tres
715 3345 917 3410 dicant,
943 3354 989 3399 et
1014 3348 1193 3399 atteri
1218 3347 1512 3415 dijudicent
1540 3345 1590 3416 (I
1615 3344 1738 3399 Cor.

150 3455 264 3504 xiv,
293 3438 407 3504 29).
432 3437 725 3492 Non-illam
756 3438 1094 3508 prophetiam
1121 3438 1187 3493 de
1216 3453 1317 3506 qua
1351 3439 1624 3506 apostolus
1650 3437 1743 3491 Pe.-

151 3538 271 3584 trus
298 3529 411 3582 ait:
442 3528 566 3582 Non
594 3530 731 3583 enim
758 3527 1023 3581 roluntate
1062 3528 1294 3581 humana
1334 3527 1499 3581 allata
1529 3536 1605 3581 est
1643 3526 1744 3580 ali-

148 3621 365 3693 quando
394 3620 685 3690 prophetia,
710 3618 800 3672 sed
834 3616 1036 3689 Spiritu
1082 3627 1264 3671 sancto
1310 3604 1553 3688 inspirati
1582 3616 1744 3671 locuti

150 3721 275 3767 sunt
305 3712 475 3766 sancti
504 3710 599 3764 Dei
626 3710 882 3763 homines.
910 3728 929 3761 ›

220 3804 314 3859 ΧΙ.
341 3802 471 3857 Bato
496 3802 677 3858 omnia
718 3801 922 3856 idcirco
956 3800 1208 3864 dicimus,
1232 3808 1292 3853 ut
1320 3806 1579 3868 appareat
1618 3797 1745 3868 quia

151 3911 319 3968 quam
353 3891 551 3961 injuste
581 3909 611 3947 a
642 3892 795 3947 vobis
836 3892 1210 3955 criminamur,
1252 3906 1377 3944 cum
1427 3889 1607 3943 dicitis
1648 3903 1747 3942 nos

151 3988 579 4059 reprehensores
608 3984 978 4054 apostolorum
1007 3991 1062 4037 et
1088 3983 1390 4036 divinarum
1438 3980 1747 4050 Scriptura-

151 4094 279 4134 rum
315 4089 457 4142 esse,
502 4085 615 4130 tam
658 4075 855 4145 injuste
898 4073 981 4127 vel
1021 4073 1198 4143 potius
1229 4072 1265 4112 ιι
1290 4070 1455 4125 multo
1496 4069 1768 4138 injustitts-

150 4181 508 4241 quoscunque
538 4167 861 4236 interpretes
894 4171 1057 4235 atque
1090 4163 1425 4234 expositores
1456 4163 1750 4231 coaequatis

152 4260 418 4332 apostolis
440 4267 497 4313 et
537 4256 897 4328 evangelistis,
927 4272 1051 4311 cum
1095 4254 1481 4330 Symmachum
1509 4263 1564 4308 et
1604 4252 1749 4308 Pau«

152 4353 267 4407 lum
301 4361 362 4406 et
395 4350 679 4421 Dydimum
712 4356 766 4402 et
801 4346 1066 4403 Joannem
1110 4361 1214 4400 una
1244 4343 1559 4399 defensione
1591 4343 1750 4398 indif-

154 4442 463 4509 ferentique
491 4438 649 4493 laude
697 4437 886 4508 dignos
925 4436 1144 4491 ducitis.
1188 4435 1398 4490 Bonum
1440 4441 1523 4489 est
1568 4449 1748 4489 recor-

154 4529 278 4585 dari
316 4527 611 4586 verborum
640 4526 885 4591 Domini,
925 4527 1124 4594 quibus
1156 4526 1269 4580 ait:
1299 4524 1491 4579 Nonne
1528 4526 1573 4579 si
1614 4533 1749 4579 recte

1846 3334 2098 3404 Nunquid
2137 3345 2191 3390 et
2221 3338 2325 3391 hoc
2368 3338 2581 3403 vitium,
2613 3340 2970 3409 gracilitatem
3017 3343 3228 3397 scilicet
3265 3344 3440 3411 vocis,

1846 3435 1901 3481 ct
1944 3427 2143 3497 linguae
2192 3428 2598 3495 impeditionem
2644 3428 2873 3499 Spiritui
2919 3440 3108 3486 sancto
3148 3432 3441 3489 tribuetis?

1848 3516 2037 3571 Restat
2069 3531 2199 3586 ergo
2228 3526 2285 3570 ut
2322 3518 2461 3572 sicut
2490 3518 2794 3573 ministerio
2821 3520 3067 3591 angelico
3090 3537 3199 3576 vox
3236 3523 3433 3577 articu-

1848 3608 1955 3661 lata
1993 3606 2221 3662 formata
2258 3617 2341 3663 est
2370 3609 2424 3661 in
2452 3623 2549 3663 ore
2576 3610 2760 3673 asinae,
2808 3611 2880 3664 ita
2898 3611 3102 3668 dicatis
3133 3615 3352 3669 formari
3381 3615 3439 3668 in

1848 3712 1944 3752 ore
1977 3699 2385 3767 prophetarum.
2413 3698 2480 3751 Et
2512 3706 2639 3754 tunc
2668 3700 2792 3754 talis
2827 3701 2990 3756 etiam
3020 3703 3325 3760 absurditas
3357 3720 3440 3759 se-

1848 3799 2060 3859 quetur,
2093 3798 2151 3843 ut
2182 3790 2227 3843 si
2266 3790 2358 3842 tali
2384 3791 2545 3844 modo
2572 3792 2735 3845 verba
2765 3800 2820 3845 et
2847 3776 3006 3846 voces
3032 3793 3320 3847 verborum
3349 3810 3444 3850 ac-

1847 3889 2139 3950 ceperunt,
2185 3893 2402 3935 sensum
2453 3881 2786 3951 ignorarent.
2827 3881 2937 3937 Sed
2965 3884 3107 3938 absit
3147 3884 3272 3939 talia
3301 3886 3437 3940 deli-

1850 3983 2093 4028 ramenta
2121 3973 2379 4044 cogitare.
2407 3971 2516 4028 Nos
2538 3974 2583 4027 si
2613 3975 2678 4028 dc
2700 3973 3007 4044 eloquentia
3032 3974 3182 4028 Pauli
3209 3977 3443 4045 apostoli

1849 4067 2053 4135 aliquid
2096 4065 2355 4131 diximus,
2396 4067 2563 4120 verba
2620 4064 2927 4136 Hieronymi
2967 4066 3205 4121 doctoris
3257 4070 3445 4138 posui-

1850 4172 1989 4222 mus,
2028 4158 2225 4226 quibus
2254 4158 2307 4210 in
2336 4158 2567 4225 quodam
2599 4156 2717 4210 loco
2748 4158 2824 4210 ait
2851 4174 2865 4209 :
2898 4173 2917 4206 ι
2952 4154 3053 4222 Qui
3082 4165 3273 4226 putant
3306 4160 3443 4214 Pau-

1850 4247 1966 4301 lum
1985 4246 2141 4315 juxta
2187 4247 2575 4311 humilitatem,
2611 4254 2665 4300 et
2694 4262 2801 4301 non
2844 4261 2974 4301 vere
3019 4248 3251 4314 dixisse,
3285 4249 3353 4303 Et
3396 4252 3442 4305 si

1850 4339 2120 4408 imperitus
2148 4352 2265 4391 sum
2285 4353 2539 4402 sermone,
2565 4353 2667 4390 non
2696 4347 2868 4391 tamen
2890 4338 3129 4404 scientia,
3155 4338 3447 4395 defendant

1852 4428 2015 4497 hujus
2060 4427 2164 4482 loci
2198 4427 2661 4495 consequentiam.
2688 4447 2707 4479 ι
2751 4428 2817 4481 Et
2860 4428 3059 4482 iterum
3096 4446 3111 4482 :
3158 4424 3179 4479 ί
3215 4428 3272 4484 Si
3312 4444 3449 4488 vero

1854 4519 1945 4588 qui
1975 4527 2156 4589 potest
2187 4517 2350 4573 etiam
2373 4516 2534 4585 juxta
2571 4516 2839 4571 sermonis
2881 4517 3097 4586 eloquia
3131 4527 3444 4576 contextum

155 4623 381 4693 offeras,
427 4629 477 4674 et
518 4635 625 4672 non
660 4627 793 4671 recte
832 4585 1098 4687 dijudicas
1143 4616 1410 4688 peccasti?
1454 4614 1557 4683 Qui
1602 4616 1748 4670 enim
1774 4585 1829 4643 D
1856 4585 2049 4665 docere
2072 4608 2389 4679 Apostolum
2422 4607 2589 4662 fuisse
2612 4606 2932 4676 perfectum,
2956 4606 3085 4661 etin
3102 4607 3241 4662 artis
3268 4624 3447 4678 gram-

154 4710 505 4769 recte’credit
544 4708 868 4764 catholicam
895 4708 1081 4774 ﬁdem,
1111 4715 1262 4762 recte
1288 4707 1506 4762 videtur
1529 4706 1747 4762 ollerre.

157 4805 270 4862 Sed
312 4803 359 4859 si
407 4803 820 4872 quibuscunque
867 4798 1179 4854 doctoribus
1220 4806 1315 4852 aut
1362 4798 1752 4868 interpretibus

155 4909 284 4950 cum
316 4891 576 4963 apostolis
600 4898 655 4943 et
678 4888 1029 4958 evangelistis
1054 4887 1316 4958 (aqualem
1346 4889 1750 4944 venerationem

156 4984 374 5047 tribuit,
404 4997 512 5035 nun
538 4988 689 5036 recte
714 4979 927 5043 dividit,
956 4986 1116 5047 atque
1142 4978 1263 5032 idco
1290 4986 1498 5047 peccat.

230 5075 347 5130 χιι.
384 5074 517 5128 Post
559 5072 650 5126 illa
688 5087 809 5142 qua:
851 5070 1102 5139 superius
1129 5069 1274 5123 dicta
1303 5079 1430 5123 sunt
1459 5070 1621 5125 verba
1654 5084 1750 5123 no-

155 5173 301 5229 stra,
331 5162 620 5217 addidistis
642 5160 923 5215 dicentes:
961 5177 982 5211 r
1010 5157 1190 5227 Turpe
1226 5167 1311 5213 est
1351 5159 1498 5213 enim
1527 5158 1751 5213 credere

157 5254 427 5325 Spiritum
477 5258 757 5313 sanctum,
808 5250 902 5320 qui
959 5248 1201 5305 omnium
1251 5249 1489 5319 gentium
1541 5248 1753 5320 linguas

1854 4694 2063 4757 mati‘ca:
2093 4702 2222 4756 vitia
2250 4715 2357 4754 non
2388 4699 2704 4765 incurrisse,
2736 4699 2824 4753 ille
2850 4698 3030 4768 potius
3055 4699 3445 4757 auscultandus

1853 4802 1956 4849 est.
2008 4791 2117 4847 Nos
2160 4792 2591 4862 quotiescunque
2636 4789 2975 4844 soloecismos
3020 4799 3116 4845 aut
3142 4790 3268 4847 'tale
3312 4793 3448 4863 quid

1854 4886 2196 4947 adnotamus,
2242 4896 2347 4937 non
2393 4879 2711 4949 Apostolmn
2771 4878 3070 4947 pulsamus,
3114 4888 3174 4934 ut
3208 4882 3450 4938 malivoli

1854 4976 2232 5038 criminantur,
2274 4972 2369 5028 sed
2408 4971 2579 5041 magis
2611 4969 2853 5039 Apostoli
2891 4978 3195 5026 assertores
3228 4988 3449 5040 sumus;

1857 5068 2003 5138 quod
2032 5066 2289 5120 Hebraeus
2310 5078 2378 5117 ex
2407 5061 2648 5117 Hebraeis
2674 5061 2877 5131 absque
2899 5061 3157 5117 rhetorici
3182 5064 3453 5119 sermonis

1857 5158 2053 5220 nitore,
2080 5155 2370 5210 verborum
2396 5150 2804 5220 Compositione,
2832 5159 2887 5205 et
2915 5151 3112 5221 eloquii
3140 5162 3446 5219 venustate,

1859 5262 2134 5317 nunquam
2165 5246 2231 5300 ad
2270 5244 2430 5299 tidem
2459 5241 2659 5299 Christi
2692 5250 2864 5298 totum
2895 5243 3151 5297 mundum
3199 5243 3450 5298 transdu-

1515 5377 1788 5435 BALUZII
1833 5378 2059 5435 ΝΟΤίΕ.

229 5494 259 5524 ι
310 5478 526 5552 Aquila.
571 5475 795 5552 Carolus
839 5475 1065 5552 Magnus
1108 5475 1168 5528 in
1195 5471 1495 5552 Capitulari
1537 5472 1603 5527 de
1644 5487 1752 5552 non

150 5542 453 5627 adorandis
498 5548 823 5627 imaginibus
851 5542 1030 5627 [ibin],
1082 5559 1200 5627 cap:
1251 5544 1317 5597 15
1352 5562 1363 5596 :
1401 5561 1417 5592 ‹
1443 5542 1597 5627 riora
1629 5550 1753 5611 post

152 5621 503 5695 septuaginta
540 5613 897 5695 inﬁarpretes,
934 5614 1462 5695 Theodotioneinnet
1504 5613 1753 5682 Symma-

153 5683 321 5751 cli'um
351 5683 407 5746 Et
443 5683 700 5758 Aquilam
714 5727 729 5751 ,
761 5686 875 5758 sive
900 5686 1080 5758 etiam_
1093 5683 1748 5758 beatum‘Hi-eronymum,

156 5766 295 5836 legis
319 5753 605 5836 qnmratur
632 5755 937 5836 translatio.
967 5775 1008 5836 _s
1049 5753 1525 5836 DeTheodotione
1565 5766 1747 5832 porro,

156 5822 263 5907 (υἷα
303 5822 467 5887 (etate
514 5827 750 5892 vixerit,
788 5825 1053 5881 videndus
1095 5825 1181 5879 vir
1226 5822 1434 5879 clariss.
1486 5822 1751 5877 Henricus

1862 5472 2108 5527 Valesius
2147 5471 2200 5529 in
2229 5470 2672 5525 annotationibus
2703 5468 3087 5524 ad'Eusebium
3121 5467 3215 5524 lib.
3242 5485 3293 5529 v.
3324 5484 3446 5539 cap.

1858 5542 1890 5597 8
1914 5542 2053 5596 Hist.
2086 5542 2293 5596 Eccles.

1930 5614 1953 5652 δ
1992 5611 2161 5665 Multo
2193 5612 2462 5681 injustins.
2504 5609 2594 5664 Sic
2620 5608 2721 5681 legi
2766 5608 2962 5681 debere
2992 5608 3272 5681 admonuit
3308 5609 3450 5666 Mas-

1859 5697 2022 5738 sonus
2050 5683 2102 5736 in
2136 5678 2334 5736 erratis
2373 5698 2385 5734 :
2418 5694 2643 5749 prorsus
2670 5678 2824 5749 bene.
2873 5678 3006 5731 Nam
3038 5679 3091 5733 in
3122 5680 3309 5736 codice
3340 5694 3443 5736 ms.

1859 5753 2062 5810 diserte
2094 5752 2352 5822 scriptum
2378 5748 2495 5815 est,
2526 5748 2718 5804 multos
2740 5748 2984 5818 injustas.
