3918 6334
511 399 611 458 I67

1508 405 1564 462 S.
1604 404 1956 462 ACOBARDI
1995 401 2306 463 EPISCOPI
2344 403 2832 462 LUGDUNENSIS
3707 399 3797 452 {6‘3

494 527 622 572 cere
665 511 954 581 valuisset,
995 515 1098 570 nisi
1136 517 1562 588 evangelizasset
1602 535 1729 573 eum
1767 535 1873 574 non
1917 520 1971 574 in
2013 535 2100 574 sa-
2128 523 2180 580 Α
2205 519 2570 588 praetitulatur
2612 520 2832 582 scribit,
2863 517 3089 574 dicens:
3127 537 3148 569 c
3175 518 3290 574 Non
3325 527 3410 575 est
3442 534 3576 575 sane
3607 520 3796 575 mirum

495 605 701 676 pientia
723 602 897 669 verbi,
923 604 1021 660 sed
1050 606 1107 660 in
1136 607 1340 662 virtute
1370 609 1519 663 Dei.»
1553 610 1654 677 Qui
1680 611 1846 666 etiam
1881 613 1932 666 in
1963 627 2102 681 pra:-

496 693 800 752 fat‘ionibus
830 695 1005 762 Isaiae,
1042 695 1295 756 Jeremite
1317 709 1374 755 et
1407 701 1728 767 Ezechielis,
1755 703 1885 771 quid
1909 706 1973 759 de
1999 702 2104 758 dif—

495 784 729 843 ferentia
756 787 1050 845 locutionis
1076 792 1466 860 prophetarum
1498 809 1688 849 eorum
1723 795 1950 859 dixerit,
1981 795 2104 848 dili-

496 885 686 948 genter
717 880 1074 950 perpendite;
1119 891 1177 937 et
1206 883 1497 940 invenietis
1546 886 1889 941 nobilitatem
1934 886 2102 941 divini

495 972 720 1043 eloquii,
748 991 858 1030 non
900 978 1200 1032 secundum
1247 987 1485 1037 vestram
1530 981 1910 1043 assertionem,
1952 997 2105 1038 more

494 1067 970 1139 philosophorum,
1002 1068 1056 1124 in
1085 1078 1299 1126 tumore
1324 1079 1379 1127 et
1405 1088 1603 1142 pompa
1631 1088 1755 1128 esse
1785 1073 2102 1134 verborum.

499 1158 595 1212 sed
642 1158 695 1213 in
740 1158 944 1215 virtute
991 1163 1416 1226 sententiarum,
1462 1165 1761 1219 secundum
1798 1165 1942 1235 quod
1989 1165 2106 1235 ipse

497 1246 791 1316 Apostolus
819 1250 895 1303 ait
920 1263 936 1302 :
967 1248 1092 1303 Non
1117 1252 1255 1304 enim
1284 1253 1338 1306 in
1367 1269 1604 1308 sermone
1629 1264 1706 1308 est
1736 1271 1954 1324 regnum
1986 1254 2102 1318 Dei,

495 1337 588 1390 sed
633 1337 691 1389 in
737 1339 947 1392 virtute.
987 1351 1014 1380 ι
1049 1339 1220 1396 Isaias
1271 1357 1488 1413 quoque
1533 1346 1798 1414 propheta
1849 1345 2103 1415 populum

495 1427 629 1484 dicit
662 1444 783 1484 esse
826 1430 922 1485 alti
965 1433 1267 1499 sermonis,
1306 1437 1379 1489 ita
1412 1445 1471 1490 ut
1516 1453 1625 1491 non
1670 1439 1844 1507 possit
1875 1439 2106 1510 intelligi

497 1518 820 1576 disertitudo
860 1521 1059 1592 lingua:
1088 1523 1226 1591 ejus,
1262 1526 1316 1580 in
1345 1543 1453 1596 quo
1481 1527 1629 1582 nulla
1677 1538 1762 1583 est
1811 1531 2101 1601 sapientia.

496 1608 565 1662 Et
601 1611 865 1666 Dominus
891 1613 958 1666 ad
996 1613 1337 1670 Ezechielem
1369 1617 1538 1672 dicit:
1572 1618 1696 1673 Non
1726 1621 1866 1675 enim
1907 1620 1976 1674 od
2011 1637 2106 1690 po-

493 1700 679 1768 pulum
713 1702 965 1771 profundi
999 1708 1256 1762 sermonis
1297 1718 1347 1761 et
1376 1709 1567 1779 ignota:
1607 1710 1802 1782 lingure
1837 1721 1894 1765 tu
1934 1714 2107 1767 mitte-

496 1789 590 1853 ris,
630 1807 856 1860 quorum
889 1809 992 1846 non
1020 1796 1188 1866 possis
1219 1798 1406 1851 audire
1448 1816 1758 1854 sermonem.
1788 1802 1868 1856 Ex
1907 1803 2105 1872 quibus

492 1885 647 1948 patet
696 1880 1034 1937 nobilitatem
1073 1900 1245 1941 sacrze
1283 1886 1603 1957 Scriptura),
1650 1907 1757 1946 non
1804 1893 2101 1947 secundum
2131 1906 2178 1964 Β

493 1969 846 2039 philosophos
885 1973 940 2027 in
971 1972 1354 2032 disertitudine
1400 1994 1522 2034 esse
1554 1982 1865 2044 verborum,
1911 1983 1965 2036 in
1996 1997 2103 2051 quo

501 2057 646 2112 nulla
676 2068 760 2114 est
791 2062 1082 2131 sapientia,
1111 2065 1207 2119 sed
1251 2064 1306 2119 in
1342 2068 1584 2135 potentia
1627 2077 1682 2123 et
1729 2072 1929 2124 astutia
1971 2086 2101 2125 sen-

495 2166 674 2215 suum,
721 2159 885 2221 atque
921 2153 1124 2208 virtute
1164 2159 1591 2225 sententiarum;
1627 2161 1766 2216 sicut
1808 2163 2104 2232 Apostolus

495 2241 773 2306 ostendit,
811 2241 1004 2297 dicens
1030 2264 1041 2297 :
1073 2245 1236 2298 Arma
1275 2247 1479 2301 militia:
1511 2262 1724 2315 nostnr,
1777 2269 1880 2305 non
1912 2269 2102 2306 carna—

497 2328 593 2392 lia,
620 2320 712 2384 sed
749 2333 981 2402 potentia
1010 2333 1110 2387 Dei
1155 2335 1224 2389 ad
1263 2336 1673 2393 destructionem
1718 2341 2100 2407 munitionum,

493 2420 715 2474 consilia
753 2421 1102 2489 destruentes,
1147 2435 1194 2479 et
1235 2444 1444 2483 omnem
1472 2430 1808 2486 altitudinem
1847 2434 2104 2504 extollen-

493 2517 598 2561 tem
627 2525 682 2562 se
715 2511 968 2565 adversus
1007 2515 1284 2569 scientiam
1323 2517 1441 2583 Dei,
1477 2529 1525 2572 et
1556 2522 1610 2574 in
1646 2522 2001 2591 captivitatem
2030 2541 2105 2578 re-

491 2599 726 2670 digentos
755 2617 962 2657 omnem
1000 2604 1323 2661 intellectum
1355 2611 1411 2662 in
1440 2611 1741 2680 obsequium
1786 2612 2002 2670 Christi.
2036 2615 2106 2670 Et

493 2690 693 2744 iterum
722 2710 735 2745 :
773 2690 899 2746 Non
939 2695 1080 2748 enim
1117 2697 1263 2750 misit
1298 2714 1379 2751 me
1412 2698 1657 2754 Christus
1689 2702 1979 2772 baptizare,
2011 2706 2102 2759 sed

490 2781 871 2851 eoangelisare,
906 2800 1010 2839 non
1040 2786 1096 2839 in
1126 2789 1386 2856 sapientia
1413 2790 1572 2856 verbi,
1597 2803 1660 2846 ut
1688 2810 1793 2846 non
1820 2805 2105 2849 evacuetur

491 2887 627 2925 crux
655 2870 873 2927 Christi.
905 2873 972 2928 Et
1003 2892 1218 2931 rursum
1247 2887 1370 2947 post
1397 2880 1578 2951 aliqua
1607 2901 1618 2935 :
1653 2882 1722 2936 Et
1748 2900 1843 2954 ego
1873 2901 1993 2938 cum
2019 2903 2102 2941 ve-

494 2965 687 3019 nissem
715 2966 783 3020 ad
812 2984 922 3033 vos,
954 2969 1171 3038 fratres,
1197 2974 1311 3026 veni
1342 2990 1447 3028 non
1467 2991 1561 3043 per
1588 2975 1966 3030 sublimitatem
1998 2993 2105 3030 ser-

493 3058 664 3110 monis
696 3069 786 3112 aut
832 3061 1136 3130 sapientiae,
1185 3067 1509 3120 annuntians
1551 3068 1692 3121 vobis
1743 3069 2099 3123 testimonium

494 3143 712 3200 Christi.
741 3148 807 3202 Et
843 3149 1042 3204 iterum
1076 3168 1090 3204 :
1132 3151 1466 3223 Sapientiam
1502 3155 1770 3227 loquimur
1812 3158 1950 3212 inter
1986 3174 2103 3228 per-

2205 610 2252 664 si
2266 610 2608 679 eloquentior
2621 610 2870 665 videatur
2884 611 2937 664 in
2953 611 3197 680 proprio,
3210 611 3264 665 id
3279 619 3366 666 est
3377 609 3630 675 Hebrato,
3644 626 3800 680 quam

2205 700 2261 754 in
2285 700 2590 770 peregrino.
2617 701 2670 755 id
2692 711 2778 756 est
2799 700 2990 757 Graeco
3018 717 3289 768 sermone,
3317 717 3427 772 quo
3446 713 3662 758 autem:
3690 705 3802 765 Eoi-

2206 793 2358 847 stolze
2378 801 2504 847 sunt
2525 794 2760 863 scriptae.
2787 815 2805 847 ι
2842 795 2983 851 Ecce
3009 797 3175 853 habes
3198 797 3543 852 disertiorem
3580 795 3798 851 Paulum

2207 883 2263 936 in
2293 898 2400 936 una
2425 884 2650 952 epistola
2679 900 2841 954 quam
2877 887 2931 940 in
2955 888 3193 942 exteris.
3224 886 3331 943 Sed
3354 896 3537 943 tamen
3567 889 3686 958 ipse
3708 907 3802 945 ca:-

2207 980 2338 1028 tera:
2363 973 2631 1042 epistolae,
2660 974 2786 1030 licet
2815 976 2870 1030 in
2901 991 3157 1032 sermone
3185 979 3364 1035 minus
3387 982 3458 1036 ab
3486 982 3580 1036 illa
3608 983 3801 1053 aliquid

2205 1064 2409 1120 habere
2433 1066 2736 1134 videantur,
2769 1077 2953 1124 tamen
2988 1071 3043 1125 in
3074 1074 3295 1127 arcanis
3322 1077 3595 1140 sensibus,
3628 1093 3796 1134 secre-

2207 1155 2279 1210 tis
2315 1157 2588 1226 mysteriis
2631 1172 2695 1213 ac
2735 1157 2924 1229 ﬁguris
2965 1160 3318 1228 locutionum,
3351 1165 3406 1218 in
3444 1167 3648 1235 quibus
3690 1185 3799 1222 om-

2208 1259 2331 1298 nem
2367 1246 2688 1314 sapientiam
2735 1248 2897 1320 hujus
2935 1251 3118 1306 mundi
3169 1253 3677 1324 incomparabiliter
3715 1275 3799 1312 su-

2206 1342 2421 1404 perant,
2451 1338 2678 1393 minoris
2706 1339 2922 1396 virtutis
2948 1358 3052 1397 non
3083 1352 3228 1398 sunt.

2278 1425 2416 1481 XIV.
2444 1425 2573 1482 Post
2597 1428 2794 1484 multas
2820 1439 2876 1486 et
2903 1448 3095 1502 graves
3119 1435 3444 1502 calumnias,
3477 1454 3620 1508 quas
3646 1441 3795 1495 nobis

2209 1514 2508 1580 indixistis,
2540 1517 2788 1574 dicentes
2818 1536 2918 1576 nos
2944 1523 3141 1578 divinze
3184 1525 3472 1586 locutionis
3504 1534 3799 1600 reprehen—

2208 1621 2383 1672 sores,
2410 1607 2703 1666 defenditis
2726 1613 2866 1668 bene
2889 1629 2985 1669 vos
3015 1616 3246 1683 dixisse,
3276 1619 3468 1675 Anima
3492 1625 3711 1692 quando
3737 1628 3797 1679 ad

2207 1714 2399 1767 corpus
2425 1703 2689 1769 pervenit;
2717 1712 2773 1760 et
2800 1706 3016 1762 sumitis
3039 1709 3355 1765 testimonia
3406 1714 3473 1767 de
3504 1713 3798 1785 Scripturis

2207 1787 2499 1844 dicentes:
2533 1789 2766 1861 Spiritus
2816 1795 2994 1850 redeat
3042 1799 3114 1852 ad
3143 1816 3263 1854 eum
3311 1802 3402 1872 qui
3450 1804 3599 1858 dedit
3654 1807 3796 1861 illum

2207 1876 2377 1946 (Eccl.
2408 1897 2509 1946 xu,
2549 1881 2623 1954 7).
2658 1883 2723 1937 Et
2758 1902 2770 1936 :
2801 1883 3110 1942 Revertatur
3133 1892 3313 1946 anima
3339 1896 3491 1964 pueri
3511 1897 3659 1952 intra
3689 1917 3796 1953 eum

2209 1965 2333 2038 (III
2359 1967 2489 2039 Reg.
2523 1985 2657 2036 xvu,
2686 1972 2775 2026 9|.
2809 1973 2940 2041 Quae
2991 1980 3308 2036 testimonia
3328 1983 3642 2043 nullatenus
3681 2005 3797 2045 con-

2207 2070 2409 2128 gruunt
2439 2061 2516 2116 rei
2559 2062 2644 2116 cui
2675 2062 3028 2121 defendendae
3069 2070 3419 2128 adhibentur.
3471 2074 3608 2142 Quis
3659 2082 3795 2134 enim

2207 2149 2422 2220 ignorat
2458 2154 2698 2208 animam
2731 2157 2899 2212 semel
2927 2175 2956 2212 a
2989 2158 3100 2214 Deo
3127 2174 3399 2231 creatam,
3439 2168 3797 2226 substantiam

2206 2256 2328 2296 esse
2354 2243 2630 2314 deinceps,
2658 2255 2713 2300 et
2759 2257 3043 2317 aeternam,
3070 2261 3235 2322 atque
3265 2255 3320 2310 in
3347 2273 3446 2313 sua
3493 2261 3796 2316 substantia

2205 2333 2604 2391 immortalem?
2630 2351 2694 2392 ac
2717 2354 2822 2408 per
2853 2341 2975 2406 hoc,
3006 2347 3486 2413 post'solutionem
3533 2357 3795 2424 corporis,

2206 2438 2367 2492 posse
2393 2425 2462 2481 ad
2490 2441 2616 2481 eum
2646 2429 2826 2484 redire
2844 2428 3076 2501 justam,
3106 2444 3162 2489 et
3184 2437 3439 2494 deorsum
3472 2441 3799 2500 descendere

2205 2512 2483 2582 injustam,
2511 2524 2568 2571 et
2590 2518 2731 2572 intra
2761 2534 2960 2590 corpus
2987 2527 3188 2581 reverti
3223 2529 3290 2582 ad
3324 2528 3467 2585 hanc
3500 2533 3672 2588 vitam
3722 2550 3799 2591 re-

2205 2606 2619 2663 suscitandam?
2658 2608 2786 2665 Hinc
2814 2611 2880 2665 de
2908 2612 3196 2670 animabus
3241 2633 3272 2670 a
3321 2622 3651 2689 corporibus
3692 2624 3796 2694 jam

2204 2695 2398 2752 solutis
2428 2695 2550 2753 fieri
2579 2699 2760 2756 nullus
2788 2701 3023 2772 ignorat.
3059 2703 3168 2760 Sed
3196 2722 3294 2762 nos
3318 2709 3422 2764 hoc
3450 2715 3800 2781 reprehendi-

2204 2803 2326 2845 mus
2353 2790 2500 2858 quod
2526 2805 2623 2846 vos
2660 2791 2730 2848 de
2776 2793 3066 2851 animabus
3092 2800 3414 2867 corporibus
3451 2801 3800 2861 infundendis

2206 2879 2686 2940 dixistis:Anima
2709 2888 2926 2958 quando
2971 2890 3042 2946 ad
3096 2909 3286 2963 corpus
3326 2897 3580 2965 pervenit.
3635 2899 3797 2964 Quasi

2204 2973 2470 3030 noveritis
2497 2974 2563 3029 de
2587 2965 2695 3047 qua
2725 2979 2947 3049 regione
2975 2982 3247 3049 adveniat,
3275 2983 3610 3040 autfursitau
3630 2989 3798 3042 nostis

2203 3057 2258 3116 in
2296 3078 2405 3132 qua
2432 3065 2652 3136 regione
2672 3066 2855 3136 jaceat
2880 3070 2970 3124 illa
3003 3072 3276 3144 incognita
3325 3076 3607 3140 materies,
3661 3079 3796 3132 unde

2205 3155 2416 3211 animas
2456 3159 2637 3216 dicitis
2663 3164 2843 3223 creari
2890 3164 2944 3218 in
2973 3181 3166 3232 vacuo,
3212 3183 3377 3238 super
3420 3184 3584 3239 quem
3619 3173 3795 3240 aquilo

494 3236 689 3305 factos;
723 3241 1037 3310 sapientiam
1065 3260 1170 3296 non
1198 3244 1361 3314 hujus
1388 3247 1592 3312 uec-ali,
1620 3265 1786 3318 neque
1806 3251 2103 3320 principum
2131 3244 2176 3306 Ω
2205 3256 2467 3304 extensus
2497 3258 2603 3318 est,
2638 3261 2734 3306 aut
2762 3254 2816 3308 in
2844 3255 3195 3313 interioribus
3216 3236 3420 3326 austri,
3452 3261 3537 3315 vel
3571 3262 3795 3318 forsitan

492 3326 655 3397 hujus
687 3329 893 3395 saeculi,
920 3332 1012 3400 qui
1048 3332 1395 3390 destruuntur
1417 3350 1435 3387 :
1469 3338 1560 3391 sed
1603 3337 1868 3408 loquimur
1895 3340 1990 3394 Dei
2017 3358 2099 3394 sa-

491 3415 745 3485 pientiam
786 3419 843 3472 in
888 3423 1160 3490 mysterio,
1202 3441 1320 3494 qua:
1364 3426 1675 3482 abscondita
1717 3440 1813 3484 est.
1863 3430 1931 3485 Et
1977 3437 2103 3501 post

496 3521 710 3575 pauca:
750 3508 884 3575 Qua:
904 3520 954 3565 et
978 3511 1265 3583 loquimur,
1292 3533 1396 3570 non
1439 3519 1494 3571 in
1521 3520 1690 3574 doctis
1727 3522 1976 3575 humana:
2014 3539 2105 3576 sa-

493 3599 704 3669 pientiae
731 3602 922 3668 verbis,
946 3605 1038 3659 sed
1069 3607 1123 3659 in
1148 3607 1392 3662 doctrina
1414 3611 1654 3679 spiritus.

571 3689 705 3743 Xlll.
750 3689 892 3747 Eme
922 3695 1051 3762 quia
1094 3695 1213 3752 laus
1257 3697 1458 3753 divina:
1505 3701 1793 3769 sapientiae
1839 3702 1894 3756 in
1927 3705 2104 3761 sacris

497 3779 778 3848 mysteriis
816 3789 871 3836 et
907 3784 962 3836 in
999 3784 1247 3840 doctrina
1296 3787 1524 3856 spiritus
1572 3789 1870 3855 invenitur,
1904 3808 2011 3846 non
2045 3810 2102 3847 in

496 3868 981 3926 adinventionibus
1012 3874 1327 3931 verborum.
1366 3877 1476 3933 Vos
1504 3880 1812 3949 sumpsistis
1851 3885 2103 3938 testimo-

495 3957 583 4012 nia
619 3959 763 4013 beati
790 3960 1079 4031 Augustini
1125 3964 1292 4019 multa
1325 3967 1394 4022 de
1435 3967 1595 4023 laude
1637 3967 1970 4040 Scripturaa;
2006 3971 2103 4028 sed

497 4061 609 4102 non
634 4049 728 4104 illo
765 4052 926 4108 modo
971 4068 1069 4107 vos
1116 4053 1372 4121 laudatis,
1405 4072 1513 4126 quo
1551 4057 1798 4114 laudavit
1841 4061 2101 4132 Augusti-

496 4153 620 4204 nus,
650 4148 744 4194 aut
783 4142 1168 4214 Hieronymus,
1200 4147 1541 4213 Ambrosius,
1576 4159 1741 4220 atque
1781 4151 2101 4226 Gregorius.

494 4227 631 4304 Nam
665 4229 741 4284 illi
790 4231 1135 4301 majestatem
1163 4237 1363 4293 divina
1403 4239 1695 4298 locutionis
1739 4245 2101 4315 admirantes,

495 4318 593 4373 sed
625 4334 740 4374 rem
771 4320 1099 4378 inctfabilem
1139 4326 1301 4386 fando
1331 4344 1438 4383 non
1465 4332 1825 4400 explicantes,
1853 4340 2103 4406 oppressi

497 4407 670 4479 gloria
703 4410 756 4463 in
785 4410 943 4467 laude
972 4413 1090 4482 ejus
1117 4419 1546 4485 succubuerunt,
1572 4437 1694 4476 cum
1726 4427 1900 4495 magis
1938 4429 2105 4483 admi-

499 4500 672 4555 rando
701 4501 1037 4570 sutlicerent,
1061 4520 1225 4574 quam
1258 4507 1548 4580 loquendo.
1591 4514 1693 4569 Vos
1723 4516 1803 4570 sic
1842 4516 2100 4588 laudatis,

2208 3337 2262 3392 in
2288 3347 2412 3394 ortu
2467 3340 2598 3399 solis
2653 3353 2747 3398 aut
2782 3359 3002 3413 occasu,
3052 3359 3148 3404 aut
3198 3351 3341 3406 unde
3390 3353 3571 3409 dicitis
3624 3356 3797 3409 anima

2204 3431 2490 3497 pervenire
2520 3448 2532 3484 :
2567 3434 2754 3502 utique
2782 3435 2907 3491 inde
2928 3441 3218 3508 pervenire
3236 3450 3480 3512 possunt,
3498 3444 3592 3499 ubi
3613 3461 3794 3501 crean-

2207 3530 2316 3586 tur,
2347 3531 2407 3576 ut
2430 3524 2497 3578 ad
2525 3539 2756 3596 corpora
2787 3532 3248 3588 transmittantur.
3298 3534 3406 3591 Sed
3449 3553 3573 3592 cum
3621 3539 3796 3595 dicitis

2205 3627 2298 3667 eas
2334 3616 2640 3682 pervenire,
2667 3633 2775 3672 non
2805 3620 2937 3689 ipsis
2967 3637 3061 3676 eas
3088 3627 3408 3694 corporibus
3437 3639 3794 3686 creatascre-

2206 3704 2353 3770 ditis,
2369 3707 2638 3779 sedlonge
2654 3711 2872 3767 alicubi.
2890 3713 2954 3766 Et
2971 3715 3350 3785 inquisivimus
3378 3735 3408 3773 a
3435 3721 3590 3775 vobis
3612 3732 3790 3776 utrum

2207 3793 2260 3846 in
2288 3794 2607 3861 coelestibus
2643 3816 2712 3852 an
2742 3800 2796 3854 iu
2825 3803 3006 3872 aliqua
3043 3815 3200 3875 parte
3249 3811 3436 3863 mundi
3467 3811 3537 3864 sit
3568 3812 3687 3882 ipse
3725 3814 3795 3868 lo-

2206 3898 2326 3949 cus,
2356 3886 2442 3940 vel
2469 3897 2624 3943 extra
2651 3891 2934 3948 mundum.
2993 3894 3102 3951 Sed
3147 3900 3213 3953 de
3253 3899 3358 3955 hoc.
3382 3901 3457 3955 sit
3506 3911 3566 3956 ut
3614 3904 3792 3966 vultis,

2206 3983 2418 4031 tantum
2446 3987 2508 4033 ut
2535 3979 2910 4054 cujuscunque
2939 3988 3305 4046 testimonium
3333 4008 3459 4047 cum
3495 3995 3794 4067 Augustino

2206 4067 2526 4125 altercantis
2564 4079 2820 4142 tanquam
2852 4075 3096 4144 ejusdem
3149 4079 3436 4151 Augustini
3489 4100 3593 4138 non
3645 4087 3795 4141 nobis

2204 4159 2512 4225 opponatis.
2546 4160 2656 4215 Nos
2686 4172 2868 4220 tamen
2906 4165 3036 4222 illud
3064 4172 3335 4240 praecipue
3386 4176 3682 4233 tenendum
3712 4193 3797 4246 plt-

2205 4256 2405 4314 tamus,
2434 4254 2580 4321 quod
2622 4254 2807 4311 divina
2846 4255 3134 4329 Scriptura
3164 4263 3230 4316 de
3257 4265 3360 4318 hac
3399 4281 3458 4320 re
3486 4267 3668 4331 docet,
3716 4269 3794 4324 di-

2205 4355 2334 4396 cens
2367 4359 2379 4394 :
2414 4341 2689 4408 Quomodo
2720 4347 2890 4403 nescis
2934 4366 3052 4420 qua:
3076 4351 3145 4405 sit
3190 4354 3277 4407 via
3326 4357 3568 4425 spiritus,
3609 4368 3662 4410 et
3700 4373 3794 4430 qua

2206 4433 2416 4488 ratione
2439 4437 2846 4507 compingantur
2875 4458 2995 4495 ossa
3027 4443 3083 4496 in
3112 4455 3289 4500 ventre
3329 4451 3654 4518 prrrgnantis
3675 4468 3694 4514 ;
3723 4453 3790 4504 sic

2208 4525 2376 4578 nescis
2424 4542 2584 4595 opera
2614 4527 2731 4593 Dei,
2765 4532 2855 4601 qui
2886 4531 3180 4601 fabricator
3207 4546 3281 4590 est
3308 4539 3565 4593 omnium.
3613 4541 3794 4596 Eccle-

495 4601 556 4647 ut
597 4593 754 4650 laude
791 4604 974 4652 vestra
1017 4600 1189 4669 magis
1223 4602 1544 4670 minaretur,
1584 4621 1746 4675 quam
1793 4619 2096 4680 augeatur:
2131 4592 2182 4651 Ῑ)
2208 4613 2411 4668 siastici
2437 4592 2654 4686 quoque
2673 4592 2925 4676 doctores
2974 4624 3028 4677 in
3079 4625 3193 4681 suis
3243 4592 3788 4696 dogmatibus

497 4687 755 4755 quoniam
782 4687 839 4741 in
877 4688 961 4742 his
998 4705 1122 4759 quat
1149 4694 1495 4749 extrinsecus
1525 4706 1675 4762 sunt,
1713 4699 1897 4755 dicitis
1945 4704 2103 4760 nobi-

495 4775 708 4835 litatem
753 4778 1059 4850 linguarum
1112 4784 1456 4841 ministrasse
1497 4787 1776 4857 Apostolis
1835 4791 2100 4861 Spiritum

493 4878 771 4935 sanetum,
808 4879 869 4925 ut
910 4872 1140 4930 confuse
1177 4882 1232 4930 et
1275 4875 1649 4935 indifferenter
1673 4897 1796 4936 eum
1840 4888 2102 4954 apostolis

491 4976 690 5019 omnes
736 4962 1066 5034 interpretes
1095 4975 1150 5022 et
1193 4984 1547 5040 quoscunque
1593 4975 1935 5044 expositores
1979 4978 2098 5033 lau-

497 5051 637 5107 detis
663 5062 722 5108 et
753 5053 1074 5113 defendatis.
1105 5057 1245 5114 Nam
1273 5060 1345 5125 si,
1367 5063 1666 5118 secundum
1699 5081 1813 5130 vos,
1847 5069 2100 5127 omnibus

498 5143 816 5202 auctoribus
842 5145 1150 5206 divinorum
1193 5148 1457 5206 librorum
1493 5156 1819 5211 exteriorem
1847 5159 2101 5216 nobilita-

497 5240 604 5288 tem
636 5236 924 5307 aequaliter
973 5239 1306 5297 ministravit
1352 5243 1590 5316 Spiritus
1628 5259 1881 5316 sanctus;
1927 5270 2099 5323 quare

496 5339 637 5376 unus
658 5325 967 5396 Apostolus,
1000 5330 1053 5385 id
1079 5341 1163 5386 est
1188 5332 1408 5401 Paulus,
1442 5339 1702 5395 disertior
1741 5343 2018 5400 invenitur
2044 5348 2097 5402 in

500 5412 760 5472 llo-braica
785 5418 965 5491 lingua
993 5436 1157 5491 quam
1183 5424 1238 5478 in
1260 5423 1469 5492 Graeca,
1494 5430 1636 5485 sicut
1657 5433 1951 5502 praedictus
1974 5436 2100 5493 Hie-

499 5521 758 5578 ronymus
796 5511 850 5566 in
889 5512 1210 5582 pmfatione
1263 5517 1520 5589 Epistola:
1565 5533 1686 5593 quae
1718 5527 1786 5582 ad
1840 5527 2100 5586 Hebraeos

2209 4707 2499 4761 tenendam
2528 4709 2852 4777 docuerunt,
2886 4715 3124 4770 animam
3176 4732 3282 4771 non
3311 4733 3433 4774 esse
3478 4730 3690 4789 partem
3720 4723 3791 4776 di-

2206 4797 2344 4851 vina:
2392 4800 2711 4858 substantia;
2757 4804 2840 4858 vel
2888 4815 3118 4871 naturai,
3157 4825 3260 4865 nec
3308 4825 3432 4866 esse
3481 4827 3603 4867 eam
3649 4816 3789 4884 prius

2205 4902 2368 4956 quam
2382 4891 2596 4958 corpori
2617 4892 2943 4960 misceatur;
2975 4899 3067 4951 sed
3096 4907 3222 4952 tunc
3235 4915 3354 4953 eam
3368 4903 3548 4956 creari
3579 4906 3789 4975 quando

2203 4983 2260 5030 et
2288 4992 2485 5048 corpus
2513 4990 2757 5046 creatur,
2789 4984 2873 5039 eui
2931 4987 3220 5042 admisceri
3252 4989 3484 5044 videtur.
3542 4993 3785 5050 Philoso-

2207 5069 2437 5137 phorum
2468 5074 2756 5128 sententiaa
2802 5076 2992 5132 dicunt
3019 5095 3141 5134 esse
3172 5081 3409 5136 animam
3440 5087 3595 5153 prius
3630 5102 3786 5156 quam

2205 5168 2463 5215 nascatur
2489 5162 2544 5217 iu
2573 5179 2802 5236 corpore
2829 5185 2840 5220 :
2870 5169 3021 5237 quod
3052 5187 3239 5225 verum
3262 5186 3382 5228 esse
3411 5174 3574 5230 nullis
3602 5192 3786 5248 appro-

2206 5250 2364 5306 batur
2393 5253 2610 5313 indiciis
2636 5275 2649 5309 :
2683 5273 2810 5314 nam
2840 5267 3025 5314 utrum
3055 5271 3182 5317 ante
3223 5262 3535 5332 fuissemus,
3565 5283 3668 5322 nec
3695 5269 3786 5339 ipsi

2205 5345 2476 5410 novimus,
2518 5361 2620 5402 nec
2658 5350 2781 5416 quis
2817 5351 3096 5408 hominum
3145 5355 3292 5410 dicat
3346 5358 3634 5414 habemus.
3677 5359 3783 5414 Non

2204 5442 2442 5506 estergo
2477 5439 2829 5507 quaerendum
2874 5444 3016 5513 quod
3075 5447 3429 5516 querendum
3484 5449 3663 5522 magis
3711 5457 3788 5505 est

2207 5526 2562 5584 irridendum.

1859 5641 2130 5700 BALUZII
2168 5642 2400 5701 ΝΟΤᾹΞ.

569 5745 598 5777 ι
619 5733 791 5818 Isaias
804 5753 1009 5818 quoque
1018 5742 1295 5818 propheta.
1316 5742 1374 5799 In
1392 5761 1494 5800 ms.
1525 5746 1764 5818 itemque
1787 5751 1839 5806 in
1853 5753 2092 5810 editione

497 5803 733 5861 Musoni
758 5803 1029 5879 scriptum
1043 5803 1162 5867 erat
1183 5811 1358 5869 Isaias
1370 5832 1573 5875 auoaue
1599 5803 2087 5890 philosophias-feto:

2201 5755 2391 5824 Itaque
2419 5771 2542 5812 eum
2585 5768 2863 5816 constaret
2890 5761 3079 5824 vitium
3107 5779 3227 5822 esse
3253 5765 3456 5822 librarii
3475 5809 3492 5835 ,
3521 5785 3630 5827 non
3662 5785 3782 5828 vero
3868 5787 3869 5824 :

2201 5825 2491 5880 Αεοὺςιτάί.
2519 5828 2695 5880 locum
2730 5831 2879 5880 illum
2912 5832 3082 5880 libare
3109 5839 3462 5880 Mirr-primus-
3868 5825 3869 5880 i

2199 5825 2491 5898 Agobardi,
2519 5828 2695 5886 locum
2730 5831 2879 5886 illum
2912 5832 3082 5891 libere
3109 5839 3465 5895 correximus.
