3918 6316
115 334 221 393 169

1217 327 1344 382 LIB.
1385 320 1757 379 ADVEIISCS
1793 318 2257 379 FREDEGISUM.

3281 323 3380 377 I70

179 442 301 498 XV.
352 441 556 496 Deinde
607 439 986 511 interrogastis
1034 453 1162 504 nos,
1210 447 1388 492 utrum
1438 435 1586 490 aliud
1630 434 1701 487 sit
1724 436 1771 502 Α
1806 432 1859 486 id
1892 434 2035 502 quod
2059 434 2223 487 homo
2248 432 2422 489 factus
2448 442 2552 499 est,
2581 436 2838 504 pertinet,
2881 434 2931 488 i.l
2956 440 3059 499 est,
3089 434 3234 504 quod
3279 430 3384 487 for-

111 533 277 599 Deus,
319 532 464 589 aliud
518 534 742 597 veritas,
777 532 853 586 ita
906 539 967 585 ut
994 530 1138 585 Deus
1184 532 1300 600 ipse
1336 531 1541 585 veritas
1586 543 1695 582 non

109 625 203 680 sit.
226 623 380 679 Hanc
410 632 650 679 vestram
688 622 1171 693 interrogationem
1210 621 1264 674 in
1297 628 1505 673 tantum
1535 618 1700 672 mira-

109 730 253 781 mur,
279 723 340 769 ut
364 722 616 785 putemus
655 728 753 769 vos
780 712 929 766 illam
974 711 1213 780 jocando
1255 719 1311 763 et
1342 710 1565 764 ridendo
1612 708 1700 763 di-

110 816 310 863 ctasse.
357 807 490 873 Quis
538 804 743 859 audivit
773 803 932 858 talem
977 801 1506 872 interrogationem?
1552 798 1701 853 Nun-

106 900 239 969 quid
268 899 317 953 si
340 898 485 952 aliud
515 896 716 966 aliqnid
744 897 947 950 veritas
982 894 1160 957 fuerit,
1188 892 1301 961 jam
1328 893 1468 947 Deus
1500 892 1701 947 veritas

106 1004 217 1045 non
254 988 402 1043 erit?
428 988 601 1042 Dicite
636 1003 751 1052 vos,
775 987 820 1041 si
845 986 1154 1053 ubicunque
1185 984 1237 1037 in
1265 984 1440 1039 sacris
1462 982 1702 1052 Scriptu-

107 1080 187 1132 ris
236 1080 441 1133 veritas
487 1079 822 1143 nominatur,
874 1091 1091 1146 semper
1143 1076 1283 1129 Deus
1326 1074 1702 1145 intelligendus

107 1170 229 1224 est?
281 1169 442 1225 Certe
492 1185 591 1224 nos
634 1169 866 1223 dicimus
925 1165 1243 1236 frequenter
1288 1166 1342 1220 in
1405 1164 1703 1235 Scripturis

106 1260 384 1315 nominari
439 1261 723 1315 veritatem
756 1298 771 1323 ,
832 1271 954 1327 quae
1012 1253 1289 1311 contraria
1346 1263 1431 1310 est
1481 1254 1704 1309 menda--

106 1351 195 1405 cio
220 1368 235 1415 ;
259 1351 401 1405 sicut
426 1351 593 1404 etiam
622 1349 760 1404 solet
794 1347 1068 1403 nominari
1104 1348 1349 1404 Charitas
1396 1346 1699 1411 hominum,

106 1442 353 1507 dilectio,
382 1456 503 1512 quae
526 1440 799 1495 contraria
829 1446 916 1494 est
949 1440 1096 1505 odio,
1130 1448 1187 1495 et
1217 1438 1534 1503 concordia,
1583 1452 1703 1506 quae

103 1534 355 1603 opposita
397 1542 485 1588 est
507 1532 810 1589 discordiae.
846 1532 987 1603 Ergo
1036 1532 1129 1587 ubi
1160 1531 1359 1586 Paulus
1385 1531 1463 1584 ait
1494 1544 1511 1581 :
1554 1526 1704 1583 Veri-

106 1638 273 1682 tatem
297 1629 417 1683 dico
442 1629 497 1683 in
536 1626 744 1682 Christo
774 1625 924 1691 Jesu,
961 1642 1066 1681 non
1107 1625 1351 1690 mentior,
1380 1624 1462 1679 sic
1504 1622 1704 1677 intelli-

107 1721 263 1793 gitis,
294 1722 453 1789 quasi
480 1719 705 1784 diceret,
739 1717 909 1774 Deum
942 1718 1085 1783 dico,
1111 1724 1205 1772 aut
1227 1715 1506 1773 Christum
1554 1715 1697 1779 dico,

1805 538 1949 578 mam
1980 524 2122 580 servi
2145 526 2438 596 accipiens,
2471 526 2660 582 habitu
2690 536 2775 583 est
2811 526 3064 581 inventus
3103 535 3165 581 ut
3194 526 3380 590 homo,

1800 617 1893 686 qui
1923 618 2110 687 utique
2134 618 2351 673 habitus
2391 620 2558 690 coepit
2600 635 2667 675 ex
2710 630 2951 691 tempore
2982 637 2995 673 :
3028 620 3094 674 de
3143 620 3260 687 ipso
3303 628 3383 674 ta-

1802 719 1924 758 men
1962 706 2261 777 eodcmque
2307 705 2525 761 Christo
2569 708 2770 764 dictum
2813 719 2915 775 est,
2953 724 3077 764 cum
3111 710 3168 762 in
3208 708 3379 763 forma

1802 793 1900 859 Dei
1948 804 2115 851 esset.
2158 816 2175 849 ι
2208 796 2277 850 Et
2318 805 2441 866 post
2471 811 2683 866 pauca:
2718 815 2736 849 ι
2792 799 3041 855 Nondum
3089 814 3221 869 ergo
3267 808 3389 854 erat

1803 882 2055 941 Christus
2095 888 2240 957 quod
2266 902 2386 943 esse
2436 890 2622 960 C(Bpil,
2655 904 2779 944 cum
2816 891 3162 962 semetipsum
3194 891 3384 946 exina—

1802 976 1960 1043 nivit,
2002 992 2111 1031 non
2139 976 2369 1059 formam
2392 979 2486 1034 Dei
2510 980 2791 1045 amittens,
2823 982 2917 1034 sed
2966 980 3191 1036 formam
3235 983 3383 1036 servi

1804 1068 2091 1138 accipiens.
2130 1089 2149 1123 ι
2184 1070 2326 1127 Ecce
2355 1072 2519 1127 verba
2544 1073 2688 1128 beati
2716 1074 3034 1144 Augustini,
3080 1075 3145 1130 de
3190 1076 3387 1144 quibus

1802 1175 1900 1214 vos
1932 1162 2097 1218 vultis
2128 1164 2405 1220 affirmare
2455 1167 2624 1223 Deum
2672 1170 2908 1223 Verbum
2943 1168 3145 1225 Christi
3188 1184 3386 1224 nomen

1804 1250 1955 1317 prius
2002 1267 2109 1307 non
2141 1254 2398 1311 habuisse
2427 1272 2588 1327 quam
2620 1272 2748 1313 caro
2790 1256 2991 1313 factum
3035 1267 3139 1325 est,
3188 1275 3311 1314 cum
3357 1274 3389 1312 e

1803 1343 2079 1398 contrario
2100 1344 2502 1416 Augustinusin
2525 1349 2781 1418 praediola
2806 1349 3075 1404 sententia
3105 1350 3280 1404 dicat:
3305 1347 3386 1402 De

1802 1431 1915 1502 ipso
1936 1442 2109 1489 tamen
2131 1438 2412 1509 eodemque
2438 1437 2647 1493 Christo
2673 1440 2871 1494 dictum
2899 1450 2972 1494 est
2999 1458 3016 1495 :
3043 1438 3173 1495 Cum
3201 1442 3255 1495 in
3278 1440 3390 1509 for»

1804 1543 1890 1581 ma
1912 1527 2011 1581 Dei
2054 1540 2205 1584 esset.
2249 1531 2389 1587 Ecce
2434 1533 2604 1587 habes
2647 1532 2921 1588 Christum
2971 1534 3024 1589 in
3076 1533 3251 1608 forma
3290 1533 3388 1588 Dei

1801 1632 1941 1682 esse,
1971 1617 2168 1675 deinde
2193 1620 2424 1676 formam
2471 1622 2611 1677 servi
2638 1623 2912 1692 accepisse
2945 1641 2957 1677 :
2985 1639 3148 1693 quam
3194 1623 3385 1694 utique

1805 1717 2096 1778 antequam
2114 1711 2403 1782 acciperet,
2427 1712 2662 1768 nondum
2685 1724 2801 1769 erat
2828 1714 2970 1769 ﬁlius
2996 1715 3229 1770 hominis
3249 1756 3263 1781 ,
3290 1715 3387 1769 sed

109 1785 164 1864 in
190 1785 411 1866 Christo
435 1809 583 1866 Jesu.
612 1808 722 1864 Aut
742 1808 833 1863 ubi
856 1809 969 1863 ait:
995 1806 1322 1879 Deponentes
1346 1804 1700 1868 mendacium,
1732 1785 1779 1844 Β
1806 1798 2104 1867 EiliusDei,
2125 1811 2303 1859 tamen
2328 1803 2600 1862 Christus.
2634 1807 2837 1862 lterum
2851 1807 3182 1880 Augustinus
3211 1808 3344 1862 dicit
3370 1826 3385 1861 :

106 1901 389 1973 loquimini
434 1903 702 1957 veritatem
744 1900 1099 1971 unusquisque
1128 1914 1247 1952 cum
1294 1898 1534 1968 proximo
1585 1911 1704 1959 suo,

108 1994 291 2064 ipsum
334 1993 507 2049 Deum
534 1992 834 2063 intelligitis
876 1991 1186 2045 veritatem.
1238 1988 1305 2042 Et
1350 1986 1568 2050 iterum,
1614 1986 1705 2040 ubi

108 2085 381 2154 scriptum
404 2094 526 2140 est:
567 2082 682 2137 Rex
700 2083 789 2154 qui
811 2082 1016 2152 judicat
1057 2081 1113 2135 in
1168 2080 1383 2133 veritate
1429 2094 1704 2148 pauperes,

108 2176 338 2229 thronus
366 2174 480 2241 eius
508 2175 564 2228 in
586 2183 841 2228 teternum
861 2170 1181 2241 ﬁrmabitur.
1214 2168 1281 2222 Et
1318 2168 1515 2222 iterum
1545 2184 1561 2222 :
1604 2166 1707 2219 La-

110 2269 261 2322 bium
288 2267 520 2321 veritatis
545 2267 759 2335 firmum
796 2266 916 2319 erit.
944 2264 1010 2318 Et
1040 2278 1255 2318 rursum
1284 2279 1296 2314 :
1331 2260 1434 2327 Qui
1476 2261 1709 2331 loquitur

109 2360 389 2414 veritatem
416 2357 471 2410 in
515 2356 671 2410 corde
702 2372 819 2409 suo.
857 2352 916 2408 In
958 2353 1195 2408 Jeremia
1244 2366 1457 2421 quoque
1482 2368 1496 2405 :
1523 2348 1706 2404 Omnis

111 2448 322 2502 amicus
354 2444 721 2516 fraudulenter
740 2444 961 2510 incedet,
989 2452 1037 2498 et
1075 2443 1345 2496 veritatem
1398 2458 1503 2495 non
1531 2440 1709 2511 loque-

111 2548 225 2591 tur.
254 2538 322 2592 Et
345 2538 498 2594 Oscae
536 2555 549 2591 :
586 2537 710 2591 Non
745 2545 822 2591 est
854 2536 992 2590 enim
1018 2534 1232 2599 veritas,
1260 2544 1306 2588 et
1333 2549 1438 2586 non
1464 2541 1537 2586 est
1550 2532 1710 2602 justi-

110 2628 214 2693 tia,
258 2638 307 2682 et
334 2645 438 2682 non
457 2636 533 2682 est
562 2625 923 2681 misericordia
946 2625 1045 2679 Dei
1068 2626 1121 2678 in
1142 2633 1303 2679 terra.
1329 2624 1395 2679 Et
1420 2623 1475 2677 in
1498 2622 1709 2678 Zacha-

112 2719 201 2773 ria
243 2732 259 2771 :
294 2716 579 2771 Veritatem
623 2727 671 2771 et
701 2716 969 2787 judicium
1004 2717 1150 2786 pacis
1171 2714 1414 2786 judicate
1444 2715 1497 2767 in
1542 2713 1709 2783 portis

111 2811 324 2865 vestris.
353 2808 602 2878 Nunquid
632 2810 709 2864 sic
740 2807 968 2878 intelligi
1005 2808 1227 2877 poterit,
1276 2806 1433 2876 quasi
1480 2805 1708 2871 diceret,

113 2902 293 2955 Deum
336 2899 577 2969 iudicate
623 2899 677 2953 in
736 2898 911 2968 portis
952 2891 1199 2952 vestris?
1252 2896 1394 2952 Ecce
1433 2896 1602 2951 habes
1654 2895 1710 2950 in

115 2991 422 3061 Scripturis
464 2989 782 3058 frequenter
814 2987 920 3042 dici
946 2988 1256 3052 veritatem,
1300 3001 1407 3041 non
1436 3000 1537 3055 pro
1594 2985 1711 3055 ipso

115 3082 261 3147 Deo,
288 3082 383 3137 sed
408 3095 508 3150 pro
536 3080 626 3134 illa
661 3081 862 3134 virtute
899 3094 1018 3149 quae
1048 3078 1294 3149 opposita
1324 3086 1410 3132 est
1432 3077 1711 3147 injustitiae

114 3184 173 3229 et
197 3174 448 3229 falsitati.
485 3173 739 3227 Attamen
764 3185 871 3225 non
903 3171 1044 3225 sicut
1081 3184 1179 3224 vos
1225 3169 1407 3233 vultis,
1456 3178 1516 3223 ut
1570 3167 1714 3223 Deus

117 3266 242 3336 ipse
276 3266 476 3320 veritas
506 3280 616 3319 non
646 3264 749 3327 sit,
799 3261 895 3317 sed
927 3261 1111 3329 potius
1139 3268 1197 3315 ut
1237 3269 1293 3315 et
1328 3261 1471 3315 Deus
1511 3260 1714 3314 veritas

117 3362 214 3415 sit.

194 3447 337 3503 XVI.
385 3447 591 3503 Deinde
622 3460 751 3501 vero
792 3461 917 3501 cum
949 3453 1148 3500 vestris
1199 3444 1527 3515 syllogismis
1573 3443 1716 3498 afﬁr-

117 3554 277 3593 mare
316 3538 571 3602 nitimini,
599 3536 939 3592 Christianos
966 3551 1071 3591 non
1096 3534 1265 3590 fuisse
1288 3550 1479 3590 omnes
1499 3543 1717 3589 sanctos

116 3629 469 3700 patriarchas
497 3636 554 3682 et
590 3627 908 3698 pmphetas,
958 3639 1113 3697 reges
1166 3633 1221 3680 et
1270 3624 1613 3688 sacerdotes,
1662 3624 1716 3677 in

117 3718 312 3773 Veteri
345 3716 717 3780 Testamento,
747 3714 991 3769 dicentes
1042 3714 1200 3769 nobis
1234 3732 1247 3767 :
1286 3731 1304 3765 ο
1341 3713 1401 3768 Si
1435 3728 1529 3768 eos
1557 3712 1715 3768 Chri—

115 3810 335 3865 stianos
388 3806 650 3872 dicendo,
711 3820 806 3861 eos
835 3820 956 3860 esse
1006 3804 1284 3860 affirmare
1334 3804 1518 3869 vultis,
1576 3804 1716 3858 mul-

116 3908 239 3953 tum
272 3906 358 3953 est
384 3896 677 3952 absurdum
723 3905 785 3950 ut
825 3894 1119 3951 Christiani
1169 3903 1353 3950 essent
1398 3895 1714 3964 priusquam

116 3990 398 4046 Christus.
434 4008 454 4041 ι
494 3987 635 4042 Ecce
668 3987 866 4057 quibus
901 3986 1079 4041 verbis
1108 3986 1329 4055 negatis
1365 3995 1586 4040 sanctos
1622 3987 1718 4041 Ve-

116 4083 260 4137 teris
291 4072 627 4136 Testamenti
678 4078 1020 4133 Christianos
1051 4076 1239 4131 fuisse.
1268 4075 1377 4133 Sed
1426 4077 1596 4132 multo
1623 4092 1718 4147 pe-

109 4173 208 4243 jus
236 4172 455 4242 negatis
484 4170 573 4224 illo
602 4178 843 4239 tempore
865 4183 974 4222 non
998 4183 1118 4223 esse
1140 4166 1437 4223 Christum.
1465 4167 1712 4233 Credite,

118 4261 455 4318 venerabilis
483 4260 758 4330 magister,
787 4259 913 4328 quia
946 4259 991 4314 si
1016 4258 1293 4314 dixissetis
1330 4274 1346 4312 :
1386 4277 1405 4310 ι
1439 4256 1555 4313 Non
1575 4259 1717 4314 dice-

118 4356 329 4410 bantur
355 4350 672 4415 Christiani,
708 4369 726 4402 ι
747 4365 915 4420 parva
943 4349 1174 4404 forsitan
1188 4357 1335 4404 esset
1355 4348 1710 4419 blasphemia.

1816 1908 1833 1937 ε
1862 1888 2108 1946 Nondum
2135 1907 2266 1965 ergo
2287 1902 2408 1950 erat
2439 1895 2687 1951 Christus
2714 1898 2858 1968 quod
2886 1898 3054 1968 coepit
3079 1912 3220 1963 esse,
3261 1912 3388 1952 cum

1807 1983 2157 2052 semetipsum
2200 1986 2524 2041 exinanivit.
2561 2007 2579 2039 ι
2622 1986 2762 2043 Ecce
2791 1996 2846 2042 et
2896 1987 2985 2043 hic
3024 1986 3277 2042 Christus
3303 1986 3387 2041 di-

1807 2070 1967 2137 citur,
2009 2075 2101 2142 qui
2143 2076 2382 2130 nondum
2432 2086 2554 2132 erat
2582 2078 2685 2133 hoc
2731 2077 2875 2149 quod
2899 2094 3019 2133 esse
3050 2078 3234 2149 cmpit,
3265 2093 3391 2133 cum

1807 2163 2158 2232 semetipsum
2180 2166 2495 2232 exinanivit,
2530 2167 2583 2221 id
2605 2175 2689 2223 est
2714 2169 2896 2224 homo.
2924 2167 3056 2224 Nam
3087 2170 3216 2239 quid
3244 2168 3393 2223 aliud

1805 2265 1926 2306 esse
1953 2253 2137 2322 ccepit,
2171 2255 2274 2309 nisi
2319 2256 2499 2322 homo,
2544 2272 2666 2311 cum
2712 2257 2941 2313 formam
2973 2260 3115 2313 servi
3148 2260 3393 2329 accepit?

1807 2340 1968 2397 Certe
2015 2344 2348 2415 Augustinus
2379 2362 2487 2401 non
2534 2348 2652 2401 ait:
2688 2348 2809 2403 Non
2850 2359 2960 2403 erat
3007 2347 3247 2405 Christus
3301 2351 3395 2421 qui

1808 2447 1917 2485 esse
1930 2435 2113 2504 coepit,-
2138 2436 2256 2502 sed,
2288 2436 2412 2491 Non
2438 2448 2551 2492 erat
2571 2439 2712 2509 quod
2742 2456 2850 2493 esse
2864 2441 3029 2511 capit.

1879 2523 2064 2581 XVIII.
2118 2526 2255 2581 Nam
2293 2529 2337 2584 si
2367 2528 2617 2586 Christus
2656 2541 2781 2587 ante
2831 2532 3056 2588 Mariam
3089 2550 3196 2591 non
3249 2545 3393 2600 erat,

1806 2614 1939 2682 quid
1968 2623 2053 2669 est
2095 2617 2238 2685 quod
2264 2616 2552 2688 Apostolus
2575 2620 2653 2674 ait
2684 2638 2695 2673 :
2734 2619 2973 2676 Christus
3011 2623 3168 2678 Jesus
3199 2624 3314 2678 heri
3340 2635 3392 2679 et

1810 2704 1986 2770 hodie,
2017 2707 2126 2776 ipse
2152 2716 2198 2760 et
2220 2708 2274 2761 in
2305 2708 2501 2764 sa'cula
2532 2710 2742 2782 (Hebr.,
2768 2728 2890 2779 xm,
2921 2714 3017 2784 8)?
3058 2713 3117 2769 Si
3145 2714 3398 2771 Christus

1811 2810 1919 2851 non
1949 2805 2089 2862 erat,
2121 2804 2173 2852 et
2216 2799 2392 2853 sancti
2443 2800 2657 2855 Veteris
2701 2800 3036 2857 Testamenti
3087 2820 3194 2859 non
3238 2816 3400 2861 erant

1811 2886 2109 2943 Christiani
2136 2906 2150 2955 ;
2183 2905 2352 2960 quare
2391 2890 2588 2945 iterum
2610 2891 2903 2961 Apostolus
2930 2894 3060 2949 dicit
3090 2913 3102 2948 :
3138 2894 3399 2950 Memores

1813 2991 1973 3037 estote
1992 2983 2131 3054 quod
2153 2984 2440 3054 aliquando
2462 3001 2550 3039 vos
2564 2996 2737 3055 gentes
2760 2987 2815 3040 in
2839 3000 3027 3052 carne,’
3049 2987 3137 3056 qui
3156 2988 3400 3041 dicimini

1815 3076 2159 3145 pra’putium,
2192 3076 2256 3130 ab
2279 3094 2339 3129 ea
2379 3093 2497 3147 qua:
2546 3077 2743 3131 dicitur
2770 3080 3095 3133 circumcisio
3125 3079 3178 3133 in
3204 3096 3361 3132 carne
3380 3119 3395 3142 ,

1818 3183 1978 3222 manu
2031 3167 2209 3237 facta;
2239 3170 2362 3239 quia
2393 3171 2553 3223 eratis
2604 3168 2693 3222 illo
2726 3180 2951 3240 tempore
3004 3172 3115 3224 sine
3163 3167 3395 3232 Christo,

1816 3255 2033 3311 alienati
2049 3259 2488 3312 aconversatione
2514 3258 2704 3323 Israel,
2736 3268 2783 3313 et
2813 3261 3037 3330 hospites
3061 3268 3397 3313 testamento-

1817 3362 1956 3409 rum,
1989 3347 2350 3415 promissionis
2395 3364 2537 3417 spent
2575 3364 2679 3401 non
2705 3348 2971 3414 habentes,
2995 3358 3042 3403 et
3072 3349 3185 3403 sine
3205 3348 3315 3402 Deo
3340 3350 3397 3401 in

1815 3439 2012 3492 mundo
2051 3439 2269 3510 (Ep/tes.
2318 3458 2378 3505 tt,
2431 3442 2520 3507 il,
2567 3442 2675 3515 l2).
2721 3442 2859 3498 Ecce
2908 3442 3195 3514 Apostolus
3240 3446 3400 3499 docet

1818 3530 2143 3599 gentessine
2169 3530 2389 3586 Christo
2419 3531 2586 3588 fuisse
2611 3533 2700 3587 illo
2734 3543 2998 3604 tempore,
3031 3535 3246 3604 quando
3273 3549 3400 3603 pro-

1818 3620 2093 3676 missionis
2130 3637 2280 3691 spem
2314 3623 2547 3678 habebat
2582 3623 2766 3679 Israel.
2801 3626 2866 3679 Et
2890 3626 3017 3695 quid
3043 3635 3128 3680 est
3173 3626 3397 3681 dicere:

1816 3706 2000 3762 Eratis
2024 3710 2135 3763 sine
2165 3710 2397 3777 Christo,
2437 3712 2655 3767 alienati
2705 3732 2736 3767 a
2767 3717 3158 3769 conversatione
3202 3715 3397 3779 Israel,

1816 3798 1925 3852 nisi
1976 3798 2193 3868 oblique
2218 3802 2622 3869 demonstrare,
2659 3821 2763 3859 non
2809 3806 2976 3861 fuisse
3015 3807 3134 3861 sine
3178 3806 3400 3862 Christo

1814 3887 1980 3943 Israel
2007 3899 2250 3961 tempore
2284 3895 2698 3962 promissionis?
2729 3896 2785 3952 Si
2825 3897 3072 3953 Christus
3104 3915 3210 3954 non
3247 3910 3396 3964 erat,

1818 3994 1992 4048 neque
2013 3980 2339 4049 Christiani;
2365 4000 2464 4039 cur
2507 3986 2649 4040 idem
2679 3987 2967 4056 Apostolus
3003 3990 3069 4044 de
3094 3989 3275 4061 Moyse
3324 3992 3405 4045 di-

1819 4069 1894 4122 cit
1927 4088 1939 4121 :
1975 4068 2201 4141 Negavit
2245 4090 2300 4127 se
2344 4090 2453 4129 esse
2488 4075 2659 4144 filium
2706 4077 2833 4146 ﬁlia:
2873 4077 3191 4146 Pharaonis,
3231 4084 3400 4152 magis

1819 4159 2012 4230 et'igens
2041 4163 2199 4233 aﬂligi
2234 4180 2351 4217 cum
2376 4165 2566 4234 populo
2599 4166 2718 4231 Dei,
2741 4185 2895 4237 quam
2923 4171 3225 4240 temporalis
3274 4189 3399 4242 pec-

1820 4254 1925 4305 cati
1955 4253 2144 4308 habere
2174 4255 2593 4324 jocunditatem;
2624 4259 2850 4329 majores
2878 4261 3086 4316 divitias
3132 4266 3399 4322 a‘stimans

1819 4344 2064 4398 thesauro
2102 4345 2496 4417 ligyptiorum,
2528 4349 2900 4420 improperium
2929 4351 3144 4408 Christi.
3175 4357 3403 4427 Aspicie-

118 4445 263 4499 Cum
312 4450 495 4496 autem
544 4440 743 4504 dicitis,
801 4438 926 4493 Non
972 4448 1122 4492 erant
1160 4438 1471 4504 Christiani,
1516 4439 1794 4533 iujusteD
1821 4434 1908 4488 bat
1932 4436 2069 4488 enim
2115 4438 2171 4489 in
2222 4440 2695 4493 remunerationem
2728 4440 2913 4510 (Hebr.
2940 4460 3019 4510 ιι,
3065 4446 3157 4511 2i,
3188 4448 3299 4519 25').
3341 4448 3401 4505 Si

121 4544 338 4591 tantam
383 4532 785 4589 multitudinem
831 4538 1146 4586 sanctorum
1182 4531 1593 4600 hlasphematis.
1632 4530 1718 4586 Si-

119 4625 239 4680 mili
261 4624 431 4679 etiam
456 4622 617 4677 modo
640 4622 685 4677 si
712 4621 780 4676 de
802 4620 1032 4676 Domino
1048 4618 1175 4675 Jesu
1198 4619 1417 4675 Christo
1442 4621 1714 4686 diceretis,

126 4737 143 4767 ι
183 4716 434 4771 Necdum
459 4716 528 4769 ab
544 4712 799 4768 omnibus
826 4710 1077 4766 ﬁdelibus
1101 4709 1387 4767 manifeste
1425 4713 1721 4771 vocabatur

121 4796 406 4871 Christus,
439 4824 459 4859 ι
486 4802 944 4860 tolerabileesset.
963 4800 1033 4856 At
1058 4818 1182 4857 cum
1216 4803 1420 4868 dicitis,
1453 4801 1575 4857 Non
1606 4813 1717 4858 erat

121 4896 394 4961 Christus,
426 4904 538 4951 tam
572 4893 794 4967 grandis
819 4893 1173 4963 blasphemi-.1:
1207 4903 1309 4959 est,
1343 4903 1402 4949 ut
1426 4910 1532 4951 non
1580 4894 1719 4949 mul—

120 4996 238 5043 tum
276 4987 443 5042 distet
472 4986 541 5041 ab
573 4985 663 5041 illa
684 4984 836 5039 Pauli
865 4982 1209 5040 Samosateni
1235 4986 1643 5055 prmdicatione.

191 5073 365 5132 XVII.
394 5074 602 5129 Deinde
648 5071 996 5144 subjungitis,
1037 5074 1193 5143 quasi
1230 5075 1585 5129 exhortantes
1622 5091 1719 5130 nos

124 5187 186 5227 ac
207 5171 491 5225 dicentes:
515 5185 533 5217 ι
569 5165 678 5221 Sed
705 5167 978 5235 quomodo
989 5167 1229 5221 nondum
1247 5175 1369 5222 erat
1388 5166 1673 5223 Christus?
1696 5188 1713 5221 ι

122 5260 338 5332 Legitis
357 5259 556 5313 librum
585 5256 883 5328 supradicti
917 5257 1063 5312 beati
1093 5256 1272 5312 Patris
1294 5256 1605 5328 Augustini,
1635 5274 1723 5313 ca-

123 5354 308 5427 pitulo
332 5351 385 5417 6,
426 5359 483 5406 et
527 5349 730 5421 ponitis
776 5347 957 5420 ipsum
985 5347 1303 5419 capitulum,
1336 5347 1506 5402 multo
1552 5347 1720 5402 alium

124 5456 356 5500 sensum
382 5440 757 5495 continentem
792 5453 955 5508 quam
988 5453 1087 5492 vos
1110 5438 1343 5492 sentitis.
1372 5436 1429 5492 In
1448 5437 1540 5492 illo
1574 5439 1719 5493 enim

127 5532 375 5608 capitulo
402 5532 665 5601 scriptum
688 5538 801 5586 est:
833 5549 852 5582 ε
874 5528 1009 5585 Cum
1036 5545 1166 5601 ergo
1194 5530 1396 5586 Christi
1427 5545 1624 5586 nomen
1654 5547 1720 5586 ex

128 5626 297 5683 eoilli
330 5626 403 5680 sit
433 5622 578 5694 quod
626 5623 885 5693 scriptum
927 5630 1032 5688 est,
1084 5621 1249 5677 Una‘it
1279 5633 1328 5677 te
1369 5622 1529 5688 Deus,
1578 5622 1721 5678 Dens

134 5729 251 5771 titus
282 5716 400 5771 oleo
430 5711 793 5769 exsultationis
817 5730 926 5784 prae
954 5715 1295 5784 participibus
1320 5715 1441 5768 tuis.
1472 5714 1623 5770 Unde
1652 5718 1717 5770 ad

501 5825 775 5885 Ρηιωι..
823 5823 983 5888 CIV.

1820 4528 1921 4581 sub
1947 4526 2062 4597 lege
2092 4528 2253 4597 positi
2279 4528 2553 4584 Christum
2604 4540 2658 4586 et
2694 4532 2820 4589 boni
2859 4550 2964 4590 non
2997 4538 3299 4603 coluerunt,
3344 4549 3401 4595 et

1817 4616 1943 4670 mali
1974 4632 2082 4671 non
2137 4625 2516 4685 tentaverunt,
2556 4636 2655 4675 cur
2701 4623 2899 4678 iterum
2943 4626 3077 4681 dicit
3112 4629 3180 4683 de
3217 4630 3398 4686 colen-

1822 4709 1965 4763 tibus
2009 4725 2132 4764 eum
2161 4728 2172 4763 :
2200 4709 2453 4765 Bibebant
2478 4714 2541 4767 de
2568 4715 2798 4784 spiritali
2838 4722 3171 4790 consequenti
3194 4738 3281 4776 eos
3312 4741 3403 4793 pc-

1820 4810 1923 4853 tra.
1964 4797 2121 4854 Petra
2141 4811 2313 4855 autem
2339 4813 2451 4856 erat
2483 4802 2742 4859 Christus.
2766 4806 2842 4861 De
2861 4811 3195 4864 tentantthus
3221 4826 3350 4867 vero
3383 4828 3396 4866 :

1824 4889 2006 4963 Neque
2026 4901 2279 4946 tentemus
2302 4891 2593 4959 Christum,
2630 4897 2762 4950 sicut
2805 4898 3019 4968 quidam
3049 4916 3230 4956 eorum
3280 4912 3397 4958 ten-

1822 4990 2078 5047 taverunt,
2105 4992 2155 5036 et
2180 5000 2212 5036 a
2238 4984 2559 5053 serpentibus
2582 4985 2865 5057 perierunt.
2897 4987 3032 5043 Nam
3061 4998 3119 5045 ut
3140 4994 3402 5049 noveritis

1821 5072 1923 5125 sub
1970 5071 2087 5141 lege
2135 5086 2243 5126 non
2290 5073 2463 5127 solum
2505 5073 2863 5139 Christianos.
2916 5082 3011 5135 sed
3057 5082 3218 5137 etiam
3258 5084 3397 5139 ﬁlios

1822 5162 2025 5219 Christi
2074 5163 2259 5231 fuisse,
2300 5167 2481 5221 audite
2533 5168 2729 5223 iterum
2774 5170 3126 5238 Apostolum:
3174 5175 3401 5231 Decehat

1820 5255 1978 5317 enim,
2008 5254 2204 5323 inquit,
2233 5272 2351 5309 eum
2389 5265 2599 5326 propter
2616 5274 2768 5328 quem
2801 5261 3000 5327 omnia,
3044 5272 3094 5317 et
3115 5281 3208 5334 per
3245 5282 3398 5335 quem

1823 5347 2021 5411 omnia,
2040 5347 2131 5417 qui
2158 5348 2349 5403 multos
2368 5347 2507 5415 ﬁlios
2532 5348 2586 5402 in
2613 5348 2837 5419 gloriam
2863 5350 3181 5418 adduxerat,
3206 5364 3397 5408 aucto-

1825 5455 1930 5491 rem
1963 5437 2149 5492 salutis
2194 5456 2374 5493 eorum
2398 5456 2491 5510 per
2510 5440 2779 5509 passiones
2826 5449 3203 5497 consummari.
3241 5444 3398 5500 Anna

1824 5540 1998 5586 mater
2028 5529 2295 5585 Samuelis
2321 5545 2484 5585 orans
2510 5531 2564 5585 in
2594 5531 2793 5601 templo
2821 5531 2949 5587 dicit
2980 5548 2994 5586 :
3027 5532 3284 5589 Dominus
3298 5535 3399 5605 ju-

1824 5624 2014 5677 dicabit
2043 5623 2172 5693 lines
2196 5632 2367 5688 terrae,
2392 5632 2441 5677 et
2462 5624 2609 5677 dabit
2640 5625 2915 5695 imperium
2949 5628 3056 5696 regi
3090 5644 3206 5692 suo,
3239 5638 3285 5682 et
3310 5644 3400 5681 su-

1826 5714 2059 5767 blimaliit
2082 5730 2245 5767 cornu
2277 5710 2472 5766 Christi
2500 5713 2601 5767 sui.
2637 5713 2702 5766 Et
2732 5714 2835 5769 hoc
2862 5722 2917 5768 et
2944 5717 2996 5769 in
3024 5716 3116 5771 illo
3154 5725 3400 5787 tempore

3006 5830 3046 5893 G
