  <div class='ocr_page' id='page_1' title='image "/cluster/home/n/w/nwhite01/storage/ocr_20150623/104/uva.x000827061/093.png"; bbox 0 0 3918 6320; ppageno 0'>
   <div class='ocr_carea' id='block_1_1' title="bbox 495 281 597 336">
    <p class='ocr_par' dir='ltr' id='par_1_1' title="bbox 495 281 597 336">
     <span class='ocr_line' id='line_1_1' title="bbox 495 281 597 336; baseline 0 -1"><span class='ocrx_word' id='word_1_1' title='bbox 495 281 597 336; x_wconf 72' lang='grc'><strong>471</strong></span> 
     </span>
    </p>
   </div>
   <div class='ocr_carea' id='block_1_2' title="bbox 1470 283 2802 347">
    <p class='ocr_par' dir='ltr' id='par_1_2' title="bbox 1470 283 2802 347">
     <span class='ocr_line' id='line_1_2' title="bbox 1470 283 2802 347; baseline 0.002 -4"><span class='ocrx_word' id='word_1_2' title='bbox 1470 286 1526 343; x_wconf 88' lang='lat' dir='ltr'><strong>S.</strong></span> <span class='ocrx_word' id='word_1_3' title='bbox 1571 285 1922 345; x_wconf 77' lang='lat' dir='ltr'><strong>AGOBARDI</strong></span> <span class='ocrx_word' id='word_1_4' title='bbox 1961 283 2270 342; x_wconf 79' lang='lat' dir='ltr'><strong>EPISCOPI</strong></span> <span class='ocrx_word' id='word_1_5' title='bbox 2309 285 2802 347; x_wconf 84' lang='lat' dir='ltr'><strong>LUGDUNENSlS</strong></span> 
     </span>
    </p>
   </div>
   <div class='ocr_carea' id='block_1_3' title="bbox 3671 286 3793 348">
    <p class='ocr_par' dir='ltr' id='par_1_3' title="bbox 3671 286 3793 348">
     <span class='ocr_line' id='line_1_3' title="bbox 3671 286 3793 348; baseline 0.016 -9"><span class='ocrx_word' id='word_1_6' title='bbox 3671 286 3793 348; x_wconf 72' lang='grc' dir='ltr'><strong>,1ἷέ</strong></span> 
     </span>
    </p>
   </div>
   <div class='ocr_carea' id='block_1_4' title="bbox 498 393 3794 475">
    <p class='ocr_par' dir='ltr' id='par_1_4' title="bbox 498 393 3794 475">
     <span class='ocr_line' id='line_1_4' title="bbox 498 393 3794 475; baseline 0.003 -27"><span class='ocrx_word' id='word_1_7' title='bbox 498 408 608 464; x_wconf 85' lang='lat' dir='ltr'><strong>quo</strong></span> <span class='ocrx_word' id='word_1_8' title='bbox 634 393 862 449; x_wconf 79' lang='lat' dir='ltr'><strong>necdum</strong></span> <span class='ocrx_word' id='word_1_9' title='bbox 894 403 1013 450; x_wconf 86' lang='lat' dir='ltr'><strong>erat</strong></span> <span class='ocrx_word' id='word_1_10' title='bbox 1044 414 1136 453; x_wconf 80' lang='lat' dir='ltr'><strong>rex</strong></span> <span class='ocrx_word' id='word_1_11' title='bbox 1165 399 1217 453; x_wconf 91' lang='lat' dir='ltr'><strong>in</strong></span> <span class='ocrx_word' id='word_1_12' title='bbox 1246 399 1436 466; x_wconf 87' lang='lat' dir='ltr'><strong>Israel,</strong></span> <span class='ocrx_word' id='word_1_13' title='bbox 1482 411 1538 456; x_wconf 86' lang='lat' dir='ltr'><strong>et</strong></span> <span class='ocrx_word' id='word_1_14' title='bbox 1589 411 1887 472; x_wconf 75' lang='lat' dir='ltr'><strong>antequam</strong></span> <span class='ocrx_word' id='word_1_15' title='bbox 1932 416 2097 471; x_wconf 86' lang='lat' dir='ltr'><strong>unge-</strong></span> <span class='ocrx_word' id='word_1_16' title='bbox 2123 405 2173 464; x_wconf 87' lang='grc' dir='ltr'><strong>Α</strong></span> <span class='ocrx_word' id='word_1_17' title='bbox 2199 402 2485 461; x_wconf 78' lang='lat' dir='ltr'><strong>destinatis</strong></span> <span class='ocrx_word' id='word_1_18' title='bbox 2507 405 2720 462; x_wconf 89' lang='lat' dir='ltr'><strong>ﬁerent.</strong></span> <span class='ocrx_word' id='word_1_19' title='bbox 2753 405 2908 461; x_wconf 85' lang='lat' dir='ltr'><strong>Unde</strong></span> <span class='ocrx_word' id='word_1_20' title='bbox 2956 413 3011 460; x_wconf 90' lang='lat' dir='ltr'><strong>et</strong></span> <span class='ocrx_word' id='word_1_21' title='bbox 3053 405 3365 475; x_wconf 76' lang='lat' dir='ltr'><strong>Apostolus,</strong></span> <span class='ocrx_word' id='word_1_22' title='bbox 3403 420 3529 461; x_wconf 92' lang='lat' dir='ltr'><strong>cum</strong></span> <span class='ocrx_word' id='word_1_23' title='bbox 3573 419 3794 458; x_wconf 86' lang='lat' dir='ltr'><strong>enume-</strong></span> 
     </span>
    </p>
   </div>
   <div class='ocr_carea' id='block_1_5' title="bbox 497 485 2098 564">
    <p class='ocr_par' dir='ltr' id='par_1_5' title="bbox 497 485 2098 564">
     <span class='ocr_line' id='line_1_5' title="bbox 497 485 2098 564; baseline 0.006 -25"><span class='ocrx_word' id='word_1_24' title='bbox 497 494 650 540; x_wconf 89' lang='lat' dir='ltr'><strong>retnr</strong></span> <span class='ocrx_word' id='word_1_25' title='bbox 675 485 759 542; x_wconf 89' lang='lat' dir='ltr'><strong>vel</strong></span> <span class='ocrx_word' id='word_1_26' title='bbox 789 486 956 544; x_wconf 86' lang='lat' dir='ltr'><strong>etiam</strong></span> <span class='ocrx_word' id='word_1_27' title='bbox 983 500 1303 546; x_wconf 88' lang='lat' dir='ltr'><strong>nasceretur</strong></span> <span class='ocrx_word' id='word_1_28' title='bbox 1333 490 1486 559; x_wconf 91' lang='lat' dir='ltr'><strong>Saul,</strong></span> <span class='ocrx_word' id='word_1_29' title='bbox 1520 509 1683 563; x_wconf 84' lang='lat' dir='ltr'><strong>quem</strong></span> <span class='ocrx_word' id='word_1_30' title='bbox 1717 493 1940 564; x_wconf 87' lang='lat' dir='ltr'><strong>dignum</strong></span> <span class='ocrx_word' id='word_1_31' title='bbox 1984 492 2098 548; x_wconf 89' lang='lat' dir='ltr'><strong>ele-</strong></span> 
     </span>
    </p>
   </div>
   <div class='ocr_carea' id='block_1_6' title="bbox 495 575 2095 655">
    <p class='ocr_par' dir='ltr' id='par_1_6' title="bbox 495 575 2095 655">
     <span class='ocr_line' id='line_1_6' title="bbox 495 575 2095 655; baseline 0.006 -24"><span class='ocrx_word' id='word_1_32' title='bbox 495 575 653 645; x_wconf 75' lang='lat' dir='ltr'><strong>gistis</strong></span> <span class='ocrx_word' id='word_1_33' title='bbox 678 575 745 630; x_wconf 87' lang='lat' dir='ltr'><strong>ad</strong></span> <span class='ocrx_word' id='word_1_34' title='bbox 779 578 1053 648; x_wconf 86' lang='lat' dir='ltr'><strong>negandos</strong></span> <span class='ocrx_word' id='word_1_35' title='bbox 1078 578 1442 639; x_wconf 89' lang='lat' dir='ltr'><strong>Christianos.</strong></span> <span class='ocrx_word' id='word_1_36' title='bbox 1488 585 1564 640; x_wconf 91' lang='lat' dir='ltr'><strong>De</strong></span> <span class='ocrx_word' id='word_1_37' title='bbox 1606 585 1779 640; x_wconf 84' lang='lat' dir='ltr'><strong>David</strong></span> <span class='ocrx_word' id='word_1_38' title='bbox 1829 585 2095 655; x_wconf 88' lang='lat' dir='ltr'><strong>scriptum</strong></span> 
     </span>
    </p>
   </div>
   <div class='ocr_carea' id='block_1_7' title="bbox 495 666 2098 735">
    <p class='ocr_par' dir='ltr' id='par_1_7' title="bbox 495 666 2098 735">
     <span class='ocr_line' id='line_1_7' title="bbox 495 666 2098 735; baseline 0.007 -15"><span class='ocrx_word' id='word_1_39' title='bbox 495 675 580 722; x_wconf 88' lang='lat' dir='ltr'><strong>est</strong></span> <span class='ocrx_word' id='word_1_40' title='bbox 613 685 625 721; x_wconf 90' lang='lat'>:</span> <span class='ocrx_word' id='word_1_41' title='bbox 658 666 806 722; x_wconf 63' lang='lat' dir='ltr'><strong>Dixit</strong></span> <span class='ocrx_word' id='word_1_42' title='bbox 835 669 932 735; x_wconf 83' lang='lat' dir='ltr'><strong>vir,</strong></span> <span class='ocrx_word' id='word_1_43' title='bbox 961 671 1048 724; x_wconf 90' lang='lat' dir='ltr'><strong>cui</strong></span> <span class='ocrx_word' id='word_1_44' title='bbox 1079 674 1419 728; x_wconf 87' lang='lat' dir='ltr'><strong>constitutum</strong></span> <span class='ocrx_word' id='word_1_45' title='bbox 1442 685 1517 729; x_wconf 89' lang='lat' dir='ltr'><strong>est</strong></span> <span class='ocrx_word' id='word_1_46' title='bbox 1543 675 1610 731; x_wconf 86' lang='lat' dir='ltr'><strong>de</strong></span> <span class='ocrx_word' id='word_1_47' title='bbox 1634 673 1847 731; x_wconf 77' lang='lat' dir='ltr'><strong>Christo</strong></span> <span class='ocrx_word' id='word_1_48' title='bbox 1879 677 1978 730; x_wconf 85' lang='lat' dir='ltr'><strong>Dei</strong></span> <span class='ocrx_word' id='word_1_49' title='bbox 1998 678 2098 732; x_wconf 84' lang='lat' dir='ltr'><strong>Ja-</strong></span> 
     </span>
    </p>
   </div>
   <div class='ocr_carea' id='block_1_8' title="bbox 495 762 2096 839">
    <p class='ocr_par' dir='ltr' id='par_1_8' title="bbox 495 762 2096 839">
     <span class='ocr_line' id='line_1_8' title="bbox 495 762 2096 839; baseline 0.006 -24"><span class='ocrx_word' id='word_1_50' title='bbox 495 763 610 829; x_wconf 88' lang='lat' dir='ltr'><strong>cob,</strong></span> <span class='ocrx_word' id='word_1_51' title='bbox 643 762 880 835; x_wconf 87' lang='lat' dir='ltr'><strong>egregius</strong></span> <span class='ocrx_word' id='word_1_52' title='bbox 911 763 1188 836; x_wconf 89' lang='lat' dir='ltr'><strong>psalmista</strong></span> <span class='ocrx_word' id='word_1_53' title='bbox 1227 766 1422 823; x_wconf 78' lang='lat' dir='ltr'><strong>Israel.</strong></span> <span class='ocrx_word' id='word_1_54' title='bbox 1452 768 1572 839; x_wconf 81' lang='lat' dir='ltr'><strong>Ipse</strong></span> <span class='ocrx_word' id='word_1_55' title='bbox 1600 769 1773 824; x_wconf 82' lang='lat' dir='ltr'><strong>David</strong></span> <span class='ocrx_word' id='word_1_56' title='bbox 1817 770 1894 824; x_wconf 91' lang='lat' dir='ltr'><strong>ait</strong></span> <span class='ocrx_word' id='word_1_57' title='bbox 1921 788 1933 823; x_wconf 89' lang='lat'><strong>:</strong></span> <span class='ocrx_word' id='word_1_58' title='bbox 1976 769 2096 824; x_wconf 71' lang='lat' dir='ltr'><strong>Ma-</strong></span> 
     </span>
    </p>
   </div>
   <div class='ocr_carea' id='block_1_9' title="bbox 494 850 2093 930">
    <p class='ocr_par' dir='ltr' id='par_1_9' title="bbox 494 850 2093 930">
     <span class='ocr_line' id='line_1_9' title="bbox 494 850 2093 930; baseline 0.008 -26"><span class='ocrx_word' id='word_1_59' title='bbox 494 850 754 921; x_wconf 81' lang='lat' dir='ltr'><strong>gniﬁcans</strong></span> <span class='ocrx_word' id='word_1_60' title='bbox 786 851 984 909; x_wconf 76' lang='lat' dir='ltr'><strong>salutes</strong></span> <span class='ocrx_word' id='word_1_61' title='bbox 1012 865 1150 927; x_wconf 79' lang='lat' dir='ltr'><strong>regis</strong></span> <span class='ocrx_word' id='word_1_62' title='bbox 1185 874 1320 928; x_wconf 66' lang='lat' dir='ltr'><strong>ejus,</strong></span> <span class='ocrx_word' id='word_1_63' title='bbox 1348 867 1398 913; x_wconf 89' lang='lat' dir='ltr'><strong>et</strong></span> <span class='ocrx_word' id='word_1_64' title='bbox 1436 859 1639 930; x_wconf 80' lang='lat' dir='ltr'><strong>faciens</strong></span> <span class='ocrx_word' id='word_1_65' title='bbox 1675 861 2093 916; x_wconf 83' lang='lat' dir='ltr'><strong>misericordiam</strong></span> 
     </span>
    </p>
   </div>
   <div class='ocr_carea' id='block_1_10' title="bbox 493 941 2094 1024">
    <p class='ocr_par' dir='ltr' id='par_1_10' title="bbox 493 941 2094 1024">
     <span class='ocr_line' id='line_1_10' title="bbox 493 941 2094 1024; baseline 0.007 -29"><span class='ocrx_word' id='word_1_66' title='bbox 493 941 702 998; x_wconf 85' lang='lat' dir='ltr'><strong>Christo</strong></span> <span class='ocrx_word' id='word_1_67' title='bbox 725 961 844 999; x_wconf 91' lang='lat' dir='ltr'><strong>suo.</strong></span> <span class='ocrx_word' id='word_1_68' title='bbox 875 945 1048 1001; x_wconf 85' lang='lat' dir='ltr'><strong>Eman</strong></span> <span class='ocrx_word' id='word_1_69' title='bbox 1082 963 1300 1019; x_wconf 89' lang='lat' dir='ltr'><strong>quoque</strong></span> <span class='ocrx_word' id='word_1_70' title='bbox 1325 951 1402 1004; x_wconf 90' lang='lat' dir='ltr'><strong>ait</strong></span> <span class='ocrx_word' id='word_1_71' title='bbox 1431 968 1444 1005; x_wconf 90' lang='lat'><strong>:</strong></span> <span class='ocrx_word' id='word_1_72' title='bbox 1489 950 1568 1005; x_wconf 85' lang='lat' dir='ltr'><strong>Tu</strong></span> <span class='ocrx_word' id='word_1_73' title='bbox 1608 968 1730 1006; x_wconf 82' lang='lat' dir='ltr'><strong>vero</strong></span> <span class='ocrx_word' id='word_1_74' title='bbox 1761 945 1999 1024; x_wconf 78' lang='lat' dir='ltr'><strong>repulisti</strong></span> <span class='ocrx_word' id='word_1_75' title='bbox 2043 961 2094 1007; x_wconf 86' lang='lat' dir='ltr'><strong>et</strong></span> 
     </span>
    </p>
   </div>
   <div class='ocr_carea' id='block_1_11' title="bbox 491 1031 2087 1102">
    <p class='ocr_par' dir='ltr' id='par_1_11' title="bbox 491 1031 2087 1102">
     <span class='ocr_line' id='line_1_11' title="bbox 491 1031 2087 1102; baseline 0.008 -18"><span class='ocrx_word' id='word_1_76' title='bbox 491 1031 798 1102; x_wconf 69' lang='lat' dir='ltr'><strong>tlespea‘isti,</strong></span> <span class='ocrx_word' id='word_1_77' title='bbox 829 1035 1086 1091; x_wconf 90' lang='lat' dir='ltr'><strong>distulisti</strong></span> <span class='ocrx_word' id='word_1_78' title='bbox 1109 1036 1381 1093; x_wconf 76' lang='lat' dir='ltr'><strong>Christum</strong></span> <span class='ocrx_word' id='word_1_79' title='bbox 1406 1049 1580 1094; x_wconf 88' lang='lat' dir='ltr'><strong>tuum.</strong></span> <span class='ocrx_word' id='word_1_80' title='bbox 1611 1040 1869 1097; x_wconf 85' lang='lat' dir='ltr'><strong>Habacuc</strong></span> <span class='ocrx_word' id='word_1_81' title='bbox 1914 1042 2047 1097; x_wconf 90' lang='lat' dir='ltr'><strong>dicit</strong></span> <span class='ocrx_word' id='word_1_82' title='bbox 2074 1061 2087 1097; x_wconf 88' lang='lat'><strong>:</strong></span> 
     </span>
    </p>
   </div>
   <div class='ocr_carea' id='block_1_12' title="bbox 464 1121 2091 1200">
    <p class='ocr_par' dir='ltr' id='par_1_12' title="bbox 464 1121 2091 1200">
     <span class='ocr_line' id='line_1_12' title="bbox 464 1121 2091 1200; baseline 0.007 -25"><span class='ocrx_word' id='word_1_83' title='bbox 464 1165 468 1168; x_wconf 50' lang='grc' dir='ltr'><strong>η</strong></span> <span class='ocrx_word' id='word_1_84' title='bbox 491 1121 754 1193; x_wconf 70' lang='lat' dir='ltr'><strong>Egressus</strong></span> <span class='ocrx_word' id='word_1_85' title='bbox 782 1142 834 1180; x_wconf 88' lang='lat' dir='ltr'><strong>es</strong></span> <span class='ocrx_word' id='word_1_86' title='bbox 862 1128 918 1180; x_wconf 85' lang='lat' dir='ltr'><strong>in</strong></span> <span class='ocrx_word' id='word_1_87' title='bbox 940 1133 1113 1182; x_wconf 85' lang='lat' dir='ltr'><strong>salute</strong></span> <span class='ocrx_word' id='word_1_88' title='bbox 1137 1130 1319 1200; x_wconf 80' lang='lat' dir='ltr'><strong><em>populi</em></strong></span> <span class='ocrx_word' id='word_1_89' title='bbox 1341 1132 1437 1196; x_wconf 90' lang='lat' dir='ltr'><strong>tui,</strong></span> <span class='ocrx_word' id='word_1_90' title='bbox 1465 1133 1520 1185; x_wconf 90' lang='lat' dir='ltr'><strong>in</strong></span> <span class='ocrx_word' id='word_1_91' title='bbox 1547 1130 1720 1186; x_wconf 89' lang='lat' dir='ltr'><strong>salute</strong></span> <span class='ocrx_word' id='word_1_92' title='bbox 1739 1150 1857 1186; x_wconf 89' lang='lat' dir='ltr'><strong>cum</strong></span> <span class='ocrx_word' id='word_1_93' title='bbox 1881 1133 2091 1188; x_wconf 89' lang='lat' dir='ltr'><strong>Christo</strong></span> 
     </span>
    </p>
   </div>
   <div class='ocr_carea' id='block_1_13' title="bbox 482 1211 2090 1293">
    <p class='ocr_par' dir='ltr' id='par_1_13' title="bbox 482 1211 2090 1293">
     <span class='ocr_line' id='line_1_13' title="bbox 482 1211 2090 1293; baseline 0.009 -28"><span class='ocrx_word' id='word_1_94' title='bbox 482 1221 601 1268; x_wconf 83' lang='lat' dir='ltr'><strong>tuo.</strong></span> <span class='ocrx_word' id='word_1_95' title='bbox 631 1213 899 1272; x_wconf 76' lang='lat' dir='ltr'><strong>Jereinias</strong></span> <span class='ocrx_word' id='word_1_96' title='bbox 929 1211 1178 1288; x_wconf 86' lang='lat' dir='ltr'><strong>deplorat</strong></span> <span class='ocrx_word' id='word_1_97' title='bbox 1227 1221 1414 1277; x_wconf 89' lang='lat' dir='ltr'><strong>dicens</strong></span> <span class='ocrx_word' id='word_1_98' title='bbox 1448 1240 1461 1275; x_wconf 90' lang='lat'>:</span> <span class='ocrx_word' id='word_1_99' title='bbox 1495 1222 1734 1293; x_wconf 85' lang='lat' dir='ltr'><strong>Spiritus</strong></span> <span class='ocrx_word' id='word_1_100' title='bbox 1759 1225 1868 1278; x_wconf 89' lang='lat' dir='ltr'><strong>oris</strong></span> <span class='ocrx_word' id='word_1_101' title='bbox 1923 1225 2090 1279; x_wconf 78' lang='lat' dir='ltr'><strong>nostri</strong></span> 
     </span>
    </p>
   </div>
   <div class='ocr_carea' id='block_1_14' title="bbox 481 1303 1915 1384">
    <p class='ocr_par' dir='ltr' id='par_1_14' title="bbox 481 1303 1915 1384">
     <span class='ocr_line' id='line_1_14' title="bbox 481 1303 1915 1384; baseline 0.006 -24"><span class='ocrx_word' id='word_1_102' title='bbox 481 1303 730 1362; x_wconf 77' lang='lat' dir='ltr'><strong>Christus</strong></span> <span class='ocrx_word' id='word_1_103' title='bbox 757 1308 1021 1364; x_wconf 87' lang='lat' dir='ltr'><strong><em>Dominus</em></strong></span> <span class='ocrx_word' id='word_1_104' title='bbox 1056 1321 1240 1383; x_wconf 90' lang='lat' dir='ltr'><strong>captus</strong></span> <span class='ocrx_word' id='word_1_105' title='bbox 1264 1323 1338 1367; x_wconf 90' lang='lat' dir='ltr'><strong>est</strong></span> <span class='ocrx_word' id='word_1_106' title='bbox 1362 1316 1418 1367; x_wconf 85' lang='lat' dir='ltr'><strong>in</strong></span> <span class='ocrx_word' id='word_1_107' title='bbox 1444 1316 1674 1384; x_wconf 81' lang='lat' dir='ltr'><strong>peccatis</strong></span> <span class='ocrx_word' id='word_1_108' title='bbox 1701 1316 1915 1370; x_wconf 82' lang='lat' dir='ltr'><strong><em>nostris.</em></strong></span> 
     </span>
    </p>
   </div>
   <div class='ocr_carea' id='block_1_15' title="bbox 559 1403 2089 1482">
    <p class='ocr_par' dir='ltr' id='par_1_15' title="bbox 559 1403 2089 1482">
     <span class='ocr_line' id='line_1_15' title="bbox 559 1403 2089 1482; baseline 0.006 -24"><span class='ocrx_word' id='word_1_109' title='bbox 559 1403 702 1459; x_wconf 74' lang='lat' dir='ltr'><strong>XIX.</strong></span> <span class='ocrx_word' id='word_1_110' title='bbox 761 1405 968 1462; x_wconf 83' lang='lat' dir='ltr'><strong>Deinde</strong></span> <span class='ocrx_word' id='word_1_111' title='bbox 1002 1408 1361 1479; x_wconf 86' lang='lat' dir='ltr'><strong>subjungitis,</strong></span> <span class='ocrx_word' id='word_1_112' title='bbox 1408 1408 1698 1466; x_wconf 78' lang='lat' dir='ltr'><strong>dicentes:</strong></span> <span class='ocrx_word' id='word_1_113' title='bbox 1744 1429 1762 1460; x_wconf 87' lang='grc'><strong>‹</strong></span> <span class='ocrx_word' id='word_1_114' title='bbox 1812 1409 1930 1465; x_wconf 86' lang='grc' dir='ltr'><strong>Νοη</strong></span> <span class='ocrx_word' id='word_1_115' title='bbox 1959 1425 2089 1482; x_wconf 83' lang='lat' dir='ltr'><strong>ergo</strong></span> 
     </span>
    </p>
   </div>
   <div class='ocr_carea' id='block_1_16' title="bbox 471 1498 2083 1572">
    <p class='ocr_par' dir='ltr' id='par_1_16' title="bbox 471 1498 2083 1572">
     <span class='ocr_line' id='line_1_16' title="bbox 471 1498 2083 1572; baseline 0.004 -20"><span class='ocrx_word' id='word_1_116' title='bbox 471 1498 667 1553; x_wconf 70' lang='lat' dir='ltr'><strong>omnis</strong></span> <span class='ocrx_word' id='word_1_117' title='bbox 707 1499 1007 1556; x_wconf 84' lang='lat' dir='ltr'><strong><em>chrismate</em></strong></span> <span class='ocrx_word' id='word_1_118' title='bbox 1055 1512 1271 1568; x_wconf 89' lang='lat' dir='ltr'><strong>unctus,</strong></span> <span class='ocrx_word' id='word_1_119' title='bbox 1297 1501 1644 1572; x_wconf 77' lang='lat' dir='ltr'><strong>Christianus</strong></span> <span class='ocrx_word' id='word_1_120' title='bbox 1683 1504 1944 1566; x_wconf 81' lang='lat' dir='ltr'><strong>dicendus</strong></span> <span class='ocrx_word' id='word_1_121' title='bbox 1980 1513 2083 1560; x_wconf 90' lang='lat' dir='ltr'><strong>est.</strong></span> 
     </span>
    </p>
   </div>
   <div class='ocr_carea' id='block_1_17' title="bbox 482 1586 2084 1661">
    <p class='ocr_par' dir='ltr' id='par_1_17' title="bbox 482 1586 2084 1661">
     <span class='ocr_line' id='line_1_17' title="bbox 482 1586 2084 1661; baseline 0.005 -20"><span class='ocrx_word' id='word_1_122' title='bbox 482 1586 674 1642; x_wconf 79' lang='lat' dir='ltr'><strong>Potius</strong></span> <span class='ocrx_word' id='word_1_123' title='bbox 695 1589 841 1643; x_wconf 89' lang='lat' dir='ltr'><strong>enim</strong></span> <span class='ocrx_word' id='word_1_124' title='bbox 872 1587 947 1644; x_wconf 88' lang='lat' dir='ltr'><strong>illi</strong></span> <span class='ocrx_word' id='word_1_125' title='bbox 978 1588 1181 1646; x_wconf 87' lang='lat' dir='ltr'><strong><em>Christi</em></strong></span> <span class='ocrx_word' id='word_1_126' title='bbox 1214 1607 1378 1661; x_wconf 88' lang='lat' dir='ltr'><strong>quam</strong></span> <span class='ocrx_word' id='word_1_127' title='bbox 1409 1591 1712 1648; x_wconf 83' lang='lat' dir='ltr'><strong>Christiani</strong></span> <span class='ocrx_word' id='word_1_128' title='bbox 1738 1595 2084 1660; x_wconf 86' lang='lat' dir='ltr'><strong>dicebantur,</strong></span> 
     </span>
    </p>
   </div>
   <div class='ocr_carea' id='block_1_18' title="bbox 483 1680 2078 1756">
    <p class='ocr_par' dir='ltr' id='par_1_18' title="bbox 483 1680 2078 1756">
     <span class='ocr_line' id='line_1_18' title="bbox 483 1680 2078 1756; baseline 0.003 -22"><span class='ocrx_word' id='word_1_129' title='bbox 483 1690 544 1736; x_wconf 91' lang='lat' dir='ltr'><strong>ut</strong></span> <span class='ocrx_word' id='word_1_130' title='bbox 570 1680 699 1736; x_wconf 90' lang='lat' dir='ltr'><strong>illud</strong></span> <span class='ocrx_word' id='word_1_131' title='bbox 725 1683 780 1737; x_wconf 90' lang='lat' dir='ltr'><strong>in</strong></span> <span class='ocrx_word' id='word_1_132' title='bbox 809 1680 1044 1737; x_wconf 87' lang='lat' dir='ltr'><strong>Psalmis</strong></span> <span class='ocrx_word' id='word_1_133' title='bbox 1073 1702 1085 1736; x_wconf 91' lang='lat'><strong>:</strong></span> <span class='ocrx_word' id='word_1_134' title='bbox 1118 1683 1299 1738; x_wconf 79' lang='lat' dir='ltr'><strong>Nolite</strong></span> <span class='ocrx_word' id='word_1_135' title='bbox 1342 1695 1559 1756; x_wconf 84' lang='lat' dir='ltr'><strong>tangere</strong></span> <span class='ocrx_word' id='word_1_136' title='bbox 1604 1686 1831 1740; x_wconf 88' lang='lat' dir='ltr'><strong>christos</strong></span> <span class='ocrx_word' id='word_1_137' title='bbox 1863 1703 2025 1740; x_wconf 89' lang='lat' dir='ltr'><strong>meos.</strong></span> <span class='ocrx_word' id='word_1_138' title='bbox 2059 1706 2078 1738; x_wconf 73' lang='grc' dir='ltr'><strong><em>ι</em></strong></span> 
     </span>
    </p>
   </div>
   <div class='ocr_carea' id='block_1_19' title="bbox 2202 495 3796 568">
    <p class='ocr_par' dir='ltr' id='par_1_19' title="bbox 2202 495 3796 568">
     <span class='ocr_line' id='line_1_19' title="bbox 2202 495 3796 568; baseline 0.001 -22"><span class='ocrx_word' id='word_1_139' title='bbox 2202 501 2378 548; x_wconf 89' lang='lat' dir='ltr'><strong>rasset</strong></span> <span class='ocrx_word' id='word_1_140' title='bbox 2407 496 2588 551; x_wconf 91' lang='lat' dir='ltr'><strong>omnia</strong></span> <span class='ocrx_word' id='word_1_141' title='bbox 2620 497 2758 550; x_wconf 86' lang='lat' dir='ltr'><strong>dona</strong></span> <span class='ocrx_word' id='word_1_142' title='bbox 2776 497 3077 568; x_wconf 76' lang='lat' dir='ltr'><strong>gratiarum</strong></span> <span class='ocrx_word' id='word_1_143' title='bbox 3107 511 3227 567; x_wconf 69' lang='lat' dir='ltr'><strong>quae</strong></span> <span class='ocrx_word' id='word_1_144' title='bbox 3246 511 3346 566; x_wconf 90' lang='lat' dir='ltr'><strong>per</strong></span> <span class='ocrx_word' id='word_1_145' title='bbox 3371 495 3644 567; x_wconf 85' lang='lat' dir='ltr'><strong>Spiritum</strong></span> <span class='ocrx_word' id='word_1_146' title='bbox 3676 509 3796 549; x_wconf 84' lang='lat' dir='ltr'><strong>san-</strong></span> 
     </span>
    </p>
   </div>
   <div class='ocr_carea' id='block_1_20' title="bbox 2200 583 3792 656">
    <p class='ocr_par' dir='ltr' id='par_1_20' title="bbox 2200 583 3792 656">
     <span class='ocr_line' id='line_1_20' title="bbox 2200 583 3792 656; baseline 0 -18"><span class='ocrx_word' id='word_1_147' title='bbox 2200 592 2346 638; x_wconf 90' lang='lat' dir='ltr'><strong>ctum</strong></span> <span class='ocrx_word' id='word_1_148' title='bbox 2376 593 2488 640; x_wconf 88' lang='lat' dir='ltr'><strong>tam</strong></span> <span class='ocrx_word' id='word_1_149' title='bbox 2514 587 2728 642; x_wconf 81' lang='lat' dir='ltr'><strong>Veteris</strong></span> <span class='ocrx_word' id='word_1_150' title='bbox 2768 587 3103 644; x_wconf 90' lang='lat' dir='ltr'><strong>Testamenti</strong></span> <span class='ocrx_word' id='word_1_151' title='bbox 3145 586 3397 641; x_wconf 90' lang='lat' dir='ltr'><strong>ﬁdelibus</strong></span> <span class='ocrx_word' id='word_1_152' title='bbox 3442 601 3609 656; x_wconf 85' lang='lat' dir='ltr'><strong>quam</strong></span> <span class='ocrx_word' id='word_1_153' title='bbox 3662 583 3792 639; x_wconf 62' lang='lat' dir='ltr'><strong>Novi</strong></span> 
     </span>
    </p>
   </div>
   <div class='ocr_carea' id='block_1_21' title="bbox 2199 663 3791 748">
    <p class='ocr_par' dir='ltr' id='par_1_21' title="bbox 2199 663 3791 748">
     <span class='ocr_line' id='line_1_21' title="bbox 2199 663 3791 748; baseline 0.001 -20"><span class='ocrx_word' id='word_1_154' title='bbox 2199 675 2489 732; x_wconf 88' lang='lat' dir='ltr'><strong>distributa</strong></span> <span class='ocrx_word' id='word_1_155' title='bbox 2515 676 2975 746; x_wconf 62' lang='lat' dir='ltr'><strong>sunt,.subjunxit</strong></span> <span class='ocrx_word' id='word_1_156' title='bbox 3008 697 3020 732; x_wconf 91' lang='lat'>:</span> <span class='ocrx_word' id='word_1_157' title='bbox 3055 678 3207 734; x_wconf 87' lang='lat' dir='ltr'><strong>Sicut</strong></span> <span class='ocrx_word' id='word_1_158' title='bbox 3237 663 3379 733; x_wconf 85' lang='lat' dir='ltr'><strong>enim</strong></span> <span class='ocrx_word' id='word_1_159' title='bbox 3412 694 3605 748; x_wconf 87' lang='lat' dir='ltr'><strong>corpus</strong></span> <span class='ocrx_word' id='word_1_160' title='bbox 3629 694 3791 731; x_wconf 73' lang='lat' dir='ltr'><strong>unum</strong></span> 
     </span>
    </p>
   </div>
   <div class='ocr_carea' id='block_1_22' title="bbox 2198 769 3792 836">
    <p class='ocr_par' dir='ltr' id='par_1_22' title="bbox 2198 769 3792 836">
     <span class='ocr_line' id='line_1_22' title="bbox 2198 769 3792 836; baseline 0.001 -18"><span class='ocrx_word' id='word_1_161' title='bbox 2198 775 2294 832; x_wconf 84' lang='lat' dir='ltr'><strong>est,</strong></span> <span class='ocrx_word' id='word_1_162' title='bbox 2321 776 2370 821; x_wconf 88' lang='lat' dir='ltr'><strong>et</strong></span> <span class='ocrx_word' id='word_1_163' title='bbox 2401 769 2633 824; x_wconf 86' lang='lat' dir='ltr'><strong>membra</strong></span> <span class='ocrx_word' id='word_1_164' title='bbox 2674 770 2828 824; x_wconf 86' lang='lat' dir='ltr'><strong>habet</strong></span> <span class='ocrx_word' id='word_1_165' title='bbox 2879 769 3069 836; x_wconf 87' lang='lat' dir='ltr'><strong>multa,</strong></span> <span class='ocrx_word' id='word_1_166' title='bbox 3123 772 3300 824; x_wconf 83' lang='lat' dir='ltr'><strong>omnia</strong></span> <span class='ocrx_word' id='word_1_167' title='bbox 3340 781 3518 824; x_wconf 87' lang='lat' dir='ltr'><strong>autem</strong></span> <span class='ocrx_word' id='word_1_168' title='bbox 3561 769 3792 823; x_wconf 81' lang='lat' dir='ltr'><strong>membra</strong></span> 
     </span>
    </p>
   </div>
   <div class='ocr_carea' id='block_1_23' title="bbox 2197 859 3794 931">
    <p class='ocr_par' dir='ltr' id='par_1_23' title="bbox 2197 859 3794 931">
     <span class='ocr_line' id='line_1_23' title="bbox 2197 859 3794 931; baseline -0.001 -19"><span class='ocrx_word' id='word_1_169' title='bbox 2197 860 2430 930; x_wconf 88' lang='lat' dir='ltr'><strong>corporis</strong></span> <span class='ocrx_word' id='word_1_170' title='bbox 2460 878 2578 914; x_wconf 87' lang='lat' dir='ltr'><strong>cum</strong></span> <span class='ocrx_word' id='word_1_171' title='bbox 2609 861 2712 915; x_wconf 89' lang='lat' dir='ltr'><strong>sint</strong></span> <span class='ocrx_word' id='word_1_172' title='bbox 2760 859 2951 926; x_wconf 86' lang='lat' dir='ltr'><strong>multa,</strong></span> <span class='ocrx_word' id='word_1_173' title='bbox 2985 867 3147 914; x_wconf 84' lang='lat' dir='ltr'><strong>unum</strong></span> <span class='ocrx_word' id='word_1_174' title='bbox 3197 878 3387 931; x_wconf 87' lang='lat' dir='ltr'><strong>corpus</strong></span> <span class='ocrx_word' id='word_1_175' title='bbox 3435 870 3598 925; x_wconf 80' lang='lat' dir='ltr'><strong>sunt;</strong></span> <span class='ocrx_word' id='word_1_176' title='bbox 3631 860 3712 912; x_wconf 85' lang='lat' dir='ltr'><strong>ita</strong></span> <span class='ocrx_word' id='word_1_177' title='bbox 3750 869 3794 911; x_wconf 78' lang='lat' dir='ltr'><strong>et</strong></span> 
     </span>
    </p>
   </div>
   <div class='ocr_carea' id='block_1_24' title="bbox 2196 947 3793 1022">
    <p class='ocr_par' dir='ltr' id='par_1_24' title="bbox 2196 947 3793 1022">
     <span class='ocr_line' id='line_1_24' title="bbox 2196 947 3793 1022; baseline 0.001 -20"><span class='ocrx_word' id='word_1_178' title='bbox 2196 947 2456 1004; x_wconf 84' lang='lat' dir='ltr'><strong><em>Christus.</em></strong></span> <span class='ocrx_word' id='word_1_179' title='bbox 2486 950 2697 1005; x_wconf 85' lang='lat' dir='ltr'><strong>Etenim</strong></span> <span class='ocrx_word' id='word_1_180' title='bbox 2723 951 2777 1006; x_wconf 92' lang='lat' dir='ltr'><strong>in</strong></span> <span class='ocrx_word' id='word_1_181' title='bbox 2798 962 2902 1005; x_wconf 71' lang='lat' dir='ltr'><strong>uno</strong></span> <span class='ocrx_word' id='word_1_182' title='bbox 2925 952 3114 1022; x_wconf 85' lang='lat' dir='ltr'><strong><em>spiritu</em></strong></span> <span class='ocrx_word' id='word_1_183' title='bbox 3139 968 3315 1006; x_wconf 89' lang='lat' dir='ltr'><strong>omnes</strong></span> <span class='ocrx_word' id='word_1_184' title='bbox 3338 947 3395 1006; x_wconf 81' lang='lat' dir='ltr'><strong>in</strong></span> <span class='ocrx_word' id='word_1_185' title='bbox 3416 969 3581 1006; x_wconf 86' lang='lat' dir='ltr'><strong>unum</strong></span> <span class='ocrx_word' id='word_1_186' title='bbox 3605 967 3793 1021; x_wconf 78' lang='lat' dir='ltr'><strong>corpus</strong></span> 
     </span>
    </p>
   </div>
   <div class='ocr_carea' id='block_1_25' title="bbox 2196 1032 3791 1112">
    <p class='ocr_par' dir='ltr' id='par_1_25' title="bbox 2196 1032 3791 1112">
     <span class='ocr_line' id='line_1_25' title="bbox 2196 1032 3791 1112; baseline 0.003 -22"><span class='ocrx_word' id='word_1_187' title='bbox 2196 1038 2447 1109; x_wconf 79' lang='lat' dir='ltr'><strong>baptizati</strong></span> <span class='ocrx_word' id='word_1_188' title='bbox 2478 1056 2682 1106; x_wconf 89' lang='lat' dir='ltr'><strong>sumus,</strong></span> <span class='ocrx_word' id='word_1_189' title='bbox 2714 1032 2822 1095; x_wconf 82' lang='lat' dir='ltr'><strong>sive</strong></span> <span class='ocrx_word' id='word_1_190' title='bbox 2847 1040 3051 1106; x_wconf 68' lang='lat' dir='ltr'><strong>Iudici,</strong></span> <span class='ocrx_word' id='word_1_191' title='bbox 3081 1042 3189 1095; x_wconf 85' lang='lat' dir='ltr'><strong>sive</strong></span> <span class='ocrx_word' id='word_1_192' title='bbox 3216 1040 3453 1112; x_wconf 80' lang='lat' dir='ltr'><strong>gentiles,</strong></span> <span class='ocrx_word' id='word_1_193' title='bbox 3494 1044 3606 1096; x_wconf 80' lang='lat' dir='ltr'><strong>sive</strong></span> <span class='ocrx_word' id='word_1_194' title='bbox 3625 1042 3791 1105; x_wconf 75' lang='lat' dir='ltr'><strong>seni,</strong></span> 
     </span>
    </p>
   </div>
   <div class='ocr_carea' id='block_1_26' title="bbox 2193 1129 3792 1202">
    <p class='ocr_par' dir='ltr' id='par_1_26' title="bbox 2193 1129 3792 1202">
     <span class='ocr_line' id='line_1_26' title="bbox 2193 1129 3792 1202; baseline 0.001 -20"><span class='ocrx_word' id='word_1_195' title='bbox 2193 1130 2298 1183; x_wconf 77' lang='lat' dir='ltr'><strong>sive</strong></span> <span class='ocrx_word' id='word_1_196' title='bbox 2318 1129 2487 1194; x_wconf 85' lang='lat' dir='ltr'><strong>liberi,</strong></span> <span class='ocrx_word' id='word_1_197' title='bbox 2517 1139 2566 1184; x_wconf 90' lang='lat' dir='ltr'><strong>et</strong></span> <span class='ocrx_word' id='word_1_198' title='bbox 2616 1147 2795 1185; x_wconf 88' lang='lat' dir='ltr'><strong>omnes</strong></span> <span class='ocrx_word' id='word_1_199' title='bbox 2835 1134 2890 1185; x_wconf 89' lang='lat' dir='ltr'><strong>in</strong></span> <span class='ocrx_word' id='word_1_200' title='bbox 2932 1148 3038 1185; x_wconf 90' lang='lat' dir='ltr'><strong>uno</strong></span> <span class='ocrx_word' id='word_1_201' title='bbox 3071 1131 3276 1202; x_wconf 79' lang='lat' dir='ltr'><strong>Spiritu</strong></span> <span class='ocrx_word' id='word_1_202' title='bbox 3309 1144 3342 1171; x_wconf 70' lang='grc' dir='ltr'><strong>ι</strong></span> <span class='ocrx_word' id='word_1_203' title='bbox 3370 1133 3538 1202; x_wconf 88' lang='lat' dir='ltr'><strong>potati</strong></span> <span class='ocrx_word' id='word_1_204' title='bbox 3587 1149 3792 1186; x_wconf 72' lang='lat' dir='ltr'><strong>sumus.</strong></span> 
     </span>
    </p>
   </div>
   <div class='ocr_carea' id='block_1_27' title="bbox 2195 1219 3795 1294">
    <p class='ocr_par' dir='ltr' id='par_1_27' title="bbox 2195 1219 3795 1294">
     <span class='ocr_line' id='line_1_27' title="bbox 2195 1219 3795 1294; baseline 0.003 -19"><span class='ocrx_word' id='word_1_205' title='bbox 2195 1219 2308 1277; x_wconf 79' lang='lat' dir='ltr'><strong>Hoc</strong></span> <span class='ocrx_word' id='word_1_206' title='bbox 2340 1220 2542 1291; x_wconf 89' lang='lat' dir='ltr'><strong>Spiritu</strong></span> <span class='ocrx_word' id='word_1_207' title='bbox 2574 1224 2723 1277; x_wconf 91' lang='lat' dir='ltr'><strong>uncti</strong></span> <span class='ocrx_word' id='word_1_208' title='bbox 2747 1233 2875 1278; x_wconf 88' lang='lat' dir='ltr'><strong>sunt</strong></span> <span class='ocrx_word' id='word_1_209' title='bbox 2897 1225 3245 1294; x_wconf 66' lang='lat' dir='ltr'><strong>patriarchae,</strong></span> <span class='ocrx_word' id='word_1_210' title='bbox 3274 1226 3378 1280; x_wconf 92' lang='lat' dir='ltr'><strong>hoc</strong></span> <span class='ocrx_word' id='word_1_211' title='bbox 3403 1226 3429 1264; x_wconf 73' lang='grc' dir='ltr'>δ</span> <span class='ocrx_word' id='word_1_212' title='bbox 3460 1225 3622 1278; x_wconf 88' lang='lat' dir='ltr'><strong>multi</strong></span> <span class='ocrx_word' id='word_1_213' title='bbox 3652 1241 3795 1280; x_wconf 87' lang='lat' dir='ltr'><strong>mar-</strong></span> 
     </span>
    </p>
   </div>
   <div class='ocr_carea' id='block_1_28' title="bbox 2191 1313 3795 1386">
    <p class='ocr_par' dir='ltr' id='par_1_28' title="bbox 2191 1313 3795 1386">
     <span class='ocr_line' id='line_1_28' title="bbox 2191 1313 3795 1386; baseline 0.004 -21"><span class='ocrx_word' id='word_1_214' title='bbox 2191 1320 2362 1382; x_wconf 78' lang='lat' dir='ltr'><strong>tyres,</strong></span> <span class='ocrx_word' id='word_1_215' title='bbox 2386 1313 2477 1381; x_wconf 90' lang='lat' dir='ltr'><strong>qui</strong></span> <span class='ocrx_word' id='word_1_216' title='bbox 2507 1313 2628 1368; x_wconf 87' lang='lat' dir='ltr'><strong>sine</strong></span> <span class='ocrx_word' id='word_1_217' title='bbox 2657 1313 2983 1384; x_wconf 87' lang='lat' dir='ltr'><strong>baptismate</strong></span> <span class='ocrx_word' id='word_1_218' title='bbox 3027 1316 3302 1386; x_wconf 87' lang='lat' dir='ltr'><strong>corporali</strong></span> <span class='ocrx_word' id='word_1_219' title='bbox 3335 1317 3403 1371; x_wconf 88' lang='lat' dir='ltr'><strong>ad</strong></span> <span class='ocrx_word' id='word_1_220' title='bbox 3428 1317 3606 1371; x_wconf 86' lang='lat' dir='ltr'><strong>vitam</strong></span> <span class='ocrx_word' id='word_1_221' title='bbox 3641 1326 3795 1372; x_wconf 53' lang='lat' dir='ltr'><strong>teter.</strong></span> 
     </span>
    </p>
   </div>
   <div class='ocr_carea' id='block_1_29' title="bbox 2191 1403 3792 1479">
    <p class='ocr_par' dir='ltr' id='par_1_29' title="bbox 2191 1403 3792 1479">
     <span class='ocr_line' id='line_1_29' title="bbox 2191 1403 3792 1479; baseline 0.005 -24"><span class='ocrx_word' id='word_1_222' title='bbox 2191 1417 2315 1455; x_wconf 88' lang='lat' dir='ltr'><strong>nam</strong></span> <span class='ocrx_word' id='word_1_223' title='bbox 2345 1403 2699 1458; x_wconf 84' lang='lat' dir='ltr'><strong>transierunt.</strong></span> <span class='ocrx_word' id='word_1_224' title='bbox 2739 1403 2840 1471; x_wconf 86' lang='lat' dir='ltr'><strong>Qui</strong></span> <span class='ocrx_word' id='word_1_225' title='bbox 2863 1419 3052 1460; x_wconf 89' lang='lat' dir='ltr'><strong>omnes</strong></span> <span class='ocrx_word' id='word_1_226' title='bbox 3082 1406 3355 1475; x_wconf 89' lang='lat' dir='ltr'><strong>quomodo</strong></span> <span class='ocrx_word' id='word_1_227' title='bbox 3383 1423 3557 1462; x_wconf 91' lang='lat' dir='ltr'><strong>unum</strong></span> <span class='ocrx_word' id='word_1_228' title='bbox 3596 1421 3792 1479; x_wconf 83' lang='lat' dir='ltr'><strong>corpus</strong></span> 
     </span>
    </p>
   </div>
   <div class='ocr_carea' id='block_1_30' title="bbox 2188 1493 3791 1568">
    <p class='ocr_par' dir='ltr' id='par_1_30' title="bbox 2188 1493 3791 1568">
     <span class='ocr_line' id='line_1_30' title="bbox 2188 1493 3791 1568; baseline 0.004 -22"><span class='ocrx_word' id='word_1_229' title='bbox 2188 1493 2450 1561; x_wconf 84' lang='lat' dir='ltr'><strong>baptizati</strong></span> <span class='ocrx_word' id='word_1_230' title='bbox 2471 1501 2620 1560; x_wconf 87' lang='lat' dir='ltr'><strong>sunt,</strong></span> <span class='ocrx_word' id='word_1_231' title='bbox 2646 1494 2974 1562; x_wconf 71' lang='lat' dir='ltr'><strong>patriarcha:</strong></span> <span class='ocrx_word' id='word_1_232' title='bbox 3002 1495 3213 1550; x_wconf 87' lang='lat' dir='ltr'><strong>scilicet</strong></span> <span class='ocrx_word' id='word_1_233' title='bbox 3235 1503 3291 1560; x_wconf 87' lang='lat' dir='ltr'><strong>et</strong></span> <span class='ocrx_word' id='word_1_234' title='bbox 3323 1506 3600 1568; x_wconf 83' lang='lat' dir='ltr'><strong>martyres</strong></span> <span class='ocrx_word' id='word_1_235' title='bbox 3623 1539 3638 1564; x_wconf 94' lang='lat'><strong>,</strong></span> <span class='ocrx_word' id='word_1_236' title='bbox 3671 1515 3791 1553; x_wconf 84' lang='lat' dir='ltr'><strong>cum</strong></span> 
     </span>
    </p>
   </div>
   <div class='ocr_carea' id='block_1_31' title="bbox 2187 1584 3789 1655">
    <p class='ocr_par' dir='ltr' id='par_1_31' title="bbox 2187 1584 3789 1655">
     <span class='ocr_line' id='line_1_31' title="bbox 2187 1584 3789 1655; baseline 0.005 -18"><span class='ocrx_word' id='word_1_237' title='bbox 2187 1584 2399 1638; x_wconf 70' lang='lat' dir='ltr'><strong>caeteris</strong></span> <span class='ocrx_word' id='word_1_238' title='bbox 2425 1584 2676 1641; x_wconf 89' lang='lat' dir='ltr'><strong>ﬁdelibus</strong></span> <span class='ocrx_word' id='word_1_239' title='bbox 2706 1585 2924 1641; x_wconf 80' lang='lat' dir='ltr'><strong>Veteris</strong></span> <span class='ocrx_word' id='word_1_240' title='bbox 2975 1596 3031 1641; x_wconf 89' lang='lat' dir='ltr'><strong>et</strong></span> <span class='ocrx_word' id='word_1_241' title='bbox 3076 1586 3212 1642; x_wconf 83' lang='lat' dir='ltr'><strong>Novi</strong></span> <span class='ocrx_word' id='word_1_242' title='bbox 3239 1587 3602 1655; x_wconf 85' lang='lat' dir='ltr'><strong>Testamenti,</strong></span> <span class='ocrx_word' id='word_1_243' title='bbox 3654 1600 3714 1645; x_wconf 90' lang='lat' dir='ltr'><strong>et</strong></span> <span class='ocrx_word' id='word_1_244' title='bbox 3742 1594 3789 1646; x_wconf 86' lang='lat' dir='ltr'><strong>in</strong></span> 
     </span>
    </p>
   </div>
   <div class='ocr_carea' id='block_1_32' title="bbox 2187 1673 3791 1750">
    <p class='ocr_par' dir='ltr' id='par_1_32' title="bbox 2187 1673 3791 1750">
     <span class='ocr_line' id='line_1_32' title="bbox 2187 1673 3791 1750; baseline 0.005 -22"><span class='ocrx_word' id='word_1_245' title='bbox 2187 1689 2298 1728; x_wconf 90' lang='lat' dir='ltr'><strong>uno</strong></span> <span class='ocrx_word' id='word_1_246' title='bbox 2325 1675 2541 1744; x_wconf 88' lang='lat' dir='ltr'><strong>spiritu,</strong></span> <span class='ocrx_word' id='word_1_247' title='bbox 2583 1673 2710 1731; x_wconf 90' lang='lat' dir='ltr'><strong>audi</strong></span> <span class='ocrx_word' id='word_1_248' title='bbox 2737 1677 2938 1730; x_wconf 86' lang='lat' dir='ltr'><strong>iterum</strong></span> <span class='ocrx_word' id='word_1_249' title='bbox 2966 1679 3219 1734; x_wconf 89' lang='lat' dir='ltr'><strong>eumdem</strong></span> <span class='ocrx_word' id='word_1_250' title='bbox 3253 1679 3574 1750; x_wconf 85' lang='lat' dir='ltr'><strong>Apostolum</strong></span> <span class='ocrx_word' id='word_1_251' title='bbox 3616 1683 3791 1736; x_wconf 84' lang='lat' dir='ltr'><strong>dicen-</strong></span> 
     </span>
    </p>
   </div>
   <div class='ocr_carea' id='block_1_33' title="bbox 482 1763 2079 1850">
    <p class='ocr_par' dir='ltr' id='par_1_33' title="bbox 482 1774 2079 1850">
     <span class='ocr_line' id='line_1_33' title="bbox 482 1774 2079 1850; baseline 0.004 -21"><span class='ocrx_word' id='word_1_252' title='bbox 482 1774 537 1831; x_wconf 92' lang='lat' dir='ltr'><strong>ln</strong></span> <span class='ocrx_word' id='word_1_253' title='bbox 569 1776 655 1831; x_wconf 91' lang='lat' dir='ltr'><strong>his</strong></span> <span class='ocrx_word' id='word_1_254' title='bbox 703 1777 887 1833; x_wconf 83' lang='lat' dir='ltr'><strong>verbis</strong></span> <span class='ocrx_word' id='word_1_255' title='bbox 911 1778 1114 1833; x_wconf 85' lang='lat' dir='ltr'><strong>vestris</strong></span> <span class='ocrx_word' id='word_1_256' title='bbox 1162 1778 1377 1848; x_wconf 74' lang='lat' dir='ltr'><strong>negatis</strong></span> <span class='ocrx_word' id='word_1_257' title='bbox 1411 1787 1623 1846; x_wconf 87' lang='lat' dir='ltr'><strong>unctos,</strong></span> <span class='ocrx_word' id='word_1_258' title='bbox 1667 1778 1722 1832; x_wconf 88' lang='lat' dir='ltr'><strong>id</strong></span> <span class='ocrx_word' id='word_1_259' title='bbox 1761 1787 1880 1845; x_wconf 89' lang='lat' dir='ltr'><strong>est,</strong></span> <span class='ocrx_word' id='word_1_260' title='bbox 1929 1793 2079 1850; x_wconf 84' lang='lat' dir='ltr'><strong>reges</strong></span> 
     </span>
    </p>
   </div>
   <div class='ocr_carea' id='block_1_34' title="bbox 2186 1763 3790 1850">
    <p class='ocr_par' dir='ltr' id='par_1_34' title="bbox 2192 1763 3790 1842">
     <span class='ocr_line' id='line_1_34' title="bbox 2192 1763 3790 1842; baseline 0.005 -24"><span class='ocrx_word' id='word_1_261' title='bbox 2192 1772 2299 1818; x_wconf 89' lang='lat' dir='ltr'><strong>tem</strong></span> <span class='ocrx_word' id='word_1_262' title='bbox 2333 1779 2347 1818; x_wconf 90' lang='lat'><strong>:</strong></span> <span class='ocrx_word' id='word_1_263' title='bbox 2376 1763 2516 1819; x_wconf 91' lang='lat' dir='ltr'><strong>Nolo</strong></span> <span class='ocrx_word' id='word_1_264' title='bbox 2543 1766 2680 1820; x_wconf 87' lang='lat' dir='ltr'><strong>enim</strong></span> <span class='ocrx_word' id='word_1_265' title='bbox 2704 1783 2790 1821; x_wconf 83' lang='lat' dir='ltr'><strong>vos</strong></span> <span class='ocrx_word' id='word_1_266' title='bbox 2820 1768 3091 1837; x_wconf 88' lang='lat' dir='ltr'><strong>ignorare,</strong></span> <span class='ocrx_word' id='word_1_267' title='bbox 3124 1767 3338 1835; x_wconf 77' lang='lat' dir='ltr'><strong>fratres,</strong></span> <span class='ocrx_word' id='word_1_268' title='bbox 3385 1774 3646 1840; x_wconf 86' lang='lat' dir='ltr'><strong>quoniam</strong></span> <span class='ocrx_word' id='word_1_269' title='bbox 3696 1789 3790 1842; x_wconf 84' lang='lat' dir='ltr'><strong>pa—</strong></span> 
     </span>
    </p>
   </div>
   <div class='ocr_carea' id='block_1_35' title="bbox 479 1866 2087 1940">
    <p class='ocr_par' dir='ltr' id='par_1_35' title="bbox 479 1866 2087 1940">
     <span class='ocr_line' id='line_1_35' title="bbox 479 1866 2087 1940; baseline 0.003 -18"><span class='ocrx_word' id='word_1_270' title='bbox 479 1875 536 1922; x_wconf 87' lang='lat' dir='ltr'><strong>et</strong></span> <span class='ocrx_word' id='word_1_271' title='bbox 559 1867 867 1936; x_wconf 88' lang='lat' dir='ltr'><strong>pontiﬁces,</strong></span> <span class='ocrx_word' id='word_1_272' title='bbox 904 1866 1485 1936; x_wconf 26' lang='lat' dir='ltr'><strong>fuisse‘Christianos;</strong></span> <span class='ocrx_word' id='word_1_273' title='bbox 1515 1880 1572 1925; x_wconf 89' lang='lat' dir='ltr'><strong>et</strong></span> <span class='ocrx_word' id='word_1_274' title='bbox 1616 1871 1819 1940; x_wconf 86' lang='lat' dir='ltr'><strong>ponitis</strong></span> <span class='ocrx_word' id='word_1_275' title='bbox 1846 1871 2087 1927; x_wconf 90' lang='lat' dir='ltr'><strong>testimo-</strong></span> 
     </span>
    </p>
   </div>
   <div class='ocr_carea' id='block_1_36' title="bbox 481 1958 2081 2031">
    <p class='ocr_par' dir='ltr' id='par_1_36' title="bbox 481 1958 2081 2031">
     <span class='ocr_line' id='line_1_36' title="bbox 481 1958 2081 2031; baseline 0.002 -19"><span class='ocrx_word' id='word_1_276' title='bbox 481 1958 632 2013; x_wconf 88' lang='lat' dir='ltr'><strong>nium</strong></span> <span class='ocrx_word' id='word_1_277' title='bbox 659 1958 877 2028; x_wconf 89' lang='lat' dir='ltr'><strong>psalmi,</strong></span> <span class='ocrx_word' id='word_1_278' title='bbox 912 1959 1058 2029; x_wconf 90' lang='lat' dir='ltr'><strong>quod</strong></span> <span class='ocrx_word' id='word_1_279' title='bbox 1088 1975 1196 2014; x_wconf 90' lang='lat' dir='ltr'><strong>non</strong></span> <span class='ocrx_word' id='word_1_280' title='bbox 1220 1960 1287 2015; x_wconf 90' lang='lat' dir='ltr'><strong>de</strong></span> <span class='ocrx_word' id='word_1_281' title='bbox 1309 1959 1681 2030; x_wconf 85' lang='lat' dir='ltr'><strong>pontiﬁcibus,</strong></span> <span class='ocrx_word' id='word_1_282' title='bbox 1716 1968 1813 2014; x_wconf 89' lang='lat' dir='ltr'><strong>aut</strong></span> <span class='ocrx_word' id='word_1_283' title='bbox 1841 1961 2081 2031; x_wconf 81' lang='lat' dir='ltr'><strong>regibus,</strong></span> 
     </span>
    </p>
   </div>
   <div class='ocr_carea' id='block_1_37' title="bbox 477 2050 2082 2127">
    <p class='ocr_par' dir='ltr' id='par_1_37' title="bbox 477 2050 2082 2127">
     <span class='ocr_line' id='line_1_37' title="bbox 477 2050 2082 2127; baseline -0.001 -21"><span class='ocrx_word' id='word_1_284' title='bbox 477 2051 577 2107; x_wconf 84' lang='lat' dir='ltr'><strong>sed</strong></span> <span class='ocrx_word' id='word_1_285' title='bbox 603 2059 816 2106; x_wconf 87' lang='lat' dir='ltr'><strong>tantum</strong></span> <span class='ocrx_word' id='word_1_286' title='bbox 836 2050 905 2107; x_wconf 91' lang='lat' dir='ltr'><strong>de</strong></span> <span class='ocrx_word' id='word_1_287' title='bbox 929 2051 1284 2122; x_wconf 84' lang='lat' dir='ltr'><strong>patriarchis,</strong></span> <span class='ocrx_word' id='word_1_288' title='bbox 1322 2050 1599 2106; x_wconf 82' lang='lat' dir='ltr'><strong>Abraham</strong></span> <span class='ocrx_word' id='word_1_289' title='bbox 1628 2052 1859 2117; x_wconf 90' lang='lat' dir='ltr'><strong>scilicet,</strong></span> <span class='ocrx_word' id='word_1_290' title='bbox 1911 2051 2082 2127; x_wconf 85' lang='lat' dir='ltr'><strong>Isaac,</strong></span> 
     </span>
    </p>
   </div>
   <div class='ocr_carea' id='block_1_38' title="bbox 476 2143 2083 2215">
    <p class='ocr_par' dir='ltr' id='par_1_38' title="bbox 476 2143 2083 2215">
     <span class='ocr_line' id='line_1_38' title="bbox 476 2143 2083 2215; baseline -0.001 -15"><span class='ocrx_word' id='word_1_291' title='bbox 476 2153 535 2200; x_wconf 87' lang='lat' dir='ltr'><strong>et</strong></span> <span class='ocrx_word' id='word_1_292' title='bbox 552 2143 744 2210; x_wconf 84' lang='lat' dir='ltr'><strong>Jacob,</strong></span> <span class='ocrx_word' id='word_1_293' title='bbox 778 2144 1063 2215; x_wconf 88' lang='lat' dir='ltr'><strong>Scriptura</strong></span> <span class='ocrx_word' id='word_1_294' title='bbox 1097 2145 1231 2199; x_wconf 86' lang='lat' dir='ltr'><strong>dicit</strong></span> <span class='ocrx_word' id='word_1_295' title='bbox 1262 2163 1275 2198; x_wconf 91' lang='lat'>:</span> <span class='ocrx_word' id='word_1_296' title='bbox 1311 2143 1426 2214; x_wconf 87' lang='lat' dir='ltr'><strong>Ipsi</strong></span> <span class='ocrx_word' id='word_1_297' title='bbox 1456 2146 1593 2200; x_wconf 88' lang='lat' dir='ltr'><strong>enim</strong></span> <span class='ocrx_word' id='word_1_298' title='bbox 1637 2144 1966 2200; x_wconf 89' lang='lat' dir='ltr'><strong>transierunt</strong></span> <span class='ocrx_word' id='word_1_299' title='bbox 2018 2143 2083 2198; x_wconf 82' lang='lat' dir='ltr'><strong>de</strong></span> 
     </span>
    </p>
   </div>
   <div class='ocr_carea' id='block_1_39' title="bbox 472 2235 2084 2308">
    <p class='ocr_par' dir='ltr' id='par_1_39' title="bbox 472 2235 2084 2308">
     <span class='ocr_line' id='line_1_39' title="bbox 472 2235 2084 2308; baseline -0.001 -16"><span class='ocrx_word' id='word_1_300' title='bbox 472 2246 629 2307; x_wconf 78' lang='lat' dir='ltr'><strong>gente</strong></span> <span class='ocrx_word' id='word_1_301' title='bbox 659 2239 714 2291; x_wconf 90' lang='lat' dir='ltr'><strong>in</strong></span> <span class='ocrx_word' id='word_1_302' title='bbox 735 2248 961 2308; x_wconf 85' lang='lat' dir='ltr'><strong>gentem,</strong></span> <span class='ocrx_word' id='word_1_303' title='bbox 987 2249 1034 2292; x_wconf 90' lang='lat' dir='ltr'><strong>et</strong></span> <span class='ocrx_word' id='word_1_304' title='bbox 1066 2238 1131 2291; x_wconf 91' lang='lat' dir='ltr'><strong>de</strong></span> <span class='ocrx_word' id='word_1_305' title='bbox 1174 2253 1332 2308; x_wconf 84' lang='lat' dir='ltr'><strong>regno</strong></span> <span class='ocrx_word' id='word_1_306' title='bbox 1355 2238 1424 2291; x_wconf 91' lang='lat' dir='ltr'><strong>ad</strong></span> <span class='ocrx_word' id='word_1_307' title='bbox 1463 2237 1715 2308; x_wconf 81' lang='lat' dir='ltr'><strong>populum</strong></span> <span class='ocrx_word' id='word_1_308' title='bbox 1750 2237 1998 2302; x_wconf 90' lang='lat' dir='ltr'><strong>alterum,</strong></span> <span class='ocrx_word' id='word_1_309' title='bbox 2028 2235 2084 2292; x_wconf 89' lang='lat' dir='ltr'><strong>id</strong></span> 
     </span>
    </p>
   </div>
   <div class='ocr_carea' id='block_1_40' title="bbox 476 2328 2082 2400">
    <p class='ocr_par' dir='ltr' id='par_1_40' title="bbox 476 2328 2082 2400">
     <span class='ocr_line' id='line_1_40' title="bbox 476 2328 2082 2400; baseline -0.002 -16"><span class='ocrx_word' id='word_1_310' title='bbox 476 2338 564 2384; x_wconf 82' lang='lat' dir='ltr'><strong>est</strong></span> <span class='ocrx_word' id='word_1_311' title='bbox 593 2330 659 2385; x_wconf 91' lang='lat' dir='ltr'><strong>de</strong></span> <span class='ocrx_word' id='word_1_312' title='bbox 683 2328 936 2384; x_wconf 68' lang='lat' dir='ltr'><strong>Chald‘aaa</strong></span> <span class='ocrx_word' id='word_1_313' title='bbox 980 2330 1033 2383; x_wconf 92' lang='lat' dir='ltr'><strong>in</strong></span> <span class='ocrx_word' id='word_1_314' title='bbox 1066 2329 1532 2400; x_wconf 75' lang='lat' dir='ltr'><strong>Mesopotamiam,</strong></span> <span class='ocrx_word' id='word_1_315' title='bbox 1567 2328 1765 2384; x_wconf 88' lang='lat' dir='ltr'><strong>deinde</strong></span> <span class='ocrx_word' id='word_1_316' title='bbox 1794 2329 1850 2382; x_wconf 92' lang='lat' dir='ltr'><strong>in</strong></span> <span class='ocrx_word' id='word_1_317' title='bbox 1879 2339 2082 2382; x_wconf 79' lang='lat' dir='ltr'><strong>terram</strong></span> 
     </span>
    </p>
   </div>
   <div class='ocr_carea' id='block_1_41' title="bbox 475 2417 2083 2492">
    <p class='ocr_par' dir='ltr' id='par_1_41' title="bbox 475 2417 2083 2492">
     <span class='ocr_line' id='line_1_41' title="bbox 475 2417 2083 2492; baseline -0.001 -17"><span class='ocrx_word' id='word_1_318' title='bbox 475 2420 757 2486; x_wconf 84' lang='lat' dir='ltr'><strong>Chanaan,</strong></span> <span class='ocrx_word' id='word_1_319' title='bbox 788 2427 844 2474; x_wconf 90' lang='lat' dir='ltr'><strong>et</strong></span> <span class='ocrx_word' id='word_1_320' title='bbox 869 2419 1189 2492; x_wconf 61' lang='lat' dir='ltr'><strong>IEgyptum,</strong></span> <span class='ocrx_word' id='word_1_321' title='bbox 1221 2434 1283 2473; x_wconf 88' lang='lat' dir='ltr'><strong>ac</strong></span> <span class='ocrx_word' id='word_1_322' title='bbox 1321 2434 1539 2473; x_wconf 88' lang='lat' dir='ltr'><strong>rursum</strong></span> <span class='ocrx_word' id='word_1_323' title='bbox 1591 2419 1646 2471; x_wconf 90' lang='lat' dir='ltr'><strong>in</strong></span> <span class='ocrx_word' id='word_1_324' title='bbox 1701 2417 1925 2472; x_wconf 89' lang='lat' dir='ltr'><strong>Gerare.</strong></span> <span class='ocrx_word' id='word_1_325' title='bbox 1975 2417 2083 2473; x_wconf 88' lang='lat' dir='ltr'><strong>Pro</strong></span> 
     </span>
    </p>
   </div>
   <div class='ocr_carea' id='block_1_42' title="bbox 471 2507 2085 2582">
    <p class='ocr_par' dir='ltr' id='par_1_42' title="bbox 471 2507 2085 2582">
     <span class='ocr_line' id='line_1_42' title="bbox 471 2507 2085 2582; baseline -0.004 -15"><span class='ocrx_word' id='word_1_326' title='bbox 471 2513 609 2582; x_wconf 89' lang='lat' dir='ltr'><strong>ipsis</strong></span> <span class='ocrx_word' id='word_1_327' title='bbox 631 2510 868 2581; x_wconf 86' lang='lat' dir='ltr'><strong>correpti</strong></span> <span class='ocrx_word' id='word_1_328' title='bbox 898 2520 1026 2566; x_wconf 90' lang='lat' dir='ltr'><strong>sunt</strong></span> <span class='ocrx_word' id='word_1_329' title='bbox 1063 2525 1241 2581; x_wconf 88' lang='lat' dir='ltr'><strong>reges,</strong></span> <span class='ocrx_word' id='word_1_330' title='bbox 1295 2507 1612 2564; x_wconf 84' lang='lat' dir='ltr'><strong>Abimelech</strong></span> <span class='ocrx_word' id='word_1_331' title='bbox 1666 2508 1899 2574; x_wconf 84' lang='lat' dir='ltr'><strong>scilicet,</strong></span> <span class='ocrx_word' id='word_1_332' title='bbox 1948 2507 2085 2562; x_wconf 87' lang='lat' dir='ltr'><strong>Pha-</strong></span> 
     </span>
    </p>
   </div>
   <div class='ocr_carea' id='block_1_43' title="bbox 475 2598 2081 2669">
    <p class='ocr_par' dir='ltr' id='par_1_43' title="bbox 475 2598 2081 2669">
     <span class='ocr_line' id='line_1_43' title="bbox 475 2598 2081 2669; baseline -0.002 -13"><span class='ocrx_word' id='word_1_333' title='bbox 475 2619 572 2659; x_wconf 89' lang='lat' dir='ltr'><strong>rao</strong></span> <span class='ocrx_word' id='word_1_334' title='bbox 610 2602 835 2668; x_wconf 80' lang='lat' dir='ltr'><strong>ilemor,</strong></span> <span class='ocrx_word' id='word_1_335' title='bbox 865 2611 920 2657; x_wconf 94' lang='lat' dir='ltr'><strong>et</strong></span> <span class='ocrx_word' id='word_1_336' title='bbox 946 2599 1188 2664; x_wconf 87' lang='lat' dir='ltr'><strong>Sichem,</strong></span> <span class='ocrx_word' id='word_1_337' title='bbox 1217 2609 1274 2655; x_wconf 90' lang='lat' dir='ltr'><strong>et</strong></span> <span class='ocrx_word' id='word_1_338' title='bbox 1301 2599 1414 2653; x_wconf 90' lang='lat' dir='ltr'><strong>alii.</strong></span> <span class='ocrx_word' id='word_1_339' title='bbox 1451 2598 1629 2668; x_wconf 89' lang='lat' dir='ltr'><strong>Super</strong></span> <span class='ocrx_word' id='word_1_340' title='bbox 1657 2599 1789 2669; x_wconf 91' lang='lat' dir='ltr'><strong>ipsis</strong></span> <span class='ocrx_word' id='word_1_341' title='bbox 1819 2599 2081 2669; x_wconf 79' lang='lat' dir='ltr'><strong>praecepit</strong></span> 
     </span>
    </p>
   </div>
   <div class='ocr_carea' id='block_1_44' title="bbox 472 2689 2074 2762">
    <p class='ocr_par' dir='ltr' id='par_1_44' title="bbox 472 2689 2074 2762">
     <span class='ocr_line' id='line_1_44' title="bbox 472 2689 2074 2762; baseline -0.003 -15"><span class='ocrx_word' id='word_1_342' title='bbox 472 2692 755 2758; x_wconf 83' lang='lat' dir='ltr'><strong>Dominus,</strong></span> <span class='ocrx_word' id='word_1_343' title='bbox 794 2689 974 2746; x_wconf 86' lang='lat' dir='ltr'><strong>Nolite</strong></span> <span class='ocrx_word' id='word_1_344' title='bbox 1001 2701 1217 2762; x_wconf 85' lang='lat' dir='ltr'><strong>tangere</strong></span> <span class='ocrx_word' id='word_1_345' title='bbox 1261 2690 1487 2744; x_wconf 86' lang='lat' dir='ltr'><strong>christos</strong></span> <span class='ocrx_word' id='word_1_346' title='bbox 1524 2705 1686 2754; x_wconf 89' lang='lat' dir='ltr'><strong>meos,</strong></span> <span class='ocrx_word' id='word_1_347' title='bbox 1724 2689 1913 2744; x_wconf 84' lang='lat' dir='ltr'><strong>dicens</strong></span> <span class='ocrx_word' id='word_1_348' title='bbox 1965 2704 2074 2743; x_wconf 89' lang='lat' dir='ltr'><strong>non</strong></span> 
     </span>
    </p>
   </div>
   <div class='ocr_carea' id='block_1_45' title="bbox 461 2780 2081 2859">
    <p class='ocr_par' dir='ltr' id='par_1_45' title="bbox 461 2780 2081 2859">
     <span class='ocr_line' id='line_1_45' title="bbox 461 2780 2081 2859; baseline -0.006 -15"><span class='ocrx_word' id='word_1_349' title='bbox 461 2799 586 2844; x_wconf 63' lang='lat' dir='ltr'><strong>tam</strong></span> <span class='ocrx_word' id='word_1_350' title='bbox 617 2789 822 2854; x_wconf 84' lang='lat' dir='ltr'><strong>verbis,</strong></span> <span class='ocrx_word' id='word_1_351' title='bbox 867 2803 1034 2859; x_wconf 86' lang='lat' dir='ltr'><strong>quam</strong></span> <span class='ocrx_word' id='word_1_352' title='bbox 1064 2785 1394 2842; x_wconf 90' lang='lat' dir='ltr'><strong>certitudine</strong></span> <span class='ocrx_word' id='word_1_353' title='bbox 1423 2780 1780 2838; x_wconf 80' lang='lat' dir='ltr'><strong>delensionis.</strong></span> <span class='ocrx_word' id='word_1_354' title='bbox 1816 2783 1955 2836; x_wconf 87' lang='lat' dir='ltr'><strong>Ecce</strong></span> <span class='ocrx_word' id='word_1_355' title='bbox 1985 2782 2081 2836; x_wconf 86' lang='lat' dir='ltr'><strong>ha-</strong></span> 
     </span>
    </p>
   </div>
   <div class='ocr_carea' id='block_1_46' title="bbox 467 2873 2080 2950">
    <p class='ocr_par' dir='ltr' id='par_1_46' title="bbox 467 2873 2080 2950">
     <span class='ocr_line' id='line_1_46' title="bbox 467 2873 2080 2950; baseline -0.004 -18"><span class='ocrx_word' id='word_1_356' title='bbox 467 2879 611 2934; x_wconf 83' lang='lat' dir='ltr'><strong>betis</strong></span> <span class='ocrx_word' id='word_1_357' title='bbox 653 2879 891 2934; x_wconf 87' lang='lat' dir='ltr'><strong>christos</strong></span> <span class='ocrx_word' id='word_1_358' title='bbox 915 2877 1094 2950; x_wconf 71' lang='lat' dir='ltr'><strong>dictos</strong></span> <span class='ocrx_word' id='word_1_359' title='bbox 1117 2875 1484 2947; x_wconf 88' lang='lat' dir='ltr'><strong>patriarchas,</strong></span> <span class='ocrx_word' id='word_1_360' title='bbox 1511 2889 1649 2944; x_wconf 88' lang='lat' dir='ltr'><strong>quos</strong></span> <span class='ocrx_word' id='word_1_361' title='bbox 1673 2873 1820 2928; x_wconf 92' lang='lat' dir='ltr'><strong>nulla</strong></span> <span class='ocrx_word' id='word_1_362' title='bbox 1852 2873 2080 2929; x_wconf 87' lang='lat' dir='ltr'><strong>omnino</strong></span> 
     </span>
    </p>
   </div>
   <div class='ocr_carea' id='block_1_47' title="bbox 472 2951 2074 3042">
    <p class='ocr_par' dir='ltr' id='par_1_47' title="bbox 472 2951 2074 3042">
     <span class='ocr_line' id='line_1_47' title="bbox 472 2951 2074 3042; baseline -0.006 -16"><span class='ocrx_word' id='word_1_363' title='bbox 472 2970 743 3042; x_wconf 86' lang='lat' dir='ltr'><strong>corporali</strong></span> <span class='ocrx_word' id='word_1_364' title='bbox 772 2951 1030 3025; x_wconf 87' lang='lat' dir='ltr'><strong>unctione</strong></span> <span class='ocrx_word' id='word_1_365' title='bbox 1066 2967 1303 3038; x_wconf 87' lang='lat' dir='ltr'><strong>probare</strong></span> <span class='ocrx_word' id='word_1_366' title='bbox 1352 2965 1604 3036; x_wconf 85' lang='lat' dir='ltr'><strong>poteritis</strong></span> <span class='ocrx_word' id='word_1_367' title='bbox 1647 2962 1816 3020; x_wconf 80' lang='lat' dir='ltr'><strong>fuisse</strong></span> <span class='ocrx_word' id='word_1_368' title='bbox 1859 2973 2074 3018; x_wconf 86' lang='lat' dir='ltr'><strong>unctos.</strong></span> 
     </span>
    </p>
   </div>
   <div class='ocr_carea' id='block_1_48' title="bbox 469 3054 2077 3132">
    <p class='ocr_par' dir='ltr' id='par_1_48' title="bbox 469 3054 2077 3132">
     <span class='ocr_line' id='line_1_48' title="bbox 469 3054 2077 3132; baseline -0.004 -18"><span class='ocrx_word' id='word_1_369' title='bbox 469 3061 624 3117; x_wconf 86' lang='lat' dir='ltr'><strong>llnde</strong></span> <span class='ocrx_word' id='word_1_370' title='bbox 644 3076 775 3132; x_wconf 84' lang='lat' dir='ltr'><strong>ergo</strong></span> <span class='ocrx_word' id='word_1_371' title='bbox 808 3060 1032 3123; x_wconf 88' lang='lat' dir='ltr'><strong>.christi,</strong></span> <span class='ocrx_word' id='word_1_372' title='bbox 1067 3059 1115 3113; x_wconf 85' lang='lat' dir='ltr'><strong>si</strong></span> <span class='ocrx_word' id='word_1_373' title='bbox 1152 3073 1258 3113; x_wconf 94' lang='lat' dir='ltr'><strong>non</strong></span> <span class='ocrx_word' id='word_1_374' title='bbox 1296 3055 1492 3112; x_wconf 85' lang='lat' dir='ltr'><strong>uncti?</strong></span> <span class='ocrx_word' id='word_1_375' title='bbox 1525 3055 1666 3122; x_wconf 82' lang='lat' dir='ltr'><strong>Quia</strong></span> <span class='ocrx_word' id='word_1_376' title='bbox 1696 3055 1902 3121; x_wconf 89' lang='lat' dir='ltr'><strong>dicitis,</strong></span> <span class='ocrx_word' id='word_1_377' title='bbox 1934 3054 2077 3126; x_wconf 80' lang='lat' dir='ltr'><strong>Ergo</strong></span> 
     </span>
    </p>
   </div>
   <div class='ocr_carea' id='block_1_49' title="bbox 464 3146 2076 3214">
    <p class='ocr_par' dir='ltr' id='par_1_49' title="bbox 464 3146 2076 3214">
     <span class='ocr_line' id='line_1_49' title="bbox 464 3146 2076 3214; baseline -0.005 -8"><span class='ocrx_word' id='word_1_378' title='bbox 464 3152 546 3206; x_wconf 82' lang='lat' dir='ltr'><strong>illi</strong></span> <span class='ocrx_word' id='word_1_379' title='bbox 567 3162 716 3206; x_wconf 85' lang='lat' dir='ltr'><strong>erant</strong></span> <span class='ocrx_word' id='word_1_380' title='bbox 755 3151 822 3205; x_wconf 89' lang='lat' dir='ltr'><strong>ab</strong></span> <span class='ocrx_word' id='word_1_381' title='bbox 877 3151 1124 3204; x_wconf 88' lang='lat' dir='ltr'><strong>unctione</strong></span> <span class='ocrx_word' id='word_1_382' title='bbox 1174 3146 1328 3202; x_wconf 87' lang='lat' dir='ltr'><strong>multi</strong></span> <span class='ocrx_word' id='word_1_383' title='bbox 1372 3147 1596 3212; x_wconf 88' lang='lat' dir='ltr'><strong>christi,</strong></span> <span class='ocrx_word' id='word_1_384' title='bbox 1637 3161 1759 3201; x_wconf 89' lang='lat' dir='ltr'><strong>cum</strong></span> <span class='ocrx_word' id='word_1_385' title='bbox 1797 3156 2076 3214; x_wconf 59' lang='lat' dir='ltr'><strong>nunquam</strong></span> 
     </span>
    </p>
   </div>
   <div class='ocr_carea' id='block_1_50' title="bbox 465 3237 2077 3314">
    <p class='ocr_par' dir='ltr' id='par_1_50' title="bbox 465 3237 2077 3314">
     <span class='ocr_line' id='line_1_50' title="bbox 465 3237 2077 3314; baseline -0.006 -14"><span class='ocrx_word' id='word_1_386' title='bbox 465 3243 662 3314; x_wconf 83' lang='lat' dir='ltr'><strong>legatis</strong></span> <span class='ocrx_word' id='word_1_387' title='bbox 692 3241 774 3297; x_wconf 87' lang='lat' dir='ltr'><strong>vel</strong></span> <span class='ocrx_word' id='word_1_388' title='bbox 805 3242 990 3311; x_wconf 89' lang='lat' dir='ltr'><strong>plures</strong></span> <span class='ocrx_word' id='word_1_389' title='bbox 1014 3239 1177 3295; x_wconf 84' lang='lat' dir='ltr'><strong>simul</strong></span> <span class='ocrx_word' id='word_1_390' title='bbox 1209 3238 1379 3293; x_wconf 83' lang='lat' dir='ltr'><strong>fuisse</strong></span> <span class='ocrx_word' id='word_1_391' title='bbox 1408 3252 1600 3308; x_wconf 85' lang='lat' dir='ltr'><strong>reges,</strong></span> <span class='ocrx_word' id='word_1_392' title='bbox 1633 3252 1735 3292; x_wconf 91' lang='lat' dir='ltr'><strong>nec</strong></span> <span class='ocrx_word' id='word_1_393' title='bbox 1764 3238 1873 3292; x_wconf 90' lang='lat' dir='ltr'><strong>duo</strong></span> <span class='ocrx_word' id='word_1_394' title='bbox 1915 3237 2077 3292; x_wconf 91' lang='lat' dir='ltr'><strong>simul</strong></span> 
     </span>
    </p>
   </div>
   <div class='ocr_carea' id='block_1_51' title="bbox 463 3329 2078 3404">
    <p class='ocr_par' dir='ltr' id='par_1_51' title="bbox 463 3329 2078 3404">
     <span class='ocr_line' id='line_1_51' title="bbox 463 3329 2078 3404; baseline -0.001 -18"><span class='ocrx_word' id='word_1_395' title='bbox 463 3333 756 3404; x_wconf 80' lang='lat' dir='ltr'><strong>pontiﬁces</strong></span> <span class='ocrx_word' id='word_1_396' title='bbox 779 3333 872 3387; x_wconf 92' lang='lat' dir='ltr'><strong>illo</strong></span> <span class='ocrx_word' id='word_1_397' title='bbox 907 3341 1168 3402; x_wconf 89' lang='lat' dir='ltr'><strong>tempore.</strong></span> <span class='ocrx_word' id='word_1_398' title='bbox 1195 3329 1332 3383; x_wconf 86' lang='lat' dir='ltr'><strong>Nam</strong></span> <span class='ocrx_word' id='word_1_399' title='bbox 1363 3330 1510 3399; x_wconf 85' lang='lat' dir='ltr'><strong>quod</strong></span> <span class='ocrx_word' id='word_1_400' title='bbox 1530 3343 1687 3400; x_wconf 83' lang='lat' dir='ltr'><strong>reges</strong></span> <span class='ocrx_word' id='word_1_401' title='bbox 1712 3337 1769 3385; x_wconf 93' lang='lat' dir='ltr'><strong>et</strong></span> <span class='ocrx_word' id='word_1_402' title='bbox 1792 3330 2078 3399; x_wconf 85' lang='lat' dir='ltr'><strong>pontiﬁces</strong></span> 
     </span>
    </p>
   </div>
   <div class='ocr_carea' id='block_1_52' title="bbox 468 3419 2077 3496">
    <p class='ocr_par' dir='ltr' id='par_1_52' title="bbox 468 3419 2077 3496">
     <span class='ocr_line' id='line_1_52' title="bbox 468 3419 2077 3496; baseline -0.004 -17"><span class='ocrx_word' id='word_1_403' title='bbox 468 3425 844 3496; x_wconf 72' lang='lat' dir='ltr'><strong>angebantur,</strong></span> <span class='ocrx_word' id='word_1_404' title='bbox 898 3436 1004 3476; x_wconf 90' lang='lat' dir='ltr'><strong>non</strong></span> <span class='ocrx_word' id='word_1_405' title='bbox 1039 3421 1219 3486; x_wconf 85' lang='lat' dir='ltr'><strong>aliter,</strong></span> <span class='ocrx_word' id='word_1_406' title='bbox 1274 3420 1379 3475; x_wconf 89' lang='lat' dir='ltr'><strong>nisi</strong></span> <span class='ocrx_word' id='word_1_407' title='bbox 1411 3434 1520 3473; x_wconf 92' lang='lat' dir='ltr'><strong>uno</strong></span> <span class='ocrx_word' id='word_1_408' title='bbox 1563 3419 1880 3484; x_wconf 87' lang='lat' dir='ltr'><strong>decedente,</strong></span> <span class='ocrx_word' id='word_1_409' title='bbox 1932 3435 2077 3473; x_wconf 90' lang='lat' dir='ltr'><strong>unus</strong></span> 
     </span>
    </p>
   </div>
   <div class='ocr_carea' id='block_1_53' title="bbox 467 3507 2079 3581">
    <p class='ocr_par' dir='ltr' id='par_1_53' title="bbox 467 3507 2079 3581">
     <span class='ocr_line' id='line_1_53' title="bbox 467 3507 2079 3581; baseline -0.004 -13"><span class='ocrx_word' id='word_1_410' title='bbox 467 3513 766 3569; x_wconf 88' lang='lat' dir='ltr'><strong>succedens</strong></span> <span class='ocrx_word' id='word_1_411' title='bbox 799 3511 1107 3581; x_wconf 85' lang='lat' dir='ltr'><strong>ungebatur</strong></span> <span class='ocrx_word' id='word_1_412' title='bbox 1131 3511 1184 3564; x_wconf 91' lang='lat' dir='ltr'><strong>in</strong></span> <span class='ocrx_word' id='word_1_413' title='bbox 1217 3510 1388 3580; x_wconf 87' lang='lat' dir='ltr'><strong>ﬁgura</strong></span> <span class='ocrx_word' id='word_1_414' title='bbox 1420 3509 1582 3563; x_wconf 91' lang='lat' dir='ltr'><strong>unius</strong></span> <span class='ocrx_word' id='word_1_415' title='bbox 1604 3510 1718 3563; x_wconf 86' lang='lat' dir='ltr'><strong>veri</strong></span> <span class='ocrx_word' id='word_1_416' title='bbox 1746 3507 1950 3563; x_wconf 88' lang='lat' dir='ltr'><strong>Christi</strong></span> <span class='ocrx_word' id='word_1_417' title='bbox 1985 3527 1996 3560; x_wconf 89' lang='lat'><strong>:</strong></span> <span class='ocrx_word' id='word_1_418' title='bbox 2024 3517 2079 3562; x_wconf 90' lang='lat' dir='ltr'><strong>et</strong></span> 
     </span>
    </p>
   </div>
   <div class='ocr_carea' id='block_1_54' title="bbox 469 3602 1372 3675">
    <p class='ocr_par' dir='ltr' id='par_1_54' title="bbox 469 3602 1372 3675">
     <span class='ocr_line' id='line_1_54' title="bbox 469 3602 1372 3675; baseline -0.007 -15"><span class='ocrx_word' id='word_1_419' title='bbox 469 3607 522 3660; x_wconf 88' lang='lat' dir='ltr'><strong>hi</strong></span> <span class='ocrx_word' id='word_1_420' title='bbox 551 3605 771 3675; x_wconf 83' lang='lat' dir='ltr'><strong>quidem</strong></span> <span class='ocrx_word' id='word_1_421' title='bbox 801 3604 1131 3658; x_wconf 86' lang='lat' dir='ltr'><strong>dicebantur</strong></span> <span class='ocrx_word' id='word_1_422' title='bbox 1160 3602 1372 3656; x_wconf 89' lang='lat' dir='ltr'><strong>christi.</strong></span> 
     </span>
    </p>
   </div>
   <div class='ocr_carea' id='block_1_55' title="bbox 537 3692 2078 3763">
    <p class='ocr_par' dir='ltr' id='par_1_55' title="bbox 537 3692 2078 3763">
     <span class='ocr_line' id='line_1_55' title="bbox 537 3692 2078 3763; baseline -0.003 -12"><span class='ocrx_word' id='word_1_423' title='bbox 537 3696 658 3751; x_wconf 76' lang='lat' dir='ltr'><strong>XX.</strong></span> <span class='ocrx_word' id='word_1_424' title='bbox 693 3694 800 3751; x_wconf 90' lang='lat' dir='ltr'><strong>Sed</strong></span> <span class='ocrx_word' id='word_1_425' title='bbox 828 3710 928 3750; x_wconf 90' lang='lat' dir='ltr'><strong>nos</strong></span> <span class='ocrx_word' id='word_1_426' title='bbox 949 3694 1015 3748; x_wconf 85' lang='lat' dir='ltr'><strong>de</strong></span> <span class='ocrx_word' id='word_1_427' title='bbox 1040 3692 1371 3763; x_wconf 83' lang='lat' dir='ltr'><strong>patriarchis</strong></span> <span class='ocrx_word' id='word_1_428' title='bbox 1396 3692 1822 3763; x_wconf 68' lang='lat' dir='ltr'><strong>interrogamus,</strong></span> <span class='ocrx_word' id='word_1_429' title='bbox 1853 3708 2078 3762; x_wconf 87' lang='lat' dir='ltr'><strong>quomo-</strong></span> 
     </span>
    </p>
   </div>
   <div class='ocr_carea' id='block_1_56' title="bbox 466 3781 2074 3853">
    <p class='ocr_par' dir='ltr' id='par_1_56' title="bbox 466 3781 2074 3853">
     <span class='ocr_line' id='line_1_56' title="bbox 466 3781 2074 3853; baseline -0.005 -9"><span class='ocrx_word' id='word_1_430' title='bbox 466 3788 538 3845; x_wconf 82' lang='lat' dir='ltr'><strong>do</strong></span> <span class='ocrx_word' id='word_1_431' title='bbox 564 3802 658 3842; x_wconf 89' lang='lat' dir='ltr'><strong>eos</strong></span> <span class='ocrx_word' id='word_1_432' title='bbox 680 3785 909 3842; x_wconf 89' lang='lat' dir='ltr'><strong>creditis</strong></span> <span class='ocrx_word' id='word_1_433' title='bbox 931 3784 1049 3839; x_wconf 89' lang='lat' dir='ltr'><strong>sine</strong></span> <span class='ocrx_word' id='word_1_434' title='bbox 1075 3782 1275 3837; x_wconf 84' lang='lat' dir='ltr'><strong>visibili</strong></span> <span class='ocrx_word' id='word_1_435' title='bbox 1321 3781 1641 3847; x_wconf 88' lang='lat' dir='ltr'><strong>chrismate,</strong></span> <span class='ocrx_word' id='word_1_436' title='bbox 1675 3782 1883 3852; x_wconf 89' lang='lat' dir='ltr'><strong>absque</strong></span> <span class='ocrx_word' id='word_1_437' title='bbox 1933 3798 2074 3853; x_wconf 87' lang='lat' dir='ltr'><strong>aqua</strong></span> 
     </span>
    </p>
   </div>
   <div class='ocr_carea' id='block_1_57' title="bbox 468 3871 2076 3948">
    <p class='ocr_par' dir='ltr' id='par_1_57' title="bbox 468 3871 2076 3948">
     <span class='ocr_line' id='line_1_57' title="bbox 468 3871 2076 3948; baseline -0.006 -14"><span class='ocrx_word' id='word_1_438' title='bbox 468 3875 838 3948; x_wconf 82' lang='lat' dir='ltr'><strong>baptismatis,</strong></span> <span class='ocrx_word' id='word_1_439' title='bbox 870 3874 965 3928; x_wconf 90' lang='lat' dir='ltr'><strong>sed</strong></span> <span class='ocrx_word' id='word_1_440' title='bbox 1009 3881 1204 3928; x_wconf 88' lang='lat' dir='ltr'><strong>unctos</strong></span> <span class='ocrx_word' id='word_1_441' title='bbox 1234 3871 1492 3926; x_wconf 85' lang='lat' dir='ltr'><strong>invisibili</strong></span> <span class='ocrx_word' id='word_1_442' title='bbox 1531 3879 1743 3926; x_wconf 90' lang='lat' dir='ltr'><strong>tantum</strong></span> <span class='ocrx_word' id='word_1_443' title='bbox 1763 3882 1814 3925; x_wconf 88' lang='lat' dir='ltr'><strong>et</strong></span> <span class='ocrx_word' id='word_1_444' title='bbox 1847 3873 2076 3942; x_wconf 91' lang='lat' dir='ltr'><strong>spiritali</strong></span> 
     </span>
    </p>
   </div>
   <div class='ocr_carea' id='block_1_58' title="bbox 469 3963 2078 4028">
    <p class='ocr_par' dir='ltr' id='par_1_58' title="bbox 469 3963 2078 4028">
     <span class='ocr_line' id='line_1_58' title="bbox 469 3963 2078 4028; baseline -0.004 -2"><span class='ocrx_word' id='word_1_445' title='bbox 469 3967 802 4026; x_wconf 84' lang='lat' dir='ltr'><strong>chrismate?</strong></span> <span class='ocrx_word' id='word_1_446' title='bbox 832 3965 1099 4021; x_wconf 85' lang='lat' dir='ltr'><strong>Similiter</strong></span> <span class='ocrx_word' id='word_1_447' title='bbox 1122 3965 1175 4019; x_wconf 87' lang='lat' dir='ltr'><strong>in</strong></span> <span class='ocrx_word' id='word_1_448' title='bbox 1227 3964 1408 4019; x_wconf 89' lang='lat' dir='ltr'><strong>Veteri</strong></span> <span class='ocrx_word' id='word_1_449' title='bbox 1451 3963 1821 4028; x_wconf 89' lang='lat' dir='ltr'><strong>Testamento,</strong></span> <span class='ocrx_word' id='word_1_450' title='bbox 1851 3979 1960 4018; x_wconf 88' lang='lat' dir='ltr'><strong>non</strong></span> <span class='ocrx_word' id='word_1_451' title='bbox 1989 3979 2078 4019; x_wconf 88' lang='lat' dir='ltr'><strong>so-</strong></span> 
     </span>
    </p>
   </div>
   <div class='ocr_carea' id='block_1_59' title="bbox 468 4054 2074 4125">
    <p class='ocr_par' dir='ltr' id='par_1_59' title="bbox 468 4054 2074 4125">
     <span class='ocr_line' id='line_1_59' title="bbox 468 4054 2074 4125; baseline -0.006 -7"><span class='ocrx_word' id='word_1_452' title='bbox 468 4063 582 4118; x_wconf 87' lang='lat' dir='ltr'><strong>lum</strong></span> <span class='ocrx_word' id='word_1_453' title='bbox 601 4073 793 4116; x_wconf 91' lang='lat' dir='ltr'><strong>omnes</strong></span> <span class='ocrx_word' id='word_1_454' title='bbox 822 4064 1045 4113; x_wconf 87' lang='lat' dir='ltr'><strong>sanctos</strong></span> <span class='ocrx_word' id='word_1_455' title='bbox 1077 4054 1443 4125; x_wconf 87' lang='lat' dir='ltr'><strong>patriarchas,</strong></span> <span class='ocrx_word' id='word_1_456' title='bbox 1476 4055 1572 4110; x_wconf 89' lang='lat' dir='ltr'><strong>sed</strong></span> <span class='ocrx_word' id='word_1_457' title='bbox 1602 4062 1660 4109; x_wconf 91' lang='lat' dir='ltr'><strong>et</strong></span> <span class='ocrx_word' id='word_1_458' title='bbox 1681 4054 1880 4110; x_wconf 91' lang='lat' dir='ltr'><strong>multos</strong></span> <span class='ocrx_word' id='word_1_459' title='bbox 1908 4055 2074 4109; x_wconf 77' lang='lat' dir='ltr'><strong>etiam</strong></span> 
     </span>
    </p>
   </div>
   <div class='ocr_carea' id='block_1_60' title="bbox 471 4143 2076 4223">
    <p class='ocr_par' dir='ltr' id='par_1_60' title="bbox 471 4143 2076 4223">
     <span class='ocr_line' id='line_1_60' title="bbox 471 4143 2076 4223; baseline -0.004 -17"><span class='ocrx_word' id='word_1_460' title='bbox 471 4153 527 4218; x_wconf 86' lang='lat' dir='ltr'><strong>in</strong></span> <span class='ocrx_word' id='word_1_461' title='bbox 556 4149 861 4223; x_wconf 79' lang='lat' dir='ltr'><strong>gentilitate</strong></span> <span class='ocrx_word' id='word_1_462' title='bbox 885 4146 1096 4218; x_wconf 90' lang='lat' dir='ltr'><strong>positos</strong></span> <span class='ocrx_word' id='word_1_463' title='bbox 1133 4145 1412 4200; x_wconf 89' lang='lat' dir='ltr'><strong>credimus</strong></span> <span class='ocrx_word' id='word_1_464' title='bbox 1462 4143 1724 4198; x_wconf 91' lang='lat' dir='ltr'><strong>invisibili</strong></span> <span class='ocrx_word' id='word_1_465' title='bbox 1778 4143 2076 4200; x_wconf 87' lang='lat' dir='ltr'><strong>chrismate</strong></span> 
     </span>
    </p>
   </div>
   <div class='ocr_carea' id='block_1_61' title="bbox 472 4235 2077 4309">
    <p class='ocr_par' dir='ltr' id='par_1_61' title="bbox 472 4235 2077 4309">
     <span class='ocr_line' id='line_1_61' title="bbox 472 4235 2077 4309; baseline -0.002 -13"><span class='ocrx_word' id='word_1_466' title='bbox 472 4249 696 4305; x_wconf 85' lang='lat' dir='ltr'><strong>unctos;</strong></span> <span class='ocrx_word' id='word_1_467' title='bbox 747 4253 846 4309; x_wconf 89' lang='lat' dir='ltr'><strong>per</strong></span> <span class='ocrx_word' id='word_1_468' title='bbox 895 4252 1062 4307; x_wconf 91' lang='lat' dir='ltr'><strong>quam</strong></span> <span class='ocrx_word' id='word_1_469' title='bbox 1101 4237 1413 4291; x_wconf 91' lang='lat' dir='ltr'><strong>unctionem</strong></span> <span class='ocrx_word' id='word_1_470' title='bbox 1461 4235 1706 4290; x_wconf 89' lang='lat' dir='ltr'><strong>membra</strong></span> <span class='ocrx_word' id='word_1_471' title='bbox 1764 4235 1969 4293; x_wconf 88' lang='lat' dir='ltr'><strong>Christi</strong></span> <span class='ocrx_word' id='word_1_472' title='bbox 2021 4247 2077 4293; x_wconf 90' lang='lat' dir='ltr'><strong>et</strong></span> 
     </span>
    </p>
   </div>
   <div class='ocr_carea' id='block_1_62' title="bbox 471 4324 2076 4399">
    <p class='ocr_par' dir='ltr' id='par_1_62' title="bbox 471 4324 2076 4399">
     <span class='ocr_line' id='line_1_62' title="bbox 471 4324 2076 4399; baseline -0.004 -11"><span class='ocrx_word' id='word_1_473' title='bbox 471 4346 640 4388; x_wconf 82' lang='lat' dir='ltr'><strong>unum</strong></span> <span class='ocrx_word' id='word_1_474' title='bbox 668 4343 867 4399; x_wconf 86' lang='lat' dir='ltr'><strong>corpus</strong></span> <span class='ocrx_word' id='word_1_475' title='bbox 903 4341 1026 4382; x_wconf 92' lang='lat' dir='ltr'><strong>cum</strong></span> <span class='ocrx_word' id='word_1_476' title='bbox 1058 4325 1312 4380; x_wconf 89' lang='lat' dir='ltr'><strong>omnibus</strong></span> <span class='ocrx_word' id='word_1_477' title='bbox 1345 4324 1412 4379; x_wconf 90' lang='lat' dir='ltr'><strong>ad</strong></span> <span class='ocrx_word' id='word_1_478' title='bbox 1441 4333 1706 4379; x_wconf 79' lang='lat' dir='ltr'><strong>:eternam</strong></span> <span class='ocrx_word' id='word_1_479' title='bbox 1735 4325 1903 4380; x_wconf 88' lang='lat' dir='ltr'><strong>vitam</strong></span> <span class='ocrx_word' id='word_1_480' title='bbox 1938 4343 2076 4397; x_wconf 73' lang='lat' dir='ltr'><strong>prae-</strong></span> 
     </span>
    </p>
   </div>
   <div class='ocr_carea' id='block_1_63' title="bbox 2189 1857 3790 1933">
    <p class='ocr_par' dir='ltr' id='par_1_63' title="bbox 2189 1857 3790 1933">
     <span class='ocr_line' id='line_1_63' title="bbox 2189 1857 3790 1933; baseline 0.005 -25"><span class='ocrx_word' id='word_1_481' title='bbox 2189 1864 2294 1909; x_wconf 88' lang='lat' dir='ltr'><strong>tres</strong></span> <span class='ocrx_word' id='word_1_482' title='bbox 2346 1857 2512 1910; x_wconf 85' lang='lat' dir='ltr'><strong>nostri</strong></span> <span class='ocrx_word' id='word_1_483' title='bbox 2560 1873 2738 1911; x_wconf 87' lang='lat' dir='ltr'><strong>omnes</strong></span> <span class='ocrx_word' id='word_1_484' title='bbox 2777 1857 2872 1911; x_wconf 87' lang='lat' dir='ltr'><strong>sub</strong></span> <span class='ocrx_word' id='word_1_485' title='bbox 2927 1858 3061 1912; x_wconf 87' lang='lat' dir='ltr'><strong>nube</strong></span> <span class='ocrx_word' id='word_1_486' title='bbox 3110 1859 3348 1928; x_wconf 76' lang='lat' dir='ltr'><strong>fuerunt,</strong></span> <span class='ocrx_word' id='word_1_487' title='bbox 3395 1875 3443 1914; x_wconf 88' lang='lat' dir='ltr'><strong>et</strong></span> <span class='ocrx_word' id='word_1_488' title='bbox 3469 1878 3652 1916; x_wconf 86' lang='lat' dir='ltr'><strong>omnes</strong></span> <span class='ocrx_word' id='word_1_489' title='bbox 3701 1880 3790 1933; x_wconf 73' lang='lat' dir='ltr'><strong>per</strong></span> 
     </span>
    </p>
   </div>
   <div class='ocr_carea' id='block_1_64' title="bbox 2187 1948 3786 2020">
    <p class='ocr_par' dir='ltr' id='par_1_64' title="bbox 2187 1948 3786 2020">
     <span class='ocr_line' id='line_1_64' title="bbox 2187 1948 3786 2020; baseline 0.004 -22"><span class='ocrx_word' id='word_1_490' title='bbox 2187 1962 2333 2000; x_wconf 86' lang='lat' dir='ltr'><strong>mare</strong></span> <span class='ocrx_word' id='word_1_491' title='bbox 2355 1948 2702 2014; x_wconf 87' lang='lat' dir='ltr'><strong>transierunt,</strong></span> <span class='ocrx_word' id='word_1_492' title='bbox 2736 1959 2784 2002; x_wconf 89' lang='lat' dir='ltr'><strong>et</strong></span> <span class='ocrx_word' id='word_1_493' title='bbox 2825 1964 3002 2003; x_wconf 86' lang='lat' dir='ltr'><strong>omnes</strong></span> <span class='ocrx_word' id='word_1_494' title='bbox 3032 1950 3088 2002; x_wconf 90' lang='lat' dir='ltr'><strong>in</strong></span> <span class='ocrx_word' id='word_1_495' title='bbox 3131 1948 3317 2020; x_wconf 80' lang='lat' dir='ltr'><strong>Moyse</strong></span> <span class='ocrx_word' id='word_1_496' title='bbox 3339 1950 3597 2020; x_wconf 74' lang='lat' dir='ltr'><strong>baptisati</strong></span> <span class='ocrx_word' id='word_1_497' title='bbox 3646 1964 3786 2014; x_wconf 82' lang='lat' dir='ltr'><strong>sunt,</strong></span> 
     </span>
    </p>
   </div>
   <div class='ocr_carea' id='block_1_65' title="bbox 2186 2038 3790 2113">
    <p class='ocr_par' dir='ltr' id='par_1_65' title="bbox 2186 2038 3790 2113">
     <span class='ocr_line' id='line_1_65' title="bbox 2186 2038 3790 2113; baseline 0.003 -21"><span class='ocrx_word' id='word_1_498' title='bbox 2186 2039 2243 2092; x_wconf 87' lang='lat' dir='ltr'><strong>in</strong></span> <span class='ocrx_word' id='word_1_499' title='bbox 2272 2038 2408 2094; x_wconf 85' lang='lat' dir='ltr'><strong>nube</strong></span> <span class='ocrx_word' id='word_1_500' title='bbox 2435 2048 2484 2094; x_wconf 91' lang='lat' dir='ltr'><strong>et</strong></span> <span class='ocrx_word' id='word_1_501' title='bbox 2523 2041 2580 2094; x_wconf 89' lang='lat' dir='ltr'><strong>in</strong></span> <span class='ocrx_word' id='word_1_502' title='bbox 2608 2041 2766 2106; x_wconf 89' lang='lat' dir='ltr'><strong>mari,</strong></span> <span class='ocrx_word' id='word_1_503' title='bbox 2795 2050 2843 2094; x_wconf 88' lang='lat' dir='ltr'><strong>et</strong></span> <span class='ocrx_word' id='word_1_504' title='bbox 2875 2057 3054 2095; x_wconf 88' lang='lat' dir='ltr'><strong>omnes</strong></span> <span class='ocrx_word' id='word_1_505' title='bbox 3081 2041 3317 2094; x_wconf 85' lang='lat' dir='ltr'><strong>eamdem</strong></span> <span class='ocrx_word' id='word_1_506' title='bbox 3369 2059 3542 2096; x_wconf 89' lang='lat' dir='ltr'><strong>escam</strong></span> <span class='ocrx_word' id='word_1_507' title='bbox 3572 2044 3790 2113; x_wconf 84' lang='lat' dir='ltr'><strong>spirita-</strong></span> 
     </span>
    </p>
   </div>
   <div class='ocr_carea' id='block_1_66' title="bbox 2185 2130 3786 2205">
    <p class='ocr_par' dir='ltr' id='par_1_66' title="bbox 2185 2130 3786 2205">
     <span class='ocr_line' id='line_1_66' title="bbox 2185 2130 3786 2205; baseline 0.002 -21"><span class='ocrx_word' id='word_1_508' title='bbox 2185 2130 2288 2185; x_wconf 85' lang='lat' dir='ltr'><strong>lem</strong></span> <span class='ocrx_word' id='word_1_509' title='bbox 2322 2132 2795 2197; x_wconf 84' lang='lat' dir='ltr'><strong>manducaverunt,</strong></span> <span class='ocrx_word' id='word_1_510' title='bbox 2828 2143 2875 2186; x_wconf 92' lang='lat' dir='ltr'><strong>et</strong></span> <span class='ocrx_word' id='word_1_511' title='bbox 2918 2149 3096 2186; x_wconf 79' lang='lat' dir='ltr'><strong>omnes</strong></span> <span class='ocrx_word' id='word_1_512' title='bbox 3128 2133 3370 2188; x_wconf 87' lang='lat' dir='ltr'><strong>eumdem</strong></span> <span class='ocrx_word' id='word_1_513' title='bbox 3398 2144 3584 2205; x_wconf 84' lang='lat' dir='ltr'><strong>potum</strong></span> <span class='ocrx_word' id='word_1_514' title='bbox 3630 2136 3786 2205; x_wconf 77' lang='lat' dir='ltr'><strong>spiri-</strong></span> 
     </span>
    </p>
   </div>
   <div class='ocr_carea' id='block_1_67' title="bbox 2186 2221 3790 2297">
    <p class='ocr_par' dir='ltr' id='par_1_67' title="bbox 2186 2221 3790 2297">
     <span class='ocr_line' id='line_1_67' title="bbox 2186 2221 3790 2297; baseline 0.003 -21"><span class='ocrx_word' id='word_1_515' title='bbox 2186 2221 2345 2276; x_wconf 88' lang='lat' dir='ltr'><strong>talem</strong></span> <span class='ocrx_word' id='word_1_516' title='bbox 2376 2222 2631 2278; x_wconf 87' lang='lat' dir='ltr'><strong>biberunt.</strong></span> <span class='ocrx_word' id='word_1_517' title='bbox 2665 2222 2836 2290; x_wconf 80' lang='lat' dir='ltr'><strong>Quem</strong></span> <span class='ocrx_word' id='word_1_518' title='bbox 2864 2223 3088 2293; x_wconf 87' lang='lat' dir='ltr'><strong>potum?</strong></span> <span class='ocrx_word' id='word_1_519' title='bbox 3115 2223 3268 2278; x_wconf 83' lang='lat' dir='ltr'><strong>illum</strong></span> <span class='ocrx_word' id='word_1_520' title='bbox 3301 2240 3463 2295; x_wconf 88' lang='lat' dir='ltr'><strong>quem</strong></span> <span class='ocrx_word' id='word_1_521' title='bbox 3514 2227 3571 2280; x_wconf 91' lang='lat' dir='ltr'><strong>in</strong></span> <span class='ocrx_word' id='word_1_522' title='bbox 3631 2242 3790 2297; x_wconf 81' lang='lat' dir='ltr'><strong>supe-</strong></span> 
     </span>
    </p>
   </div>
   <div class='ocr_carea' id='block_1_68' title="bbox 2186 2315 3786 2388">
    <p class='ocr_par' dir='ltr' id='par_1_68' title="bbox 2186 2315 3786 2388">
     <span class='ocr_line' id='line_1_68' title="bbox 2186 2315 3786 2388; baseline 0.003 -19"><span class='ocrx_word' id='word_1_523' title='bbox 2186 2315 2318 2370; x_wconf 88' lang='lat' dir='ltr'><strong>riori</strong></span> <span class='ocrx_word' id='word_1_524' title='bbox 2343 2316 2617 2371; x_wconf 87' lang='lat' dir='ltr'><strong>sententia</strong></span> <span class='ocrx_word' id='word_1_525' title='bbox 2643 2317 2930 2386; x_wconf 68' lang='lat' dir='ltr'><strong>praemisit,</strong></span> <span class='ocrx_word' id='word_1_526' title='bbox 2955 2333 3063 2371; x_wconf 89' lang='lat' dir='ltr'><strong>uno</strong></span> <span class='ocrx_word' id='word_1_527' title='bbox 3105 2317 3296 2388; x_wconf 87' lang='lat' dir='ltr'><strong>spiritu</strong></span> <span class='ocrx_word' id='word_1_528' title='bbox 3347 2320 3517 2388; x_wconf 87' lang='lat' dir='ltr'><strong>potati</strong></span> <span class='ocrx_word' id='word_1_529' title='bbox 3554 2336 3786 2376; x_wconf 82' lang='lat' dir='ltr'><strong>sumus:</strong></span> 
     </span>
    </p>
   </div>
   <div class='ocr_carea' id='block_1_69' title="bbox 2185 2406 3788 2478">
    <p class='ocr_par' dir='ltr' id='par_1_69' title="bbox 2185 2406 3788 2478">
     <span class='ocr_line' id='line_1_69' title="bbox 2185 2406 3788 2478; baseline 0.003 -17"><span class='ocrx_word' id='word_1_530' title='bbox 2185 2415 2242 2462; x_wconf 91' lang='lat' dir='ltr'><strong>et</strong></span> <span class='ocrx_word' id='word_1_531' title='bbox 2269 2422 2432 2477; x_wconf 89' lang='lat' dir='ltr'><strong>quam</strong></span> <span class='ocrx_word' id='word_1_532' title='bbox 2458 2422 2640 2462; x_wconf 86' lang='lat' dir='ltr'><strong>escam</strong></span> <span class='ocrx_word' id='word_1_533' title='bbox 2665 2406 2989 2476; x_wconf 90' lang='lat' dir='ltr'><strong>spiritalem,</strong></span> <span class='ocrx_word' id='word_1_534' title='bbox 3009 2408 3120 2478; x_wconf 79' lang='lat' dir='ltr'><strong>pisi</strong></span> <span class='ocrx_word' id='word_1_535' title='bbox 3149 2409 3635 2478; x_wconf 87' lang='lat' dir='ltr'><strong>participationem</strong></span> <span class='ocrx_word' id='word_1_536' title='bbox 3667 2427 3788 2466; x_wconf 84' lang='lat' dir='ltr'><strong>cor-</strong></span> 
     </span>
    </p>
   </div>
   <div class='ocr_carea' id='block_1_70' title="bbox 2184 2496 3786 2567">
    <p class='ocr_par' dir='ltr' id='par_1_70' title="bbox 2184 2496 3786 2567">
     <span class='ocr_line' id='line_1_70' title="bbox 2184 2496 3786 2567; baseline 0.003 -16"><span class='ocrx_word' id='word_1_537' title='bbox 2184 2497 2334 2567; x_wconf 88' lang='lat' dir='ltr'><strong>poris</strong></span> <span class='ocrx_word' id='word_1_538' title='bbox 2361 2496 2602 2551; x_wconf 89' lang='lat' dir='ltr'><strong>Christi?</strong></span> <span class='ocrx_word' id='word_1_539' title='bbox 2628 2497 2873 2567; x_wconf 86' lang='lat' dir='ltr'><strong>Denique</strong></span> <span class='ocrx_word' id='word_1_540' title='bbox 2898 2497 3194 2567; x_wconf 84' lang='lat' dir='ltr'><strong>Apostolus</strong></span> <span class='ocrx_word' id='word_1_541' title='bbox 3225 2499 3358 2553; x_wconf 88' lang='lat' dir='ltr'><strong>dicit</strong></span> <span class='ocrx_word' id='word_1_542' title='bbox 3382 2517 3394 2552; x_wconf 93' lang='lat'>:</span> <span class='ocrx_word' id='word_1_543' title='bbox 3427 2497 3628 2555; x_wconf 84' lang='lat' dir='ltr'><strong>Omnes</strong></span> <span class='ocrx_word' id='word_1_544' title='bbox 3649 2504 3786 2557; x_wconf 82' lang='lat' dir='ltr'><strong>enim</strong></span> 
     </span>
    </p>
   </div>
   <div class='ocr_carea' id='block_1_71' title="bbox 2183 2587 3787 2658">
    <p class='ocr_par' dir='ltr' id='par_1_71' title="bbox 2183 2587 3787 2658">
     <span class='ocr_line' id='line_1_71' title="bbox 2183 2587 3787 2658; baseline 0.002 -14"><span class='ocrx_word' id='word_1_545' title='bbox 2183 2606 2275 2644; x_wconf 79' lang='lat' dir='ltr'><strong>vos</strong></span> <span class='ocrx_word' id='word_1_546' title='bbox 2297 2606 2460 2643; x_wconf 89' lang='lat' dir='ltr'><strong>unum</strong></span> <span class='ocrx_word' id='word_1_547' title='bbox 2488 2590 2612 2644; x_wconf 74' lang='lat' dir='ltr'><strong>esJis</strong></span> <span class='ocrx_word' id='word_1_548' title='bbox 2638 2591 2695 2644; x_wconf 88' lang='lat' dir='ltr'><strong>in</strong></span> <span class='ocrx_word' id='word_1_549' title='bbox 2727 2587 2937 2644; x_wconf 88' lang='lat' dir='ltr'><strong>Christo</strong></span> <span class='ocrx_word' id='word_1_550' title='bbox 2961 2589 3116 2644; x_wconf 73' lang='lat' dir='ltr'><strong>Iesu.</strong></span> <span class='ocrx_word' id='word_1_551' title='bbox 3143 2589 3207 2644; x_wconf 86' lang='lat' dir='ltr'><strong>Si</strong></span> <span class='ocrx_word' id='word_1_552' title='bbox 3236 2601 3410 2645; x_wconf 90' lang='lat' dir='ltr'><strong>autem</strong></span> <span class='ocrx_word' id='word_1_553' title='bbox 3440 2609 3528 2647; x_wconf 88' lang='lat' dir='ltr'><strong>vos</strong></span> <span class='ocrx_word' id='word_1_554' title='bbox 3559 2591 3787 2658; x_wconf 73' lang='lat' dir='ltr'><strong>Christi,</strong></span> 
     </span>
    </p>
   </div>
   <div class='ocr_carea' id='block_1_72' title="bbox 2184 2681 3784 2754">
    <p class='ocr_par' dir='ltr' id='par_1_72' title="bbox 2184 2681 3784 2754">
     <span class='ocr_line' id='line_1_72' title="bbox 2184 2681 3784 2754; baseline 0.005 -19"><span class='ocrx_word' id='word_1_555' title='bbox 2184 2698 2307 2752; x_wconf 87' lang='lat' dir='ltr'><strong>ergo</strong></span> <span class='ocrx_word' id='word_1_556' title='bbox 2344 2681 2572 2736; x_wconf 70' lang='lat' dir='ltr'><strong>Abrahae</strong></span> <span class='ocrx_word' id='word_1_557' title='bbox 2609 2698 2784 2736; x_wconf 88' lang='lat' dir='ltr'><strong>semen</strong></span> <span class='ocrx_word' id='word_1_558' title='bbox 2809 2683 2954 2736; x_wconf 87' lang='lat' dir='ltr'><strong>estis.</strong></span> <span class='ocrx_word' id='word_1_559' title='bbox 2996 2682 3181 2738; x_wconf 83' lang='lat' dir='ltr'><strong>Et-vos</strong></span> <span class='ocrx_word' id='word_1_560' title='bbox 3203 2683 3416 2749; x_wconf 90' lang='lat' dir='ltr'><strong>dicitis,</strong></span> <span class='ocrx_word' id='word_1_561' title='bbox 3445 2686 3576 2754; x_wconf 89' lang='lat' dir='ltr'><strong>quia</strong></span> <span class='ocrx_word' id='word_1_562' title='bbox 3607 2687 3784 2743; x_wconf 65' lang='lat' dir='ltr'><strong>Abra-</strong></span> 
     </span>
    </p>
   </div>
   <div class='ocr_carea' id='block_1_73' title="bbox 2185 2774 3787 2841">
    <p class='ocr_par' dir='ltr' id='par_1_73' title="bbox 2185 2774 3787 2841">
     <span class='ocr_line' id='line_1_73' title="bbox 2185 2774 3787 2841; baseline 0.004 -11"><span class='ocrx_word' id='word_1_563' title='bbox 2185 2776 2311 2830; x_wconf 83' lang='lat' dir='ltr'><strong>ham</strong></span> <span class='ocrx_word' id='word_1_564' title='bbox 2339 2791 2448 2830; x_wconf 90' lang='lat' dir='ltr'><strong>non</strong></span> <span class='ocrx_word' id='word_1_565' title='bbox 2474 2775 2577 2831; x_wconf 81' lang='lat' dir='ltr'><strong>fuit</strong></span> <span class='ocrx_word' id='word_1_566' title='bbox 2598 2774 2962 2841; x_wconf 89' lang='lat' dir='ltr'><strong>Christianus,</strong></span> <span class='ocrx_word' id='word_1_567' title='bbox 3010 2791 3133 2830; x_wconf 92' lang='lat' dir='ltr'><strong>cum</strong></span> <span class='ocrx_word' id='word_1_568' title='bbox 3170 2792 3270 2832; x_wconf 91' lang='lat' dir='ltr'><strong>nos</strong></span> <span class='ocrx_word' id='word_1_569' title='bbox 3314 2775 3620 2834; x_wconf 89' lang='lat' dir='ltr'><strong>Christiani</strong></span> <span class='ocrx_word' id='word_1_570' title='bbox 3667 2797 3787 2836; x_wconf 84' lang='lat' dir='ltr'><strong>esse</strong></span> 
     </span>
    </p>
   </div>
   <div class='ocr_carea' id='block_1_74' title="bbox 2183 2865 3788 2940">
    <p class='ocr_par' dir='ltr' id='par_1_74' title="bbox 2183 2865 3788 2940">
     <span class='ocr_line' id='line_1_74' title="bbox 2183 2865 3788 2940; baseline 0.003 -20"><span class='ocrx_word' id='word_1_571' title='bbox 2183 2881 2291 2920; x_wconf 91' lang='lat' dir='ltr'><strong>non</strong></span> <span class='ocrx_word' id='word_1_572' title='bbox 2315 2867 2607 2935; x_wconf 88' lang='lat' dir='ltr'><strong>possimus,</strong></span> <span class='ocrx_word' id='word_1_573' title='bbox 2633 2865 2738 2920; x_wconf 91' lang='lat' dir='ltr'><strong>nisi</strong></span> <span class='ocrx_word' id='word_1_574' title='bbox 2761 2865 3062 2921; x_wconf 88' lang='lat' dir='ltr'><strong>eﬁieiamur</strong></span> <span class='ocrx_word' id='word_1_575' title='bbox 3094 2882 3280 2921; x_wconf 89' lang='lat' dir='ltr'><strong>semen</strong></span> <span class='ocrx_word' id='word_1_576' title='bbox 3323 2866 3602 2923; x_wconf 69' lang='lat' dir='ltr'><strong>Abrahte?</strong></span> <span class='ocrx_word' id='word_1_577' title='bbox 3650 2872 3788 2940; x_wconf 83' lang='lat' dir='ltr'><strong>Apo-</strong></span> 
     </span>
    </p>
   </div>
   <div class='ocr_carea' id='block_1_75' title="bbox 2182 2955 3798 3026">
    <p class='ocr_par' dir='ltr' id='par_1_75' title="bbox 2182 2955 3798 3026">
     <span class='ocr_line' id='line_1_75' title="bbox 2182 2955 3798 3026; baseline 0.003 -16"><span class='ocrx_word' id='word_1_578' title='bbox 2182 2957 2356 3011; x_wconf 88' lang='lat' dir='ltr'><strong>stolus</strong></span> <span class='ocrx_word' id='word_1_579' title='bbox 2385 2957 2516 3010; x_wconf 89' lang='lat' dir='ltr'><strong>dicit</strong></span> <span class='ocrx_word' id='word_1_580' title='bbox 2545 2973 2558 3008; x_wconf 88' lang='lat'><strong>:</strong></span> <span class='ocrx_word' id='word_1_581' title='bbox 2593 2955 2820 3009; x_wconf 65' lang='lat' dir='ltr'><strong>Abrahae</strong></span> <span class='ocrx_word' id='word_1_582' title='bbox 2846 2957 3003 3009; x_wconf 71' lang='lat' dir='ltr'><strong>dicta:</strong></span> <span class='ocrx_word' id='word_1_583' title='bbox 3030 2964 3152 3009; x_wconf 86' lang='lat' dir='ltr'><strong>sunt</strong></span> <span class='ocrx_word' id='word_1_584' title='bbox 3188 2958 3594 3026; x_wconf 86' lang='lat' dir='ltr'><strong>promissiones,</strong></span> <span class='ocrx_word' id='word_1_585' title='bbox 3626 2970 3675 3014; x_wconf 83' lang='lat' dir='ltr'><strong>et</strong></span> <span class='ocrx_word' id='word_1_586' title='bbox 3709 2977 3798 3014; x_wconf 86' lang='lat' dir='ltr'><strong>se-.</strong></span> 
     </span>
    </p>
   </div>
   <div class='ocr_carea' id='block_1_76' title="bbox 2182 3045 3784 3119">
    <p class='ocr_par' dir='ltr' id='par_1_76' title="bbox 2182 3045 3784 3119">
     <span class='ocr_line' id='line_1_76' title="bbox 2182 3045 3784 3119; baseline 0.004 -17"><span class='ocrx_word' id='word_1_587' title='bbox 2182 3051 2312 3102; x_wconf 88' lang='lat' dir='ltr'><strong>mini</strong></span> <span class='ocrx_word' id='word_1_588' title='bbox 2341 3049 2478 3118; x_wconf 86' lang='lat' dir='ltr'><strong>ejus,</strong></span> <span class='ocrx_word' id='word_1_589' title='bbox 2509 3049 2600 3119; x_wconf 87' lang='lat' dir='ltr'><strong>qui</strong></span> <span class='ocrx_word' id='word_1_590' title='bbox 2623 3057 2698 3101; x_wconf 87' lang='lat' dir='ltr'><strong>est</strong></span> <span class='ocrx_word' id='word_1_591' title='bbox 2745 3045 3007 3102; x_wconf 85' lang='lat' dir='ltr'><strong><em>Christus.</em></strong></span> <span class='ocrx_word' id='word_1_592' title='bbox 3054 3048 3118 3102; x_wconf 84' lang='lat' dir='ltr'><strong>Et</strong></span> <span class='ocrx_word' id='word_1_593' title='bbox 3148 3065 3243 3104; x_wconf 86' lang='lat' dir='ltr'><strong>vos</strong></span> <span class='ocrx_word' id='word_1_594' title='bbox 3273 3050 3456 3105; x_wconf 87' lang='lat' dir='ltr'><strong>dicitis</strong></span> <span class='ocrx_word' id='word_1_595' title='bbox 3501 3052 3784 3108; x_wconf 79' lang='lat' dir='ltr'><strong>Abraham</strong></span> 
     </span>
    </p>
   </div>
   <div class='ocr_carea' id='block_1_77' title="bbox 2105 3120 3785 3214">
    <p class='ocr_par' dir='ltr' id='par_1_77' title="bbox 2105 3120 3785 3214">
     <span class='ocr_line' id='line_1_77' title="bbox 2105 3120 3785 3214; baseline 0.004 -21"><span class='ocrx_word' id='word_1_596' title='bbox 2105 3120 2150 3182; x_wconf 68' lang='grc' dir='ltr'>Ο</span> <span class='ocrx_word' id='word_1_597' title='bbox 2186 3139 2352 3194; x_wconf 54' lang='lat' dir='ltr'><strong>fuisse</strong></span> <span class='ocrx_word' id='word_1_598' title='bbox 2374 3140 2492 3194; x_wconf 87' lang='lat' dir='ltr'><strong>sine</strong></span> <span class='ocrx_word' id='word_1_599' title='bbox 2514 3137 2755 3194; x_wconf 86' lang='lat' dir='ltr'><strong>Christo.</strong></span> <span class='ocrx_word' id='word_1_600' title='bbox 2776 3138 3068 3209; x_wconf 86' lang='lat' dir='ltr'><strong>Apostolus</strong></span> <span class='ocrx_word' id='word_1_601' title='bbox 3101 3141 3179 3194; x_wconf 88' lang='lat' dir='ltr'><strong>ait</strong></span> <span class='ocrx_word' id='word_1_602' title='bbox 3207 3160 3220 3194; x_wconf 86' lang='lat'><strong>:</strong></span> <span class='ocrx_word' id='word_1_603' title='bbox 3247 3140 3425 3211; x_wconf 86' lang='lat' dir='ltr'><strong>Igitur</strong></span> <span class='ocrx_word' id='word_1_604' title='bbox 3449 3143 3542 3214; x_wconf 88' lang='lat' dir='ltr'><strong>qui</strong></span> <span class='ocrx_word' id='word_1_605' title='bbox 3578 3161 3647 3198; x_wconf 78' lang='lat' dir='ltr'><strong>ex</strong></span> <span class='ocrx_word' id='word_1_606' title='bbox 3679 3145 3785 3213; x_wconf 77' lang='lat' dir='ltr'><strong>ﬁde</strong></span> 
     </span>
    </p>
   </div>
   <div class='ocr_carea' id='block_1_78' title="bbox 2185 3229 3780 3297">
    <p class='ocr_par' dir='ltr' id='par_1_78' title="bbox 2185 3229 3780 3297">
     <span class='ocr_line' id='line_1_78' title="bbox 2185 3229 3780 3297; baseline 0.004 -14"><span class='ocrx_word' id='word_1_607' title='bbox 2185 3240 2330 3294; x_wconf 62' lang='lat' dir='ltr'><strong>sunt,</strong></span> <span class='ocrx_word' id='word_1_608' title='bbox 2372 3230 2739 3283; x_wconf 85' lang='lat' dir='ltr'><strong>benedicentur</strong></span> <span class='ocrx_word' id='word_1_609' title='bbox 2779 3245 2897 3282; x_wconf 87' lang='lat' dir='ltr'><strong>cum</strong></span> <span class='ocrx_word' id='word_1_610' title='bbox 2921 3229 3069 3297; x_wconf 81' lang='lat' dir='ltr'><strong>ﬁdeli</strong></span> <span class='ocrx_word' id='word_1_611' title='bbox 3097 3230 3390 3285; x_wconf 83' lang='lat' dir='ltr'><strong>Abraham.</strong></span> <span class='ocrx_word' id='word_1_612' title='bbox 3433 3232 3502 3286; x_wconf 88' lang='lat' dir='ltr'><strong>Et</strong></span> <span class='ocrx_word' id='word_1_613' title='bbox 3539 3235 3780 3289; x_wconf 83' lang='lat' dir='ltr'><strong>iterum:</strong></span> 
     </span>
    </p>
   </div>
   <div class='ocr_carea' id='block_1_79' title="bbox 2186 3321 3785 3397">
    <p class='ocr_par' dir='ltr' id='par_1_79' title="bbox 2186 3321 3785 3397">
     <span class='ocr_line' id='line_1_79' title="bbox 2186 3321 3785 3397; baseline 0.003 -20"><span class='ocrx_word' id='word_1_614' title='bbox 2186 3322 2424 3377; x_wconf 85' lang='lat' dir='ltr'><strong>Christus</strong></span> <span class='ocrx_word' id='word_1_615' title='bbox 2449 3339 2541 3376; x_wconf 90' lang='lat' dir='ltr'><strong>nos</strong></span> <span class='ocrx_word' id='word_1_616' title='bbox 2577 3321 2792 3375; x_wconf 64' lang='lat' dir='ltr'><strong>redemit</strong></span> <span class='ocrx_word' id='word_1_617' title='bbox 2832 3322 2896 3375; x_wconf 88' lang='lat' dir='ltr'><strong>de</strong></span> <span class='ocrx_word' id='word_1_618' title='bbox 2943 3321 3225 3375; x_wconf 85' lang='lat' dir='ltr'><strong>maledicto</strong></span> <span class='ocrx_word' id='word_1_619' title='bbox 3272 3322 3424 3394; x_wconf 86' lang='lat' dir='ltr'><strong>legis,</strong></span> <span class='ocrx_word' id='word_1_620' title='bbox 3468 3324 3650 3393; x_wconf 78' lang='lat' dir='ltr'><strong>factus</strong></span> <span class='ocrx_word' id='word_1_621' title='bbox 3688 3344 3785 3397; x_wconf 79' lang='lat' dir='ltr'><strong>pro</strong></span> 
     </span>
    </p>
   </div>
   <div class='ocr_carea' id='block_1_80' title="bbox 2185 3400 3785 3483">
    <p class='ocr_par' dir='ltr' id='par_1_80' title="bbox 2185 3400 3785 3483">
     <span class='ocr_line' id='line_1_80' title="bbox 2185 3400 3785 3483; baseline 0.004 -17"><span class='ocrx_word' id='word_1_622' title='bbox 2185 3413 2331 3466; x_wconf 89' lang='lat' dir='ltr'><strong>nobis</strong></span> <span class='ocrx_word' id='word_1_623' title='bbox 2363 3411 2722 3476; x_wconf 87' lang='lat' dir='ltr'><strong>maledictum,</strong></span> <span class='ocrx_word' id='word_1_624' title='bbox 2751 3421 2806 3465; x_wconf 88' lang='lat' dir='ltr'><strong>ut</strong></span> <span class='ocrx_word' id='word_1_625' title='bbox 2835 3412 2889 3465; x_wconf 90' lang='lat' dir='ltr'><strong>in</strong></span> <span class='ocrx_word' id='word_1_626' title='bbox 2915 3400 3154 3483; x_wconf 83' lang='lat' dir='ltr'><strong>gentibus</strong></span> <span class='ocrx_word' id='word_1_627' title='bbox 3206 3413 3498 3469; x_wconf 85' lang='lat' dir='ltr'><strong>benedictio</strong></span> <span class='ocrx_word' id='word_1_628' title='bbox 3548 3417 3785 3471; x_wconf 67' lang='lat' dir='ltr'><strong>Abrahae</strong></span> 
     </span>
    </p>
   </div>
   <div class='ocr_carea' id='block_1_81' title="bbox 2182 3487 3786 3577">
    <p class='ocr_par' dir='ltr' id='par_1_81' title="bbox 2182 3487 3786 3577">
     <span class='ocr_line' id='line_1_81' title="bbox 2182 3487 3786 3577; baseline 0.002 -19"><span class='ocrx_word' id='word_1_629' title='bbox 2182 3505 2331 3573; x_wconf 83' lang='lat' dir='ltr'><strong>ﬁeret</strong></span> <span class='ocrx_word' id='word_1_630' title='bbox 2357 3506 2414 3558; x_wconf 89' lang='lat' dir='ltr'><strong>in</strong></span> <span class='ocrx_word' id='word_1_631' title='bbox 2440 3487 2648 3558; x_wconf 85' lang='lat' dir='ltr'><strong>Christo</strong></span> <span class='ocrx_word' id='word_1_632' title='bbox 2672 3503 2825 3568; x_wconf 86' lang='lat' dir='ltr'><strong>Jesu,</strong></span> <span class='ocrx_word' id='word_1_633' title='bbox 2860 3514 2913 3556; x_wconf 90' lang='lat' dir='ltr'><strong>ut</strong></span> <span class='ocrx_word' id='word_1_634' title='bbox 2953 3503 3390 3571; x_wconf 84' lang='lat' dir='ltr'><strong>pollicitationem</strong></span> <span class='ocrx_word' id='word_1_635' title='bbox 3427 3505 3666 3577; x_wconf 85' lang='lat' dir='ltr'><strong>Spiritus</strong></span> <span class='ocrx_word' id='word_1_636' title='bbox 3693 3526 3786 3562; x_wconf 83' lang='lat' dir='ltr'><strong>ac-</strong></span> 
     </span>
    </p>
   </div>
   <div class='ocr_carea' id='block_1_82' title="bbox 2182 3594 3786 3665">
    <p class='ocr_par' dir='ltr' id='par_1_82' title="bbox 2182 3594 3786 3665">
     <span class='ocr_line' id='line_1_82' title="bbox 2182 3594 3786 3665; baseline 0.004 -17"><span class='ocrx_word' id='word_1_637' title='bbox 2182 3597 2440 3665; x_wconf 82' lang='lat' dir='ltr'><strong>cipiamus</strong></span> <span class='ocrx_word' id='word_1_638' title='bbox 2459 3612 2552 3665; x_wconf 83' lang='lat' dir='ltr'><strong>per</strong></span> <span class='ocrx_word' id='word_1_639' title='bbox 2579 3595 2757 3662; x_wconf 74' lang='lat' dir='ltr'><strong>ﬁdem.</strong></span> <span class='ocrx_word' id='word_1_640' title='bbox 2789 3594 2854 3648; x_wconf 84' lang='lat' dir='ltr'><strong>Et</strong></span> <span class='ocrx_word' id='word_1_641' title='bbox 2875 3609 2970 3648; x_wconf 75' lang='lat' dir='ltr'><strong>vos</strong></span> <span class='ocrx_word' id='word_1_642' title='bbox 3002 3594 3183 3648; x_wconf 91' lang='lat' dir='ltr'><strong>dicitis</strong></span> <span class='ocrx_word' id='word_1_643' title='bbox 3214 3602 3326 3648; x_wconf 89' lang='lat' dir='ltr'><strong>tam</strong></span> <span class='ocrx_word' id='word_1_644' title='bbox 3351 3597 3568 3652; x_wconf 81' lang='lat' dir='ltr'><strong>diversa</strong></span> <span class='ocrx_word' id='word_1_645' title='bbox 3621 3599 3786 3653; x_wconf 81' lang='lat' dir='ltr'><strong>bene-</strong></span> 
     </span>
    </p>
   </div>
   <div class='ocr_carea' id='block_1_83' title="bbox 2181 3687 3785 3754">
    <p class='ocr_par' dir='ltr' id='par_1_83' title="bbox 2181 3687 3785 3754">
     <span class='ocr_line' id='line_1_83' title="bbox 2181 3687 3785 3754; baseline 0.001 -9"><span class='ocrx_word' id='word_1_646' title='bbox 2181 3690 2417 3745; x_wconf 80' lang='lat' dir='ltr'><strong>dictione</strong></span> <span class='ocrx_word' id='word_1_647' title='bbox 2439 3688 2718 3744; x_wconf 80' lang='lat' dir='ltr'><strong>Abraham</strong></span> <span class='ocrx_word' id='word_1_648' title='bbox 2749 3696 2804 3743; x_wconf 93' lang='lat' dir='ltr'><strong>et</strong></span> <span class='ocrx_word' id='word_1_649' title='bbox 2849 3703 2950 3742; x_wconf 85' lang='lat' dir='ltr'><strong>nos</strong></span> <span class='ocrx_word' id='word_1_650' title='bbox 2978 3687 3317 3754; x_wconf 90' lang='lat' dir='ltr'><strong>benedictos,</strong></span> <span class='ocrx_word' id='word_1_651' title='bbox 3347 3690 3513 3744; x_wconf 88' lang='lat' dir='ltr'><strong>etiam</strong></span> <span class='ocrx_word' id='word_1_652' title='bbox 3557 3691 3785 3746; x_wconf 85' lang='lat' dir='ltr'><strong>diverso</strong></span> 
     </span>
    </p>
   </div>
   <div class='ocr_carea' id='block_1_84' title="bbox 2180 3780 3783 3852">
    <p class='ocr_par' dir='ltr' id='par_1_84' title="bbox 2180 3780 3783 3852">
     <span class='ocr_line' id='line_1_84' title="bbox 2180 3780 3783 3852; baseline 0.001 -14"><span class='ocrx_word' id='word_1_653' title='bbox 2180 3783 2373 3852; x_wconf 87' lang='lat' dir='ltr'><strong>spiritu</strong></span> <span class='ocrx_word' id='word_1_654' title='bbox 2400 3792 2616 3847; x_wconf 82' lang='lat' dir='ltr'><strong>unctos,</strong></span> <span class='ocrx_word' id='word_1_655' title='bbox 2654 3791 2715 3836; x_wconf 89' lang='lat' dir='ltr'><strong>ut</strong></span> <span class='ocrx_word' id='word_1_656' title='bbox 2760 3781 2846 3835; x_wconf 88' lang='lat' dir='ltr'><strong>ille</strong></span> <span class='ocrx_word' id='word_1_657' title='bbox 2895 3780 3148 3837; x_wconf 88' lang='lat' dir='ltr'><strong>Christus</strong></span> <span class='ocrx_word' id='word_1_658' title='bbox 3193 3785 3436 3852; x_wconf 87' lang='lat' dir='ltr'><strong>potuerit</strong></span> <span class='ocrx_word' id='word_1_659' title='bbox 3471 3800 3619 3851; x_wconf 84' lang='lat' dir='ltr'><strong>esse,</strong></span> <span class='ocrx_word' id='word_1_660' title='bbox 3676 3802 3783 3841; x_wconf 91' lang='lat' dir='ltr'><strong>non</strong></span> 
     </span>
    </p>
   </div>
   <div class='ocr_carea' id='block_1_85' title="bbox 2177 3871 3783 3942">
    <p class='ocr_par' dir='ltr' id='par_1_85' title="bbox 2177 3871 3783 3942">
     <span class='ocr_line' id='line_1_85' title="bbox 2177 3871 3783 3942; baseline 0.001 -13"><span class='ocrx_word' id='word_1_661' title='bbox 2177 3875 2543 3936; x_wconf 85' lang='lat' dir='ltr'><strong>Christianus,</strong></span> <span class='ocrx_word' id='word_1_662' title='bbox 2586 3887 2791 3942; x_wconf 88' lang='lat' dir='ltr'><strong>nosque</strong></span> <span class='ocrx_word' id='word_1_663' title='bbox 2818 3871 3119 3928; x_wconf 87' lang='lat' dir='ltr'><strong>Christiani</strong></span> <span class='ocrx_word' id='word_1_664' title='bbox 3161 3875 3436 3942; x_wconf 86' lang='lat' dir='ltr'><strong>possimus</strong></span> <span class='ocrx_word' id='word_1_665' title='bbox 3473 3891 3620 3940; x_wconf 86' lang='lat' dir='ltr'><strong>esse,</strong></span> <span class='ocrx_word' id='word_1_666' title='bbox 3675 3893 3783 3932; x_wconf 89' lang='lat' dir='ltr'><strong>nou</strong></span> 
     </span>
    </p>
   </div>
   <div class='ocr_carea' id='block_1_86' title="bbox 2180 3964 2454 4019">
    <p class='ocr_par' dir='ltr' id='par_1_86' title="bbox 2180 3964 2454 4019">
     <span class='ocr_line' id='line_1_86' title="bbox 2180 3964 2454 4019; baseline -0.004 0"><span class='ocrx_word' id='word_1_667' title='bbox 2180 3964 2454 4019; x_wconf 89' lang='lat' dir='ltr'><strong>Christus.</strong></span> 
     </span>
    </p>
   </div>
   <div class='ocr_carea' id='block_1_87' title="bbox 2253 4055 3784 4129">
    <p class='ocr_par' dir='ltr' id='par_1_87' title="bbox 2253 4055 3784 4129">
     <span class='ocr_line' id='line_1_87' title="bbox 2253 4055 3784 4129; baseline 0.005 -19"><span class='ocrx_word' id='word_1_668' title='bbox 2253 4055 2395 4110; x_wconf 77' lang='lat' dir='ltr'><strong>XXI.</strong></span> <span class='ocrx_word' id='word_1_669' title='bbox 2433 4055 2724 4124; x_wconf 83' lang='lat' dir='ltr'><strong>Apostolus</strong></span> <span class='ocrx_word' id='word_1_670' title='bbox 2761 4055 2891 4110; x_wconf 92' lang='lat' dir='ltr'><strong>dicit</strong></span> <span class='ocrx_word' id='word_1_671' title='bbox 2912 4055 3038 4125; x_wconf 88' lang='lat' dir='ltr'><strong>quia</strong></span> <span class='ocrx_word' id='word_1_672' title='bbox 3065 4055 3210 4111; x_wconf 89' lang='lat' dir='ltr'><strong>Deus</strong></span> <span class='ocrx_word' id='word_1_673' title='bbox 3235 4056 3398 4112; x_wconf 90' lang='lat' dir='ltr'><strong>Pater</strong></span> <span class='ocrx_word' id='word_1_674' title='bbox 3427 4060 3784 4129; x_wconf 86' lang='lat' dir='ltr'><strong>omnipotens</strong></span> 
     </span>
    </p>
   </div>
   <div class='ocr_carea' id='block_1_88' title="bbox 2180 4143 3781 4214">
    <p class='ocr_par' dir='ltr' id='par_1_88' title="bbox 2180 4143 3781 4214">
     <span class='ocr_line' id='line_1_88' title="bbox 2180 4143 3781 4214; baseline 0.004 -15"><span class='ocrx_word' id='word_1_675' title='bbox 2180 4146 2363 4200; x_wconf 90' lang='lat' dir='ltr'><strong>omnia</strong></span> <span class='ocrx_word' id='word_1_676' title='bbox 2410 4143 2640 4213; x_wconf 87' lang='lat' dir='ltr'><strong>subjecit</strong></span> <span class='ocrx_word' id='word_1_677' title='bbox 2683 4144 2783 4198; x_wconf 90' lang='lat' dir='ltr'><strong>sub</strong></span> <span class='ocrx_word' id='word_1_678' title='bbox 2826 4145 3055 4214; x_wconf 86' lang='lat' dir='ltr'><strong>pedibus</strong></span> <span class='ocrx_word' id='word_1_679' title='bbox 3097 4145 3221 4200; x_wconf 89' lang='lat' dir='ltr'><strong>Filii</strong></span> <span class='ocrx_word' id='word_1_680' title='bbox 3259 4149 3342 4202; x_wconf 89' lang='lat' dir='ltr'><strong>sui</strong></span> <span class='ocrx_word' id='word_1_681' title='bbox 3390 4147 3602 4203; x_wconf 85' lang='lat' dir='ltr'><strong>Domini</strong></span> <span class='ocrx_word' id='word_1_682' title='bbox 3648 4149 3781 4206; x_wconf 84' lang='lat' dir='ltr'><strong>Jesu</strong></span> 
     </span>
    </p>
   </div>
   <div class='ocr_carea' id='block_1_89' title="bbox 2179 4235 3782 4308">
    <p class='ocr_par' dir='ltr' id='par_1_89' title="bbox 2179 4235 3782 4308">
     <span class='ocr_line' id='line_1_89' title="bbox 2179 4235 3782 4308; baseline 0.003 -16"><span class='ocrx_word' id='word_1_683' title='bbox 2179 4236 2402 4302; x_wconf 87' lang='lat' dir='ltr'><strong>Christi,</strong></span> <span class='ocrx_word' id='word_1_684' title='bbox 2436 4246 2484 4291; x_wconf 87' lang='lat' dir='ltr'><strong>et</strong></span> <span class='ocrx_word' id='word_1_685' title='bbox 2509 4238 2680 4306; x_wconf 86' lang='lat' dir='ltr'><strong>ipsum</strong></span> <span class='ocrx_word' id='word_1_686' title='bbox 2706 4235 2847 4290; x_wconf 91' lang='lat' dir='ltr'><strong>dedit</strong></span> <span class='ocrx_word' id='word_1_687' title='bbox 2873 4245 3030 4305; x_wconf 83' lang='lat' dir='ltr'><strong>caput</strong></span> <span class='ocrx_word' id='word_1_688' title='bbox 3046 4253 3204 4306; x_wconf 87' lang='lat' dir='ltr'><strong>super</strong></span> <span class='ocrx_word' id='word_1_689' title='bbox 3226 4256 3430 4294; x_wconf 88' lang='lat' dir='ltr'><strong>omnent</strong></span> <span class='ocrx_word' id='word_1_690' title='bbox 3458 4240 3782 4308; x_wconf 82' lang='lat' dir='ltr'><strong>Ecclesiam,</strong></span> 
     </span>
    </p>
   </div>
   <div class='ocr_carea' id='block_1_90' title="bbox 2179 4325 3784 4401">
    <p class='ocr_par' dir='ltr' id='par_1_90' title="bbox 2179 4325 3784 4401">
     <span class='ocr_line' id='line_1_90' title="bbox 2179 4325 3784 4401; baseline 0.004 -20"><span class='ocrx_word' id='word_1_691' title='bbox 2179 4343 2296 4397; x_wconf 72' lang='lat' dir='ltr'><strong>quae</strong></span> <span class='ocrx_word' id='word_1_692' title='bbox 2331 4336 2407 4380; x_wconf 85' lang='lat' dir='ltr'><strong>est</strong></span> <span class='ocrx_word' id='word_1_693' title='bbox 2449 4341 2638 4395; x_wconf 86' lang='lat' dir='ltr'><strong>corpus</strong></span> <span class='ocrx_word' id='word_1_694' title='bbox 2678 4325 2864 4395; x_wconf 88' lang='lat' dir='ltr'><strong>ipsius,</strong></span> <span class='ocrx_word' id='word_1_695' title='bbox 2899 4334 2946 4381; x_wconf 84' lang='lat' dir='ltr'><strong>et</strong></span> <span class='ocrx_word' id='word_1_696' title='bbox 2987 4325 3260 4395; x_wconf 89' lang='lat' dir='ltr'><strong>plenitudo</strong></span> <span class='ocrx_word' id='word_1_697' title='bbox 3290 4329 3405 4398; x_wconf 86' lang='lat' dir='ltr'><strong>ejus</strong></span> <span class='ocrx_word' id='word_1_698' title='bbox 3449 4331 3540 4401; x_wconf 87' lang='lat' dir='ltr'><strong>qui</strong></span> <span class='ocrx_word' id='word_1_699' title='bbox 3593 4336 3784 4388; x_wconf 84' lang='lat' dir='ltr'><strong>omnia</strong></span> 
     </span>
    </p>
   </div>
   <div class='ocr_carea' id='block_1_91' title="bbox 1844 4439 2391 4496">
    <p class='ocr_par' dir='ltr' id='par_1_91' title="bbox 1844 4439 2391 4496">
     <span class='ocr_line' id='line_1_91' title="bbox 1844 4439 2391 4496; baseline -0.002 -2"><span class='ocrx_word' id='word_1_700' title='bbox 1844 4441 2118 4496; x_wconf 82' lang='lat' dir='ltr'><strong>BALUZII</strong></span> <span class='ocrx_word' id='word_1_701' title='bbox 2157 4439 2391 4496; x_wconf 63' lang='lat' dir='ltr'><strong>NOTIE.</strong></span> 
     </span>
    </p>
   </div>
   <div class='ocr_carea' id='block_1_92' title="bbox 547 4441 3782 4604">
    <p class='ocr_par' dir='ltr' id='par_1_92' title="bbox 547 4441 3782 4604">
     <span class='ocr_line' id='line_1_92' title="bbox 1844 4441 2391 4496; baseline -0.002 -2"><span class='ocrx_word' id='word_1_702' title='bbox 1844 4441 1976 4495; x_wconf 82' lang='lat' dir='ltr'><strong>BAL</strong></span> <span class='ocrx_word' id='word_1_703' title='bbox 2032 4443 2093 4496; x_wconf 87' lang='grc' dir='ltr'><strong>ΖΙ</strong></span> <span class='ocrx_word' id='word_1_704' title='bbox 2157 4442 2201 4496; x_wconf 88' lang='grc' dir='ltr'><strong>Ν</strong></span> <span class='ocrx_word' id='word_1_705' title='bbox 2254 4441 2391 4496; x_wconf 59' lang='grc' dir='ltr'><strong>ΤΙΕ.</strong></span> 
     </span>
     <span class='ocr_line' id='line_1_93' title="bbox 547 4441 3782 4604; baseline -0.002 -7"><span class='ocrx_word' id='word_1_706' title='bbox 547 4556 573 4584; x_wconf 78' lang='grc' dir='ltr'>ι</span> <span class='ocrx_word' id='word_1_707' title='bbox 617 4541 796 4597; x_wconf 86' lang='lat' dir='ltr'><strong>Potati</strong></span> <span class='ocrx_word' id='word_1_708' title='bbox 831 4554 1033 4594; x_wconf 79' lang='lat' dir='ltr'><strong>sumas.</strong></span> <span class='ocrx_word' id='word_1_709' title='bbox 1064 4538 1240 4593; x_wconf 88' lang='lat' dir='ltr'><strong>Locus</strong></span> <span class='ocrx_word' id='word_1_710' title='bbox 1259 4534 1526 4592; x_wconf 83' lang='lat' dir='ltr'><strong>estPauli</strong></span> <span class='ocrx_word' id='word_1_711' title='bbox 1549 4548 1617 4604; x_wconf 75' lang='lat' dir='ltr'><strong>ex</strong></span> <span class='ocrx_word' id='word_1_712' title='bbox 1643 4532 1875 4603; x_wconf 87' lang='lat' dir='ltr'><strong>epistola</strong></span> <span class='ocrx_word' id='word_1_713' title='bbox 1897 4443 2070 4604; x_wconf 56' lang='lat' dir='ltr'><strong>ptigit!</strong></span> <span class='ocrx_word' id='word_1_714' title='bbox 2097 4443 2150 4597; x_wconf 49' lang='grc' dir='ltr'><strong>ἱ)</strong></span> <span class='ocrx_word' id='word_1_715' title='bbox 2177 4441 2271 4589; x_wconf 47' lang='lat' dir='ltr'><strong>liii.</strong></span> <span class='ocrx_word' id='word_1_716' title='bbox 2330 4547 2426 4597; x_wconf 85' lang='lat' dir='ltr'><strong>ut,</strong></span> <span class='ocrx_word' id='word_1_717' title='bbox 2460 4547 2513 4604; x_wconf 92' lang='lat' dir='ltr'><strong>_c.</strong></span> <span class='ocrx_word' id='word_1_718' title='bbox 2542 4529 2617 4604; x_wconf 73' lang='lat'><strong>28</strong></span> <span class='ocrx_word' id='word_1_719' title='bbox 2653 4547 2671 4604; x_wconf 75' lang='lat'><strong>_:</strong></span> <span class='ocrx_word' id='word_1_720' title='bbox 2728 4547 2744 4579; x_wconf 72' lang='grc' dir='ltr'><strong><em>ι</em></strong></span> <span class='ocrx_word' id='word_1_721' title='bbox 2800 4528 3029 4604; x_wconf 75' lang='lat' dir='ltr'><strong>Nullum</strong></span> <span class='ocrx_word' id='word_1_722' title='bbox 3064 4537 3246 4604; x_wconf 76' lang='lat' dir='ltr'><strong>autem</strong></span> <span class='ocrx_word' id='word_1_723' title='bbox 3300 4532 3782 4604; x_wconf 86' lang='lat' dir='ltr'><strong>catechumenum,</strong></span> 
     </span>
    </p>
   </div>
   <div class='ocr_carea' id='block_1_93' title="bbox 473 4603 2074 4682">
    <p class='ocr_par' dir='ltr' id='par_1_93' title="bbox 473 4603 2074 4682">
     <span class='ocr_line' id='line_1_94' title="bbox 473 4603 2074 4682; baseline -0.006 -13"><span class='ocrx_word' id='word_1_724' title='bbox 473 4614 544 4678; x_wconf 84' lang='lat' dir='ltr'><strong>ad</strong></span> <span class='ocrx_word' id='word_1_725' title='bbox 577 4610 924 4682; x_wconf 89' lang='lat' dir='ltr'><strong>Corinthios._</strong></span> <span class='ocrx_word' id='word_1_726' title='bbox 963 4608 1028 4682; x_wconf 83' lang='lat' dir='ltr'><strong>Et</strong></span> <span class='ocrx_word' id='word_1_727' title='bbox 1070 4609 1123 4662; x_wconf 90' lang='lat' dir='ltr'><strong>in</strong></span> <span class='ocrx_word' id='word_1_728' title='bbox 1176 4615 1436 4682; x_wconf 51' lang='lat' dir='ltr'><strong>contextu</strong></span> <span class='ocrx_word' id='word_1_729' title='bbox 1480 4603 1641 4682; x_wconf 66' lang='lat' dir='ltr'><strong>Pauli</strong></span> <span class='ocrx_word' id='word_1_730' title='bbox 1676 4603 2074 4682; x_wconf 28' lang='lat' dir='ltr'><strong>(pretiqt‘etiam</strong></span> 
     </span>
    </p>
   </div>
   <div class='ocr_carea' id='block_1_94' title="bbox 475 4674 2072 4752">
    <p class='ocr_par' dir='ltr' id='par_1_94' title="bbox 475 4674 2072 4752">
     <span class='ocr_line' id='line_1_95' title="bbox 475 4674 2072 4752; baseline -0.006 -14"><span class='ocrx_word' id='word_1_731' title='bbox 475 4675 661 4738; x_wconf 89' lang='lat' dir='ltr'><strong>laudat</strong></span> <span class='ocrx_word' id='word_1_732' title='bbox 678 4680 996 4752; x_wconf 73' lang='lat' dir='ltr'><strong>Agobardus</strong></span> <span class='ocrx_word' id='word_1_733' title='bbox 1017 4679 1071 4752; x_wconf 82' lang='lat' dir='ltr'><strong>in</strong></span> <span class='ocrx_word' id='word_1_734' title='bbox 1096 4679 1271 4752; x_wconf 81' lang='lat' dir='ltr'><strong>capite</strong></span> <span class='ocrx_word' id='word_1_735' title='bbox 1293 4677 1360 4752; x_wconf 65' lang='lat'><strong>51</strong></span> <span class='ocrx_word' id='word_1_736' title='bbox 1384 4675 1507 4752; x_wconf 81' lang='lat' dir='ltr'><strong>libri</strong></span> <span class='ocrx_word' id='word_1_737' title='bbox 1522 4674 1796 4752; x_wconf 72' lang='lat' dir='ltr'><strong>adversus</strong></span> <span class='ocrx_word' id='word_1_738' title='bbox 1815 4674 2072 4752; x_wconf 76' lang='lat' dir='ltr'><strong>Felicem,</strong></span> 
     </span>
    </p>
   </div>
   <div class='ocr_carea' id='block_1_95' title="bbox 474 4694 2072 4820">
    <p class='ocr_par' dir='ltr' id='par_1_95' title="bbox 474 4694 2072 4820">
     <span class='ocr_line' id='line_1_96' title="bbox 476 4694 2072 4801; baseline -0.006 -63"><span class='ocrx_word' id='word_1_739' title='bbox 476 4694 661 4738; x_wconf 84' lang='lat' dir='ltr'><strong>laudat</strong></span> <span class='ocrx_word' id='word_1_740' title='bbox 678 4694 996 4752; x_wconf 72' lang='lat' dir='ltr'><strong>Agonardus</strong></span> <span class='ocrx_word' id='word_1_741' title='bbox 1017 4695 1071 4732; x_wconf 88' lang='lat' dir='ltr'><strong>tn</strong></span> <span class='ocrx_word' id='word_1_742' title='bbox 1096 4694 1271 4801; x_wconf 64' lang='lat' dir='ltr'><strong>capite</strong></span> <span class='ocrx_word' id='word_1_743' title='bbox 1293 4694 1354 4731; x_wconf 80' lang='lat' dir='ltr'><strong>ot</strong></span> <span class='ocrx_word' id='word_1_744' title='bbox 1384 4694 1507 4729; x_wconf 82' lang='lat' dir='ltr'><strong>tum</strong></span> <span class='ocrx_word' id='word_1_745' title='bbox 1534 4694 1796 4729; x_wconf 81' lang='lat' dir='ltr'><strong>adversus</strong></span> <span class='ocrx_word' id='word_1_746' title='bbox 1815 4694 1840 4727; x_wconf 84' lang='lat' dir='ltr'><strong>r</strong></span> <span class='ocrx_word' id='word_1_747' title='bbox 1857 4694 2072 4740; x_wconf 89' lang='lat' dir='ltr'><strong>eucem,</strong></span> 
     </span>
     <span class='ocr_line' id='line_1_97' title="bbox 474 4744 2072 4820; baseline -0.006 -12"><span class='ocrx_word' id='word_1_748' title='bbox 474 4762 531 4808; x_wconf 86' lang='lat' dir='ltr'><strong>et</strong></span> <span class='ocrx_word' id='word_1_749' title='bbox 559 4755 614 4808; x_wconf 89' lang='lat' dir='ltr'><strong>in</strong></span> <span class='ocrx_word' id='word_1_750' title='bbox 644 4767 763 4820; x_wconf 83' lang='lat' dir='ltr'><strong>cap.</strong></span> <span class='ocrx_word' id='word_1_751' title='bbox 807 4750 838 4803; x_wconf 83' lang='lat'><strong>7</strong></span> <span class='ocrx_word' id='word_1_752' title='bbox 870 4749 1091 4820; x_wconf 82' lang='lat' dir='ltr'><strong>libride</strong></span> <span class='ocrx_word' id='word_1_753' title='bbox 1130 4748 1156 4801; x_wconf 82' lang='lat' dir='ltr'><strong>ll</strong></span> <span class='ocrx_word' id='word_1_754' title='bbox 1186 4744 1627 4820; x_wconf 66' lang='lat' dir='ltr'><strong>odo_Regiminis</strong></span> <span class='ocrx_word' id='word_1_755' title='bbox 1653 4744 2026 4820; x_wconf 74' lang='lat' dir='ltr'><strong>Ecclesiastici</strong></span> <span class='ocrx_word' id='word_1_756' title='bbox 2057 4786 2072 4820; x_wconf 87' lang='lat'><strong>,</strong></span> 
     </span>
    </p>
   </div>
   <div class='ocr_carea' id='block_1_96' title="bbox 476 4815 2074 4893">
    <p class='ocr_par' dir='ltr' id='par_1_96' title="bbox 476 4815 2074 4893">
     <span class='ocr_line' id='line_1_98' title="bbox 476 4815 2074 4893; baseline -0.007 -14"><span class='ocrx_word' id='word_1_757' title='bbox 476 4815 725 4893; x_wconf 76' lang='lat' dir='ltr'><strong>itemque</strong></span> <span class='ocrx_word' id='word_1_758' title='bbox 736 4822 790 4876; x_wconf 91' lang='lat' dir='ltr'><strong>in</strong></span> <span class='ocrx_word' id='word_1_759' title='bbox 812 4817 988 4888; x_wconf 87' lang='lat' dir='ltr'><strong>capite</strong></span> <span class='ocrx_word' id='word_1_760' title='bbox 1009 4819 1038 4893; x_wconf 72' lang='grc'>7</span> <span class='ocrx_word' id='word_1_761' title='bbox 1062 4817 1343 4893; x_wconf 70' lang='lat' dir='ltr'><strong>Sermonis</strong></span> <span class='ocrx_word' id='word_1_762' title='bbox 1361 4815 1731 4893; x_wconf 66' lang='lat' dir='ltr'><strong>_Exhortatorii</strong></span> <span class='ocrx_word' id='word_1_763' title='bbox 1753 4815 1820 4868; x_wconf 92' lang='lat' dir='ltr'><strong>ad</strong></span> <span class='ocrx_word' id='word_1_764' title='bbox 1841 4815 2074 4893; x_wconf 75' lang='lat' dir='ltr'><strong>plebem)</strong></span> 
     </span>
    </p>
   </div>
   <div class='ocr_carea' id='block_1_97' title="bbox 481 4885 2076 4966">
    <p class='ocr_par' dir='ltr' id='par_1_97' title="bbox 481 4885 2076 4966">
     <span class='ocr_line' id='line_1_99' title="bbox 481 4885 2076 4966; baseline -0.006 -18"><span class='ocrx_word' id='word_1_765' title='bbox 481 4885 701 4966; x_wconf 79' lang='lat' dir='ltr'><strong>legitur,</strong></span> <span class='ocrx_word' id='word_1_766' title='bbox 726 4900 774 4946; x_wconf 89' lang='lat' dir='ltr'><strong>et</strong></span> <span class='ocrx_word' id='word_1_767' title='bbox 810 4885 987 4966; x_wconf 73' lang='lat' dir='ltr'><strong>omnes</strong></span> <span class='ocrx_word' id='word_1_768' title='bbox 1012 4891 1068 4944; x_wconf 91' lang='lat' dir='ltr'><strong>in</strong></span> <span class='ocrx_word' id='word_1_769' title='bbox 1092 4904 1197 4966; x_wconf 71' lang='lat' dir='ltr'><strong>uno</strong></span> <span class='ocrx_word' id='word_1_770' title='bbox 1228 4886 1432 4966; x_wconf 70' lang='lat' dir='ltr'><strong>Spiritu</strong></span> <span class='ocrx_word' id='word_1_771' title='bbox 1469 4885 1634 4966; x_wconf 48' lang='grc' dir='ltr'><strong>ρετιιή</strong></span> <span class='ocrx_word' id='word_1_772' title='bbox 1666 4886 1956 4966; x_wconf 39' lang='grc' dir='ltr'><strong>εᾳηιςιε..ιη</strong></span> <span class='ocrx_word' id='word_1_773' title='bbox 1984 4901 2076 4966; x_wconf 33' lang='lat' dir='ltr'><strong>cos</strong></span> 
     </span>
    </p>
   </div>
   <div class='ocr_carea' id='block_1_98' title="bbox 477 4954 2075 5029">
    <p class='ocr_par' dir='ltr' id='par_1_98' title="bbox 477 4954 2075 5029">
     <span class='ocr_line' id='line_1_100' title="bbox 477 4954 2075 5029; baseline -0.007 -9"><span class='ocrx_word' id='word_1_774' title='bbox 477 4954 598 5020; x_wconf 64' lang='lat' dir='ltr'><strong>dice</strong></span> <span class='ocrx_word' id='word_1_775' title='bbox 626 4954 812 5018; x_wconf 85' lang='lat' dir='ltr'><strong>tamen</strong></span> <span class='ocrx_word' id='word_1_776' title='bbox 842 4960 991 5029; x_wconf 71' lang='lat' dir='ltr'><strong>regio</strong></span> <span class='ocrx_word' id='word_1_777' title='bbox 1011 4999 1025 5024; x_wconf 91' lang='lat'><strong>,</strong></span> <span class='ocrx_word' id='word_1_778' title='bbox 1061 4967 1116 5014; x_wconf 90' lang='lat' dir='ltr'><strong>ct</strong></span> <span class='ocrx_word' id='word_1_779' title='bbox 1141 4959 1195 5029; x_wconf 88' lang='lat' dir='ltr'><strong>in</strong></span> <span class='ocrx_word' id='word_1_780' title='bbox 1225 4954 1750 5029; x_wconf 78' lang='lat' dir='ltr'><strong>editioncMassoni,</strong></span> <span class='ocrx_word' id='word_1_781' title='bbox 1786 4955 2002 5029; x_wconf 75' lang='lat' dir='ltr'><strong>legitur,</strong></span> <span class='ocrx_word' id='word_1_782' title='bbox 2026 4965 2075 5029; x_wconf 78' lang='lat' dir='ltr'><strong>et</strong></span> 
     </span>
    </p>
   </div>
   <div class='ocr_carea' id='block_1_99' title="bbox 480 5025 2072 5099">
    <p class='ocr_par' dir='ltr' id='par_1_99' title="bbox 480 5025 2072 5099">
     <span class='ocr_line' id='line_1_101' title="bbox 480 5025 2072 5099; baseline -0.008 -8"><span class='ocrx_word' id='word_1_783' title='bbox 480 5048 658 5090; x_wconf 84' lang='lat' dir='ltr'><strong>omnes</strong></span> <span class='ocrx_word' id='word_1_784' title='bbox 696 5034 752 5087; x_wconf 90' lang='lat' dir='ltr'><strong>in</strong></span> <span class='ocrx_word' id='word_1_785' title='bbox 794 5025 1133 5099; x_wconf 55' lang='lat' dir='ltr'><strong>uno&#39;Spiritu</strong></span> <span class='ocrx_word' id='word_1_786' title='bbox 1164 5025 1415 5099; x_wconf 81' lang='lat' dir='ltr'><strong>baptizati</strong></span> <span class='ocrx_word' id='word_1_787' title='bbox 1437 5041 1619 5099; x_wconf 81' lang='lat' dir='ltr'><strong>sumus</strong></span> <span class='ocrx_word' id='word_1_788' title='bbox 1645 5039 1668 5099; x_wconf 87' lang='lat'><strong>:_</strong></span> <span class='ocrx_word' id='word_1_789' title='bbox 1693 5025 1837 5099; x_wconf 84' lang='lat' dir='ltr'><strong>quod</strong></span> <span class='ocrx_word' id='word_1_790' title='bbox 1877 5026 2072 5099; x_wconf 82' lang='lat' dir='ltr'><strong>mutari</strong></span> 
     </span>
    </p>
   </div>
   <div class='ocr_carea' id='block_1_100' title="bbox 479 5095 2072 5166">
    <p class='ocr_par' dir='ltr' id='par_1_100' title="bbox 479 5095 2072 5166">
     <span class='ocr_line' id='line_1_102' title="bbox 479 5095 2072 5166; baseline -0.007 -7"><span class='ocrx_word' id='word_1_791' title='bbox 479 5107 681 5161; x_wconf 86' lang='lat' dir='ltr'><strong>debere</strong></span> <span class='ocrx_word' id='word_1_792' title='bbox 702 5103 877 5157; x_wconf 88' lang='lat' dir='ltr'><strong>visum</strong></span> <span class='ocrx_word' id='word_1_793' title='bbox 907 5095 1009 5154; x_wconf 79' lang='lat' dir='ltr'><strong>est.</strong></span> <span class='ocrx_word' id='word_1_794' title='bbox 1037 5099 1171 5153; x_wconf 84' lang='lat' dir='ltr'><strong>Nam</strong></span> <span class='ocrx_word' id='word_1_795' title='bbox 1197 5095 1356 5166; x_wconf 81' lang='lat' dir='ltr'><strong>paulo</strong></span> <span class='ocrx_word' id='word_1_796' title='bbox 1386 5103 1507 5164; x_wconf 88' lang='lat' dir='ltr'><strong>post</strong></span> <span class='ocrx_word' id='word_1_797' title='bbox 1537 5095 1878 5163; x_wconf 81' lang='lat' dir='ltr'><strong>Agobardus,</strong></span> <span class='ocrx_word' id='word_1_798' title='bbox 1918 5095 2072 5166; x_wconf 90' lang='lat' dir='ltr'><strong>repli-</strong></span> 
     </span>
    </p>
   </div>
   <div class='ocr_carea' id='block_1_101' title="bbox 482 5165 2072 5237">
    <p class='ocr_par' dir='ltr' id='par_1_101' title="bbox 482 5165 2072 5237">
     <span class='ocr_line' id='line_1_103' title="bbox 482 5165 2072 5237; baseline -0.007 -7"><span class='ocrx_word' id='word_1_799' title='bbox 482 5191 614 5231; x_wconf 91' lang='lat' dir='ltr'><strong>cans</strong></span> <span class='ocrx_word' id='word_1_800' title='bbox 644 5174 822 5230; x_wconf 93' lang='lat' dir='ltr'><strong>locum</strong></span> <span class='ocrx_word' id='word_1_801' title='bbox 867 5169 1045 5234; x_wconf 89' lang='lat' dir='ltr'><strong>illum,</strong></span> <span class='ocrx_word' id='word_1_802' title='bbox 1080 5183 1144 5223; x_wconf 92' lang='lat' dir='ltr'><strong>ac</strong></span> <span class='ocrx_word' id='word_1_803' title='bbox 1169 5165 1362 5237; x_wconf 83' lang='lat' dir='ltr'><strong>petens</strong></span> <span class='ocrx_word' id='word_1_804' title='bbox 1395 5167 1617 5235; x_wconf 86' lang='lat' dir='ltr'><strong>quinam</strong></span> <span class='ocrx_word' id='word_1_805' title='bbox 1651 5174 1811 5236; x_wconf 90' lang='lat' dir='ltr'><strong>potus</strong></span> <span class='ocrx_word' id='word_1_806' title='bbox 1853 5166 1923 5220; x_wconf 89' lang='lat' dir='ltr'><strong>sit</strong></span> <span class='ocrx_word' id='word_1_807' title='bbox 1963 5165 2072 5229; x_wconf 91' lang='lat' dir='ltr'><strong>ille,</strong></span> 
     </span>
    </p>
   </div>
   <div class='ocr_carea' id='block_1_102' title="bbox 482 5240 1387 5312">
    <p class='ocr_par' dir='ltr' id='par_1_102' title="bbox 482 5240 1387 5312">
     <span class='ocr_line' id='line_1_104' title="bbox 482 5240 1387 5312; baseline -0.012 -11"><span class='ocrx_word' id='word_1_808' title='bbox 482 5247 560 5301; x_wconf 87' lang='lat' dir='ltr'><strong>ait</strong></span> <span class='ocrx_word' id='word_1_809' title='bbox 587 5263 600 5299; x_wconf 90' lang='lat'><strong>:</strong></span> <span class='ocrx_word' id='word_1_810' title='bbox 635 5260 740 5298; x_wconf 92' lang='lat' dir='ltr'><strong>uno</strong></span> <span class='ocrx_word' id='word_1_811' title='bbox 772 5241 978 5312; x_wconf 90' lang='lat' dir='ltr'><strong>Spiritu</strong></span> <span class='ocrx_word' id='word_1_812' title='bbox 998 5240 1387 5312; x_wconf 71' lang='lat' dir='ltr'><strong>potatisumus.</strong></span> 
     </span>
    </p>
   </div>
   <div class='ocr_carea' id='block_1_103' title="bbox 433 5305 2074 5380">
    <p class='ocr_par' dir='ltr' id='par_1_103' title="bbox 433 5305 2074 5380">
     <span class='ocr_line' id='line_1_105' title="bbox 433 5305 2074 5380; baseline -0.006 -11"><span class='ocrx_word' id='word_1_813' title='bbox 433 5371 439 5377; x_wconf 70' lang='grc'>,</span> <span class='ocrx_word' id='word_1_814' title='bbox 555 5316 583 5355; x_wconf 79' lang='lat' dir='ltr'><strong>b</strong></span> <span class='ocrx_word' id='word_1_815' title='bbox 623 5312 784 5368; x_wconf 79' lang='lat' dir='ltr'><strong>Multi</strong></span> <span class='ocrx_word' id='word_1_816' title='bbox 813 5305 1088 5380; x_wconf 78' lang='lat' dir='ltr'><strong>martyres.</strong></span> <span class='ocrx_word' id='word_1_817' title='bbox 1141 5308 1424 5380; x_wconf 83' lang='lat' dir='ltr'><strong>sentiebat</strong></span> <span class='ocrx_word' id='word_1_818' title='bbox 1452 5320 1583 5380; x_wconf 84' lang='lat' dir='ltr'><strong>ergo</strong></span> <span class='ocrx_word' id='word_1_819' title='bbox 1610 5305 1948 5380; x_wconf 81' lang='lat' dir='ltr'><strong>Agobardus,</strong></span> <span class='ocrx_word' id='word_1_820' title='bbox 1979 5320 2074 5380; x_wconf 84' lang='lat' dir='ltr'><strong>eos</strong></span> 
     </span>
    </p>
   </div>
   <div class='ocr_carea' id='block_1_104' title="bbox 482 5376 2070 5457">
    <p class='ocr_par' dir='ltr' id='par_1_104' title="bbox 482 5376 2070 5457">
     <span class='ocr_line' id='line_1_106' title="bbox 482 5376 2070 5457; baseline -0.008 -16"><span class='ocrx_word' id='word_1_821' title='bbox 482 5387 573 5456; x_wconf 90' lang='lat' dir='ltr'><strong>qui</strong></span> <span class='ocrx_word' id='word_1_822' title='bbox 611 5399 711 5457; x_wconf 86' lang='lat' dir='ltr'><strong>pro</strong></span> <span class='ocrx_word' id='word_1_823' title='bbox 754 5376 975 5457; x_wconf 79' lang='lat' dir='ltr'><strong>nomine</strong></span> <span class='ocrx_word' id='word_1_824' title='bbox 1017 5379 1221 5457; x_wconf 72' lang='lat' dir='ltr'><strong>Christi</strong></span> <span class='ocrx_word' id='word_1_825' title='bbox 1266 5376 2070 5457; x_wconf 24' lang='lat' dir='ltr'><strong>contumeliamlmortispassi</strong></span> 
     </span>
    </p>
   </div>
   <div class='ocr_carea' id='block_1_105' title="bbox 482 5446 2064 5520">
    <p class='ocr_par' dir='ltr' id='par_1_105' title="bbox 482 5446 2064 5520">
     <span class='ocr_line' id='line_1_107' title="bbox 482 5446 2064 5520; baseline -0.01 -7"><span class='ocrx_word' id='word_1_826' title='bbox 482 5446 656 5520; x_wconf 72' lang='lat' dir='ltr'><strong>erant,</strong></span> <span class='ocrx_word' id='word_1_827' title='bbox 693 5461 840 5508; x_wconf 87' lang='lat' dir='ltr'><strong>recta</strong></span> <span class='ocrx_word' id='word_1_828' title='bbox 868 5452 921 5505; x_wconf 91' lang='lat' dir='ltr'><strong>in</strong></span> <span class='ocrx_word' id='word_1_829' title='bbox 950 5450 1145 5505; x_wconf 79' lang='lat' dir='ltr'><strong>ccelum</strong></span> <span class='ocrx_word' id='word_1_830' title='bbox 1179 5448 1345 5520; x_wconf 78' lang='lat' dir='ltr'><strong>ferri,</strong></span> <span class='ocrx_word' id='word_1_831' title='bbox 1370 5446 1656 5520; x_wconf 86' lang='lat' dir='ltr'><strong>tamenetsi</strong></span> <span class='ocrx_word' id='word_1_832' title='bbox 1679 5447 2064 5520; x_wconf 71' lang='lat' dir='ltr'><strong>baptizatinor</strong></span> 
     </span>
    </p>
   </div>
   <div class='ocr_carea' id='block_1_106' title="bbox 482 5515 2052 5584">
    <p class='ocr_par' dir='ltr' id='par_1_106' title="bbox 482 5515 2052 5584">
     <span class='ocr_line' id='line_1_108' title="bbox 482 5515 2052 5584; baseline -0.01 -3"><span class='ocrx_word' id='word_1_833' title='bbox 482 5515 735 5582; x_wconf 72' lang='lat' dir='ltr'><strong>fuissent.</strong></span> <span class='ocrx_word' id='word_1_834' title='bbox 773 5522 973 5576; x_wconf 81' lang='lat' dir='ltr'><strong>Eadem</strong></span> <span class='ocrx_word' id='word_1_835' title='bbox 997 5519 1384 5575; x_wconf 85' lang='lat' dir='ltr'><strong>fuitsententia</strong></span> <span class='ocrx_word' id='word_1_836' title='bbox 1417 5517 1612 5570; x_wconf 85' lang='lat' dir='ltr'><strong>vetusti</strong></span> <span class='ocrx_word' id='word_1_837' title='bbox 1645 5516 1922 5584; x_wconf 89' lang='lat' dir='ltr'><strong>scriptoris</strong></span> <span class='ocrx_word' id='word_1_838' title='bbox 1949 5515 2052 5567; x_wconf 88' lang='lat' dir='ltr'><strong>libr</strong></span> 
     </span>
    </p>
   </div>
   <div class='ocr_carea' id='block_1_107' title="bbox 485 5584 2066 5664">
    <p class='ocr_par' dir='ltr' id='par_1_107' title="bbox 485 5584 2066 5664">
     <span class='ocr_line' id='line_1_109' title="bbox 485 5584 2066 5664; baseline -0.009 -13"><span class='ocrx_word' id='word_1_839' title='bbox 485 5599 553 5651; x_wconf 79' lang='lat' dir='ltr'><strong>de</strong></span> <span class='ocrx_word' id='word_1_840' title='bbox 600 5593 985 5664; x_wconf 81' lang='lat' dir='ltr'><strong>Singularitate</strong></span> <span class='ocrx_word' id='word_1_841' title='bbox 1014 5591 1372 5664; x_wconf 82' lang='lat' dir='ltr'><strong>Clericorum,</strong></span> <span class='ocrx_word' id='word_1_842' title='bbox 1417 5587 1508 5664; x_wconf 83' lang='lat' dir='ltr'><strong>qui</strong></span> <span class='ocrx_word' id='word_1_843' title='bbox 1549 5586 1909 5664; x_wconf 82' lang='lat' dir='ltr'><strong>vulgo_tribui</strong></span> <span class='ocrx_word' id='word_1_844' title='bbox 1937 5584 2066 5664; x_wconf 75' lang='lat' dir='ltr'><strong>solet</strong></span> 
     </span>
    </p>
   </div>
   <div class='ocr_carea' id='block_1_108' title="bbox 486 5655 2076 5738">
    <p class='ocr_par' dir='ltr' id='par_1_108' title="bbox 486 5655 2076 5738">
     <span class='ocr_line' id='line_1_110' title="bbox 486 5655 2076 5738; baseline -0.011 -16"><span class='ocrx_word' id='word_1_845' title='bbox 486 5655 778 5738; x_wconf 71' lang='lat' dir='ltr'><strong>Cypriane.</strong></span> <span class='ocrx_word' id='word_1_846' title='bbox 827 5682 843 5711; x_wconf 88' lang='grc'><strong>‹</strong></span> <span class='ocrx_word' id='word_1_847' title='bbox 891 5661 1012 5716; x_wconf 78' lang='lat' dir='ltr'><strong>Ideo</strong></span> <span class='ocrx_word' id='word_1_848' title='bbox 1041 5663 1186 5738; x_wconf 81' lang='lat' dir='ltr'><strong>enim</strong></span> <span class='ocrx_word' id='word_1_849' title='bbox 1210 5659 1552 5738; x_wconf 75' lang='lat' dir='ltr'><strong>martyrium,</strong></span> <span class='ocrx_word' id='word_1_850' title='bbox 1580 5655 1803 5738; x_wconf 58' lang='lat' dir='ltr'><strong>inquit,</strong></span> <span class='ocrx_word' id='word_1_851' title='bbox 1841 5655 2076 5738; x_wconf 78' lang='lat' dir='ltr'><strong>appella-</strong></span> 
     </span>
    </p>
   </div>
   <div class='ocr_carea' id='block_1_109' title="bbox 491 5727 2076 5808">
    <p class='ocr_par' dir='ltr' id='par_1_109' title="bbox 491 5727 2076 5808">
     <span class='ocr_line' id='line_1_111' title="bbox 491 5727 2076 5808; baseline -0.01 -16"><span class='ocrx_word' id='word_1_852' title='bbox 491 5727 582 5792; x_wconf 53' lang='lat' dir='ltr'><strong>uit:</strong></span> <span class='ocrx_word' id='word_1_853' title='bbox 609 5749 717 5790; x_wconf 78' lang='lat' dir='ltr'><strong>tam</strong></span> <span class='ocrx_word' id='word_1_854' title='bbox 749 5749 947 5788; x_wconf 82' lang='lat' dir='ltr'><strong>corona</strong></span> <span class='ocrx_word' id='word_1_855' title='bbox 985 5748 1146 5808; x_wconf 74' lang='lat' dir='ltr'><strong>quam</strong></span> <span class='ocrx_word' id='word_1_856' title='bbox 1175 5727 1471 5808; x_wconf 73' lang='lat' dir='ltr'><strong>baptisma,</strong></span> <span class='ocrx_word' id='word_1_857' title='bbox 1503 5729 1629 5808; x_wconf 74' lang='lat' dir='ltr'><strong>quia</strong></span> <span class='ocrx_word' id='word_1_858' title='bbox 1664 5727 1899 5808; x_wconf 65' lang='lat' dir='ltr'><strong>baptizat</strong></span> <span class='ocrx_word' id='word_1_859' title='bbox 1931 5727 2076 5808; x_wconf 37' lang='lat' dir='ltr'><strong>ptati:</strong></span> 
     </span>
    </p>
   </div>
   <div class='ocr_carea' id='block_1_110' title="bbox 481 5795 2074 5864">
    <p class='ocr_par' dir='ltr' id='par_1_110' title="bbox 481 5795 2074 5864">
     <span class='ocr_line' id='line_1_112' title="bbox 481 5795 2074 5864; baseline -0.009 0"><span class='ocrx_word' id='word_1_860' title='bbox 481 5819 574 5864; x_wconf 63' lang='lat' dir='ltr'><strong>sur</strong></span> <span class='ocrx_word' id='word_1_861' title='bbox 619 5818 671 5861; x_wconf 74' lang='lat' dir='ltr'><strong>et</strong></span> <span class='ocrx_word' id='word_1_862' title='bbox 699 5818 944 5862; x_wconf 73' lang='lat' dir='ltr'><strong>coronat.</strong></span> <span class='ocrx_word' id='word_1_863' title='bbox 989 5795 1165 5858; x_wconf 66' lang='lat' dir='ltr'><strong>{item</strong></span> <span class='ocrx_word' id='word_1_864' title='bbox 1211 5795 1421 5857; x_wconf 51' lang='lat' dir='ltr'><strong>A&#39;lt‘uini</strong></span> <span class='ocrx_word' id='word_1_865' title='bbox 1456 5800 1508 5855; x_wconf 87' lang='lat' dir='ltr'><strong>in</strong></span> <span class='ocrx_word' id='word_1_866' title='bbox 1550 5796 1900 5853; x_wconf 83' lang='lat' dir='ltr'><strong>Confessione</strong></span> <span class='ocrx_word' id='word_1_867' title='bbox 1949 5795 2074 5850; x_wconf 83' lang='lat' dir='ltr'><strong>ﬁdei</strong></span> 
     </span>
    </p>
   </div>
   <div class='ocr_carea' id='block_1_111' title="bbox 2180 4599 3785 4674">
    <p class='ocr_par' dir='ltr' id='par_1_111' title="bbox 2180 4599 3785 4674">
     <span class='ocr_line' id='line_1_113' title="bbox 2180 4599 3785 4674; baseline 0.001 -16"><span class='ocrx_word' id='word_1_868' title='bbox 2180 4604 2429 4674; x_wconf 90' lang='lat' dir='ltr'><strong>quamvis</strong></span> <span class='ocrx_word' id='word_1_869' title='bbox 2456 4602 2523 4674; x_wconf 87' lang='lat' dir='ltr'><strong>in_</strong></span> <span class='ocrx_word' id='word_1_870' title='bbox 2540 4602 2697 4674; x_wconf 87' lang='lat' dir='ltr'><strong>bonis</strong></span> <span class='ocrx_word' id='word_1_871' title='bbox 2723 4599 2974 4668; x_wconf 89' lang='lat' dir='ltr'><strong>operibus</strong></span> <span class='ocrx_word' id='word_1_872' title='bbox 2999 4599 3310 4674; x_wconf 83' lang='lat' dir='ltr'><strong>defunctum</strong></span> <span class='ocrx_word' id='word_1_873' title='bbox 3335 4643 3348 4666; x_wconf 94' lang='lat'><strong>,</strong></span> <span class='ocrx_word' id='word_1_874' title='bbox 3377 4603 3544 4674; x_wconf 84' lang='lat' dir='ltr'><strong>vitam</strong></span> <span class='ocrx_word' id='word_1_875' title='bbox 3571 4603 3785 4661; x_wconf 85' lang='lat' dir='ltr'><strong>habere</strong></span> 
     </span>
    </p>
   </div>
   <div class='ocr_carea' id='block_1_112' title="bbox 2180 4672 3785 4746">
    <p class='ocr_par' dir='ltr' id='par_1_112' title="bbox 2180 4672 3785 4746">
     <span class='ocr_line' id='line_1_114' title="bbox 2180 4672 3785 4746; baseline -0.001 -16"><span class='ocrx_word' id='word_1_876' title='bbox 2180 4672 2440 4730; x_wconf 58' lang='lat' dir='ltr'><strong>aeternam</strong></span> <span class='ocrx_word' id='word_1_877' title='bbox 2475 4672 2735 4733; x_wconf 89' lang='lat' dir='ltr'><strong>dicimus;</strong></span> <span class='ocrx_word' id='word_1_878' title='bbox 2775 4678 3003 4746; x_wconf 72' lang='lat' dir='ltr'><strong>excepto</strong></span> <span class='ocrx_word' id='word_1_879' title='bbox 3027 4673 3430 4746; x_wconf 58' lang='lat' dir='ltr'><strong>martyrio,_ubi</strong></span> <span class='ocrx_word' id='word_1_880' title='bbox 3459 4680 3568 4746; x_wconf 82' lang='lat' dir='ltr'><strong>tota</strong></span> <span class='ocrx_word' id='word_1_881' title='bbox 3597 4674 3785 4746; x_wconf 86' lang='lat' dir='ltr'><strong>bapti-</strong></span> 
     </span>
    </p>
   </div>
   <div class='ocr_carea' id='block_1_113' title="bbox 2181 4739 3784 4813">
    <p class='ocr_par' dir='ltr' id='par_1_113' title="bbox 2181 4739 3784 4813">
     <span class='ocr_line' id='line_1_115' title="bbox 2181 4739 3784 4813; baseline 0.001 -14"><span class='ocrx_word' id='word_1_882' title='bbox 2181 4746 2284 4799; x_wconf 91' lang='lat' dir='ltr'><strong>smi</strong></span> <span class='ocrx_word' id='word_1_883' title='bbox 2325 4749 2668 4813; x_wconf 83' lang='lat' dir='ltr'><strong>sacramenta</strong></span> <span class='ocrx_word' id='word_1_884' title='bbox 2711 4739 3072 4813; x_wconf 77' lang='lat' dir='ltr'><strong>complentur.</strong></span> <span class='ocrx_word' id='word_1_885' title='bbox 3129 4739 3405 4813; x_wconf 75' lang='lat' dir='ltr'><strong>sanguine</strong></span> <span class='ocrx_word' id='word_1_886' title='bbox 3451 4743 3591 4796; x_wconf 90' lang='lat' dir='ltr'><strong>enim</strong></span> <span class='ocrx_word' id='word_1_887' title='bbox 3619 4784 3638 4807; x_wconf 89' lang='lat'><strong>,</strong></span> <span class='ocrx_word' id='word_1_888' title='bbox 3677 4739 3784 4800; x_wconf 68' lang='lat' dir='ltr'><strong>&#39;vel</strong></span> 
     </span>
    </p>
   </div>
   <div class='ocr_carea' id='block_1_114' title="bbox 2182 4809 3784 4886">
    <p class='ocr_par' dir='ltr' id='par_1_114' title="bbox 2182 4809 3784 4886">
     <span class='ocr_line' id='line_1_116' title="bbox 2182 4809 3784 4886; baseline -0.004 -17"><span class='ocrx_word' id='word_1_889' title='bbox 2182 4817 2336 4886; x_wconf 88' lang='lat' dir='ltr'><strong>igne,</strong></span> <span class='ocrx_word' id='word_1_890' title='bbox 2369 4811 2454 4867; x_wconf 91' lang='lat' dir='ltr'><strong>vel</strong></span> <span class='ocrx_word' id='word_1_891' title='bbox 2479 4811 2657 4886; x_wconf 73' lang='lat' dir='ltr'><strong>poenis</strong></span> <span class='ocrx_word' id='word_1_892' title='bbox 2686 4809 2807 4864; x_wconf 90' lang='lat' dir='ltr'><strong>aliis</strong></span> <span class='ocrx_word' id='word_1_893' title='bbox 2837 4810 3186 4886; x_wconf 74' lang='lat' dir='ltr'><strong>baptizantur</strong></span> <span class='ocrx_word' id='word_1_894' title='bbox 3213 4809 3576 4886; x_wconf 80' lang='lat' dir='ltr'><strong>confessores,</strong></span> <span class='ocrx_word' id='word_1_895' title='bbox 3613 4832 3634 4864; x_wconf 71' lang='grc' dir='ltr'><strong><em>ι</em></strong></span> <span class='ocrx_word' id='word_1_896' title='bbox 3676 4816 3784 4872; x_wconf 64' lang='grc' dir='ltr'><strong>γε.</strong></span> 
     </span>
    </p>
   </div>
   <div class='ocr_carea' id='block_1_115' title="bbox 2180 4879 3782 4953">
    <p class='ocr_par' dir='ltr' id='par_1_115' title="bbox 2180 4879 3782 4953">
     <span class='ocr_line' id='line_1_117' title="bbox 2180 4879 3782 4953; baseline 0.001 -13"><span class='ocrx_word' id='word_1_897' title='bbox 2180 4879 2270 4940; x_wconf 68' lang='grc' dir='ltr'><strong>ιῖιε</strong></span> <span class='ocrx_word' id='word_1_898' title='bbox 2300 4879 2515 4953; x_wconf 81' lang='lat' dir='ltr'><strong>quoque</strong></span> <span class='ocrx_word' id='word_1_899' title='bbox 2553 4881 2788 4953; x_wconf 75' lang='lat' dir='ltr'><strong>scriptor</strong></span> <span class='ocrx_word' id='word_1_900' title='bbox 2810 4894 2974 4953; x_wconf 82' lang='lat' dir='ltr'><strong>supra</strong></span> <span class='ocrx_word' id='word_1_901' title='bbox 3010 4879 3281 4953; x_wconf 75' lang='lat' dir='ltr'><strong>laudatus,</strong></span> <span class='ocrx_word' id='word_1_902' title='bbox 3313 4891 3476 4953; x_wconf 79' lang='lat' dir='ltr'><strong>atque</strong></span> <span class='ocrx_word' id='word_1_903' title='bbox 3506 4883 3782 4941; x_wconf 84' lang='lat' dir='ltr'><strong>hactenus</strong></span> 
     </span>
    </p>
   </div>
   <div class='ocr_carea' id='block_1_116' title="bbox 2184 4949 3784 5020">
    <p class='ocr_par' dir='ltr' id='par_1_116' title="bbox 2184 4949 3784 5020">
     <span class='ocr_line' id='line_1_118' title="bbox 2184 4949 3784 5020; baseline -0.006 -12"><span class='ocrx_word' id='word_1_904' title='bbox 2184 4949 2455 5020; x_wconf 43' lang='lat' dir='ltr'><strong>inedi—tus,</strong></span> <span class='ocrx_word' id='word_1_905' title='bbox 2499 4953 2555 5006; x_wconf 89' lang='lat' dir='ltr'><strong>in</strong></span> <span class='ocrx_word' id='word_1_906' title='bbox 2593 4949 2950 5006; x_wconf 80' lang='lat' dir='ltr'><strong>confessione</strong></span> <span class='ocrx_word' id='word_1_907' title='bbox 3003 4949 3130 5005; x_wconf 88' lang='lat' dir='ltr'><strong>ﬁdei</strong></span> <span class='ocrx_word' id='word_1_908' title='bbox 3168 4992 3180 5005; x_wconf 91' lang='lat'><strong>.</strong></span> <span class='ocrx_word' id='word_1_909' title='bbox 3216 4969 3234 5001; x_wconf 71' lang='grc' dir='ltr'>α</span> <span class='ocrx_word' id='word_1_910' title='bbox 3281 4949 3497 5006; x_wconf 85' lang='lat' dir='ltr'><strong>Nullum</strong></span> <span class='ocrx_word' id='word_1_911' title='bbox 3525 4957 3784 5010; x_wconf 82' lang='lat' dir='ltr'><strong>catechu.</strong></span> 
     </span>
    </p>
   </div>
   <div class='ocr_carea' id='block_1_117' title="bbox 2183 5020 3782 5092">
    <p class='ocr_par' dir='ltr' id='par_1_117' title="bbox 2183 5020 3782 5092">
     <span class='ocr_line' id='line_1_119' title="bbox 2183 5020 3782 5092; baseline 0.001 -14"><span class='ocrx_word' id='word_1_912' title='bbox 2183 5041 2403 5079; x_wconf 91' lang='lat' dir='ltr'><strong>menum</strong></span> <span class='ocrx_word' id='word_1_913' title='bbox 2424 5064 2439 5088; x_wconf 98' lang='lat'><strong>,</strong></span> <span class='ocrx_word' id='word_1_914' title='bbox 2471 5022 2718 5092; x_wconf 87' lang='lat' dir='ltr'><strong>quamvis</strong></span> <span class='ocrx_word' id='word_1_915' title='bbox 2752 5022 2808 5075; x_wconf 90' lang='lat' dir='ltr'><strong>in</strong></span> <span class='ocrx_word' id='word_1_916' title='bbox 2839 5021 2995 5092; x_wconf 84' lang='lat' dir='ltr'><strong>bonis</strong></span> <span class='ocrx_word' id='word_1_917' title='bbox 3035 5020 3290 5091; x_wconf 87' lang='lat' dir='ltr'><strong>operibus</strong></span> <span class='ocrx_word' id='word_1_918' title='bbox 3322 5021 3668 5089; x_wconf 65' lang='lat' dir='ltr'><strong>detunetnm,</strong></span> <span class='ocrx_word' id='word_1_919' title='bbox 3702 5028 3782 5080; x_wconf 78' lang='lat' dir='ltr'><strong>vi-</strong></span> 
     </span>
    </p>
   </div>
   <div class='ocr_carea' id='block_1_118' title="bbox 2183 5090 3778 5175">
    <p class='ocr_par' dir='ltr' id='par_1_118' title="bbox 2183 5090 3778 5175">
     <span class='ocr_line' id='line_1_120' title="bbox 2183 5090 3778 5175; baseline 0.001 -27"><span class='ocrx_word' id='word_1_920' title='bbox 2183 5103 2292 5175; x_wconf 73' lang='lat' dir='ltr'><strong>tam</strong></span> <span class='ocrx_word' id='word_1_921' title='bbox 2320 5090 2586 5175; x_wconf 57' lang='lat' dir='ltr'><strong>retentam</strong></span> <span class='ocrx_word' id='word_1_922' title='bbox 2624 5092 2827 5174; x_wconf 77' lang='lat' dir='ltr'><strong>habere</strong></span> <span class='ocrx_word' id='word_1_923' title='bbox 2867 5090 3187 5156; x_wconf 85' lang='lat' dir='ltr'><strong>credamus;</strong></span> <span class='ocrx_word' id='word_1_924' title='bbox 3220 5104 3449 5175; x_wconf 52' lang='lat' dir='ltr'><strong>escepto</strong></span> <span class='ocrx_word' id='word_1_925' title='bbox 3488 5097 3778 5175; x_wconf 72' lang='lat' dir='ltr'><strong>martyrio,</strong></span> 
     </span>
    </p>
   </div>
   <div class='ocr_carea' id='block_1_119' title="bbox 2181 5162 3782 5233">
    <p class='ocr_par' dir='ltr' id='par_1_119' title="bbox 2181 5162 3782 5233">
     <span class='ocr_line' id='line_1_121' title="bbox 2181 5162 3782 5233; baseline -0.001 -15"><span class='ocrx_word' id='word_1_926' title='bbox 2181 5165 2271 5219; x_wconf 88' lang='lat' dir='ltr'><strong>ubi</strong></span> <span class='ocrx_word' id='word_1_927' title='bbox 2307 5174 2418 5219; x_wconf 90' lang='lat' dir='ltr'><strong>tota</strong></span> <span class='ocrx_word' id='word_1_928' title='bbox 2443 5163 2698 5233; x_wconf 88' lang='lat' dir='ltr'><strong>baptismi</strong></span> <span class='ocrx_word' id='word_1_929' title='bbox 2727 5171 3071 5216; x_wconf 86' lang='lat' dir='ltr'><strong>sacramenta</strong></span> <span class='ocrx_word' id='word_1_930' title='bbox 3099 5162 3461 5231; x_wconf 88' lang='lat' dir='ltr'><strong>complentur.</strong></span> <span class='ocrx_word' id='word_1_931' title='bbox 3491 5162 3782 5233; x_wconf 65' lang='lat' dir='ltr'><strong>Baptizati-</strong></span> 
     </span>
    </p>
   </div>
   <div class='ocr_carea' id='block_1_120' title="bbox 2179 5233 3778 5298">
    <p class='ocr_par' dir='ltr' id='par_1_120' title="bbox 2179 5233 3778 5298">
     <span class='ocr_line' id='line_1_122' title="bbox 2179 5233 3778 5298; baseline -0.008 -9"><span class='ocrx_word' id='word_1_932' title='bbox 2179 5235 2279 5291; x_wconf 90' lang='lat' dir='ltr'><strong>dus</strong></span> <span class='ocrx_word' id='word_1_933' title='bbox 2320 5235 2611 5290; x_wconf 83' lang='lat' dir='ltr'><strong>conﬁtetur</strong></span> <span class='ocrx_word' id='word_1_934' title='bbox 2646 5233 2806 5286; x_wconf 86' lang='lat' dir='ltr'><strong>ﬁdem</strong></span> <span class='ocrx_word' id='word_1_935' title='bbox 2844 5247 3001 5292; x_wconf 84' lang='lat' dir='ltr'><strong>suam</strong></span> <span class='ocrx_word' id='word_1_936' title='bbox 3026 5246 3213 5286; x_wconf 91' lang='lat' dir='ltr'><strong>coram</strong></span> <span class='ocrx_word' id='word_1_937' title='bbox 3243 5233 3558 5298; x_wconf 87' lang='lat' dir='ltr'><strong>sacerdote,</strong></span> <span class='ocrx_word' id='word_1_938' title='bbox 3595 5244 3657 5289; x_wconf 90' lang='lat' dir='ltr'><strong>et</strong></span> <span class='ocrx_word' id='word_1_939' title='bbox 3691 5237 3778 5291; x_wconf 89' lang='lat' dir='ltr'><strong>in-</strong></span> 
     </span>
    </p>
   </div>
   <div class='ocr_carea' id='block_1_121' title="bbox 2167 5301 3779 5376">
    <p class='ocr_par' dir='ltr' id='par_1_121' title="bbox 2167 5301 3779 5376">
     <span class='ocr_line' id='line_1_123' title="bbox 2167 5301 3779 5376; baseline -0.009 -15"><span class='ocrx_word' id='word_1_940' title='bbox 2167 5313 2485 5376; x_wconf 59' lang='lat' dir='ltr'><strong>terrogatus</strong></span> <span class='ocrx_word' id='word_1_941' title='bbox 2514 5303 2822 5376; x_wconf 86' lang='lat' dir='ltr'><strong>respondet.</strong></span> <span class='ocrx_word' id='word_1_942' title='bbox 2855 5301 2968 5376; x_wconf 64' lang='lat' dir='ltr'><strong>lloc</strong></span> <span class='ocrx_word' id='word_1_943' title='bbox 2995 5310 3051 5356; x_wconf 88' lang='lat' dir='ltr'><strong>et</strong></span> <span class='ocrx_word' id='word_1_944' title='bbox 3079 5310 3285 5376; x_wconf 78' lang='lat' dir='ltr'><strong>martyr</strong></span> <span class='ocrx_word' id='word_1_945' title='bbox 3304 5317 3489 5376; x_wconf 79' lang='lat' dir='ltr'><strong>coram</strong></span> <span class='ocrx_word' id='word_1_946' title='bbox 3518 5319 3779 5374; x_wconf 64' lang='lat' dir='ltr'><strong>pem-</strong></span> 
     </span>
    </p>
   </div>
   <div class='ocr_carea' id='block_1_122' title="bbox 2178 5371 3778 5446">
    <p class='ocr_par' dir='ltr' id='par_1_122' title="bbox 2178 5371 3778 5446">
     <span class='ocr_line' id='line_1_124' title="bbox 2178 5371 3778 5446; baseline 0.001 -18"><span class='ocrx_word' id='word_1_947' title='bbox 2178 5385 2296 5430; x_wconf 91' lang='lat' dir='ltr'><strong>tore</strong></span> <span class='ocrx_word' id='word_1_948' title='bbox 2331 5371 2502 5440; x_wconf 74' lang='lat' dir='ltr'><strong>Taeit,</strong></span> <span class='ocrx_word' id='word_1_949' title='bbox 2544 5371 2636 5446; x_wconf 73' lang='lat' dir='ltr'><strong>qui</strong></span> <span class='ocrx_word' id='word_1_950' title='bbox 2664 5384 2719 5427; x_wconf 91' lang='lat' dir='ltr'><strong>et</strong></span> <span class='ocrx_word' id='word_1_951' title='bbox 2759 5371 3052 5446; x_wconf 73' lang='lat' dir='ltr'><strong>conﬁtetur</strong></span> <span class='ocrx_word' id='word_1_952' title='bbox 3082 5371 3239 5446; x_wconf 88' lang='lat' dir='ltr'><strong>ﬁdem</strong></span> <span class='ocrx_word' id='word_1_953' title='bbox 3260 5413 3275 5437; x_wconf 96' lang='lat'><strong>,</strong></span> <span class='ocrx_word' id='word_1_954' title='bbox 3309 5371 3778 5446; x_wconf 74' lang='lat' dir='ltr'><strong>etinterrogatus</strong></span> 
     </span>
    </p>
   </div>
   <div class='ocr_carea' id='block_1_123' title="bbox 2177 5441 3780 5516">
    <p class='ocr_par' dir='ltr' id='par_1_123' title="bbox 2177 5441 3780 5516">
     <span class='ocr_line' id='line_1_125' title="bbox 2177 5441 3780 5516; baseline 0.002 -18"><span class='ocrx_word' id='word_1_955' title='bbox 2177 5448 2487 5516; x_wconf 88' lang='lat' dir='ltr'><strong>respondet.</strong></span> <span class='ocrx_word' id='word_1_956' title='bbox 2549 5441 2815 5516; x_wconf 80' lang='lat' dir='ltr'><strong>lllepost</strong></span> <span class='ocrx_word' id='word_1_957' title='bbox 2862 5441 3261 5516; x_wconf 76' lang='lat' dir='ltr'><strong>confessionem</strong></span> <span class='ocrx_word' id='word_1_958' title='bbox 3315 5442 3400 5516; x_wconf 82' lang='lat' dir='ltr'><strong>vel</strong></span> <span class='ocrx_word' id='word_1_959' title='bbox 3471 5441 3780 5516; x_wconf 66' lang='lat' dir='ltr'><strong>aspergitur</strong></span> 
     </span>
    </p>
   </div>
   <div class='ocr_carea' id='block_1_124' title="bbox 2178 5511 3774 5585">
    <p class='ocr_par' dir='ltr' id='par_1_124' title="bbox 2178 5511 3774 5585">
     <span class='ocr_line' id='line_1_126' title="bbox 2178 5511 3774 5585; baseline 0.001 -16"><span class='ocrx_word' id='word_1_960' title='bbox 2178 5511 2348 5585; x_wconf 82' lang='lat' dir='ltr'><strong>aqua,</strong></span> <span class='ocrx_word' id='word_1_961' title='bbox 2386 5515 2471 5571; x_wconf 90' lang='lat' dir='ltr'><strong>vel</strong></span> <span class='ocrx_word' id='word_1_962' title='bbox 2501 5514 2882 5585; x_wconf 61' lang='lat' dir='ltr'><strong>tinguitur5_et</strong></span> <span class='ocrx_word' id='word_1_963' title='bbox 2918 5512 3009 5566; x_wconf 88' lang='lat' dir='ltr'><strong>hic</strong></span> <span class='ocrx_word' id='word_1_964' title='bbox 3033 5511 3457 5585; x_wconf 10' lang='lat' dir='ltr'><strong>velgaspergitur</strong></span> <span class='ocrx_word' id='word_1_965' title='bbox 3488 5511 3774 5585; x_wconf 72' lang='lat' dir='ltr'><strong>sanguine,</strong></span> 
     </span>
    </p>
   </div>
   <div class='ocr_carea' id='block_1_125' title="bbox 2177 5582 3778 5658">
    <p class='ocr_par' dir='ltr' id='par_1_125' title="bbox 2177 5582 3778 5658">
     <span class='ocr_line' id='line_1_127' title="bbox 2177 5582 3778 5658; baseline 0.002 -20"><span class='ocrx_word' id='word_1_966' title='bbox 2177 5582 2261 5641; x_wconf 77' lang='lat' dir='ltr'><strong>vel</strong></span> <span class='ocrx_word' id='word_1_967' title='bbox 2289 5586 2552 5658; x_wconf 80' lang='lat' dir='ltr'><strong>tinguitur</strong></span> <span class='ocrx_word' id='word_1_968' title='bbox 2576 5582 2717 5655; x_wconf 79' lang='lat' dir='ltr'><strong>igne.</strong></span> <span class='ocrx_word' id='word_1_969' title='bbox 2765 5582 2856 5636; x_wconf 86' lang='lat' dir='ltr'><strong>llle</strong></span> <span class='ocrx_word' id='word_1_970' title='bbox 2887 5598 3082 5658; x_wconf 83' lang='lat' dir='ltr'><strong>manus</strong></span> <span class='ocrx_word' id='word_1_971' title='bbox 3125 5583 3472 5658; x_wconf 78' lang='lat' dir='ltr'><strong>impositique</strong></span> <span class='ocrx_word' id='word_1_972' title='bbox 3497 5582 3778 5658; x_wconf 69' lang='lat' dir='ltr'><strong>pontiﬁcis</strong></span> 
     </span>
    </p>
   </div>
   <div class='ocr_carea' id='block_1_126' title="bbox 2177 5652 3780 5728">
    <p class='ocr_par' dir='ltr' id='par_1_126' title="bbox 2177 5652 3780 5728">
     <span class='ocr_line' id='line_1_128' title="bbox 2177 5652 3780 5728; baseline 0.001 -17"><span class='ocrx_word' id='word_1_973' title='bbox 2177 5652 2668 5728; x_wconf 46' lang='lat' dir='ltr'><strong>accipit’Spiritu&#39;m</strong></span> <span class='ocrx_word' id='word_1_974' title='bbox 2705 5662 2952 5709; x_wconf 86' lang='lat' dir='ltr'><strong>sanctum</strong></span> <span class='ocrx_word' id='word_1_975' title='bbox 2974 5694 2987 5720; x_wconf 95' lang='lat'><strong>,</strong></span> <span class='ocrx_word' id='word_1_976' title='bbox 3015 5653 3101 5708; x_wconf 88' lang='lat' dir='ltr'><strong>hic</strong></span> <span class='ocrx_word' id='word_1_977' title='bbox 3129 5652 3515 5709; x_wconf 50' lang='lat' dir='ltr'><strong>habitaculum‘</strong></span> <span class='ocrx_word' id='word_1_978' title='bbox 3537 5652 3780 5712; x_wconf 82' lang='lat' dir='ltr'><strong>efﬁcitur</strong></span> 
     </span>
    </p>
   </div>
   <div class='ocr_carea' id='block_1_127' title="bbox 2181 5725 2709 5798">
    <p class='ocr_par' dir='ltr' id='par_1_127' title="bbox 2181 5725 2709 5798">
     <span class='ocr_line' id='line_1_129' title="bbox 2181 5725 2709 5798; baseline -0.008 -16"><span class='ocrx_word' id='word_1_979' title='bbox 2181 5725 2415 5798; x_wconf 79' lang='lat' dir='ltr'><strong>Spiritus</strong></span> <span class='ocrx_word' id='word_1_980' title='bbox 2447 5725 2639 5782; x_wconf 88' lang='lat' dir='ltr'><strong>sancti.</strong></span> <span class='ocrx_word' id='word_1_981' title='bbox 2691 5743 2709 5778; x_wconf 84' lang='grc'>›</span> 
     </span>
    </p>
   </div>
  </div>
