  <div class='ocr_page' id='page_1' title='image "/cluster/home/n/w/nwhite01/storage/ocr_20150623/104/uva.x000827061/094.png"; bbox 0 0 3918 6372; ppageno 0'>
   <div class='ocr_carea' id='block_1_1' title="bbox 225 322 330 384">
    <p class='ocr_par' dir='ltr' id='par_1_1' title="bbox 225 322 330 384">
     <span class='ocr_line' id='line_1_1' title="bbox 225 322 330 384; baseline -0.01 0"><span class='ocrx_word' id='word_1_1' title='bbox 225 322 330 384; x_wconf 61' lang='lat'><strong><em>{73</em></strong></span> 
     </span>
    </p>
   </div>
   <div class='ocr_carea' id='block_1_2' title="bbox 1329 323 2404 382">
    <p class='ocr_par' dir='ltr' id='par_1_2' title="bbox 1329 323 2404 382">
     <span class='ocr_line' id='line_1_2' title="bbox 1329 323 2404 382; baseline -0.002 0"><span class='ocrx_word' id='word_1_2' title='bbox 1329 326 1542 382; x_wconf 79' lang='lat' dir='ltr'><strong><em>EPIST.</em></strong></span> <span class='ocrx_word' id='word_1_3' title='bbox 1587 326 1678 381; x_wconf 74' lang='lat' dir='ltr'><strong><em>AD</em></strong></span> <span class='ocrx_word' id='word_1_4' title='bbox 1716 323 2080 382; x_wconf 75' lang='lat' dir='ltr'><strong><em>PROCERES</em></strong></span> <span class='ocrx_word' id='word_1_5' title='bbox 2118 324 2404 381; x_wconf 79' lang='lat' dir='ltr'><strong><em>PALATII.</em></strong></span> 
     </span>
    </p>
   </div>
   <div class='ocr_carea' id='block_1_3' title="bbox 3403 327 3504 385">
    <p class='ocr_par' dir='ltr' id='par_1_3' title="bbox 3403 327 3504 385">
     <span class='ocr_line' id='line_1_3' title="bbox 3403 327 3504 385; baseline 0.059 -6"><span class='ocrx_word' id='word_1_6' title='bbox 3403 327 3504 385; x_wconf 68' lang='lat'><strong><em>175</em></strong></span> 
     </span>
    </p>
   </div>
   <div class='ocr_carea' id='block_1_4' title="bbox 221 441 3504 516">
    <p class='ocr_par' dir='ltr' id='par_1_4' title="bbox 221 441 3504 516">
     <span class='ocr_line' id='line_1_4' title="bbox 221 441 3504 516; baseline -0.001 -14"><span class='ocrx_word' id='word_1_7' title='bbox 221 449 281 505; x_wconf 82' lang='lat' dir='ltr'><strong><em>in</em></strong></span> <span class='ocrx_word' id='word_1_8' title='bbox 319 446 560 502; x_wconf 86' lang='lat' dir='ltr'><strong><em>omnibus</em></strong></span> <span class='ocrx_word' id='word_1_9' title='bbox 584 444 918 516; x_wconf 86' lang='lat' dir='ltr'><strong><em>adimpletur.</em></strong></span> <span class='ocrx_word' id='word_1_10' title='bbox 956 445 1023 499; x_wconf 82' lang='lat' dir='ltr'><strong><em>Et</em></strong></span> <span class='ocrx_word' id='word_1_11' title='bbox 1057 447 1282 499; x_wconf 90' lang='lat' dir='ltr'><strong><em>iterum:</em></strong></span> <span class='ocrx_word' id='word_1_12' title='bbox 1311 443 1431 512; x_wconf 85' lang='lat' dir='ltr'><strong><em>Ipse</em></strong></span> <span class='ocrx_word' id='word_1_13' title='bbox 1451 452 1526 497; x_wconf 85' lang='lat' dir='ltr'><strong><em>est</em></strong></span> <span class='ocrx_word' id='word_1_14' title='bbox 1553 443 1689 497; x_wconf 88' lang='lat' dir='ltr'><strong><em>enim</em></strong></span> <span class='ocrx_word' id='word_1_15' title='bbox 1711 457 1817 510; x_wconf 75' lang='lat' dir='ltr'><strong><em>pax</em></strong></span> <span class='ocrx_word' id='word_1_16' title='bbox 1844 441 1894 500; x_wconf 80' lang='grc' dir='ltr'><strong>Α</strong></span> <span class='ocrx_word' id='word_1_17' title='bbox 1992 441 2151 495; x_wconf 79' lang='lat' dir='ltr'><strong><em>XXII.</em></strong></span> <span class='ocrx_word' id='word_1_18' title='bbox 2187 441 2243 498; x_wconf 88' lang='lat' dir='ltr'><strong><em>Si</em></strong></span> <span class='ocrx_word' id='word_1_19' title='bbox 2270 444 2391 513; x_wconf 85' lang='lat' dir='ltr'><strong>quis</strong></span> <span class='ocrx_word' id='word_1_20' title='bbox 2416 449 2596 498; x_wconf 84' lang='lat' dir='ltr'><strong><em>autem</em></strong></span> <span class='ocrx_word' id='word_1_21' title='bbox 2621 442 2688 496; x_wconf 88' lang='lat' dir='ltr'><strong><em>ad</em></strong></span> <span class='ocrx_word' id='word_1_22' title='bbox 2708 442 2823 497; x_wconf 75' lang='lat' dir='ltr'><strong><em>haec</em></strong></span> <span class='ocrx_word' id='word_1_23' title='bbox 2843 441 3206 513; x_wconf 64' lang='lat' dir='ltr'><strong><em>olzjicientlum</em></strong></span> <span class='ocrx_word' id='word_1_24' title='bbox 3233 444 3504 513; x_wconf 73' lang='lat' dir='ltr'><strong><em>putaverit</em></strong></span> 
     </span>
    </p>
   </div>
   <div class='ocr_carea' id='block_1_5' title="bbox 222 535 1815 610">
    <p class='ocr_par' dir='ltr' id='par_1_5' title="bbox 222 535 1815 610">
     <span class='ocr_line' id='line_1_5' title="bbox 222 535 1815 610; baseline -0.006 -17"><span class='ocrx_word' id='word_1_25' title='bbox 222 547 430 604; x_wconf 84' lang='lat' dir='ltr'><strong><em>nostra,</em></strong></span> <span class='ocrx_word' id='word_1_26' title='bbox 457 539 548 610; x_wconf 85' lang='lat' dir='ltr'><strong><em>qui</em></strong></span> <span class='ocrx_word' id='word_1_27' title='bbox 589 538 709 607; x_wconf 76' lang='lat' dir='ltr'><strong><em>fecit</em></strong></span> <span class='ocrx_word' id='word_1_28' title='bbox 737 543 958 601; x_wconf 86' lang='lat' dir='ltr'><strong><em>utraque</em></strong></span> <span class='ocrx_word' id='word_1_29' title='bbox 1006 553 1191 600; x_wconf 83' lang='lat' dir='ltr'><strong><em>unum,</em></strong></span> <span class='ocrx_word' id='word_1_30' title='bbox 1223 545 1270 589; x_wconf 82' lang='lat' dir='ltr'><strong><em>et</em></strong></span> <span class='ocrx_word' id='word_1_31' title='bbox 1310 537 1538 590; x_wconf 88' lang='lat' dir='ltr'><strong><em>medium</em></strong></span> <span class='ocrx_word' id='word_1_32' title='bbox 1565 535 1815 605; x_wconf 74' lang='lat' dir='ltr'><strong><em>parietem</em></strong></span> 
     </span>
    </p>
   </div>
   <div class='ocr_carea' id='block_1_6' title="bbox 219 628 1814 699">
    <p class='ocr_par' dir='ltr' id='par_1_6' title="bbox 219 628 1814 699">
     <span class='ocr_line' id='line_1_6' title="bbox 219 628 1814 699; baseline -0.003 -15"><span class='ocrx_word' id='word_1_33' title='bbox 219 631 708 697; x_wconf 68' lang='lat' dir='ltr'><strong><em>macerie,solvens</em></strong></span> <span class='ocrx_word' id='word_1_34' title='bbox 736 630 1062 683; x_wconf 76' lang='lat' dir='ltr'><strong><em>inimicitiam</em></strong></span> <span class='ocrx_word' id='word_1_35' title='bbox 1083 630 1136 683; x_wconf 86' lang='lat' dir='ltr'><strong><em>in</em></strong></span> <span class='ocrx_word' id='word_1_36' title='bbox 1166 645 1322 683; x_wconf 86' lang='lat' dir='ltr'><strong><em>carne</em></strong></span> <span class='ocrx_word' id='word_1_37' title='bbox 1340 647 1459 692; x_wconf 88' lang='lat' dir='ltr'><strong><em>sua,</em></strong></span> <span class='ocrx_word' id='word_1_38' title='bbox 1488 628 1648 699; x_wconf 85' lang='lat' dir='ltr'><strong><em>legem</em></strong></span> <span class='ocrx_word' id='word_1_39' title='bbox 1666 644 1814 682; x_wconf 91' lang='lat' dir='ltr'><strong><em>man-</em></strong></span> 
     </span>
    </p>
   </div>
   <div class='ocr_carea' id='block_1_7' title="bbox 220 721 1815 787">
    <p class='ocr_par' dir='ltr' id='par_1_7' title="bbox 220 721 1815 787">
     <span class='ocr_line' id='line_1_7' title="bbox 220 721 1815 787; baseline -0.001 -11"><span class='ocrx_word' id='word_1_40' title='bbox 220 721 474 776; x_wconf 84' lang='lat' dir='ltr'><strong><em>datorum</em></strong></span> <span class='ocrx_word' id='word_1_41' title='bbox 504 723 725 776; x_wconf 88' lang='lat' dir='ltr'><strong><em>decretis</em></strong></span> <span class='ocrx_word' id='word_1_42' title='bbox 751 739 1030 787; x_wconf 81' lang='lat' dir='ltr'><strong><em>evacuans,</em></strong></span> <span class='ocrx_word' id='word_1_43' title='bbox 1056 731 1112 774; x_wconf 88' lang='lat' dir='ltr'><strong><em>ut</em></strong></span> <span class='ocrx_word' id='word_1_44' title='bbox 1159 721 1291 776; x_wconf 84' lang='lat' dir='ltr'><strong><em>duos</em></strong></span> <span class='ocrx_word' id='word_1_45' title='bbox 1328 721 1521 775; x_wconf 86' lang='lat' dir='ltr'><strong><em>condat</em></strong></span> <span class='ocrx_word' id='word_1_46' title='bbox 1547 721 1603 773; x_wconf 89' lang='lat' dir='ltr'><strong><em>in</em></strong></span> <span class='ocrx_word' id='word_1_47' title='bbox 1628 731 1815 775; x_wconf 89' lang='lat' dir='ltr'><strong><em>semet-</em></strong></span> 
     </span>
    </p>
   </div>
   <div class='ocr_carea' id='block_1_8' title="bbox 219 812 1813 883">
    <p class='ocr_par' dir='ltr' id='par_1_8' title="bbox 219 812 1813 883">
     <span class='ocr_line' id='line_1_8' title="bbox 219 812 1813 883; baseline -0.001 -17"><span class='ocrx_word' id='word_1_48' title='bbox 219 814 395 883; x_wconf 87' lang='lat' dir='ltr'><strong><em>ipsum</em></strong></span> <span class='ocrx_word' id='word_1_49' title='bbox 442 815 496 867; x_wconf 90' lang='lat' dir='ltr'><strong><em>in</em></strong></span> <span class='ocrx_word' id='word_1_50' title='bbox 529 829 692 866; x_wconf 86' lang='lat' dir='ltr'><strong><em>unum</em></strong></span> <span class='ocrx_word' id='word_1_51' title='bbox 739 828 924 866; x_wconf 78' lang='lat' dir='ltr'><strong><em>norum</em></strong></span> <span class='ocrx_word' id='word_1_52' title='bbox 962 812 1247 876; x_wconf 81' lang='lat' dir='ltr'><strong><em>hominem,</em></strong></span> <span class='ocrx_word' id='word_1_53' title='bbox 1292 813 1490 882; x_wconf 80' lang='lat' dir='ltr'><strong><em>faciens</em></strong></span> <span class='ocrx_word' id='word_1_54' title='bbox 1518 827 1721 880; x_wconf 83' lang='lat' dir='ltr'><strong><em>pacem,</em></strong></span> <span class='ocrx_word' id='word_1_55' title='bbox 1765 819 1813 864; x_wconf 90' lang='lat' dir='ltr'><strong><em>et</em></strong></span> 
     </span>
    </p>
   </div>
   <div class='ocr_carea' id='block_1_9' title="bbox 219 895 1810 972">
    <p class='ocr_par' dir='ltr' id='par_1_9' title="bbox 219 895 1810 972">
     <span class='ocr_line' id='line_1_9' title="bbox 219 895 1810 972; baseline 0 -17"><span class='ocrx_word' id='word_1_56' title='bbox 219 901 574 956; x_wconf 71' lang='lat' dir='ltr'><strong><em>reconcilians</em></strong></span> <span class='ocrx_word' id='word_1_57' title='bbox 610 905 788 956; x_wconf 82' lang='lat' dir='ltr'><strong><em>ambos</em></strong></span> <span class='ocrx_word' id='word_1_58' title='bbox 821 902 874 956; x_wconf 89' lang='lat' dir='ltr'><strong><em>in</em></strong></span> <span class='ocrx_word' id='word_1_59' title='bbox 907 918 1012 956; x_wconf 87' lang='lat' dir='ltr'><strong><em>uno</em></strong></span> <span class='ocrx_word' id='word_1_60' title='bbox 1043 917 1260 971; x_wconf 73' lang='lat' dir='ltr'><strong><em>corpore</em></strong></span> <span class='ocrx_word' id='word_1_61' title='bbox 1299 901 1412 956; x_wconf 86' lang='lat' dir='ltr'><strong><em>Deo</em></strong></span> <span class='ocrx_word' id='word_1_62' title='bbox 1440 895 1545 972; x_wconf 84' lang='lat' dir='ltr'><strong><em>per</em></strong></span> <span class='ocrx_word' id='word_1_63' title='bbox 1567 917 1810 966; x_wconf 86' lang='lat' dir='ltr'><strong><em>crucem,</em></strong></span> 
     </span>
    </p>
   </div>
   <div class='ocr_carea' id='block_1_10' title="bbox 217 992 1811 1064">
    <p class='ocr_par' dir='ltr' id='par_1_10' title="bbox 217 992 1811 1064">
     <span class='ocr_line' id='line_1_10' title="bbox 217 992 1811 1064; baseline 0.001 -19"><span class='ocrx_word' id='word_1_64' title='bbox 217 992 543 1061; x_wconf 75' lang='lat' dir='ltr'><strong><em>interﬁziens</em></strong></span> <span class='ocrx_word' id='word_1_65' title='bbox 598 993 930 1046; x_wconf 74' lang='lat' dir='ltr'><strong><em>inimicitiam</em></strong></span> <span class='ocrx_word' id='word_1_66' title='bbox 987 994 1042 1047; x_wconf 88' lang='lat' dir='ltr'><strong><em>in</em></strong></span> <span class='ocrx_word' id='word_1_67' title='bbox 1104 995 1399 1064; x_wconf 82' lang='lat' dir='ltr'><strong><em>semetipso.</em></strong></span> <span class='ocrx_word' id='word_1_68' title='bbox 1464 992 1534 1047; x_wconf 86' lang='lat' dir='ltr'><strong><em>Et</em></strong></span> <span class='ocrx_word' id='word_1_69' title='bbox 1605 994 1811 1047; x_wconf 78' lang='lat' dir='ltr'><strong><em>veniens</em></strong></span> 
     </span>
    </p>
   </div>
   <div class='ocr_carea' id='block_1_11' title="bbox 216 1079 1811 1154">
    <p class='ocr_par' dir='ltr' id='par_1_11' title="bbox 216 1079 1811 1154">
     <span class='ocr_line' id='line_1_11' title="bbox 216 1079 1811 1154; baseline 0.002 -20"><span class='ocrx_word' id='word_1_70' title='bbox 216 1079 598 1152; x_wconf 52' lang='lat' dir='ltr'><strong><em>etiangelizaoit</em></strong></span> <span class='ocrx_word' id='word_1_71' title='bbox 637 1099 818 1152; x_wconf 86' lang='lat' dir='ltr'><strong><em>pacem</em></strong></span> <span class='ocrx_word' id='word_1_72' title='bbox 842 1082 984 1137; x_wconf 80' lang='lat' dir='ltr'><strong><em>vobis</em></strong></span> <span class='ocrx_word' id='word_1_73' title='bbox 1006 1083 1096 1154; x_wconf 89' lang='lat' dir='ltr'><strong><em>qui</em></strong></span> <span class='ocrx_word' id='word_1_74' title='bbox 1120 1081 1271 1152; x_wconf 85' lang='lat' dir='ltr'><strong><em>longe</em></strong></span> <span class='ocrx_word' id='word_1_75' title='bbox 1316 1083 1518 1152; x_wconf 76' lang='lat' dir='ltr'><strong><em>fuistis,</em></strong></span> <span class='ocrx_word' id='word_1_76' title='bbox 1542 1093 1593 1137; x_wconf 71' lang='lat' dir='ltr'><strong><em>et</em></strong></span> <span class='ocrx_word' id='word_1_77' title='bbox 1630 1100 1811 1154; x_wconf 86' lang='lat' dir='ltr'><strong><em>pacem</em></strong></span> 
     </span>
    </p>
   </div>
   <div class='ocr_carea' id='block_1_12' title="bbox 217 1172 1810 1243">
    <p class='ocr_par' dir='ltr' id='par_1_12' title="bbox 217 1172 1810 1243">
     <span class='ocr_line' id='line_1_12' title="bbox 217 1172 1810 1243; baseline 0.001 -18"><span class='ocrx_word' id='word_1_78' title='bbox 217 1172 415 1241; x_wconf 74' lang='lat' dir='ltr'><strong><em>his&#39;qui</em></strong></span> <span class='ocrx_word' id='word_1_79' title='bbox 452 1188 642 1242; x_wconf 86' lang='lat' dir='ltr'><strong><em>prope;</em></strong></span> <span class='ocrx_word' id='word_1_80' title='bbox 673 1173 920 1243; x_wconf 84' lang='lat' dir='ltr'><strong><em>quoniam</em></strong></span> <span class='ocrx_word' id='word_1_81' title='bbox 944 1189 1038 1242; x_wconf 87' lang='lat' dir='ltr'><strong><em>per</em></strong></span> <span class='ocrx_word' id='word_1_82' title='bbox 1058 1173 1230 1243; x_wconf 86' lang='lat' dir='ltr'><strong><em>ipsum</em></strong></span> <span class='ocrx_word' id='word_1_83' title='bbox 1264 1172 1517 1227; x_wconf 85' lang='lat' dir='ltr'><strong><em>habemus</em></strong></span> <span class='ocrx_word' id='word_1_84' title='bbox 1541 1189 1810 1227; x_wconf 88' lang='lat' dir='ltr'><strong><em>accessum</em></strong></span> 
     </span>
    </p>
   </div>
   <div class='ocr_carea' id='block_1_13' title="bbox 215 1262 1809 1341">
    <p class='ocr_par' dir='ltr' id='par_1_13' title="bbox 215 1262 1809 1341">
     <span class='ocr_line' id='line_1_13' title="bbox 215 1262 1809 1341; baseline 0.003 -26"><span class='ocrx_word' id='word_1_85' title='bbox 215 1262 374 1317; x_wconf 88' lang='lat' dir='ltr'><strong><em>ambo</em></strong></span> <span class='ocrx_word' id='word_1_86' title='bbox 401 1263 587 1341; x_wconf 77' lang='lat' dir='ltr'><strong><em>inuno</em></strong></span> <span class='ocrx_word' id='word_1_87' title='bbox 618 1263 805 1333; x_wconf 75' lang='lat' dir='ltr'><strong><em>spiritu</em></strong></span> <span class='ocrx_word' id='word_1_88' title='bbox 835 1264 904 1316; x_wconf 84' lang='lat' dir='ltr'><strong><em>ad</em></strong></span> <span class='ocrx_word' id='word_1_89' title='bbox 934 1263 1168 1317; x_wconf 78' lang='lat' dir='ltr'><strong><em>Patrem.</em></strong></span> <span class='ocrx_word' id='word_1_90' title='bbox 1202 1263 1344 1335; x_wconf 86' lang='lat' dir='ltr'><strong><em>Ergo</em></strong></span> <span class='ocrx_word' id='word_1_91' title='bbox 1383 1263 1503 1334; x_wconf 82' lang='lat' dir='ltr'><strong><em>jam</em></strong></span> <span class='ocrx_word' id='word_1_92' title='bbox 1541 1280 1648 1318; x_wconf 91' lang='lat' dir='ltr'><strong><em>non</em></strong></span> <span class='ocrx_word' id='word_1_93' title='bbox 1684 1265 1809 1319; x_wconf 87' lang='lat' dir='ltr'><strong><em>estis</em></strong></span> 
     </span>
    </p>
   </div>
   <div class='ocr_carea' id='block_1_14' title="bbox 215 1355 1810 1426">
    <p class='ocr_par' dir='ltr' id='par_1_14' title="bbox 215 1355 1810 1426">
     <span class='ocr_line' id='line_1_14' title="bbox 215 1355 1810 1426; baseline 0.001 -16"><span class='ocrx_word' id='word_1_94' title='bbox 215 1355 451 1426; x_wconf 85' lang='lat' dir='ltr'><strong><em>hospites</em></strong></span> <span class='ocrx_word' id='word_1_95' title='bbox 472 1364 522 1410; x_wconf 87' lang='lat' dir='ltr'><strong><em>et</em></strong></span> <span class='ocrx_word' id='word_1_96' title='bbox 551 1356 787 1420; x_wconf 67' lang='lat' dir='ltr'><strong><em>aduentv,</em></strong></span> <span class='ocrx_word' id='word_1_97' title='bbox 829 1355 920 1420; x_wconf 76' lang='lat' dir='ltr'><strong><em>sed</em></strong></span> <span class='ocrx_word' id='word_1_98' title='bbox 945 1357 1068 1419; x_wconf 80' lang='lat' dir='ltr'><strong><em>estis</em></strong></span> <span class='ocrx_word' id='word_1_99' title='bbox 1090 1357 1224 1410; x_wconf 78' lang='lat' dir='ltr'><strong><em>cives</em></strong></span> <span class='ocrx_word' id='word_1_100' title='bbox 1265 1367 1591 1421; x_wconf 87' lang='lat' dir='ltr'><strong><em>sanctorum,</em></strong></span> <span class='ocrx_word' id='word_1_101' title='bbox 1639 1365 1686 1412; x_wconf 90' lang='lat' dir='ltr'><strong><em>et</em></strong></span> <span class='ocrx_word' id='word_1_102' title='bbox 1715 1358 1810 1411; x_wconf 85' lang='lat' dir='ltr'><strong><em>do-</em></strong></span> 
     </span>
    </p>
   </div>
   <div class='ocr_carea' id='block_1_15' title="bbox 215 1446 1806 1521">
    <p class='ocr_par' dir='ltr' id='par_1_15' title="bbox 215 1446 1806 1521">
     <span class='ocr_line' id='line_1_15' title="bbox 215 1446 1806 1521; baseline 0.001 -19"><span class='ocrx_word' id='word_1_103' title='bbox 215 1448 423 1502; x_wconf 81' lang='lat' dir='ltr'><strong><em>mestici</em></strong></span> <span class='ocrx_word' id='word_1_104' title='bbox 454 1446 590 1512; x_wconf 64' lang='lat' dir='ltr'><strong><em>Dei;</em></strong></span> <span class='ocrx_word' id='word_1_105' title='bbox 616 1447 1024 1518; x_wconf 74' lang='lat' dir='ltr'><strong><em>supcrrediﬁcati</em></strong></span> <span class='ocrx_word' id='word_1_106' title='bbox 1047 1464 1204 1518; x_wconf 86' lang='lat' dir='ltr'><strong><em>super</em></strong></span> <span class='ocrx_word' id='word_1_107' title='bbox 1234 1447 1636 1518; x_wconf 77' lang='lat' dir='ltr'><strong><em>fundamentum</em></strong></span> <span class='ocrx_word' id='word_1_108' title='bbox 1675 1467 1806 1521; x_wconf 90' lang='lat' dir='ltr'><strong><em>apo-</em></strong></span> 
     </span>
    </p>
   </div>
   <div class='ocr_carea' id='block_1_16' title="bbox 213 1538 1809 1611">
    <p class='ocr_par' dir='ltr' id='par_1_16' title="bbox 213 1538 1809 1611">
     <span class='ocr_line' id='line_1_16' title="bbox 213 1538 1809 1611; baseline 0.003 -19"><span class='ocrx_word' id='word_1_109' title='bbox 213 1538 472 1592; x_wconf 82' lang='lat' dir='ltr'><strong><em>stolorum</em></strong></span> <span class='ocrx_word' id='word_1_110' title='bbox 502 1547 550 1592; x_wconf 85' lang='lat' dir='ltr'><strong><em>et</em></strong></span> <span class='ocrx_word' id='word_1_111' title='bbox 596 1539 985 1610; x_wconf 87' lang='lat' dir='ltr'><strong><em>prophetarum,</em></strong></span> <span class='ocrx_word' id='word_1_112' title='bbox 1035 1538 1146 1610; x_wconf 89' lang='lat' dir='ltr'><strong><em>ipso</em></strong></span> <span class='ocrx_word' id='word_1_113' title='bbox 1193 1555 1398 1593; x_wconf 89' lang='lat' dir='ltr'><strong><em>summo</em></strong></span> <span class='ocrx_word' id='word_1_114' title='bbox 1437 1540 1686 1611; x_wconf 86' lang='lat' dir='ltr'><strong><em>angulari</em></strong></span> <span class='ocrx_word' id='word_1_115' title='bbox 1728 1541 1809 1597; x_wconf 87' lang='lat' dir='ltr'><strong><em>la-</em></strong></span> 
     </span>
    </p>
   </div>
   <div class='ocr_carea' id='block_1_17' title="bbox 211 1626 1807 1698">
    <p class='ocr_par' dir='ltr' id='par_1_17' title="bbox 211 1626 1807 1698">
     <span class='ocr_line' id='line_1_17' title="bbox 211 1626 1807 1698; baseline 0.003 -18"><span class='ocrx_word' id='word_1_116' title='bbox 211 1627 339 1697; x_wconf 84' lang='lat' dir='ltr'><strong><em>pide</em></strong></span> <span class='ocrx_word' id='word_1_117' title='bbox 368 1626 576 1682; x_wconf 80' lang='lat' dir='ltr'><strong><em>Christo</em></strong></span> <span class='ocrx_word' id='word_1_118' title='bbox 601 1626 755 1692; x_wconf 79' lang='lat' dir='ltr'><strong><em>Iesu,</em></strong></span> <span class='ocrx_word' id='word_1_119' title='bbox 772 1628 829 1681; x_wconf 87' lang='lat' dir='ltr'><strong><em>in</em></strong></span> <span class='ocrx_word' id='word_1_120' title='bbox 850 1644 952 1698; x_wconf 89' lang='lat' dir='ltr'><strong><em>quo</em></strong></span> <span class='ocrx_word' id='word_1_121' title='bbox 990 1627 1272 1697; x_wconf 74' lang='lat' dir='ltr'><strong><em>azdiﬁcatio</em></strong></span> <span class='ocrx_word' id='word_1_122' title='bbox 1299 1637 1597 1683; x_wconf 87' lang='lat' dir='ltr'><strong><em>constructa</em></strong></span> <span class='ocrx_word' id='word_1_123' title='bbox 1622 1632 1807 1685; x_wconf 87' lang='lat' dir='ltr'><strong><em>crescit</em></strong></span> 
     </span>
    </p>
   </div>
   <div class='ocr_carea' id='block_1_18' title="bbox 213 1717 1808 1798">
    <p class='ocr_par' dir='ltr' id='par_1_18' title="bbox 213 1717 1808 1798">
     <span class='ocr_line' id='line_1_18' title="bbox 213 1717 1808 1798; baseline 0.004 -29"><span class='ocrx_word' id='word_1_124' title='bbox 213 1717 273 1770; x_wconf 86' lang='lat' dir='ltr'><strong><em>in</em></strong></span> <span class='ocrx_word' id='word_1_125' title='bbox 301 1717 548 1798; x_wconf 79' lang='lat' dir='ltr'><strong><em>templum</em></strong></span> <span class='ocrx_word' id='word_1_126' title='bbox 577 1728 818 1772; x_wconf 88' lang='lat' dir='ltr'><strong><em>sanctum</em></strong></span> <span class='ocrx_word' id='word_1_127' title='bbox 857 1719 912 1772; x_wconf 91' lang='lat' dir='ltr'><strong><em>in</em></strong></span> <span class='ocrx_word' id='word_1_128' title='bbox 940 1717 1188 1784; x_wconf 87' lang='lat' dir='ltr'><strong><em>Domino,</em></strong></span> <span class='ocrx_word' id='word_1_129' title='bbox 1220 1719 1276 1773; x_wconf 89' lang='lat' dir='ltr'><strong><em>in</em></strong></span> <span class='ocrx_word' id='word_1_130' title='bbox 1305 1736 1408 1791; x_wconf 89' lang='lat' dir='ltr'><strong><em>quo</em></strong></span> <span class='ocrx_word' id='word_1_131' title='bbox 1427 1730 1474 1774; x_wconf 91' lang='lat' dir='ltr'><strong><em>et</em></strong></span> <span class='ocrx_word' id='word_1_132' title='bbox 1501 1737 1588 1774; x_wconf 88' lang='lat' dir='ltr'><strong><em>vos</em></strong></span> <span class='ocrx_word' id='word_1_133' title='bbox 1616 1721 1808 1776; x_wconf 69' lang='lat' dir='ltr'><strong><em>coaedi-</em></strong></span> 
     </span>
    </p>
   </div>
   <div class='ocr_carea' id='block_1_19' title="bbox 1919 529 3503 603">
    <p class='ocr_par' dir='ltr' id='par_1_19' title="bbox 1919 529 3503 603">
     <span class='ocr_line' id='line_1_19' title="bbox 1919 529 3503 603; baseline 0.002 -18"><span class='ocrx_word' id='word_1_134' title='bbox 1919 529 2068 594; x_wconf 86' lang='lat' dir='ltr'><strong><em>illud,</em></strong></span> <span class='ocrx_word' id='word_1_135' title='bbox 2095 532 2238 601; x_wconf 87' lang='lat' dir='ltr'><strong><em>quod</em></strong></span> <span class='ocrx_word' id='word_1_136' title='bbox 2266 532 2319 587; x_wconf 92' lang='lat' dir='ltr'><strong><em>in</em></strong></span> <span class='ocrx_word' id='word_1_137' title='bbox 2346 533 2505 596; x_wconf 86' lang='lat' dir='ltr'><strong><em>Isaia,</em></strong></span> <span class='ocrx_word' id='word_1_138' title='bbox 2531 533 2609 587; x_wconf 78' lang='lat' dir='ltr'><strong><em>vel</em></strong></span> <span class='ocrx_word' id='word_1_139' title='bbox 2639 533 2693 588; x_wconf 67' lang='lat' dir='ltr'><strong><em>in</em></strong></span> <span class='ocrx_word' id='word_1_140' title='bbox 2715 532 3058 603; x_wconf 81' lang='lat' dir='ltr'><strong><em>Apocalypsi,</em></strong></span> <span class='ocrx_word' id='word_1_141' title='bbox 3083 547 3278 588; x_wconf 85' lang='lat' dir='ltr'><strong><em>nomen</em></strong></span> <span class='ocrx_word' id='word_1_142' title='bbox 3302 547 3503 589; x_wconf 86' lang='lat' dir='ltr'><strong><em>novum</em></strong></span> 
     </span>
    </p>
   </div>
   <div class='ocr_carea' id='block_1_20' title="bbox 1917 621 3500 694">
    <p class='ocr_par' dir='ltr' id='par_1_20' title="bbox 1917 621 3500 694">
     <span class='ocr_line' id='line_1_20' title="bbox 1917 621 3500 694; baseline 0.002 -19"><span class='ocrx_word' id='word_1_143' title='bbox 1917 621 2136 686; x_wconf 89' lang='lat' dir='ltr'><strong><em>dicitur,</em></strong></span> <span class='ocrx_word' id='word_1_144' title='bbox 2167 622 2309 691; x_wconf 92' lang='lat' dir='ltr'><strong><em>quod</em></strong></span> <span class='ocrx_word' id='word_1_145' title='bbox 2338 624 2526 692; x_wconf 83' lang='lat' dir='ltr'><strong><em>procul</em></strong></span> <span class='ocrx_word' id='word_1_146' title='bbox 2557 622 2724 679; x_wconf 92' lang='lat' dir='ltr'><strong><em>dubio</em></strong></span> <span class='ocrx_word' id='word_1_147' title='bbox 2748 622 3118 679; x_wconf 89' lang='lat' dir='ltr'><strong><em>Christianum</em></strong></span> <span class='ocrx_word' id='word_1_148' title='bbox 3143 624 3500 694; x_wconf 82' lang='lat' dir='ltr'><strong><em>intelligitur;</em></strong></span> 
     </span>
    </p>
   </div>
   <div class='ocr_carea' id='block_1_21' title="bbox 1915 715 3502 784">
    <p class='ocr_par' dir='ltr' id='par_1_21' title="bbox 1915 715 3502 784">
     <span class='ocr_line' id='line_1_21' title="bbox 1915 715 3502 784; baseline 0.002 -15"><span class='ocrx_word' id='word_1_149' title='bbox 1915 715 2052 769; x_wconf 82' lang='lat' dir='ltr'><strong><em>sciat</em></strong></span> <span class='ocrx_word' id='word_1_150' title='bbox 2080 723 2297 770; x_wconf 89' lang='lat' dir='ltr'><strong><em>sanctos</em></strong></span> <span class='ocrx_word' id='word_1_151' title='bbox 2327 715 2575 771; x_wconf 88' lang='lat' dir='ltr'><strong><em>doctores</em></strong></span> <span class='ocrx_word' id='word_1_152' title='bbox 2599 716 2673 770; x_wconf 91' lang='lat' dir='ltr'><strong><em>ita</em></strong></span> <span class='ocrx_word' id='word_1_153' title='bbox 2708 716 3035 772; x_wconf 90' lang='lat' dir='ltr'><strong><em>intellexisse</em></strong></span> <span class='ocrx_word' id='word_1_154' title='bbox 3054 758 3069 784; x_wconf 95' lang='lat'><strong><em>,</em></strong></span> <span class='ocrx_word' id='word_1_155' title='bbox 3099 725 3160 772; x_wconf 91' lang='lat' dir='ltr'><strong><em>ut</em></strong></span> <span class='ocrx_word' id='word_1_156' title='bbox 3189 733 3387 772; x_wconf 87' lang='lat' dir='ltr'><strong><em>novum</em></strong></span> <span class='ocrx_word' id='word_1_157' title='bbox 3415 717 3502 772; x_wconf 80' lang='lat' dir='ltr'><strong><em>di-</em></strong></span> 
     </span>
    </p>
   </div>
   <div class='ocr_carea' id='block_1_22' title="bbox 1914 808 3504 880">
    <p class='ocr_par' dir='ltr' id='par_1_22' title="bbox 1914 808 3504 880">
     <span class='ocr_line' id='line_1_22' title="bbox 1914 808 3504 880; baseline 0.002 -19"><span class='ocrx_word' id='word_1_158' title='bbox 1914 813 2426 878; x_wconf 86' lang='lat' dir='ltr'><strong><em>catur,_propterea</em></strong></span> <span class='ocrx_word' id='word_1_159' title='bbox 2477 808 2603 877; x_wconf 83' lang='lat' dir='ltr'><strong><em>quia</em></strong></span> <span class='ocrx_word' id='word_1_160' title='bbox 2650 822 2822 879; x_wconf 85' lang='lat' dir='ltr'><strong><em>nuper</em></strong></span> <span class='ocrx_word' id='word_1_161' title='bbox 2854 809 3182 880; x_wconf 91' lang='lat' dir='ltr'><strong><em>dispersum,</em></strong></span> <span class='ocrx_word' id='word_1_162' title='bbox 3214 825 3323 865; x_wconf 92' lang='lat' dir='ltr'><strong><em>non</em></strong></span> <span class='ocrx_word' id='word_1_163' title='bbox 3374 808 3504 879; x_wconf 79' lang='lat' dir='ltr'><strong><em>quia</em></strong></span> 
     </span>
    </p>
   </div>
   <div class='ocr_carea' id='block_1_23' title="bbox 1913 899 3504 972">
    <p class='ocr_par' dir='ltr' id='par_1_23' title="bbox 1913 899 3504 972">
     <span class='ocr_line' id='line_1_23' title="bbox 1913 899 3504 972; baseline 0.001 -18"><span class='ocrx_word' id='word_1_164' title='bbox 1913 914 2087 969; x_wconf 90' lang='lat' dir='ltr'><strong><em>nuper</em></strong></span> <span class='ocrx_word' id='word_1_165' title='bbox 2116 899 2394 954; x_wconf 89' lang='lat' dir='ltr'><strong><em>inventum</em></strong></span> <span class='ocrx_word' id='word_1_166' title='bbox 2421 915 2437 966; x_wconf 90' lang='lat'><strong><em>;</em></strong></span> <span class='ocrx_word' id='word_1_167' title='bbox 2477 915 2542 956; x_wconf 90' lang='lat' dir='ltr'><strong><em>ac</em></strong></span> <span class='ocrx_word' id='word_1_168' title='bbox 2575 915 2671 970; x_wconf 88' lang='lat' dir='ltr'><strong><em>per</em></strong></span> <span class='ocrx_word' id='word_1_169' title='bbox 2694 900 2797 956; x_wconf 85' lang='lat' dir='ltr'><strong><em>hoc</em></strong></span> <span class='ocrx_word' id='word_1_170' title='bbox 2830 916 2936 955; x_wconf 91' lang='lat' dir='ltr'><strong><em>non</em></strong></span> <span class='ocrx_word' id='word_1_171' title='bbox 2968 902 3174 957; x_wconf 86' lang='lat' dir='ltr'><strong><em>novella</em></strong></span> <span class='ocrx_word' id='word_1_172' title='bbox 3204 902 3289 958; x_wconf 90' lang='lat' dir='ltr'><strong><em>vel</em></strong></span> <span class='ocrx_word' id='word_1_173' title='bbox 3330 918 3504 972; x_wconf 81' lang='lat' dir='ltr'><strong><em>nuper</em></strong></span> 
     </span>
    </p>
   </div>
   <div class='ocr_carea' id='block_1_24' title="bbox 1913 988 3501 1062">
    <p class='ocr_par' dir='ltr' id='par_1_24' title="bbox 1913 988 3501 1062">
     <span class='ocr_line' id='line_1_24' title="bbox 1913 988 3501 1062; baseline 0.001 -17"><span class='ocrx_word' id='word_1_174' title='bbox 1913 997 2100 1045; x_wconf 87' lang='lat' dir='ltr'><strong><em>exorta</em></strong></span> <span class='ocrx_word' id='word_1_175' title='bbox 2128 999 2210 1045; x_wconf 90' lang='lat' dir='ltr'><strong><em>est</em></strong></span> <span class='ocrx_word' id='word_1_176' title='bbox 2235 988 2670 1046; x_wconf 88' lang='lat' dir='ltr'><strong><em>Christianorum</em></strong></span> <span class='ocrx_word' id='word_1_177' title='bbox 2700 990 2913 1061; x_wconf 79' lang='lat' dir='ltr'><strong><em>religio,</em></strong></span> <span class='ocrx_word' id='word_1_178' title='bbox 2941 992 3034 1046; x_wconf 91' lang='lat' dir='ltr'><strong><em>sed</em></strong></span> <span class='ocrx_word' id='word_1_179' title='bbox 3072 993 3140 1046; x_wconf 89' lang='lat' dir='ltr'><strong><em>ab</em></strong></span> <span class='ocrx_word' id='word_1_180' title='bbox 3167 993 3280 1062; x_wconf 87' lang='lat' dir='ltr'><strong><em>ipsa</em></strong></span> <span class='ocrx_word' id='word_1_181' title='bbox 3314 992 3501 1047; x_wconf 84' lang='lat' dir='ltr'><strong><em>mundi</em></strong></span> 
     </span>
    </p>
   </div>
   <div class='ocr_carea' id='block_1_25' title="bbox 1913 1079 3503 1150">
    <p class='ocr_par' dir='ltr' id='par_1_25' title="bbox 1913 1079 3503 1150">
     <span class='ocr_line' id='line_1_25' title="bbox 1913 1079 3503 1150; baseline 0.002 -17"><span class='ocrx_word' id='word_1_182' title='bbox 1913 1079 2121 1150; x_wconf 87' lang='lat' dir='ltr'><strong><em>origine</em></strong></span> <span class='ocrx_word' id='word_1_183' title='bbox 2147 1079 2503 1144; x_wconf 87' lang='lat' dir='ltr'><strong><em>descendens,</em></strong></span> <span class='ocrx_word' id='word_1_184' title='bbox 2532 1080 2723 1134; x_wconf 90' lang='lat' dir='ltr'><strong><em>eodem</em></strong></span> <span class='ocrx_word' id='word_1_185' title='bbox 2741 1079 2968 1135; x_wconf 70' lang='lat' dir='ltr'><strong><em>Christo</em></strong></span> <span class='ocrx_word' id='word_1_186' title='bbox 3005 1080 3230 1136; x_wconf 90' lang='lat' dir='ltr'><strong><em>doctore</em></strong></span> <span class='ocrx_word' id='word_1_187' title='bbox 3258 1091 3312 1137; x_wconf 89' lang='lat' dir='ltr'><strong><em>et</em></strong></span> <span class='ocrx_word' id='word_1_188' title='bbox 3340 1083 3503 1136; x_wconf 88' lang='lat' dir='ltr'><strong><em>iusti-</em></strong></span> 
     </span>
    </p>
   </div>
   <div class='ocr_carea' id='block_1_26' title="bbox 1912 1159 3503 1243">
    <p class='ocr_par' dir='ltr' id='par_1_26' title="bbox 1912 1159 3503 1243">
     <span class='ocr_line' id='line_1_26' title="bbox 1912 1159 3503 1243; baseline 0.003 -20"><span class='ocrx_word' id='word_1_189' title='bbox 1912 1178 2112 1225; x_wconf 88' lang='lat' dir='ltr'><strong><em>tutore.</em></strong></span> <span class='ocrx_word' id='word_1_190' title='bbox 2142 1159 2278 1223; x_wconf 85' lang='lat' dir='ltr'><strong><em>Nam</em></strong></span> <span class='ocrx_word' id='word_1_191' title='bbox 2308 1171 2436 1226; x_wconf 90' lang='lat' dir='ltr'><strong><em>inde</em></strong></span> <span class='ocrx_word' id='word_1_192' title='bbox 2470 1171 2538 1225; x_wconf 88' lang='lat' dir='ltr'><strong><em>ab</em></strong></span> <span class='ocrx_word' id='word_1_193' title='bbox 2566 1169 2724 1225; x_wconf 91' lang='lat' dir='ltr'><strong><em>initio</em></strong></span> <span class='ocrx_word' id='word_1_194' title='bbox 2751 1172 2985 1240; x_wconf 89' lang='lat' dir='ltr'><strong><em>speciem</em></strong></span> <span class='ocrx_word' id='word_1_195' title='bbox 3021 1169 3359 1243; x_wconf 82' lang='lat' dir='ltr'><strong><em>formamque</em></strong></span> <span class='ocrx_word' id='word_1_196' title='bbox 3382 1189 3503 1227; x_wconf 89' lang='lat' dir='ltr'><strong><em>sus—</em></strong></span> 
     </span>
    </p>
   </div>
   <div class='ocr_carea' id='block_1_27' title="bbox 1910 1260 3502 1332">
    <p class='ocr_par' dir='ltr' id='par_1_27' title="bbox 1910 1260 3502 1332">
     <span class='ocr_line' id='line_1_27' title="bbox 1910 1260 3502 1332; baseline 0.001 -16"><span class='ocrx_word' id='word_1_197' title='bbox 1910 1261 2137 1332; x_wconf 91' lang='lat' dir='ltr'><strong><em>piciens.</em></strong></span> <span class='ocrx_word' id='word_1_198' title='bbox 2176 1261 2347 1317; x_wconf 91' lang='lat' dir='ltr'><strong><em>Porro</em></strong></span> <span class='ocrx_word' id='word_1_199' title='bbox 2389 1262 2456 1317; x_wconf 90' lang='lat' dir='ltr'><strong><em>de</em></strong></span> <span class='ocrx_word' id='word_1_200' title='bbox 2497 1262 2702 1316; x_wconf 85' lang='lat' dir='ltr'><strong><em>unitate</em></strong></span> <span class='ocrx_word' id='word_1_201' title='bbox 2735 1260 2972 1317; x_wconf 81' lang='lat' dir='ltr'><strong><em>fidelium</em></strong></span> <span class='ocrx_word' id='word_1_202' title='bbox 3016 1263 3230 1318; x_wconf 88' lang='lat' dir='ltr'><strong><em>Veteris</em></strong></span> <span class='ocrx_word' id='word_1_203' title='bbox 3263 1279 3328 1319; x_wconf 92' lang='lat' dir='ltr'><strong><em>ac</em></strong></span> <span class='ocrx_word' id='word_1_204' title='bbox 3365 1263 3502 1319; x_wconf 79' lang='lat' dir='ltr'><strong><em>Novi</em></strong></span> 
     </span>
    </p>
   </div>
   <div class='ocr_carea' id='block_1_28' title="bbox 1912 1351 3501 1424">
    <p class='ocr_par' dir='ltr' id='par_1_28' title="bbox 1912 1351 3501 1424">
     <span class='ocr_line' id='line_1_28' title="bbox 1912 1351 3501 1424; baseline 0.001 -16"><span class='ocrx_word' id='word_1_205' title='bbox 1912 1353 2246 1410; x_wconf 89' lang='lat' dir='ltr'><strong><em>Testamenti</em></strong></span> <span class='ocrx_word' id='word_1_206' title='bbox 2278 1353 2472 1408; x_wconf 89' lang='lat' dir='ltr'><strong><em>beatus</em></strong></span> <span class='ocrx_word' id='word_1_207' title='bbox 2499 1351 2861 1424; x_wconf 81' lang='lat' dir='ltr'><strong><em>Hieronymus</em></strong></span> <span class='ocrx_word' id='word_1_208' title='bbox 2907 1353 3073 1408; x_wconf 86' lang='lat' dir='ltr'><strong><em>dicit:</em></strong></span> <span class='ocrx_word' id='word_1_209' title='bbox 3114 1371 3133 1405; x_wconf 71' lang='grc' dir='ltr'><strong>ε</strong></span> <span class='ocrx_word' id='word_1_210' title='bbox 3183 1353 3299 1421; x_wconf 87' lang='lat' dir='ltr'><strong><em>Quo</em></strong></span> <span class='ocrx_word' id='word_1_211' title='bbox 3340 1356 3501 1409; x_wconf 69' lang='lat' dir='ltr'><strong><em>modo</em></strong></span> 
     </span>
    </p>
   </div>
   <div class='ocr_carea' id='block_1_29' title="bbox 1909 1445 3500 1516">
    <p class='ocr_par' dir='ltr' id='par_1_29' title="bbox 1909 1445 3500 1516">
     <span class='ocr_line' id='line_1_29' title="bbox 1909 1445 3500 1516; baseline -0.001 -14"><span class='ocrx_word' id='word_1_212' title='bbox 1909 1447 2056 1502; x_wconf 90' lang='lat' dir='ltr'><strong><em>enim</em></strong></span> <span class='ocrx_word' id='word_1_213' title='bbox 2093 1461 2282 1502; x_wconf 89' lang='lat' dir='ltr'><strong><em>omnes</em></strong></span> <span class='ocrx_word' id='word_1_214' title='bbox 2308 1446 2362 1500; x_wconf 92' lang='lat' dir='ltr'><strong><em>in</em></strong></span> <span class='ocrx_word' id='word_1_215' title='bbox 2389 1445 2724 1516; x_wconf 89' lang='lat' dir='ltr'><strong><em>protoplasto</em></strong></span> <span class='ocrx_word' id='word_1_216' title='bbox 2762 1445 2934 1500; x_wconf 85' lang='lat' dir='ltr'><strong><em>Adam</em></strong></span> <span class='ocrx_word' id='word_1_217' title='bbox 2964 1446 3195 1502; x_wconf 89' lang='lat' dir='ltr'><strong><em>necdum</em></strong></span> <span class='ocrx_word' id='word_1_218' title='bbox 3237 1447 3500 1501; x_wconf 86' lang='lat' dir='ltr'><strong><em>nati-mo-</em></strong></span> 
     </span>
    </p>
   </div>
   <div class='ocr_carea' id='block_1_30' title="bbox 1911 1537 3500 1607">
    <p class='ocr_par' dir='ltr' id='par_1_30' title="bbox 1911 1537 3500 1607">
     <span class='ocr_line' id='line_1_30' title="bbox 1911 1537 3500 1607; baseline 0 -15"><span class='ocrx_word' id='word_1_219' title='bbox 1911 1539 2166 1603; x_wconf 91' lang='lat' dir='ltr'><strong><em>riuntur;</em></strong></span> <span class='ocrx_word' id='word_1_220' title='bbox 2214 1537 2288 1592; x_wconf 88' lang='lat' dir='ltr'><strong><em>ita</em></strong></span> <span class='ocrx_word' id='word_1_221' title='bbox 2330 1553 2551 1603; x_wconf 89' lang='lat' dir='ltr'><strong><em>omnes,</em></strong></span> <span class='ocrx_word' id='word_1_222' title='bbox 2591 1538 2755 1592; x_wconf 89' lang='lat' dir='ltr'><strong><em>etiam</em></strong></span> <span class='ocrx_word' id='word_1_223' title='bbox 2800 1537 2852 1591; x_wconf 86' lang='lat' dir='ltr'><strong><em>hi</em></strong></span> <span class='ocrx_word' id='word_1_224' title='bbox 2903 1539 2994 1607; x_wconf 86' lang='lat' dir='ltr'><strong><em>qui</em></strong></span> <span class='ocrx_word' id='word_1_225' title='bbox 3035 1547 3162 1593; x_wconf 82' lang='lat' dir='ltr'><strong><em>ante</em></strong></span> <span class='ocrx_word' id='word_1_226' title='bbox 3207 1538 3500 1594; x_wconf 85' lang='lat' dir='ltr'><strong><em>adventum</em></strong></span> 
     </span>
    </p>
   </div>
   <div class='ocr_carea' id='block_1_31' title="bbox 1910 1628 3503 1694">
    <p class='ocr_par' dir='ltr' id='par_1_31' title="bbox 1910 1628 3503 1694">
     <span class='ocr_line' id='line_1_31' title="bbox 1910 1628 3503 1694; baseline -0.001 -9"><span class='ocrx_word' id='word_1_227' title='bbox 1910 1628 2109 1685; x_wconf 89' lang='lat' dir='ltr'><strong><em>Christi</em></strong></span> <span class='ocrx_word' id='word_1_228' title='bbox 2135 1630 2250 1684; x_wconf 87' lang='lat' dir='ltr'><strong><em>nali</em></strong></span> <span class='ocrx_word' id='word_1_229' title='bbox 2277 1636 2426 1694; x_wconf 89' lang='lat' dir='ltr'><strong><em>sunt,</em></strong></span> <span class='ocrx_word' id='word_1_230' title='bbox 2458 1629 2512 1684; x_wconf 90' lang='lat' dir='ltr'><strong><em>in</em></strong></span> <span class='ocrx_word' id='word_1_231' title='bbox 2543 1629 2782 1684; x_wconf 90' lang='lat' dir='ltr'><strong><em>secundo</em></strong></span> <span class='ocrx_word' id='word_1_232' title='bbox 2804 1628 2976 1692; x_wconf 77' lang='lat' dir='ltr'><strong><em>Adam</em></strong></span> <span class='ocrx_word' id='word_1_233' title='bbox 3005 1629 3379 1685; x_wconf 80' lang='lat' dir='ltr'><strong><em>vivificantur;</em></strong></span> <span class='ocrx_word' id='word_1_234' title='bbox 3419 1639 3503 1684; x_wconf 88' lang='lat' dir='ltr'><strong><em>at-</em></strong></span> 
     </span>
    </p>
   </div>
   <div class='ocr_carea' id='block_1_32' title="bbox 1910 1712 3504 1792">
    <p class='ocr_par' dir='ltr' id='par_1_32' title="bbox 1910 1712 3504 1792">
     <span class='ocr_line' id='line_1_32' title="bbox 1910 1712 3504 1792; baseline 0.001 -17"><span class='ocrx_word' id='word_1_235' title='bbox 1910 1737 2015 1792; x_wconf 92' lang='lat' dir='ltr'><strong><em>que</em></strong></span> <span class='ocrx_word' id='word_1_236' title='bbox 2032 1722 2116 1776; x_wconf 88' lang='lat' dir='ltr'><strong><em>ita</em></strong></span> <span class='ocrx_word' id='word_1_237' title='bbox 2147 1721 2208 1776; x_wconf 84' lang='lat' dir='ltr'><strong><em>iit</em></strong></span> <span class='ocrx_word' id='word_1_238' title='bbox 2236 1712 2297 1775; x_wconf 79' lang='lat' dir='ltr'><strong><em>Iit</em></strong></span> <span class='ocrx_word' id='word_1_239' title='bbox 2320 1728 2375 1775; x_wconf 89' lang='lat' dir='ltr'><strong><em>et</em></strong></span> <span class='ocrx_word' id='word_1_240' title='bbox 2419 1735 2519 1775; x_wconf 91' lang='lat' dir='ltr'><strong><em>nos</em></strong></span> <span class='ocrx_word' id='word_1_241' title='bbox 2547 1719 2650 1790; x_wconf 84' lang='lat' dir='ltr'><strong><em>legi</em></strong></span> <span class='ocrx_word' id='word_1_242' title='bbox 2677 1719 3029 1775; x_wconf 86' lang='lat' dir='ltr'><strong><em>servierimus</em></strong></span> <span class='ocrx_word' id='word_1_243' title='bbox 3056 1721 3108 1775; x_wconf 92' lang='lat' dir='ltr'><strong><em>in</em></strong></span> <span class='ocrx_word' id='word_1_244' title='bbox 3138 1722 3408 1791; x_wconf 84' lang='lat' dir='ltr'><strong><em>patribus,</em></strong></span> <span class='ocrx_word' id='word_1_245' title='bbox 3445 1731 3504 1777; x_wconf 89' lang='lat' dir='ltr'><strong><em>et</em></strong></span> 
     </span>
    </p>
   </div>
   <div class='ocr_carea' id='block_1_33' title="bbox 210 1800 3500 1882">
    <p class='ocr_par' dir='ltr' id='par_1_33' title="bbox 210 1800 3500 1882">
     <span class='ocr_line' id='line_1_33' title="bbox 210 1800 3500 1882; baseline 0.002 -21"><span class='ocrx_word' id='word_1_246' title='bbox 210 1806 455 1875; x_wconf 73' lang='lat' dir='ltr'><strong><em>ﬁcamini</em></strong></span> <span class='ocrx_word' id='word_1_247' title='bbox 501 1810 554 1863; x_wconf 89' lang='lat' dir='ltr'><strong><em>in</em></strong></span> <span class='ocrx_word' id='word_1_248' title='bbox 602 1808 962 1862; x_wconf 78' lang='lat' dir='ltr'><strong><em>habitaculum</em></strong></span> <span class='ocrx_word' id='word_1_249' title='bbox 1004 1807 1103 1862; x_wconf 85' lang='lat' dir='ltr'><strong><em>Dei</em></strong></span> <span class='ocrx_word' id='word_1_250' title='bbox 1153 1809 1208 1862; x_wconf 86' lang='lat' dir='ltr'><strong><em>in</em></strong></span> <span class='ocrx_word' id='word_1_251' title='bbox 1257 1806 1458 1880; x_wconf 87' lang='lat' dir='ltr'><strong><em>Spiritu</em></strong></span> <span class='ocrx_word' id='word_1_252' title='bbox 1493 1819 1693 1865; x_wconf 89' lang='lat' dir='ltr'><strong><em>sancto.</em></strong></span> <span class='ocrx_word' id='word_1_253' title='bbox 1740 1813 1808 1867; x_wconf 88' lang='lat' dir='ltr'><strong><em>Et</em></strong></span> <span class='ocrx_word' id='word_1_254' title='bbox 1836 1800 1883 1858; x_wconf 90' lang='grc' dir='ltr'><strong>Β</strong></span> <span class='ocrx_word' id='word_1_255' title='bbox 1913 1812 1988 1866; x_wconf 90' lang='lat' dir='ltr'><strong><em>illi</em></strong></span> <span class='ocrx_word' id='word_1_256' title='bbox 2016 1812 2188 1882; x_wconf 88' lang='lat' dir='ltr'><strong><em>gratia</em></strong></span> <span class='ocrx_word' id='word_1_257' title='bbox 2214 1810 2492 1866; x_wconf 78' lang='lat' dir='ltr'><strong><em>salventur</em></strong></span> <span class='ocrx_word' id='word_1_258' title='bbox 2519 1811 2574 1864; x_wconf 91' lang='lat' dir='ltr'><strong><em>in</em></strong></span> <span class='ocrx_word' id='word_1_259' title='bbox 2598 1808 2741 1864; x_wconf 82' lang='lat' dir='ltr'><strong><em>ﬁliis.</em></strong></span> <span class='ocrx_word' id='word_1_260' title='bbox 2781 1828 2799 1862; x_wconf 82' lang='grc'>›</span> <span class='ocrx_word' id='word_1_261' title='bbox 2843 1809 2948 1864; x_wconf 88' lang='lat' dir='ltr'><strong><em>iste</em></strong></span> <span class='ocrx_word' id='word_1_262' title='bbox 2974 1809 3280 1866; x_wconf 87' lang='lat' dir='ltr'><strong><em>intellectus</em></strong></span> <span class='ocrx_word' id='word_1_263' title='bbox 3307 1811 3500 1867; x_wconf 81' lang='lat' dir='ltr'><strong><em>Eccle-</em></strong></span> 
     </span>
    </p>
   </div>
   <div class='ocr_carea' id='block_1_34' title="bbox 212 1899 1811 1974">
    <p class='ocr_par' dir='ltr' id='par_1_34' title="bbox 212 1899 1811 1974">
     <span class='ocr_line' id='line_1_34' title="bbox 212 1899 1811 1974; baseline 0.005 -23"><span class='ocrx_word' id='word_1_264' title='bbox 212 1913 389 1969; x_wconf 81' lang='lat' dir='ltr'><strong><em>quare</em></strong></span> <span class='ocrx_word' id='word_1_265' title='bbox 417 1900 557 1955; x_wconf 89' lang='lat' dir='ltr'><strong><em>hanc</em></strong></span> <span class='ocrx_word' id='word_1_266' title='bbox 581 1899 898 1965; x_wconf 83' lang='lat' dir='ltr'><strong><em>Ecclesiam,</em></strong></span> <span class='ocrx_word' id='word_1_267' title='bbox 939 1899 1040 1955; x_wconf 88' lang='lat' dir='ltr'><strong><em>hoc</em></strong></span> <span class='ocrx_word' id='word_1_268' title='bbox 1087 1915 1308 1970; x_wconf 86' lang='lat' dir='ltr'><strong><em>corpus,</em></strong></span> <span class='ocrx_word' id='word_1_269' title='bbox 1335 1902 1478 1970; x_wconf 91' lang='lat' dir='ltr'><strong><em>quod</em></strong></span> <span class='ocrx_word' id='word_1_270' title='bbox 1509 1911 1594 1957; x_wconf 88' lang='lat' dir='ltr'><strong><em>est</em></strong></span> <span class='ocrx_word' id='word_1_271' title='bbox 1639 1904 1811 1974; x_wconf 84' lang='lat' dir='ltr'><strong><em>pleni-</em></strong></span> 
     </span>
    </p>
   </div>
   <div class='ocr_carea' id='block_1_35' title="bbox 213 1989 1808 2062">
    <p class='ocr_par' dir='ltr' id='par_1_35' title="bbox 213 1989 1808 2062">
     <span class='ocr_line' id='line_1_35' title="bbox 213 1989 1808 2062; baseline 0.005 -20"><span class='ocrx_word' id='word_1_272' title='bbox 213 1991 347 2043; x_wconf 91' lang='lat' dir='ltr'><strong><em>tudo</em></strong></span> <span class='ocrx_word' id='word_1_273' title='bbox 377 1989 588 2059; x_wconf 86' lang='lat' dir='ltr'><strong><em>capitis,</em></strong></span> <span class='ocrx_word' id='word_1_274' title='bbox 618 1991 722 2046; x_wconf 89' lang='lat' dir='ltr'><strong><em>hoc</em></strong></span> <span class='ocrx_word' id='word_1_275' title='bbox 753 2006 942 2055; x_wconf 90' lang='lat' dir='ltr'><strong><em>unum,</em></strong></span> <span class='ocrx_word' id='word_1_276' title='bbox 977 1992 1120 2061; x_wconf 86' lang='lat' dir='ltr'><strong><em>quod</em></strong></span> <span class='ocrx_word' id='word_1_277' title='bbox 1145 2006 1214 2045; x_wconf 79' lang='lat' dir='ltr'><strong><em>ex</em></strong></span> <span class='ocrx_word' id='word_1_278' title='bbox 1252 2000 1479 2062; x_wconf 91' lang='lat' dir='ltr'><strong><em>utraque</em></strong></span> <span class='ocrx_word' id='word_1_279' title='bbox 1506 1992 1657 2060; x_wconf 85' lang='lat' dir='ltr'><strong><em>fecit,</em></strong></span> <span class='ocrx_word' id='word_1_280' title='bbox 1708 1995 1808 2051; x_wconf 90' lang='lat' dir='ltr'><strong><em>hos</em></strong></span> 
     </span>
    </p>
   </div>
   <div class='ocr_carea' id='block_1_36' title="bbox 211 2082 1805 2152">
    <p class='ocr_par' dir='ltr' id='par_1_36' title="bbox 211 2082 1805 2152">
     <span class='ocr_line' id='line_1_36' title="bbox 211 2082 1805 2152; baseline 0.004 -16"><span class='ocrx_word' id='word_1_281' title='bbox 211 2082 467 2136; x_wconf 89' lang='lat' dir='ltr'><strong><em>conditos</em></strong></span> <span class='ocrx_word' id='word_1_282' title='bbox 494 2083 545 2136; x_wconf 90' lang='lat' dir='ltr'><strong><em>in</em></strong></span> <span class='ocrx_word' id='word_1_283' title='bbox 594 2083 909 2152; x_wconf 89' lang='lat' dir='ltr'><strong><em>semetipso,</em></strong></span> <span class='ocrx_word' id='word_1_284' title='bbox 959 2083 1059 2138; x_wconf 89' lang='lat' dir='ltr'><strong><em>hos</em></strong></span> <span class='ocrx_word' id='word_1_285' title='bbox 1095 2084 1284 2139; x_wconf 91' lang='lat' dir='ltr'><strong><em>ambos</em></strong></span> <span class='ocrx_word' id='word_1_286' title='bbox 1325 2086 1704 2142; x_wconf 89' lang='lat' dir='ltr'><strong><em>reconciliatos</em></strong></span> <span class='ocrx_word' id='word_1_287' title='bbox 1749 2087 1805 2142; x_wconf 91' lang='lat' dir='ltr'><strong><em>in</em></strong></span> 
     </span>
    </p>
   </div>
   <div class='ocr_carea' id='block_1_37' title="bbox 212 2174 1806 2246">
    <p class='ocr_par' dir='ltr' id='par_1_37' title="bbox 212 2174 1806 2246">
     <span class='ocr_line' id='line_1_37' title="bbox 212 2174 1806 2246; baseline 0.005 -19"><span class='ocrx_word' id='word_1_288' title='bbox 212 2189 327 2230; x_wconf 92' lang='lat' dir='ltr'><strong><em>uno</em></strong></span> <span class='ocrx_word' id='word_1_289' title='bbox 374 2190 603 2244; x_wconf 88' lang='lat' dir='ltr'><strong><em>corpore</em></strong></span> <span class='ocrx_word' id='word_1_290' title='bbox 649 2174 762 2230; x_wconf 89' lang='lat' dir='ltr'><strong><em>Deo</em></strong></span> <span class='ocrx_word' id='word_1_291' title='bbox 810 2191 908 2246; x_wconf 88' lang='lat' dir='ltr'><strong><em>per</em></strong></span> <span class='ocrx_word' id='word_1_292' title='bbox 928 2191 1170 2242; x_wconf 87' lang='lat' dir='ltr'><strong><em>crucem,</em></strong></span> <span class='ocrx_word' id='word_1_293' title='bbox 1220 2178 1362 2233; x_wconf 88' lang='lat' dir='ltr'><strong><em>hanc</em></strong></span> <span class='ocrx_word' id='word_1_294' title='bbox 1391 2178 1806 2236; x_wconf 70' lang='lat' dir='ltr'><strong><em>mdiﬁcationem</em></strong></span> 
     </span>
    </p>
   </div>
   <div class='ocr_carea' id='block_1_38' title="bbox 211 2268 1808 2338">
    <p class='ocr_par' dir='ltr' id='par_1_38' title="bbox 211 2268 1808 2338">
     <span class='ocr_line' id='line_1_38' title="bbox 211 2268 1808 2338; baseline 0.004 -16"><span class='ocrx_word' id='word_1_295' title='bbox 211 2274 612 2332; x_wconf 75' lang='lat' dir='ltr'><strong><em>constructam,</em></strong></span> <span class='ocrx_word' id='word_1_296' title='bbox 641 2268 745 2324; x_wconf 88' lang='lat' dir='ltr'><strong><em>hoc</em></strong></span> <span class='ocrx_word' id='word_1_297' title='bbox 779 2269 1037 2338; x_wconf 87' lang='lat' dir='ltr'><strong><em>templum</em></strong></span> <span class='ocrx_word' id='word_1_298' title='bbox 1063 2276 1312 2329; x_wconf 85' lang='lat' dir='ltr'><strong><em>sanctum</em></strong></span> <span class='ocrx_word' id='word_1_299' title='bbox 1342 2271 1397 2324; x_wconf 88' lang='lat' dir='ltr'><strong><em>in</em></strong></span> <span class='ocrx_word' id='word_1_300' title='bbox 1424 2270 1676 2338; x_wconf 91' lang='lat' dir='ltr'><strong><em>Domino,</em></strong></span> <span class='ocrx_word' id='word_1_301' title='bbox 1702 2274 1808 2330; x_wconf 91' lang='lat' dir='ltr'><strong><em>hoc</em></strong></span> 
     </span>
    </p>
   </div>
   <div class='ocr_carea' id='block_1_39' title="bbox 211 2357 1808 2430">
    <p class='ocr_par' dir='ltr' id='par_1_39' title="bbox 211 2357 1808 2430">
     <span class='ocr_line' id='line_1_39' title="bbox 211 2357 1808 2430; baseline 0.003 -17"><span class='ocrx_word' id='word_1_302' title='bbox 211 2357 585 2413; x_wconf 84' lang='lat' dir='ltr'><strong><em>habitaculum</em></strong></span> <span class='ocrx_word' id='word_1_303' title='bbox 615 2358 712 2413; x_wconf 88' lang='lat' dir='ltr'><strong><em>Dei</em></strong></span> <span class='ocrx_word' id='word_1_304' title='bbox 755 2359 809 2413; x_wconf 93' lang='lat' dir='ltr'><strong><em>in</em></strong></span> <span class='ocrx_word' id='word_1_305' title='bbox 856 2360 1048 2429; x_wconf 90' lang='lat' dir='ltr'><strong><em>spiritu</em></strong></span> <span class='ocrx_word' id='word_1_306' title='bbox 1071 2399 1088 2424; x_wconf 92' lang='lat'><strong><em>,</em></strong></span> <span class='ocrx_word' id='word_1_307' title='bbox 1119 2361 1282 2416; x_wconf 89' lang='lat' dir='ltr'><strong><em>vultis</em></strong></span> <span class='ocrx_word' id='word_1_308' title='bbox 1312 2361 1386 2416; x_wconf 90' lang='lat' dir='ltr'><strong><em>ita</em></strong></span> <span class='ocrx_word' id='word_1_309' title='bbox 1429 2362 1691 2430; x_wconf 85' lang='lat' dir='ltr'><strong><em>dividere,</em></strong></span> <span class='ocrx_word' id='word_1_310' title='bbox 1747 2372 1808 2420; x_wconf 88' lang='lat' dir='ltr'><strong><em>ut</em></strong></span> 
     </span>
    </p>
   </div>
   <div class='ocr_carea' id='block_1_40' title="bbox 211 2445 1807 2525">
    <p class='ocr_par' dir='ltr' id='par_1_40' title="bbox 211 2445 1807 2525">
     <span class='ocr_line' id='line_1_40' title="bbox 211 2445 1807 2525; baseline 0.006 -24"><span class='ocrx_word' id='word_1_311' title='bbox 211 2446 364 2501; x_wconf 82' lang='lat' dir='ltr'><strong><em>aliud</em></strong></span> <span class='ocrx_word' id='word_1_312' title='bbox 411 2448 486 2502; x_wconf 90' lang='lat' dir='ltr'><strong><em>illi</em></strong></span> <span class='ocrx_word' id='word_1_313' title='bbox 535 2447 755 2514; x_wconf 86' lang='lat' dir='ltr'><strong><em>fuerint,</em></strong></span> <span class='ocrx_word' id='word_1_314' title='bbox 789 2448 935 2504; x_wconf 90' lang='lat' dir='ltr'><strong><em>aliud</em></strong></span> <span class='ocrx_word' id='word_1_315' title='bbox 963 2465 1064 2506; x_wconf 90' lang='lat' dir='ltr'><strong><em>nos</em></strong></span> <span class='ocrx_word' id='word_1_316' title='bbox 1109 2451 1314 2506; x_wconf 85' lang='lat' dir='ltr'><strong><em>simus?</em></strong></span> <span class='ocrx_word' id='word_1_317' title='bbox 1340 2450 1482 2518; x_wconf 88' lang='lat' dir='ltr'><strong><em>Quid</em></strong></span> <span class='ocrx_word' id='word_1_318' title='bbox 1509 2467 1640 2525; x_wconf 84' lang='lat' dir='ltr'><strong><em>ergo</em></strong></span> <span class='ocrx_word' id='word_1_319' title='bbox 1680 2445 1807 2524; x_wconf 86' lang='lat' dir='ltr'><strong><em>pro-</em></strong></span> 
     </span>
    </p>
   </div>
   <div class='ocr_carea' id='block_1_41' title="bbox 210 2539 1806 2622">
    <p class='ocr_par' dir='ltr' id='par_1_41' title="bbox 210 2539 1806 2622">
     <span class='ocr_line' id='line_1_41' title="bbox 210 2539 1806 2622; baseline 0.004 -27"><span class='ocrx_word' id='word_1_320' title='bbox 210 2539 320 2609; x_wconf 86' lang='lat' dir='ltr'><strong><em>fuit</em></strong></span> <span class='ocrx_word' id='word_1_321' title='bbox 345 2541 490 2622; x_wconf 88' lang='lat' dir='ltr'><strong><em>quod</em></strong></span> <span class='ocrx_word' id='word_1_322' title='bbox 517 2557 616 2610; x_wconf 89' lang='lat' dir='ltr'><strong><em>per</em></strong></span> <span class='ocrx_word' id='word_1_323' title='bbox 637 2550 800 2612; x_wconf 90' lang='lat' dir='ltr'><strong><em>caput</em></strong></span> <span class='ocrx_word' id='word_1_324' title='bbox 828 2541 1089 2599; x_wconf 85' lang='lat' dir='ltr'><strong><em>habemus</em></strong></span> <span class='ocrx_word' id='word_1_325' title='bbox 1121 2559 1403 2599; x_wconf 89' lang='lat' dir='ltr'><strong><em>accessum</em></strong></span> <span class='ocrx_word' id='word_1_326' title='bbox 1426 2545 1585 2601; x_wconf 89' lang='lat' dir='ltr'><strong><em>ambo</em></strong></span> <span class='ocrx_word' id='word_1_327' title='bbox 1616 2546 1669 2600; x_wconf 92' lang='lat' dir='ltr'><strong><em>in</em></strong></span> <span class='ocrx_word' id='word_1_328' title='bbox 1700 2561 1806 2602; x_wconf 92' lang='lat' dir='ltr'><strong><em>uno</em></strong></span> 
     </span>
    </p>
   </div>
   <div class='ocr_carea' id='block_1_42' title="bbox 209 2631 1809 2702">
    <p class='ocr_par' dir='ltr' id='par_1_42' title="bbox 209 2631 1809 2702">
     <span class='ocr_line' id='line_1_42' title="bbox 209 2631 1809 2702; baseline 0.004 -17"><span class='ocrx_word' id='word_1_329' title='bbox 209 2632 408 2702; x_wconf 83' lang='lat' dir='ltr'><strong><em>spiritu</em></strong></span> <span class='ocrx_word' id='word_1_330' title='bbox 462 2633 529 2687; x_wconf 90' lang='lat' dir='ltr'><strong><em>ad</em></strong></span> <span class='ocrx_word' id='word_1_331' title='bbox 557 2631 797 2699; x_wconf 87' lang='lat' dir='ltr'><strong><em>Patrem,</em></strong></span> <span class='ocrx_word' id='word_1_332' title='bbox 830 2633 875 2688; x_wconf 88' lang='lat' dir='ltr'><strong><em>si</em></strong></span> <span class='ocrx_word' id='word_1_333' title='bbox 903 2635 1109 2689; x_wconf 90' lang='lat' dir='ltr'><strong><em>nullam</em></strong></span> <span class='ocrx_word' id='word_1_334' title='bbox 1152 2637 1590 2692; x_wconf 89' lang='lat' dir='ltr'><strong><em>communionem</em></strong></span> <span class='ocrx_word' id='word_1_335' title='bbox 1643 2637 1809 2693; x_wconf 83' lang='lat' dir='ltr'><strong><em>habet</em></strong></span> 
     </span>
    </p>
   </div>
   <div class='ocr_carea' id='block_1_43' title="bbox 211 2721 1808 2783">
    <p class='ocr_par' dir='ltr' id='par_1_43' title="bbox 211 2721 1808 2783">
     <span class='ocr_line' id='line_1_43' title="bbox 211 2721 1808 2783; baseline 0.005 -9"><span class='ocrx_word' id='word_1_336' title='bbox 211 2721 369 2776; x_wconf 82' lang='lat' dir='ltr'><strong><em>radix</em></strong></span> <span class='ocrx_word' id='word_1_337' title='bbox 407 2721 563 2776; x_wconf 66' lang='lat' dir='ltr'><strong><em>olivae</em></strong></span> <span class='ocrx_word' id='word_1_338' title='bbox 604 2738 729 2778; x_wconf 90' lang='lat' dir='ltr'><strong><em>cum</em></strong></span> <span class='ocrx_word' id='word_1_339' title='bbox 757 2722 995 2780; x_wconf 89' lang='lat' dir='ltr'><strong><em>oleastro</em></strong></span> <span class='ocrx_word' id='word_1_340' title='bbox 1030 2726 1134 2781; x_wconf 89' lang='lat' dir='ltr'><strong><em>sibi</em></strong></span> <span class='ocrx_word' id='word_1_341' title='bbox 1183 2726 1428 2782; x_wconf 80' lang='lat' dir='ltr'><strong><em>inserto?</em></strong></span> <span class='ocrx_word' id='word_1_342' title='bbox 1456 2727 1652 2783; x_wconf 90' lang='lat' dir='ltr'><strong><em>Tribus</em></strong></span> <span class='ocrx_word' id='word_1_343' title='bbox 1702 2727 1808 2782; x_wconf 84' lang='lat' dir='ltr'><strong><em>Ru-</em></strong></span> 
     </span>
    </p>
   </div>
   <div class='ocr_carea' id='block_1_44' title="bbox 207 2810 1804 2888">
    <p class='ocr_par' dir='ltr' id='par_1_44' title="bbox 207 2810 1804 2888">
     <span class='ocr_line' id='line_1_44' title="bbox 207 2810 1804 2888; baseline 0.004 -21"><span class='ocrx_word' id='word_1_344' title='bbox 207 2810 340 2877; x_wconf 85' lang='lat' dir='ltr'><strong><em>ben,</em></strong></span> <span class='ocrx_word' id='word_1_345' title='bbox 367 2820 423 2867; x_wconf 91' lang='lat' dir='ltr'><strong><em>et</em></strong></span> <span class='ocrx_word' id='word_1_346' title='bbox 450 2811 776 2878; x_wconf 87' lang='lat' dir='ltr'><strong><em>tribusGad,</em></strong></span> <span class='ocrx_word' id='word_1_347' title='bbox 809 2830 875 2870; x_wconf 88' lang='lat' dir='ltr'><strong><em>ac</em></strong></span> <span class='ocrx_word' id='word_1_348' title='bbox 923 2816 1146 2872; x_wconf 89' lang='lat' dir='ltr'><strong><em>dimidia</em></strong></span> <span class='ocrx_word' id='word_1_349' title='bbox 1176 2817 1351 2872; x_wconf 89' lang='lat' dir='ltr'><strong><em>tribus</em></strong></span> <span class='ocrx_word' id='word_1_350' title='bbox 1382 2816 1653 2884; x_wconf 83' lang='lat' dir='ltr'><strong><em>Mauasse,</em></strong></span> <span class='ocrx_word' id='word_1_351' title='bbox 1678 2832 1804 2888; x_wconf 91' lang='lat' dir='ltr'><strong><em>pro-</em></strong></span> 
     </span>
    </p>
   </div>
   <div class='ocr_carea' id='block_1_45' title="bbox 207 2904 1803 2979">
    <p class='ocr_par' dir='ltr' id='par_1_45' title="bbox 207 2904 1803 2979">
     <span class='ocr_line' id='line_1_45' title="bbox 207 2904 1803 2979; baseline 0.005 -25"><span class='ocrx_word' id='word_1_352' title='bbox 207 2909 398 2972; x_wconf 81' lang='lat' dir='ltr'><strong><em>pterea</em></strong></span> <span class='ocrx_word' id='word_1_353' title='bbox 439 2911 866 2959; x_wconf 83' lang='lat' dir='ltr'><strong><em>construxerunt</em></strong></span> <span class='ocrx_word' id='word_1_354' title='bbox 899 2905 1072 2962; x_wconf 87' lang='lat' dir='ltr'><strong><em>altare</em></strong></span> <span class='ocrx_word' id='word_1_355' title='bbox 1116 2905 1258 2962; x_wconf 89' lang='lat' dir='ltr'><strong><em>ultra</em></strong></span> <span class='ocrx_word' id='word_1_356' title='bbox 1309 2904 1625 2974; x_wconf 90' lang='lat' dir='ltr'><strong><em>Iordanem,</em></strong></span> <span class='ocrx_word' id='word_1_357' title='bbox 1675 2910 1803 2979; x_wconf 87' lang='lat' dir='ltr'><strong><em>quia</em></strong></span> 
     </span>
    </p>
   </div>
   <div class='ocr_carea' id='block_1_46' title="bbox 205 2989 1802 3065">
    <p class='ocr_par' dir='ltr' id='par_1_46' title="bbox 205 2989 1802 3065">
     <span class='ocr_line' id='line_1_46' title="bbox 205 2989 1802 3065; baseline 0.007 -20"><span class='ocrx_word' id='word_1_358' title='bbox 205 2989 322 3061; x_wconf 82' lang='lat' dir='ltr'><strong><em>jam</em></strong></span> <span class='ocrx_word' id='word_1_359' title='bbox 355 2992 619 3049; x_wconf 83' lang='lat' dir='ltr'><strong><em>timebant</em></strong></span> <span class='ocrx_word' id='word_1_360' title='bbox 651 3010 769 3060; x_wconf 91' lang='lat' dir='ltr'><strong><em>vos,</em></strong></span> <span class='ocrx_word' id='word_1_361' title='bbox 805 3012 875 3052; x_wconf 91' lang='lat' dir='ltr'><strong><em>ne</em></strong></span> <span class='ocrx_word' id='word_1_362' title='bbox 905 2996 1162 3053; x_wconf 89' lang='lat' dir='ltr'><strong><em>diceretis</em></strong></span> <span class='ocrx_word' id='word_1_363' title='bbox 1187 2998 1466 3065; x_wconf 77' lang='lat' dir='ltr'><strong><em>illis,‘cunt</em></strong></span> <span class='ocrx_word' id='word_1_364' title='bbox 1510 2999 1802 3056; x_wconf 89' lang='lat' dir='ltr'><strong><em>Iordanem</em></strong></span> 
     </span>
    </p>
   </div>
   <div class='ocr_carea' id='block_1_47' title="bbox 209 3084 1804 3155">
    <p class='ocr_par' dir='ltr' id='par_1_47' title="bbox 209 3084 1804 3155">
     <span class='ocr_line' id='line_1_47' title="bbox 209 3084 1804 3155; baseline 0.006 -20"><span class='ocrx_word' id='word_1_365' title='bbox 209 3084 578 3139; x_wconf 88' lang='lat' dir='ltr'><strong><em>transissent:</em></strong></span> <span class='ocrx_word' id='word_1_366' title='bbox 627 3085 746 3140; x_wconf 84' lang='lat' dir='ltr'><strong><em>Non</em></strong></span> <span class='ocrx_word' id='word_1_367' title='bbox 799 3087 1084 3155; x_wconf 86' lang='lat' dir='ltr'><strong><em>pcrtinetis</em></strong></span> <span class='ocrx_word' id='word_1_368' title='bbox 1132 3089 1201 3143; x_wconf 87' lang='lat' dir='ltr'><strong><em>ad</em></strong></span> <span class='ocrx_word' id='word_1_369' title='bbox 1240 3104 1376 3154; x_wconf 86' lang='lat' dir='ltr'><strong><em>nos,</em></strong></span> <span class='ocrx_word' id='word_1_370' title='bbox 1431 3101 1457 3129; x_wconf 73' lang='grc' dir='ltr'>α</span> <span class='ocrx_word' id='word_1_371' title='bbox 1509 3105 1617 3143; x_wconf 90' lang='lat' dir='ltr'><strong><em>non</em></strong></span> <span class='ocrx_word' id='word_1_372' title='bbox 1671 3091 1804 3146; x_wconf 87' lang='lat' dir='ltr'><strong><em>estis</em></strong></span> 
     </span>
    </p>
   </div>
   <div class='ocr_carea' id='block_1_48' title="bbox 1910 1901 3500 1972">
    <p class='ocr_par' dir='ltr' id='par_1_48' title="bbox 1910 1901 3500 1972">
     <span class='ocr_line' id='line_1_48' title="bbox 1910 1901 3500 1972; baseline -0.001 -12"><span class='ocrx_word' id='word_1_373' title='bbox 1910 1905 2004 1961; x_wconf 86' lang='lat' dir='ltr'><strong><em>siae</em></strong></span> <span class='ocrx_word' id='word_1_374' title='bbox 2032 1903 2316 1960; x_wconf 77' lang='lat' dir='ltr'><strong><em>catholicae</em></strong></span> <span class='ocrx_word' id='word_1_375' title='bbox 2341 1903 2627 1967; x_wconf 87' lang='lat' dir='ltr'><strong><em>convenit,</em></strong></span> <span class='ocrx_word' id='word_1_376' title='bbox 2664 1918 2784 1972; x_wconf 63' lang='lat' dir='ltr'><strong><em>quae</em></strong></span> <span class='ocrx_word' id='word_1_377' title='bbox 2811 1903 3022 1958; x_wconf 82' lang='lat' dir='ltr'><strong><em>Veteris</em></strong></span> <span class='ocrx_word' id='word_1_378' title='bbox 3053 1911 3107 1958; x_wconf 91' lang='lat' dir='ltr'><strong><em>et</em></strong></span> <span class='ocrx_word' id='word_1_379' title='bbox 3136 1901 3272 1959; x_wconf 81' lang='lat' dir='ltr'><strong><em>Novi</em></strong></span> <span class='ocrx_word' id='word_1_380' title='bbox 3311 1904 3500 1960; x_wconf 88' lang='lat' dir='ltr'><strong><em>Testa-</em></strong></span> 
     </span>
    </p>
   </div>
   <div class='ocr_carea' id='block_1_49' title="bbox 1909 1994 3498 2067">
    <p class='ocr_par' dir='ltr' id='par_1_49' title="bbox 1909 1994 3498 2067">
     <span class='ocr_line' id='line_1_49' title="bbox 1909 1994 3498 2067; baseline 0.001 -17"><span class='ocrx_word' id='word_1_381' title='bbox 1909 1996 2082 2050; x_wconf 90' lang='lat' dir='ltr'><strong><em>menti</em></strong></span> <span class='ocrx_word' id='word_1_382' title='bbox 2103 2011 2268 2050; x_wconf 88' lang='lat' dir='ltr'><strong><em>unam</em></strong></span> <span class='ocrx_word' id='word_1_383' title='bbox 2301 1995 2498 2050; x_wconf 88' lang='lat' dir='ltr'><strong><em>asserit</em></strong></span> <span class='ocrx_word' id='word_1_384' title='bbox 2525 1994 2914 2065; x_wconf 85' lang='lat' dir='ltr'><strong><em>providentiam</em></strong></span> <span class='ocrx_word' id='word_1_385' title='bbox 2936 2035 2951 2061; x_wconf 96' lang='lat'><strong><em>,</em></strong></span> <span class='ocrx_word' id='word_1_386' title='bbox 2983 2010 3085 2051; x_wconf 90' lang='lat' dir='ltr'><strong><em>nec</em></strong></span> <span class='ocrx_word' id='word_1_387' title='bbox 3126 1995 3413 2067; x_wconf 84' lang='lat' dir='ltr'><strong><em>distinguit</em></strong></span> <span class='ocrx_word' id='word_1_388' title='bbox 3443 1997 3498 2051; x_wconf 89' lang='lat' dir='ltr'><strong><em>iu</em></strong></span> 
     </span>
    </p>
   </div>
   <div class='ocr_carea' id='block_1_50' title="bbox 1912 2083 3499 2156">
    <p class='ocr_par' dir='ltr' id='par_1_50' title="bbox 1912 2083 3499 2156">
     <span class='ocr_line' id='line_1_50' title="bbox 1912 2083 3499 2156; baseline 0.001 -18"><span class='ocrx_word' id='word_1_389' title='bbox 1912 2092 2153 2154; x_wconf 89' lang='lat' dir='ltr'><strong><em>tempore</em></strong></span> <span class='ocrx_word' id='word_1_390' title='bbox 2189 2099 2324 2156; x_wconf 93' lang='lat' dir='ltr'><strong><em>quos</em></strong></span> <span class='ocrx_word' id='word_1_391' title='bbox 2365 2084 2678 2140; x_wconf 89' lang='lat' dir='ltr'><strong><em>conditione</em></strong></span> <span class='ocrx_word' id='word_1_392' title='bbox 2721 2084 2966 2138; x_wconf 88' lang='lat' dir='ltr'><strong><em>sociavit.</em></strong></span> <span class='ocrx_word' id='word_1_393' title='bbox 3001 2083 3206 2141; x_wconf 85' lang='lat' dir='ltr'><strong><em>.Omncs</em></strong></span> <span class='ocrx_word' id='word_1_394' title='bbox 3243 2087 3499 2142; x_wconf 65' lang='lat' dir='ltr'><strong><em>aediﬁcati</em></strong></span> 
     </span>
    </p>
   </div>
   <div class='ocr_carea' id='block_1_51' title="bbox 1909 2174 3499 2247">
    <p class='ocr_par' dir='ltr' id='par_1_51' title="bbox 1909 2174 3499 2247">
     <span class='ocr_line' id='line_1_51' title="bbox 1909 2174 3499 2247; baseline 0.001 -18"><span class='ocrx_word' id='word_1_395' title='bbox 1909 2176 2077 2231; x_wconf 93' lang='lat' dir='ltr'><strong><em>simus</em></strong></span> <span class='ocrx_word' id='word_1_396' title='bbox 2106 2190 2270 2244; x_wconf 87' lang='lat' dir='ltr'><strong><em>super</em></strong></span> <span class='ocrx_word' id='word_1_397' title='bbox 2299 2174 2708 2230; x_wconf 80' lang='lat' dir='ltr'><strong><em>fundamentum</em></strong></span> <span class='ocrx_word' id='word_1_398' title='bbox 2740 2175 3104 2245; x_wconf 80' lang='lat' dir='ltr'><strong><em>apostolorum</em></strong></span> <span class='ocrx_word' id='word_1_399' title='bbox 3125 2185 3181 2232; x_wconf 91' lang='lat' dir='ltr'><strong><em>et</em></strong></span> <span class='ocrx_word' id='word_1_400' title='bbox 3205 2179 3499 2247; x_wconf 86' lang='lat' dir='ltr'><strong><em>propheta-</em></strong></span> 
     </span>
    </p>
   </div>
   <div class='ocr_carea' id='block_1_52' title="bbox 1909 2267 3498 2339">
    <p class='ocr_par' dir='ltr' id='par_1_52' title="bbox 1909 2267 3498 2339">
     <span class='ocr_line' id='line_1_52' title="bbox 1909 2267 3498 2339; baseline 0.001 -16"><span class='ocrx_word' id='word_1_401' title='bbox 1909 2285 2066 2333; x_wconf 86' lang='lat' dir='ltr'><strong><em>rum,</em></strong></span> <span class='ocrx_word' id='word_1_402' title='bbox 2115 2269 2432 2324; x_wconf 85' lang='lat' dir='ltr'><strong><em>continente</em></strong></span> <span class='ocrx_word' id='word_1_403' title='bbox 2472 2284 2573 2323; x_wconf 91' lang='lat' dir='ltr'><strong><em>nos</em></strong></span> <span class='ocrx_word' id='word_1_404' title='bbox 2620 2267 2864 2339; x_wconf 87' lang='lat' dir='ltr'><strong><em>angulari</em></strong></span> <span class='ocrx_word' id='word_1_405' title='bbox 2905 2269 3081 2338; x_wconf 83' lang='lat' dir='ltr'><strong><em>lapide</em></strong></span> <span class='ocrx_word' id='word_1_406' title='bbox 3118 2267 3243 2324; x_wconf 87' lang='lat' dir='ltr'><strong><em>Iesu</em></strong></span> <span class='ocrx_word' id='word_1_407' title='bbox 3274 2270 3498 2326; x_wconf 87' lang='lat' dir='ltr'><strong><em>Christo</em></strong></span> 
     </span>
    </p>
   </div>
   <div class='ocr_carea' id='block_1_53' title="bbox 1908 2358 3498 2429">
    <p class='ocr_par' dir='ltr' id='par_1_53' title="bbox 1908 2358 3498 2429">
     <span class='ocr_line' id='line_1_53' title="bbox 1908 2358 3498 2429; baseline 0.003 -16"><span class='ocrx_word' id='word_1_408' title='bbox 1908 2359 2137 2414; x_wconf 86' lang='lat' dir='ltr'><strong><em>Domino</em></strong></span> <span class='ocrx_word' id='word_1_409' title='bbox 2165 2367 2372 2425; x_wconf 89' lang='lat' dir='ltr'><strong><em>nostro,</em></strong></span> <span class='ocrx_word' id='word_1_410' title='bbox 2401 2359 2494 2428; x_wconf 92' lang='lat' dir='ltr'><strong><em>qui</em></strong></span> <span class='ocrx_word' id='word_1_411' title='bbox 2525 2358 2652 2414; x_wconf 89' lang='lat' dir='ltr'><strong><em>fecit</em></strong></span> <span class='ocrx_word' id='word_1_412' title='bbox 2679 2366 2917 2429; x_wconf 36' lang='lat' dir='ltr'><strong><em>utraque.</em></strong></span> <span class='ocrx_word' id='word_1_413' title='bbox 2935 2376 3100 2414; x_wconf 89' lang='lat' dir='ltr'><strong><em>unum</em></strong></span> <span class='ocrx_word' id='word_1_414' title='bbox 3124 2400 3138 2424; x_wconf 93' lang='lat'><strong><em>,</em></strong></span> <span class='ocrx_word' id='word_1_415' title='bbox 3177 2369 3232 2417; x_wconf 89' lang='lat' dir='ltr'><strong><em>et</em></strong></span> <span class='ocrx_word' id='word_1_416' title='bbox 3259 2362 3498 2418; x_wconf 87' lang='lat' dir='ltr'><strong><em>medium</em></strong></span> 
     </span>
    </p>
   </div>
   <div class='ocr_carea' id='block_1_54' title="bbox 1907 2449 3498 2523">
    <p class='ocr_par' dir='ltr' id='par_1_54' title="bbox 1907 2449 3498 2523">
     <span class='ocr_line' id='line_1_54' title="bbox 1907 2449 3498 2523; baseline 0.001 -17"><span class='ocrx_word' id='word_1_417' title='bbox 1907 2451 2170 2521; x_wconf 88' lang='lat' dir='ltr'><strong><em>parietem</em></strong></span> <span class='ocrx_word' id='word_1_418' title='bbox 2196 2449 2485 2520; x_wconf 88' lang='lat' dir='ltr'><strong><em>dissipans,</em></strong></span> <span class='ocrx_word' id='word_1_419' title='bbox 2524 2450 2865 2505; x_wconf 89' lang='lat' dir='ltr'><strong><em>inimicitiam</em></strong></span> <span class='ocrx_word' id='word_1_420' title='bbox 2909 2452 3194 2521; x_wconf 78' lang='lat' dir='ltr'><strong><em>utriusque</em></strong></span> <span class='ocrx_word' id='word_1_421' title='bbox 3229 2453 3408 2523; x_wconf 89' lang='lat' dir='ltr'><strong><em>populi</em></strong></span> <span class='ocrx_word' id='word_1_422' title='bbox 3442 2455 3498 2509; x_wconf 90' lang='lat' dir='ltr'><strong><em>in</em></strong></span> 
     </span>
    </p>
   </div>
   <div class='ocr_carea' id='block_1_55' title="bbox 1908 2539 3497 2612">
    <p class='ocr_par' dir='ltr' id='par_1_55' title="bbox 1908 2539 3497 2612">
     <span class='ocr_line' id='line_1_55' title="bbox 1908 2539 3497 2612; baseline 0.001 -16"><span class='ocrx_word' id='word_1_423' title='bbox 1908 2557 2007 2596; x_wconf 89' lang='lat' dir='ltr'><strong><em>sua</em></strong></span> <span class='ocrx_word' id='word_1_424' title='bbox 2035 2556 2200 2596; x_wconf 88' lang='lat' dir='ltr'><strong><em>carne</em></strong></span> <span class='ocrx_word' id='word_1_425' title='bbox 2235 2539 2525 2606; x_wconf 80' lang='lat' dir='ltr'><strong><em>destruxit,</em></strong></span> <span class='ocrx_word' id='word_1_426' title='bbox 2572 2547 2628 2594; x_wconf 89' lang='lat' dir='ltr'><strong><em>et</em></strong></span> <span class='ocrx_word' id='word_1_427' title='bbox 2670 2540 2906 2610; x_wconf 69' lang='lat' dir='ltr'><strong><em>antiqua:</em></strong></span> <span class='ocrx_word' id='word_1_428' title='bbox 2950 2540 3084 2612; x_wconf 81' lang='lat' dir='ltr'><strong><em>legis</em></strong></span> <span class='ocrx_word' id='word_1_429' title='bbox 3126 2541 3497 2600; x_wconf 74' lang='lat' dir='ltr'><strong><em>difﬁcultatem</em></strong></span> 
     </span>
    </p>
   </div>
   <div class='ocr_carea' id='block_1_56' title="bbox 1907 2632 3500 2705">
    <p class='ocr_par' dir='ltr' id='par_1_56' title="bbox 1907 2632 3500 2705">
     <span class='ocr_line' id='line_1_56' title="bbox 1907 2632 3500 2705; baseline 0.003 -17"><span class='ocrx_word' id='word_1_430' title='bbox 1907 2633 2343 2705; x_wconf 86' lang='lat' dir='ltr'><strong><em>evangelicorum</em></strong></span> <span class='ocrx_word' id='word_1_431' title='bbox 2379 2632 2692 2704; x_wconf 87' lang='lat' dir='ltr'><strong><em>dogmatum</em></strong></span> <span class='ocrx_word' id='word_1_432' title='bbox 2728 2632 3042 2704; x_wconf 80' lang='lat' dir='ltr'><strong><em>integritate</em></strong></span> <span class='ocrx_word' id='word_1_433' title='bbox 3079 2635 3327 2690; x_wconf 82' lang='lat' dir='ltr'><strong><em>mutavit.</em></strong></span> <span class='ocrx_word' id='word_1_434' title='bbox 3359 2636 3500 2694; x_wconf 84' lang='lat' dir='ltr'><strong><em>Vere</em></strong></span> 
     </span>
    </p>
   </div>
   <div class='ocr_carea' id='block_1_57' title="bbox 1909 2726 3499 2797">
    <p class='ocr_par' dir='ltr' id='par_1_57' title="bbox 1909 2726 3499 2797">
     <span class='ocr_line' id='line_1_57' title="bbox 1909 2726 3499 2797; baseline 0.002 -15"><span class='ocrx_word' id='word_1_435' title='bbox 1909 2728 1963 2782; x_wconf 91' lang='lat' dir='ltr'><strong><em>in</em></strong></span> <span class='ocrx_word' id='word_1_436' title='bbox 1986 2727 2202 2783; x_wconf 86' lang='lat' dir='ltr'><strong><em>Christo</em></strong></span> <span class='ocrx_word' id='word_1_437' title='bbox 2228 2741 2369 2782; x_wconf 91' lang='lat' dir='ltr'><strong><em>unus</em></strong></span> <span class='ocrx_word' id='word_1_438' title='bbox 2402 2726 2559 2797; x_wconf 89' lang='lat' dir='ltr'><strong><em>panis</em></strong></span> <span class='ocrx_word' id='word_1_439' title='bbox 2597 2741 2784 2782; x_wconf 91' lang='lat' dir='ltr'><strong><em>sumus</em></strong></span> <span class='ocrx_word' id='word_1_440' title='bbox 2805 2767 2819 2792; x_wconf 92' lang='lat'><strong><em>,</em></strong></span> <span class='ocrx_word' id='word_1_441' title='bbox 2869 2733 2925 2782; x_wconf 89' lang='lat' dir='ltr'><strong><em>et</em></strong></span> <span class='ocrx_word' id='word_1_442' title='bbox 2970 2727 3078 2784; x_wconf 91' lang='lat' dir='ltr'><strong><em>duo</em></strong></span> <span class='ocrx_word' id='word_1_443' title='bbox 3122 2728 3499 2785; x_wconf 86' lang='lat' dir='ltr'><strong><em>consensimus</em></strong></span> 
     </span>
    </p>
   </div>
   <div class='ocr_carea' id='block_1_58' title="bbox 1908 2810 3502 2898">
    <p class='ocr_par' dir='ltr' id='par_1_58' title="bbox 1908 2810 3502 2898">
     <span class='ocr_line' id='line_1_58' title="bbox 1908 2810 3502 2898; baseline 0.001 -22"><span class='ocrx_word' id='word_1_444' title='bbox 1908 2836 2074 2892; x_wconf 89' lang='lat' dir='ltr'><strong><em>super</em></strong></span> <span class='ocrx_word' id='word_1_445' title='bbox 2102 2827 2334 2898; x_wconf 81' lang='lat' dir='ltr'><strong><em>terram;</em></strong></span> <span class='ocrx_word' id='word_1_446' title='bbox 2375 2828 2430 2875; x_wconf 91' lang='lat' dir='ltr'><strong><em>et</em></strong></span> <span class='ocrx_word' id='word_1_447' title='bbox 2459 2819 2728 2890; x_wconf 89' lang='lat' dir='ltr'><strong><em>quomodo</em></strong></span> <span class='ocrx_word' id='word_1_448' title='bbox 2752 2834 2854 2875; x_wconf 88' lang='lat' dir='ltr'><strong><em>nos</em></strong></span> <span class='ocrx_word' id='word_1_449' title='bbox 2879 2810 3040 2890; x_wconf 82' lang='lat' dir='ltr'><strong><em>super</em></strong></span> <span class='ocrx_word' id='word_1_450' title='bbox 3065 2819 3359 2892; x_wconf 71' lang='lat' dir='ltr'><strong><em>prophetas</em></strong></span> <span class='ocrx_word' id='word_1_451' title='bbox 3381 2821 3502 2877; x_wconf 86' lang='lat' dir='ltr'><strong><em>fun-</em></strong></span> 
     </span>
    </p>
   </div>
   <div class='ocr_carea' id='block_1_59' title="bbox 1910 2903 3502 2982">
    <p class='ocr_par' dir='ltr' id='par_1_59' title="bbox 1910 2903 3502 2982">
     <span class='ocr_line' id='line_1_59' title="bbox 1910 2903 3502 2982; baseline 0 -15"><span class='ocrx_word' id='word_1_452' title='bbox 1910 2913 2021 2968; x_wconf 89' lang='lat' dir='ltr'><strong><em>dati</em></strong></span> <span class='ocrx_word' id='word_1_453' title='bbox 2045 2927 2255 2978; x_wconf 88' lang='lat' dir='ltr'><strong><em>sumus,</em></strong></span> <span class='ocrx_word' id='word_1_454' title='bbox 2280 2903 2358 2966; x_wconf 74' lang='lat' dir='ltr'><strong><em>it&#39;a</em></strong></span> <span class='ocrx_word' id='word_1_455' title='bbox 2393 2918 2448 2965; x_wconf 91' lang='lat' dir='ltr'><strong><em>et</em></strong></span> <span class='ocrx_word' id='word_1_456' title='bbox 2481 2910 2806 2980; x_wconf 71' lang='lat' dir='ltr'><strong><em>patriarcha:</em></strong></span> <span class='ocrx_word' id='word_1_457' title='bbox 2825 2911 2940 2982; x_wconf 88' lang='lat' dir='ltr'><strong><em>jam</em></strong></span> <span class='ocrx_word' id='word_1_458' title='bbox 2969 2910 3337 2980; x_wconf 86' lang='lat' dir='ltr'><strong><em>apostolorum</em></strong></span> <span class='ocrx_word' id='word_1_459' title='bbox 3377 2911 3502 2968; x_wconf 85' lang='lat' dir='ltr'><strong><em>fun-</em></strong></span> 
     </span>
    </p>
   </div>
   <div class='ocr_carea' id='block_1_60' title="bbox 1907 3003 3499 3074">
    <p class='ocr_par' dir='ltr' id='par_1_60' title="bbox 1907 3003 3499 3074">
     <span class='ocr_line' id='line_1_60' title="bbox 1907 3003 3499 3074; baseline 0.001 -14"><span class='ocrx_word' id='word_1_460' title='bbox 1907 3005 2125 3060; x_wconf 91' lang='lat' dir='ltr'><strong><em>damine</em></strong></span> <span class='ocrx_word' id='word_1_461' title='bbox 2147 3005 2531 3060; x_wconf 88' lang='lat' dir='ltr'><strong><em>constiterunt.</em></strong></span> <span class='ocrx_word' id='word_1_462' title='bbox 2572 3003 2650 3060; x_wconf 92' lang='lat' dir='ltr'><strong><em>De</em></strong></span> <span class='ocrx_word' id='word_1_463' title='bbox 2673 3003 2902 3059; x_wconf 89' lang='lat' dir='ltr'><strong><em>Domino</em></strong></span> <span class='ocrx_word' id='word_1_464' title='bbox 2936 3020 3154 3074; x_wconf 88' lang='lat' dir='ltr'><strong><em>quoque</em></strong></span> <span class='ocrx_word' id='word_1_465' title='bbox 3183 3003 3313 3060; x_wconf 87' lang='lat' dir='ltr'><strong><em>Iesu</em></strong></span> <span class='ocrx_word' id='word_1_466' title='bbox 3338 3003 3499 3062; x_wconf 79' lang='lat' dir='ltr'><strong><em>Chri-</em></strong></span> 
     </span>
    </p>
   </div>
   <div class='ocr_carea' id='block_1_61' title="bbox 1908 3094 3497 3166">
    <p class='ocr_par' dir='ltr' id='par_1_61' title="bbox 1908 3094 3497 3166">
     <span class='ocr_line' id='line_1_61' title="bbox 1908 3094 3497 3166; baseline 0.003 -16"><span class='ocrx_word' id='word_1_467' title='bbox 1908 3103 1994 3150; x_wconf 90' lang='lat' dir='ltr'><strong><em>sto</em></strong></span> <span class='ocrx_word' id='word_1_468' title='bbox 2014 3095 2305 3166; x_wconf 70' lang='lat' dir='ltr'><strong><em>praedictus</em></strong></span> <span class='ocrx_word' id='word_1_469' title='bbox 2330 3094 2522 3151; x_wconf 87' lang='lat' dir='ltr'><strong><em>doctor</em></strong></span> <span class='ocrx_word' id='word_1_470' title='bbox 2566 3095 2678 3149; x_wconf 90' lang='lat' dir='ltr'><strong><em>ait:</em></strong></span> <span class='ocrx_word' id='word_1_471' title='bbox 2725 3113 2743 3146; x_wconf 77' lang='grc' dir='ltr'>ι</span> <span class='ocrx_word' id='word_1_472' title='bbox 2798 3094 3094 3166; x_wconf 85' lang='lat' dir='ltr'><strong><em>Postquam</em></strong></span> <span class='ocrx_word' id='word_1_473' title='bbox 3140 3098 3210 3152; x_wconf 89' lang='lat' dir='ltr'><strong><em>ob</em></strong></span> <span class='ocrx_word' id='word_1_474' title='bbox 3250 3105 3497 3154; x_wconf 87' lang='lat' dir='ltr'><strong><em>nostram</em></strong></span> 
     </span>
    </p>
   </div>
   <div class='ocr_carea' id='block_1_62' title="bbox 207 3171 3497 3257">
    <p class='ocr_par' dir='ltr' id='par_1_62' title="bbox 207 3171 3497 3257">
     <span class='ocr_line' id='line_1_62' title="bbox 207 3171 3497 3257; baseline 0.006 -31"><span class='ocrx_word' id='word_1_475' title='bbox 207 3171 528 3240; x_wconf 88' lang='lat' dir='ltr'><strong><em>Christiani,</em></strong></span> <span class='ocrx_word' id='word_1_476' title='bbox 564 3175 706 3233; x_wconf 70' lang='lat' dir='ltr'><strong><em>.sine</em></strong></span> <span class='ocrx_word' id='word_1_477' title='bbox 751 3176 971 3232; x_wconf 89' lang='lat' dir='ltr'><strong><em>Christo</em></strong></span> <span class='ocrx_word' id='word_1_478' title='bbox 1010 3179 1172 3246; x_wconf 87' lang='lat' dir='ltr'><strong><em>estis;</em></strong></span> <span class='ocrx_word' id='word_1_479' title='bbox 1227 3180 1356 3250; x_wconf 88' lang='lat' dir='ltr'><strong><em>quia</em></strong></span> <span class='ocrx_word' id='word_1_480' title='bbox 1407 3181 1638 3235; x_wconf 90' lang='lat' dir='ltr'><strong><em>necdum</em></strong></span> <span class='ocrx_word' id='word_1_481' title='bbox 1685 3188 1804 3235; x_wconf 91' lang='lat' dir='ltr'><strong><em>erat</em></strong></span> <span class='ocrx_word' id='word_1_482' title='bbox 1832 3176 1876 3239; x_wconf 88' lang='lat' dir='ltr'><strong><em>C</em></strong></span> <span class='ocrx_word' id='word_1_483' title='bbox 1909 3185 2139 3241; x_wconf 89' lang='lat' dir='ltr'><strong><em>salutem</em></strong></span> <span class='ocrx_word' id='word_1_484' title='bbox 2166 3184 2235 3240; x_wconf 90' lang='lat' dir='ltr'><strong><em>de</em></strong></span> <span class='ocrx_word' id='word_1_485' title='bbox 2257 3185 2499 3255; x_wconf 86' lang='lat' dir='ltr'><strong><em>.Virginis</em></strong></span> <span class='ocrx_word' id='word_1_486' title='bbox 2523 3193 2681 3240; x_wconf 88' lang='lat' dir='ltr'><strong><em>utero</em></strong></span> <span class='ocrx_word' id='word_1_487' title='bbox 2709 3185 2965 3257; x_wconf 86' lang='lat' dir='ltr'><strong><em>dignatus</em></strong></span> <span class='ocrx_word' id='word_1_488' title='bbox 2989 3195 3073 3241; x_wconf 89' lang='lat' dir='ltr'><strong><em>est</em></strong></span> <span class='ocrx_word' id='word_1_489' title='bbox 3099 3188 3281 3254; x_wconf 88' lang='lat' dir='ltr'><strong><em>nasci,</em></strong></span> <span class='ocrx_word' id='word_1_490' title='bbox 3311 3189 3414 3247; x_wconf 84' lang='lat' dir='ltr'><strong><em>Dei‘</em></strong></span> <span class='ocrx_word' id='word_1_491' title='bbox 3436 3199 3497 3247; x_wconf 87' lang='lat' dir='ltr'><strong><em>et</em></strong></span> 
     </span>
    </p>
   </div>
   <div class='ocr_carea' id='block_1_63' title="bbox 206 3263 1798 3340">
    <p class='ocr_par' dir='ltr' id='par_1_63' title="bbox 206 3263 1798 3340">
     <span class='ocr_line' id='line_1_63' title="bbox 206 3263 1798 3340; baseline 0.006 -21"><span class='ocrx_word' id='word_1_492' title='bbox 206 3263 480 3322; x_wconf 87' lang='lat' dir='ltr'><strong><em>Christus.</em></strong></span> <span class='ocrx_word' id='word_1_493' title='bbox 508 3267 652 3323; x_wconf 85' lang='lat' dir='ltr'><strong><em>Nihil</em></strong></span> <span class='ocrx_word' id='word_1_494' title='bbox 677 3271 898 3325; x_wconf 91' lang='lat' dir='ltr'><strong><em>omnino</em></strong></span> <span class='ocrx_word' id='word_1_495' title='bbox 921 3271 1100 3326; x_wconf 77' lang='lat' dir='ltr'><strong><em>differt</em></strong></span> <span class='ocrx_word' id='word_1_496' title='bbox 1121 3272 1266 3326; x_wconf 88' lang='lat' dir='ltr'><strong><em>aliud</em></strong></span> <span class='ocrx_word' id='word_1_497' title='bbox 1294 3269 1438 3328; x_wconf 91' lang='lat' dir='ltr'><strong><em>inter</em></strong></span> <span class='ocrx_word' id='word_1_498' title='bbox 1458 3272 1579 3328; x_wconf 91' lang='lat' dir='ltr'><strong><em>illos</em></strong></span> <span class='ocrx_word' id='word_1_499' title='bbox 1603 3281 1658 3328; x_wconf 92' lang='lat' dir='ltr'><strong><em>et</em></strong></span> <span class='ocrx_word' id='word_1_500' title='bbox 1680 3289 1798 3340; x_wconf 89' lang='lat' dir='ltr'><strong><em>nos,</em></strong></span> 
     </span>
    </p>
   </div>
   <div class='ocr_carea' id='block_1_64' title="bbox 208 3355 1799 3431">
    <p class='ocr_par' dir='ltr' id='par_1_64' title="bbox 208 3355 1799 3431">
     <span class='ocr_line' id='line_1_64' title="bbox 208 3355 1799 3431; baseline 0.005 -22"><span class='ocrx_word' id='word_1_501' title='bbox 208 3355 320 3410; x_wconf 86' lang='lat' dir='ltr'><strong><em>nisi</em></strong></span> <span class='ocrx_word' id='word_1_502' title='bbox 359 3358 485 3426; x_wconf 89' lang='lat' dir='ltr'><strong><em>quia</em></strong></span> <span class='ocrx_word' id='word_1_503' title='bbox 527 3368 872 3414; x_wconf 89' lang='lat' dir='ltr'><strong><em>sacramenta</em></strong></span> <span class='ocrx_word' id='word_1_504' title='bbox 919 3359 1112 3415; x_wconf 89' lang='lat' dir='ltr'><strong><em>salutis</em></strong></span> <span class='ocrx_word' id='word_1_505' title='bbox 1158 3376 1277 3430; x_wconf 75' lang='lat' dir='ltr'><strong><em>quae</em></strong></span> <span class='ocrx_word' id='word_1_506' title='bbox 1312 3377 1410 3431; x_wconf 90' lang='lat' dir='ltr'><strong><em>per</em></strong></span> <span class='ocrx_word' id='word_1_507' title='bbox 1446 3363 1799 3418; x_wconf 88' lang='lat' dir='ltr'><strong><em>mediatorem</em></strong></span> 
     </span>
    </p>
   </div>
   <div class='ocr_carea' id='block_1_65' title="bbox 203 3453 1800 3522">
    <p class='ocr_par' dir='ltr' id='par_1_65' title="bbox 203 3453 1800 3522">
     <span class='ocr_line' id='line_1_65' title="bbox 203 3453 1800 3522; baseline 0.003 -19"><span class='ocrx_word' id='word_1_508' title='bbox 203 3455 432 3520; x_wconf 86' lang='lat' dir='ltr'><strong><em>operata</em></strong></span> <span class='ocrx_word' id='word_1_509' title='bbox 469 3459 592 3505; x_wconf 91' lang='lat' dir='ltr'><strong><em>sunt</em></strong></span> <span class='ocrx_word' id='word_1_510' title='bbox 638 3458 861 3520; x_wconf 87' lang='lat' dir='ltr'><strong><em>propter</em></strong></span> <span class='ocrx_word' id='word_1_511' title='bbox 882 3467 983 3506; x_wconf 92' lang='lat' dir='ltr'><strong><em>nos</em></strong></span> <span class='ocrx_word' id='word_1_512' title='bbox 1013 3460 1070 3507; x_wconf 92' lang='lat' dir='ltr'><strong><em>et</em></strong></span> <span class='ocrx_word' id='word_1_513' title='bbox 1106 3453 1330 3522; x_wconf 88' lang='lat' dir='ltr'><strong><em>propter</em></strong></span> <span class='ocrx_word' id='word_1_514' title='bbox 1374 3453 1514 3518; x_wconf 88' lang='lat' dir='ltr'><strong><em>illos,</em></strong></span> <span class='ocrx_word' id='word_1_515' title='bbox 1546 3469 1646 3508; x_wconf 91' lang='lat' dir='ltr'><strong><em>nos</em></strong></span> <span class='ocrx_word' id='word_1_516' title='bbox 1693 3453 1800 3508; x_wconf 87' lang='lat' dir='ltr'><strong><em>sal-</em></strong></span> 
     </span>
    </p>
   </div>
   <div class='ocr_carea' id='block_1_66' title="bbox 203 3527 1800 3611">
    <p class='ocr_par' dir='ltr' id='par_1_66' title="bbox 203 3527 1800 3611">
     <span class='ocr_line' id='line_1_66' title="bbox 203 3527 1800 3611; baseline 0.003 -19"><span class='ocrx_word' id='word_1_517' title='bbox 203 3546 341 3592; x_wconf 73' lang='lat' dir='ltr'><strong><em>vant</em></strong></span> <span class='ocrx_word' id='word_1_518' title='bbox 365 3539 659 3608; x_wconf 66' lang='lat' dir='ltr'><strong><em>praeterita,</em></strong></span> <span class='ocrx_word' id='word_1_519' title='bbox 689 3539 810 3594; x_wconf 90' lang='lat' dir='ltr'><strong><em>illos</em></strong></span> <span class='ocrx_word' id='word_1_520' title='bbox 839 3539 1041 3607; x_wconf 76' lang='lat' dir='ltr'><strong><em>futura,</em></strong></span> <span class='ocrx_word' id='word_1_521' title='bbox 1097 3527 1372 3611; x_wconf 30' lang='lat' dir='ltr'><strong><em>quia-quae</em></strong></span> <span class='ocrx_word' id='word_1_522' title='bbox 1397 3557 1497 3597; x_wconf 91' lang='lat' dir='ltr'><strong><em>nos</em></strong></span> <span class='ocrx_word' id='word_1_523' title='bbox 1527 3542 1800 3598; x_wconf 90' lang='lat' dir='ltr'><strong><em>credimus</em></strong></span> 
     </span>
    </p>
   </div>
   <div class='ocr_carea' id='block_1_67' title="bbox 207 3626 1802 3700">
    <p class='ocr_par' dir='ltr' id='par_1_67' title="bbox 207 3626 1802 3700">
     <span class='ocr_line' id='line_1_67' title="bbox 207 3626 1802 3700; baseline 0.003 -18"><span class='ocrx_word' id='word_1_524' title='bbox 207 3626 274 3682; x_wconf 74' lang='lat' dir='ltr'><strong><em>et</em></strong></span> <span class='ocrx_word' id='word_1_525' title='bbox 295 3637 540 3684; x_wconf 88' lang='lat' dir='ltr'><strong><em>tenemus</em></strong></span> <span class='ocrx_word' id='word_1_526' title='bbox 577 3631 877 3700; x_wconf 60' lang='lat' dir='ltr'><strong><em>praeterita,</em></strong></span> <span class='ocrx_word' id='word_1_527' title='bbox 912 3630 989 3686; x_wconf 90' lang='lat' dir='ltr'><strong><em>illi</em></strong></span> <span class='ocrx_word' id='word_1_528' title='bbox 1021 3632 1370 3688; x_wconf 91' lang='lat' dir='ltr'><strong><em>crediderunt</em></strong></span> <span class='ocrx_word' id='word_1_529' title='bbox 1414 3648 1476 3688; x_wconf 93' lang='lat' dir='ltr'><strong><em>ac</em></strong></span> <span class='ocrx_word' id='word_1_530' title='bbox 1508 3640 1802 3688; x_wconf 90' lang='lat' dir='ltr'><strong><em>tenuerunt</em></strong></span> 
     </span>
    </p>
   </div>
   <div class='ocr_carea' id='block_1_68' title="bbox 205 3716 1801 3795">
    <p class='ocr_par' dir='ltr' id='par_1_68' title="bbox 205 3716 1801 3795">
     <span class='ocr_line' id='line_1_68' title="bbox 205 3716 1801 3795; baseline 0.004 -22"><span class='ocrx_word' id='word_1_531' title='bbox 205 3716 426 3786; x_wconf 81' lang='lat' dir='ltr'><strong><em>futura;</em></strong></span> <span class='ocrx_word' id='word_1_532' title='bbox 465 3729 521 3775; x_wconf 89' lang='lat' dir='ltr'><strong><em>et</em></strong></span> <span class='ocrx_word' id='word_1_533' title='bbox 550 3721 625 3775; x_wconf 89' lang='lat' dir='ltr'><strong><em>illi</em></strong></span> <span class='ocrx_word' id='word_1_534' title='bbox 662 3723 718 3776; x_wconf 91' lang='lat' dir='ltr'><strong><em>in</em></strong></span> <span class='ocrx_word' id='word_1_535' title='bbox 747 3723 860 3777; x_wconf 87' lang='lat' dir='ltr'><strong><em>sola</em></strong></span> <span class='ocrx_word' id='word_1_536' title='bbox 897 3723 1230 3778; x_wconf 90' lang='lat' dir='ltr'><strong><em>conscientia</em></strong></span> <span class='ocrx_word' id='word_1_537' title='bbox 1261 3732 1317 3779; x_wconf 90' lang='lat' dir='ltr'><strong><em>et</em></strong></span> <span class='ocrx_word' id='word_1_538' title='bbox 1357 3723 1548 3795; x_wconf 87' lang='lat' dir='ltr'><strong><em>figuris</em></strong></span> <span class='ocrx_word' id='word_1_539' title='bbox 1591 3723 1801 3779; x_wconf 90' lang='lat' dir='ltr'><strong><em>futuro-</em></strong></span> 
     </span>
    </p>
   </div>
   <div class='ocr_carea' id='block_1_69' title="bbox 207 3814 1797 3886">
    <p class='ocr_par' dir='ltr' id='par_1_69' title="bbox 207 3814 1797 3886">
     <span class='ocr_line' id='line_1_69' title="bbox 207 3814 1797 3886; baseline 0.001 -18"><span class='ocrx_word' id='word_1_540' title='bbox 207 3829 355 3879; x_wconf 88' lang='lat' dir='ltr'><strong><em>rum,</em></strong></span> <span class='ocrx_word' id='word_1_541' title='bbox 386 3829 485 3869; x_wconf 90' lang='lat' dir='ltr'><strong><em>nos</em></strong></span> <span class='ocrx_word' id='word_1_542' title='bbox 510 3814 674 3870; x_wconf 91' lang='lat' dir='ltr'><strong><em>etiam</em></strong></span> <span class='ocrx_word' id='word_1_543' title='bbox 705 3814 760 3869; x_wconf 90' lang='lat' dir='ltr'><strong><em>in</em></strong></span> <span class='ocrx_word' id='word_1_544' title='bbox 797 3814 1010 3885; x_wconf 88' lang='lat' dir='ltr'><strong><em>publica</em></strong></span> <span class='ocrx_word' id='word_1_545' title='bbox 1054 3814 1415 3886; x_wconf 84' lang='lat' dir='ltr'><strong><em>professione,</em></strong></span> <span class='ocrx_word' id='word_1_546' title='bbox 1438 3815 1580 3871; x_wconf 89' lang='lat' dir='ltr'><strong><em>votis</em></strong></span> <span class='ocrx_word' id='word_1_547' title='bbox 1604 3823 1660 3870; x_wconf 88' lang='lat' dir='ltr'><strong><em>et</em></strong></span> <span class='ocrx_word' id='word_1_548' title='bbox 1696 3830 1797 3870; x_wconf 89' lang='lat' dir='ltr'><strong><em>an-</em></strong></span> 
     </span>
    </p>
   </div>
   <div class='ocr_carea' id='block_1_70' title="bbox 204 3907 1798 3979">
    <p class='ocr_par' dir='ltr' id='par_1_70' title="bbox 204 3907 1798 3979">
     <span class='ocr_line' id='line_1_70' title="bbox 204 3907 1798 3979; baseline 0.001 -17"><span class='ocrx_word' id='word_1_549' title='bbox 204 3907 551 3964; x_wconf 84' lang='lat' dir='ltr'><strong><em>nuntiatione</em></strong></span> <span class='ocrx_word' id='word_1_550' title='bbox 572 3909 975 3979; x_wconf 59' lang='lat' dir='ltr'><strong><em>praeteritarum</em></strong></span> <span class='ocrx_word' id='word_1_551' title='bbox 1004 3924 1184 3963; x_wconf 90' lang='lat' dir='ltr'><strong><em>rerum</em></strong></span> <span class='ocrx_word' id='word_1_552' title='bbox 1236 3924 1362 3963; x_wconf 91' lang='lat' dir='ltr'><strong><em>cum</em></strong></span> <span class='ocrx_word' id='word_1_553' title='bbox 1398 3907 1798 3979; x_wconf 82' lang='lat' dir='ltr'><strong><em>significatione</em></strong></span> 
     </span>
    </p>
   </div>
   <div class='ocr_carea' id='block_1_71' title="bbox 209 3997 1796 4071">
    <p class='ocr_par' dir='ltr' id='par_1_71' title="bbox 209 3997 1796 4071">
     <span class='ocr_line' id='line_1_71' title="bbox 209 3997 1796 4071; baseline 0.003 -21"><span class='ocrx_word' id='word_1_554' title='bbox 209 3997 584 4052; x_wconf 86' lang='lat' dir='ltr'><strong><em>tractabilium</em></strong></span> <span class='ocrx_word' id='word_1_555' title='bbox 621 4005 1124 4064; x_wconf 85' lang='lat' dir='ltr'><strong><em>sacramentorum;</em></strong></span> <span class='ocrx_word' id='word_1_556' title='bbox 1169 3999 1311 4054; x_wconf 90' lang='lat' dir='ltr'><strong><em>sicut</em></strong></span> <span class='ocrx_word' id='word_1_557' title='bbox 1335 4007 1392 4054; x_wconf 90' lang='lat' dir='ltr'><strong><em>et</em></strong></span> <span class='ocrx_word' id='word_1_558' title='bbox 1440 3999 1516 4053; x_wconf 91' lang='lat' dir='ltr'><strong><em>illi</em></strong></span> <span class='ocrx_word' id='word_1_559' title='bbox 1568 3999 1676 4055; x_wconf 90' lang='lat' dir='ltr'><strong><em>duo</em></strong></span> <span class='ocrx_word' id='word_1_560' title='bbox 1703 4001 1796 4071; x_wconf 90' lang='lat' dir='ltr'><strong><em>qui</em></strong></span> 
     </span>
    </p>
   </div>
   <div class='ocr_carea' id='block_1_72' title="bbox 203 4077 1799 4162">
    <p class='ocr_par' dir='ltr' id='par_1_72' title="bbox 203 4077 1799 4162">
     <span class='ocr_line' id='line_1_72' title="bbox 203 4077 1799 4162; baseline 0 -17"><span class='ocrx_word' id='word_1_561' title='bbox 203 4105 375 4145; x_wconf 90' lang='lat' dir='ltr'><strong><em>unum</em></strong></span> <span class='ocrx_word' id='word_1_562' title='bbox 397 4090 613 4146; x_wconf 85' lang='lat' dir='ltr'><strong><em>botrum</em></strong></span> <span class='ocrx_word' id='word_1_563' title='bbox 651 4093 705 4146; x_wconf 92' lang='lat' dir='ltr'><strong><em>in</em></strong></span> <span class='ocrx_word' id='word_1_564' title='bbox 736 4089 951 4162; x_wconf 86' lang='lat' dir='ltr'><strong><em>falango</em></strong></span> <span class='ocrx_word' id='word_1_565' title='bbox 985 4077 1298 4161; x_wconf 84' lang='lat' dir='ltr'><strong><em>portabant,</em></strong></span> <span class='ocrx_word' id='word_1_566' title='bbox 1327 4106 1495 4149; x_wconf 88' lang='lat' dir='ltr'><strong><em>unum</em></strong></span> <span class='ocrx_word' id='word_1_567' title='bbox 1539 4106 1677 4162; x_wconf 91' lang='lat' dir='ltr'><strong><em>opus</em></strong></span> <span class='ocrx_word' id='word_1_568' title='bbox 1723 4090 1799 4146; x_wconf 88' lang='lat' dir='ltr'><strong><em>fa-</em></strong></span> 
     </span>
    </p>
   </div>
   <div class='ocr_carea' id='block_1_73' title="bbox 204 4179 1795 4252">
    <p class='ocr_par' dir='ltr' id='par_1_73' title="bbox 204 4179 1795 4252">
     <span class='ocr_line' id='line_1_73' title="bbox 204 4179 1795 4252; baseline 0.001 -17"><span class='ocrx_word' id='word_1_569' title='bbox 204 4179 429 4235; x_wconf 89' lang='lat' dir='ltr'><strong><em>ciebant</em></strong></span> <span class='ocrx_word' id='word_1_570' title='bbox 481 4181 872 4246; x_wconf 80' lang='lat' dir='ltr'><strong><em>indiﬂ&#39;erenter,</em></strong></span> <span class='ocrx_word' id='word_1_571' title='bbox 919 4182 1022 4236; x_wconf 89' lang='lat' dir='ltr'><strong><em>nisi</em></strong></span> <span class='ocrx_word' id='word_1_572' title='bbox 1074 4182 1200 4252; x_wconf 90' lang='lat' dir='ltr'><strong><em>quia</em></strong></span> <span class='ocrx_word' id='word_1_573' title='bbox 1246 4181 1495 4236; x_wconf 89' lang='lat' dir='ltr'><strong><em>eumdem</em></strong></span> <span class='ocrx_word' id='word_1_574' title='bbox 1552 4183 1795 4248; x_wconf 89' lang='lat' dir='ltr'><strong><em>botrum,</em></strong></span> 
     </span>
    </p>
   </div>
   <div class='ocr_carea' id='block_1_74' title="bbox 205 4271 1799 4341">
    <p class='ocr_par' dir='ltr' id='par_1_74' title="bbox 205 4271 1799 4341">
     <span class='ocr_line' id='line_1_74' title="bbox 205 4271 1799 4341; baseline 0.003 -18"><span class='ocrx_word' id='word_1_575' title='bbox 205 4283 350 4324; x_wconf 89' lang='lat' dir='ltr'><strong><em>unus</em></strong></span> <span class='ocrx_word' id='word_1_576' title='bbox 370 4278 494 4341; x_wconf 86' lang='lat' dir='ltr'><strong><em>post</em></strong></span> <span class='ocrx_word' id='word_1_577' title='bbox 517 4271 762 4336; x_wconf 89' lang='lat' dir='ltr'><strong><em>dorsum,</em></strong></span> <span class='ocrx_word' id='word_1_578' title='bbox 793 4271 932 4326; x_wconf 89' lang='lat' dir='ltr'><strong><em>alter</em></strong></span> <span class='ocrx_word' id='word_1_579' title='bbox 955 4279 1081 4327; x_wconf 88' lang='lat' dir='ltr'><strong><em>ante</em></strong></span> <span class='ocrx_word' id='word_1_580' title='bbox 1112 4271 1303 4327; x_wconf 86' lang='lat' dir='ltr'><strong><em>faciem</em></strong></span> <span class='ocrx_word' id='word_1_581' title='bbox 1331 4273 1632 4338; x_wconf 90' lang='lat' dir='ltr'><strong><em>habebant;</em></strong></span> <span class='ocrx_word' id='word_1_582' title='bbox 1657 4274 1799 4329; x_wconf 88' lang='lat' dir='ltr'><strong><em>sicut</em></strong></span> 
     </span>
    </p>
   </div>
   <div class='ocr_carea' id='block_1_75' title="bbox 204 4359 1796 4432">
    <p class='ocr_par' dir='ltr' id='par_1_75' title="bbox 204 4359 1796 4432">
     <span class='ocr_line' id='line_1_75' title="bbox 204 4359 1796 4432; baseline 0.003 -17"><span class='ocrx_word' id='word_1_583' title='bbox 204 4359 366 4415; x_wconf 85' lang='lat' dir='ltr'><strong><em>etilli</em></strong></span> <span class='ocrx_word' id='word_1_584' title='bbox 416 4361 509 4432; x_wconf 89' lang='lat' dir='ltr'><strong><em>qui</em></strong></span> <span class='ocrx_word' id='word_1_585' title='bbox 553 4362 944 4432; x_wconf 71' lang='lat' dir='ltr'><strong><em>pmcedentes,</em></strong></span> <span class='ocrx_word' id='word_1_586' title='bbox 997 4371 1054 4418; x_wconf 88' lang='lat' dir='ltr'><strong><em>et</em></strong></span> <span class='ocrx_word' id='word_1_587' title='bbox 1078 4372 1390 4432; x_wconf 87' lang='lat' dir='ltr'><strong><em>sequentes,</em></strong></span> <span class='ocrx_word' id='word_1_588' title='bbox 1440 4363 1670 4419; x_wconf 89' lang='lat' dir='ltr'><strong><em>Domino</em></strong></span> <span class='ocrx_word' id='word_1_589' title='bbox 1717 4365 1796 4420; x_wconf 86' lang='lat' dir='ltr'><strong><em>in-</em></strong></span> 
     </span>
    </p>
   </div>
   <div class='ocr_carea' id='block_1_76' title="bbox 203 4449 1271 4508">
    <p class='ocr_par' dir='ltr' id='par_1_76' title="bbox 203 4449 1271 4508">
     <span class='ocr_line' id='line_1_76' title="bbox 203 4449 1271 4508; baseline 0.002 -4"><span class='ocrx_word' id='word_1_590' title='bbox 203 4450 374 4505; x_wconf 86' lang='lat' dir='ltr'><strong><em>tranti</em></strong></span> <span class='ocrx_word' id='word_1_591' title='bbox 407 4449 746 4507; x_wconf 84' lang='lat' dir='ltr'><strong><em>Hierusalem</em></strong></span> <span class='ocrx_word' id='word_1_592' title='bbox 773 4452 1012 4508; x_wconf 88' lang='lat' dir='ltr'><strong><em>clamant</em></strong></span> <span class='ocrx_word' id='word_1_593' title='bbox 1036 4452 1271 4508; x_wconf 90' lang='lat' dir='ltr'><strong><em>Osanna.</em></strong></span> 
     </span>
    </p>
   </div>
   <div class='ocr_carea' id='block_1_77' title="bbox 1907 3272 3490 3344">
    <p class='ocr_par' dir='ltr' id='par_1_77' title="bbox 1907 3272 3490 3344">
     <span class='ocr_line' id='line_1_77' title="bbox 1907 3272 3490 3344; baseline 0.003 -14"><span class='ocrx_word' id='word_1_594' title='bbox 1907 3276 2186 3330; x_wconf 90' lang='lat' dir='ltr'><strong><em>hominum</em></strong></span> <span class='ocrx_word' id='word_1_595' title='bbox 2210 3273 2373 3329; x_wconf 87' lang='lat' dir='ltr'><strong><em>homo</em></strong></span> <span class='ocrx_word' id='word_1_596' title='bbox 2390 3273 2642 3330; x_wconf 89' lang='lat' dir='ltr'><strong><em>Christus</em></strong></span> <span class='ocrx_word' id='word_1_597' title='bbox 2663 3272 2823 3330; x_wconf 90' lang='lat' dir='ltr'><strong><em>Iesus</em></strong></span> <span class='ocrx_word' id='word_1_598' title='bbox 2842 3283 3125 3344; x_wconf 81' lang='lat' dir='ltr'><strong><em>sequester</em></strong></span> <span class='ocrx_word' id='word_1_599' title='bbox 3144 3287 3230 3332; x_wconf 89' lang='lat' dir='ltr'><strong><em>est</em></strong></span> <span class='ocrx_word' id='word_1_600' title='bbox 3249 3278 3443 3335; x_wconf 87' lang='lat' dir='ltr'><strong><em>dictus.</em></strong></span> <span class='ocrx_word' id='word_1_601' title='bbox 3469 3301 3490 3334; x_wconf 75' lang='grc' dir='ltr'><strong>ι</strong></span> 
     </span>
    </p>
   </div>
   <div class='ocr_carea' id='block_1_78' title="bbox 1904 3365 3498 3437">
    <p class='ocr_par' dir='ltr' id='par_1_78' title="bbox 1904 3365 3498 3437">
     <span class='ocr_line' id='line_1_78' title="bbox 1904 3365 3498 3437; baseline 0.006 -18"><span class='ocrx_word' id='word_1_602' title='bbox 1904 3365 2212 3436; x_wconf 85' lang='lat' dir='ltr'><strong><em>Antequam</em></strong></span> <span class='ocrx_word' id='word_1_603' title='bbox 2238 3381 2368 3422; x_wconf 87' lang='lat' dir='ltr'><strong><em>vero</em></strong></span> <span class='ocrx_word' id='word_1_604' title='bbox 2395 3367 2677 3422; x_wconf 91' lang='lat' dir='ltr'><strong><em>hominum</em></strong></span> <span class='ocrx_word' id='word_1_605' title='bbox 2708 3370 2905 3437; x_wconf 80' lang='lat' dir='ltr'><strong><em>cbrpus</em></strong></span> <span class='ocrx_word' id='word_1_606' title='bbox 2926 3379 3253 3435; x_wconf 84' lang='lat' dir='ltr'><strong><em>assumeret,</em></strong></span> <span class='ocrx_word' id='word_1_607' title='bbox 3277 3379 3331 3426; x_wconf 88' lang='lat' dir='ltr'><strong><em>et</em></strong></span> <span class='ocrx_word' id='word_1_608' title='bbox 3351 3381 3498 3429; x_wconf 87' lang='lat' dir='ltr'><strong><em>esset</em></strong></span> 
     </span>
    </p>
   </div>
   <div class='ocr_carea' id='block_1_79' title="bbox 1905 3456 3496 3532">
    <p class='ocr_par' dir='ltr' id='par_1_79' title="bbox 1905 3456 3496 3532">
     <span class='ocr_line' id='line_1_79' title="bbox 1905 3456 3496 3532; baseline 0.005 -21"><span class='ocrx_word' id='word_1_609' title='bbox 1905 3458 2049 3526; x_wconf 89' lang='lat' dir='ltr'><strong><em>apud</em></strong></span> <span class='ocrx_word' id='word_1_610' title='bbox 2072 3456 2290 3513; x_wconf 88' lang='lat' dir='ltr'><strong><em>Patrem</em></strong></span> <span class='ocrx_word' id='word_1_611' title='bbox 2315 3464 2371 3513; x_wconf 91' lang='lat' dir='ltr'><strong><em>et</em></strong></span> <span class='ocrx_word' id='word_1_612' title='bbox 2404 3473 2596 3513; x_wconf 90' lang='lat' dir='ltr'><strong><em>omnes</em></strong></span> <span class='ocrx_word' id='word_1_613' title='bbox 2624 3466 2842 3514; x_wconf 90' lang='lat' dir='ltr'><strong><em>sanctos</em></strong></span> <span class='ocrx_word' id='word_1_614' title='bbox 2876 3473 3014 3529; x_wconf 91' lang='lat' dir='ltr'><strong><em>quos</em></strong></span> <span class='ocrx_word' id='word_1_615' title='bbox 3041 3458 3317 3532; x_wconf 81' lang='lat' dir='ltr'><strong><em>Scriptura</em></strong></span> <span class='ocrx_word' id='word_1_616' title='bbox 3342 3478 3496 3519; x_wconf 88' lang='lat' dir='ltr'><strong><em>com-</em></strong></span> 
     </span>
    </p>
   </div>
   <div class='ocr_carea' id='block_1_80' title="bbox 1904 3547 3489 3622">
    <p class='ocr_par' dir='ltr' id='par_1_80' title="bbox 1904 3547 3489 3622">
     <span class='ocr_line' id='line_1_80' title="bbox 1904 3547 3489 3622; baseline 0.005 -21"><span class='ocrx_word' id='word_1_617' title='bbox 1904 3555 2193 3613; x_wconf 90' lang='lat' dir='ltr'><strong><em>memorat,</em></strong></span> <span class='ocrx_word' id='word_1_618' title='bbox 2230 3548 2348 3603; x_wconf 89' lang='lat' dir='ltr'><strong><em>sine</em></strong></span> <span class='ocrx_word' id='word_1_619' title='bbox 2373 3547 2744 3604; x_wconf 88' lang='lat' dir='ltr'><strong><em>additamento</em></strong></span> <span class='ocrx_word' id='word_1_620' title='bbox 2764 3549 3002 3605; x_wconf 90' lang='lat' dir='ltr'><strong><em>hominis</em></strong></span> <span class='ocrx_word' id='word_1_621' title='bbox 3021 3590 3037 3616; x_wconf 92' lang='lat'><strong><em>,</em></strong></span> <span class='ocrx_word' id='word_1_622' title='bbox 3068 3566 3229 3622; x_wconf 91' lang='lat' dir='ltr'><strong><em>quem</em></strong></span> <span class='ocrx_word' id='word_1_623' title='bbox 3259 3554 3489 3608; x_wconf 85' lang='lat' dir='ltr'><strong><em>necdum</em></strong></span> 
     </span>
    </p>
   </div>
   <div class='ocr_carea' id='block_1_81' title="bbox 1905 3637 3488 3712">
    <p class='ocr_par' dir='ltr' id='par_1_81' title="bbox 1905 3637 3488 3712">
     <span class='ocr_line' id='line_1_81' title="bbox 1905 3637 3488 3712; baseline 0.003 -20"><span class='ocrx_word' id='word_1_624' title='bbox 1905 3644 2275 3707; x_wconf 88' lang='lat' dir='ltr'><strong><em>assumpserat</em></strong></span> <span class='ocrx_word' id='word_1_625' title='bbox 2299 3677 2316 3704; x_wconf 96' lang='lat'><strong><em>,</em></strong></span> <span class='ocrx_word' id='word_1_626' title='bbox 2367 3637 2636 3693; x_wconf 88' lang='lat' dir='ltr'><strong><em>mediator</em></strong></span> <span class='ocrx_word' id='word_1_627' title='bbox 2689 3639 3065 3696; x_wconf 88' lang='lat' dir='ltr'><strong><em>tantummodo</em></strong></span> <span class='ocrx_word' id='word_1_628' title='bbox 3123 3652 3488 3712; x_wconf 83' lang='lat' dir='ltr'><strong><em>nuncupatur.</em></strong></span> 
     </span>
    </p>
   </div>
   <div class='ocr_carea' id='block_1_82' title="bbox 1903 3730 3494 3801">
    <p class='ocr_par' dir='ltr' id='par_1_82' title="bbox 1903 3730 3494 3801">
     <span class='ocr_line' id='line_1_82' title="bbox 1903 3730 3494 3801; baseline 0.003 -17"><span class='ocrx_word' id='word_1_629' title='bbox 1903 3731 2024 3800; x_wconf 77' lang='lat' dir='ltr'><strong><em>lpSe</em></strong></span> <span class='ocrx_word' id='word_1_630' title='bbox 2046 3731 2243 3801; x_wconf 89' lang='lat' dir='ltr'><strong><em>quippe</em></strong></span> <span class='ocrx_word' id='word_1_631' title='bbox 2269 3731 2510 3800; x_wconf 87' lang='lat' dir='ltr'><strong><em>pretioso</em></strong></span> <span class='ocrx_word' id='word_1_632' title='bbox 2535 3730 2797 3801; x_wconf 88' lang='lat' dir='ltr'><strong><em>sanguine</em></strong></span> <span class='ocrx_word' id='word_1_633' title='bbox 2825 3745 2924 3786; x_wconf 89' lang='lat' dir='ltr'><strong><em>suo</em></strong></span> <span class='ocrx_word' id='word_1_634' title='bbox 2949 3739 3005 3786; x_wconf 90' lang='lat' dir='ltr'><strong><em>et</em></strong></span> <span class='ocrx_word' id='word_1_635' title='bbox 3035 3746 3135 3787; x_wconf 92' lang='lat' dir='ltr'><strong><em>nos</em></strong></span> <span class='ocrx_word' id='word_1_636' title='bbox 3156 3740 3210 3787; x_wconf 92' lang='lat' dir='ltr'><strong><em>et</em></strong></span> <span class='ocrx_word' id='word_1_637' title='bbox 3231 3732 3494 3800; x_wconf 17' lang='lat' dir='ltr'><strong><em>illos,‘pa-</em></strong></span> 
     </span>
    </p>
   </div>
   <div class='ocr_carea' id='block_1_83' title="bbox 1904 3819 3493 3895">
    <p class='ocr_par' dir='ltr' id='par_1_83' title="bbox 1904 3819 3493 3895">
     <span class='ocr_line' id='line_1_83' title="bbox 1904 3819 3493 3895; baseline 0.004 -22"><span class='ocrx_word' id='word_1_638' title='bbox 1904 3819 2175 3875; x_wconf 88' lang='lat' dir='ltr'><strong><em>triarchas</em></strong></span> <span class='ocrx_word' id='word_1_639' title='bbox 2210 3819 2417 3875; x_wconf 87' lang='lat' dir='ltr'><strong><em>scilicet</em></strong></span> <span class='ocrx_word' id='word_1_640' title='bbox 2450 3827 2505 3875; x_wconf 91' lang='lat' dir='ltr'><strong><em>et</em></strong></span> <span class='ocrx_word' id='word_1_641' title='bbox 2533 3819 2828 3889; x_wconf 83' lang='lat' dir='ltr'><strong><em>prophetas</em></strong></span> <span class='ocrx_word' id='word_1_642' title='bbox 2853 3859 2869 3886; x_wconf 89' lang='lat'><strong><em>,</em></strong></span> <span class='ocrx_word' id='word_1_643' title='bbox 2915 3820 2983 3875; x_wconf 91' lang='lat' dir='ltr'><strong><em>de</em></strong></span> <span class='ocrx_word' id='word_1_644' title='bbox 3019 3819 3318 3876; x_wconf 87' lang='lat' dir='ltr'><strong><em>maledicto</em></strong></span> <span class='ocrx_word' id='word_1_645' title='bbox 3359 3821 3493 3895; x_wconf 84' lang='lat' dir='ltr'><strong><em>legis</em></strong></span> 
     </span>
    </p>
   </div>
   <div class='ocr_carea' id='block_1_84' title="bbox 1904 3908 3489 3979">
    <p class='ocr_par' dir='ltr' id='par_1_84' title="bbox 1904 3908 3489 3979">
     <span class='ocr_line' id='line_1_84' title="bbox 1904 3908 3489 3979; baseline 0.003 -13"><span class='ocrx_word' id='word_1_646' title='bbox 1904 3910 2152 3968; x_wconf 83' lang='lat' dir='ltr'><strong><em>redemit.</em></strong></span> <span class='ocrx_word' id='word_1_647' title='bbox 2179 3909 2378 3967; x_wconf 86' lang='lat' dir='ltr'><strong><em>Omnes</em></strong></span> <span class='ocrx_word' id='word_1_648' title='bbox 2403 3911 2546 3967; x_wconf 90' lang='lat' dir='ltr'><strong><em>enim</em></strong></span> <span class='ocrx_word' id='word_1_649' title='bbox 2576 3925 2641 3965; x_wconf 89' lang='lat' dir='ltr'><strong><em>ex</em></strong></span> <span class='ocrx_word' id='word_1_650' title='bbox 2672 3910 2777 3967; x_wconf 82' lang='lat' dir='ltr'><strong><em>fide</em></strong></span> <span class='ocrx_word' id='word_1_651' title='bbox 2807 3909 3010 3966; x_wconf 89' lang='lat' dir='ltr'><strong><em>Christi</em></strong></span> <span class='ocrx_word' id='word_1_652' title='bbox 3029 3908 3314 3979; x_wconf 78' lang='lat' dir='ltr'><strong><em>iustiﬁcati</em></strong></span> <span class='ocrx_word' id='word_1_653' title='bbox 3337 3923 3489 3971; x_wconf 88' lang='lat' dir='ltr'><strong><em>sunt.</em></strong></span> 
     </span>
    </p>
   </div>
   <div class='ocr_carea' id='block_1_85' title="bbox 1905 4007 3493 4079">
    <p class='ocr_par' dir='ltr' id='par_1_85' title="bbox 1905 4007 3493 4079">
     <span class='ocr_line' id='line_1_85' title="bbox 1905 4007 3493 4079; baseline 0.001 -16"><span class='ocrx_word' id='word_1_654' title='bbox 1905 4007 2194 4078; x_wconf 90' lang='lat' dir='ltr'><strong><em>Siquidem.</em></strong></span> <span class='ocrx_word' id='word_1_655' title='bbox 2223 4008 2497 4064; x_wconf 80' lang='lat' dir='ltr'><strong><em>Abraham</em></strong></span> <span class='ocrx_word' id='word_1_656' title='bbox 2535 4008 2670 4065; x_wconf 89' lang='lat' dir='ltr'><strong><em>vidit</em></strong></span> <span class='ocrx_word' id='word_1_657' title='bbox 2711 4009 2854 4066; x_wconf 90' lang='lat' dir='ltr'><strong><em>diem</em></strong></span> <span class='ocrx_word' id='word_1_658' title='bbox 2888 4009 3128 4079; x_wconf 89' lang='lat' dir='ltr'><strong><em>Christi,</em></strong></span> <span class='ocrx_word' id='word_1_659' title='bbox 3178 4021 3234 4068; x_wconf 91' lang='lat' dir='ltr'><strong><em>et</em></strong></span> <span class='ocrx_word' id='word_1_660' title='bbox 3278 4010 3493 4068; x_wconf 68' lang='lat' dir='ltr'><strong><em>lanatos</em></strong></span> 
     </span>
    </p>
   </div>
   <div class='ocr_carea' id='block_1_86' title="bbox 1904 4097 3493 4170">
    <p class='ocr_par' dir='ltr' id='par_1_86' title="bbox 1904 4097 3493 4170">
     <span class='ocr_line' id='line_1_86' title="bbox 1904 4097 3493 4170; baseline 0.001 -17"><span class='ocrx_word' id='word_1_661' title='bbox 1904 4106 2028 4164; x_wconf 89' lang='lat' dir='ltr'><strong><em>est;</em></strong></span> <span class='ocrx_word' id='word_1_662' title='bbox 2068 4106 2125 4154; x_wconf 91' lang='lat' dir='ltr'><strong><em>et</em></strong></span> <span class='ocrx_word' id='word_1_663' title='bbox 2159 4098 2372 4170; x_wconf 79' lang='lat' dir='ltr'><strong><em>Moyses</em></strong></span> <span class='ocrx_word' id='word_1_664' title='bbox 2396 4097 2632 4169; x_wconf 86' lang='lat' dir='ltr'><strong><em>majores</em></strong></span> <span class='ocrx_word' id='word_1_665' title='bbox 2662 4099 2883 4156; x_wconf 86' lang='lat' dir='ltr'><strong><em>divitias</em></strong></span> <span class='ocrx_word' id='word_1_666' title='bbox 2918 4101 3210 4156; x_wconf 60' lang='lat' dir='ltr'><strong><em>aestimavit</em></strong></span> <span class='ocrx_word' id='word_1_667' title='bbox 3233 4099 3493 4157; x_wconf 82' lang='lat' dir='ltr'><strong><em>thesauro</em></strong></span> 
     </span>
    </p>
   </div>
   <div class='ocr_carea' id='block_1_87' title="bbox 1905 4189 3492 4264">
    <p class='ocr_par' dir='ltr' id='par_1_87' title="bbox 1905 4189 3492 4264">
     <span class='ocr_line' id='line_1_87' title="bbox 1905 4189 3492 4264; baseline 0.001 -20"><span class='ocrx_word' id='word_1_668' title='bbox 1905 4189 2304 4262; x_wconf 64' lang='lat' dir='ltr'><strong><em>Egyptiorum,</em></strong></span> <span class='ocrx_word' id='word_1_669' title='bbox 2343 4190 2732 4261; x_wconf 88' lang='lat' dir='ltr'><strong><em>improperium</em></strong></span> <span class='ocrx_word' id='word_1_670' title='bbox 2754 4189 2976 4248; x_wconf 88' lang='lat' dir='ltr'><strong><em>Christi.</em></strong></span> <span class='ocrx_word' id='word_1_671' title='bbox 3000 4189 3312 4264; x_wconf 80' lang='lat' dir='ltr'><strong><em>Aspiciehat</em></strong></span> <span class='ocrx_word' id='word_1_672' title='bbox 3344 4189 3492 4247; x_wconf 87' lang='lat' dir='ltr'><strong><em>enim</em></strong></span> 
     </span>
    </p>
   </div>
   <div class='ocr_carea' id='block_1_88' title="bbox 1908 4282 2507 4339">
    <p class='ocr_par' dir='ltr' id='par_1_88' title="bbox 1908 4282 2507 4339">
     <span class='ocr_line' id='line_1_88' title="bbox 1908 4282 2507 4339; baseline 0.002 -1"><span class='ocrx_word' id='word_1_673' title='bbox 1908 4285 1959 4338; x_wconf 92' lang='lat' dir='ltr'><strong><em>in</em></strong></span> <span class='ocrx_word' id='word_1_674' title='bbox 1986 4282 2507 4339; x_wconf 83' lang='lat' dir='ltr'><strong><em>remunerationem.</em></strong></span> 
     </span>
    </p>
   </div>
   <div class='ocr_carea' id='block_1_89' title="bbox 1563 4546 2112 4607">
    <p class='ocr_par' dir='ltr' id='par_1_89' title="bbox 1563 4546 2112 4607">
     <span class='ocr_line' id='line_1_89' title="bbox 1563 4546 2112 4607; baseline 0.004 -7"><span class='ocrx_word' id='word_1_675' title='bbox 1563 4546 1839 4606; x_wconf 84' lang='lat' dir='ltr'><strong><em>BALUZII</em></strong></span> <span class='ocrx_word' id='word_1_676' title='bbox 1878 4546 2112 4607; x_wconf 71' lang='lat' dir='ltr'><strong><em>NOTAE.</em></strong></span> 
     </span>
    </p>
   </div>
   <div class='ocr_carea' id='block_1_90' title="bbox 279 4631 2866 4710">
    <p class='ocr_par' dir='ltr' id='par_1_90' title="bbox 279 4631 2866 4710">
     <span class='ocr_line' id='line_1_90' title="bbox 279 4631 2866 4710; baseline 0.003 -23"><span class='ocrx_word' id='word_1_677' title='bbox 279 4631 476 4710; x_wconf 63' lang='lat' dir='ltr'><strong><em>f__1_\&#39;on</em></strong></span> <span class='ocrx_word' id='word_1_678' title='bbox 505 4633 628 4710; x_wconf 69' lang='lat' dir='ltr'><strong><em>estis</em></strong></span> <span class='ocrx_word' id='word_1_679' title='bbox 661 4631 979 4710; x_wconf 77' lang='lat' dir='ltr'><strong><em>Christiani.</em></strong></span> <span class='ocrx_word' id='word_1_680' title='bbox 1010 4638 1127 4710; x_wconf 86' lang='lat' dir='ltr'><strong><em>__Hic</em></strong></span> <span class='ocrx_word' id='word_1_681' title='bbox 1152 4636 1514 4710; x_wconf 59' lang='lat' dir='ltr'><strong><em>Fredegisum</em></strong></span> <span class='ocrx_word' id='word_1_682' title='bbox 1559 4639 1797 4710; x_wconf 75' lang='lat' dir='ltr'><strong><em>graviter</em></strong></span> <span class='ocrx_word' id='word_1_683' title='bbox 1821 4651 1874 4709; x_wconf 86' lang='grc' dir='ltr'><strong><em>Ῑ)</em></strong></span> <span class='ocrx_word' id='word_1_684' title='bbox 1899 4655 2039 4710; x_wconf 84' lang='lat' dir='ltr'><strong><em>quos</em></strong></span> <span class='ocrx_word' id='word_1_685' title='bbox 2066 4639 2251 4695; x_wconf 88' lang='lat' dir='ltr'><strong><em>laudat</em></strong></span> <span class='ocrx_word' id='word_1_686' title='bbox 2271 4637 2538 4695; x_wconf 87' lang='lat' dir='ltr'><strong><em>Baronius</em></strong></span> <span class='ocrx_word' id='word_1_687' title='bbox 2559 4638 2612 4710; x_wconf 85' lang='lat' dir='ltr'><strong><em>in</em></strong></span> <span class='ocrx_word' id='word_1_688' title='bbox 2637 4637 2794 4696; x_wconf 88' lang='lat' dir='ltr'><strong><em>initio</em></strong></span> <span class='ocrx_word' id='word_1_689' title='bbox 2820 4639 2866 4694; x_wconf 82' lang='grc' dir='ltr'><strong>Δ</strong></span> 
     </span>
    </p>
   </div>
   <div class='ocr_carea' id='block_1_91' title="bbox 201 4701 1794 4777">
    <p class='ocr_par' dir='ltr' id='par_1_91' title="bbox 201 4701 1794 4777">
     <span class='ocr_line' id='line_1_91' title="bbox 201 4701 1794 4777; baseline 0.003 -18"><span class='ocrx_word' id='word_1_690' title='bbox 201 4701 407 4777; x_wconf 58' lang='grc' dir='ltr'><strong><em>εεΐθιιίι</em></strong></span> <span class='ocrx_word' id='word_1_691' title='bbox 435 4702 754 4777; x_wconf 75' lang='lat' dir='ltr'><strong><em>Agebardus</em></strong></span> <span class='ocrx_word' id='word_1_692' title='bbox 773 4746 789 4770; x_wconf 95' lang='lat'><strong><em>,</em></strong></span> <span class='ocrx_word' id='word_1_693' title='bbox 815 4707 958 4777; x_wconf 80' lang='lat' dir='ltr'><strong><em>quod</em></strong></span> <span class='ocrx_word' id='word_1_694' title='bbox 990 4707 1191 4762; x_wconf 79' lang='lat' dir='ltr'><strong><em>dixerit</em></strong></span> <span class='ocrx_word' id='word_1_695' title='bbox 1212 4701 1794 4777; x_wconf 59' lang='lat' dir='ltr'><strong><em>patriarchas&#39;Veteris</em></strong></span> 
     </span>
    </p>
   </div>
   <div class='ocr_carea' id='block_1_92' title="bbox 201 4773 1796 4842">
    <p class='ocr_par' dir='ltr' id='par_1_92' title="bbox 201 4773 1796 4842">
     <span class='ocr_line' id='line_1_92' title="bbox 201 4773 1796 4842; baseline 0.003 -13"><span class='ocrx_word' id='word_1_696' title='bbox 201 4773 543 4842; x_wconf 75' lang='lat' dir='ltr'><strong><em>Testameuti</em></strong></span> <span class='ocrx_word' id='word_1_697' title='bbox 573 4789 685 4829; x_wconf 92' lang='lat' dir='ltr'><strong><em>non</em></strong></span> <span class='ocrx_word' id='word_1_698' title='bbox 715 4773 882 4831; x_wconf 76' lang='lat' dir='ltr'><strong><em>fuisse</em></strong></span> <span class='ocrx_word' id='word_1_699' title='bbox 907 4773 1269 4832; x_wconf 73' lang='lat' dir='ltr'><strong><em>Christianos.</em></strong></span> <span class='ocrx_word' id='word_1_700' title='bbox 1300 4777 1369 4831; x_wconf 89' lang='lat' dir='ltr'><strong><em>Et</em></strong></span> <span class='ocrx_word' id='word_1_701' title='bbox 1401 4787 1796 4834; x_wconf 87' lang='lat' dir='ltr'><strong><em>consentaueos</em></strong></span> 
     </span>
    </p>
   </div>
   <div class='ocr_carea' id='block_1_93' title="bbox 200 4843 1793 4917">
    <p class='ocr_par' dir='ltr' id='par_1_93' title="bbox 200 4843 1793 4917">
     <span class='ocr_line' id='line_1_93' title="bbox 200 4843 1793 4917; baseline 0.002 -17"><span class='ocrx_word' id='word_1_702' title='bbox 200 4843 700 4915; x_wconf 82' lang='lat' dir='ltr'><strong><em>habetAgobardus</em></strong></span> <span class='ocrx_word' id='word_1_703' title='bbox 721 4843 989 4900; x_wconf 89' lang='lat' dir='ltr'><strong><em>Iustinum</em></strong></span> <span class='ocrx_word' id='word_1_704' title='bbox 1018 4855 1315 4917; x_wconf 89' lang='lat' dir='ltr'><strong><em>martyrem</em></strong></span> <span class='ocrx_word' id='word_1_705' title='bbox 1337 4855 1391 4902; x_wconf 90' lang='lat' dir='ltr'><strong><em>et</em></strong></span> <span class='ocrx_word' id='word_1_706' title='bbox 1411 4847 1793 4917; x_wconf 86' lang='lat' dir='ltr'><strong><em>Augustinum,</em></strong></span> 
     </span>
    </p>
   </div>
   <div class='ocr_carea' id='block_1_94' title="bbox 208 4989 631 5009">
    <p class='ocr_par' dir='ltr' id='par_1_94' title="bbox 208 4989 631 5009">
     <span class='ocr_line' id='line_1_94' title="bbox 208 4989 631 5009; baseline 0.009 -5"><span class='ocrx_word' id='word_1_707' title='bbox 208 4989 631 5009; x_wconf 56' lang='lat'><strong><em>_—-—‘</em></strong></span> 
     </span>
    </p>
   </div>
   <div class='ocr_carea' id='block_1_95' title="bbox 1902 4638 3488 4852">
    <p class='ocr_par' dir='ltr' id='par_1_95' title="bbox 1902 4638 3488 4852">
     <span class='ocr_line' id='line_1_95' title="bbox 1902 4638 3488 4766; baseline 0.002 -70"><span class='ocrx_word' id='word_1_708' title='bbox 1902 4655 2039 4710; x_wconf 86' lang='lat' dir='ltr'><strong><em>quos</em></strong></span> <span class='ocrx_word' id='word_1_709' title='bbox 2066 4639 2251 4695; x_wconf 88' lang='lat' dir='ltr'><strong><em>laudat</em></strong></span> <span class='ocrx_word' id='word_1_710' title='bbox 2271 4638 2538 4695; x_wconf 88' lang='lat' dir='ltr'><strong><em>Baronius</em></strong></span> <span class='ocrx_word' id='word_1_711' title='bbox 2559 4638 2612 4694; x_wconf 90' lang='lat' dir='ltr'><strong><em>in</em></strong></span> <span class='ocrx_word' id='word_1_712' title='bbox 2637 4638 2794 4696; x_wconf 89' lang='lat' dir='ltr'><strong><em>initio</em></strong></span> <span class='ocrx_word' id='word_1_713' title='bbox 2820 4639 3130 4766; x_wconf 53' lang='lat' dir='ltr'><strong><em>Apparatus</em></strong></span> <span class='ocrx_word' id='word_1_714' title='bbox 3160 4638 3488 4705; x_wconf 78' lang='lat' dir='ltr'><strong><em>adAnnales</em></strong></span> 
     </span>
     <span class='ocr_line' id='line_1_96' title="bbox 1902 4707 3487 4852; baseline 0.002 -87"><span class='ocrx_word' id='word_1_715' title='bbox 1902 4709 2334 4852; x_wconf 49' lang='lat' dir='ltr'><strong><em>Egerisastioos.</em></strong></span> <span class='ocrx_word' id='word_1_716' title='bbox 2390 4709 2524 4765; x_wconf 83' lang='lat' dir='ltr'><strong><em>Vide</em></strong></span> <span class='ocrx_word' id='word_1_717' title='bbox 2575 4709 2773 4766; x_wconf 87' lang='lat' dir='ltr'><strong><em>librum</em></strong></span> <span class='ocrx_word' id='word_1_718' title='bbox 2834 4725 2866 4765; x_wconf 88' lang='lat' dir='ltr'><strong><em>a</em></strong></span> <span class='ocrx_word' id='word_1_719' title='bbox 2906 4725 3095 4767; x_wconf 88' lang='lat' dir='ltr'><strong><em>versus</em></strong></span> <span class='ocrx_word' id='word_1_720' title='bbox 3152 4707 3487 4769; x_wconf 77' lang='lat' dir='ltr'><strong><em>Amalarium</em></strong></span> 
     </span>
    </p>
   </div>
   <div class='ocr_carea' id='block_1_96' title="bbox 1905 4797 2144 4836">
    <p class='ocr_par' dir='ltr' id='par_1_96' title="bbox 1905 4797 2144 4836">
     <span class='ocr_line' id='line_1_97' title="bbox 1905 4797 2144 4836; baseline -0.004 0"><span class='ocrx_word' id='word_1_721' title='bbox 1905 4797 2024 4836; x_wconf 86' lang='lat' dir='ltr'><strong><em>can.</em></strong></span> <span class='ocrx_word' id='word_1_722' title='bbox 2058 4797 2144 4836; x_wconf 73' lang='lat' dir='ltr'><strong><em>ID.</em></strong></span> 
     </span>
    </p>
   </div>
   <div class='ocr_carea' id='block_1_97' title="bbox 912 5093 2694 5176">
    <p class='ocr_par' dir='ltr' id='par_1_97' title="bbox 912 5093 2694 5176">
     <span class='ocr_line' id='line_1_98' title="bbox 912 5093 2694 5176; baseline 0.002 -4"><span class='ocrx_word' id='word_1_723' title='bbox 912 5093 1420 5172; x_wconf 78' lang='lat' dir='ltr'><strong><em>El’lSTOLA</em></strong></span> <span class='ocrx_word' id='word_1_724' title='bbox 1477 5099 1608 5175; x_wconf 84' lang='lat' dir='ltr'><strong><em>AD</em></strong></span> <span class='ocrx_word' id='word_1_725' title='bbox 1687 5097 2194 5176; x_wconf 81' lang='lat' dir='ltr'><strong><em>PBOCEBES</em></strong></span> <span class='ocrx_word' id='word_1_726' title='bbox 2272 5097 2694 5175; x_wconf 74' lang='lat' dir='ltr'><strong><em>PALATII</em></strong></span> 
     </span>
    </p>
   </div>
   <div class='ocr_carea' id='block_1_98' title="bbox 552 5274 3140 5343">
    <p class='ocr_par' dir='ltr' id='par_1_98' title="bbox 552 5274 3140 5343">
     <span class='ocr_line' id='line_1_99' title="bbox 552 5274 3140 5343; baseline -0.001 -5"><span class='ocrx_word' id='word_1_727' title='bbox 552 5274 829 5339; x_wconf 80' lang='lat' dir='ltr'><strong><em>CONTRA</em></strong></span> <span class='ocrx_word' id='word_1_728' title='bbox 869 5284 1316 5343; x_wconf 71' lang='lat' dir='ltr'><strong><em>PRASCEPTUM</em></strong></span> <span class='ocrx_word' id='word_1_729' title='bbox 1357 5285 1605 5341; x_wconf 77' lang='lat' dir='ltr'><strong><em>lMPIUM</em></strong></span> <span class='ocrx_word' id='word_1_730' title='bbox 1643 5282 1736 5340; x_wconf 84' lang='lat' dir='ltr'><strong><em>DE</em></strong></span> <span class='ocrx_word' id='word_1_731' title='bbox 1766 5281 2116 5340; x_wconf 77' lang='lat' dir='ltr'><strong><em>BAPTISMO</em></strong></span> <span class='ocrx_word' id='word_1_732' title='bbox 2151 5281 2594 5340; x_wconf 79' lang='lat' dir='ltr'><strong><em>IUDAICOBUM</em></strong></span> <span class='ocrx_word' id='word_1_733' title='bbox 2638 5277 3140 5339; x_wconf 71' lang='lat' dir='ltr'><strong><em>MANCIPIORUM.</em></strong></span> 
     </span>
    </p>
   </div>
   <div class='ocr_carea' id='block_1_99' title="bbox 268 5509 1799 5578">
    <p class='ocr_par' dir='ltr' id='par_1_99' title="bbox 268 5509 1799 5578">
     <span class='ocr_line' id='line_1_100' title="bbox 268 5509 1799 5578; baseline 0 -12"><span class='ocrx_word' id='word_1_734' title='bbox 268 5509 514 5566; x_wconf 85' lang='lat' dir='ltr'><strong><em>Dominis</em></strong></span> <span class='ocrx_word' id='word_1_735' title='bbox 541 5518 597 5565; x_wconf 90' lang='lat' dir='ltr'><strong><em>et</em></strong></span> <span class='ocrx_word' id='word_1_736' title='bbox 625 5509 1008 5578; x_wconf 75' lang='lat' dir='ltr'><strong><em>sanctissimis,</em></strong></span> <span class='ocrx_word' id='word_1_737' title='bbox 1038 5512 1388 5576; x_wconf 86' lang='lat' dir='ltr'><strong><em>beatissimis,</em></strong></span> <span class='ocrx_word' id='word_1_738' title='bbox 1418 5513 1550 5569; x_wconf 88' lang='lat' dir='ltr'><strong><em>viris</em></strong></span> <span class='ocrx_word' id='word_1_739' title='bbox 1578 5512 1799 5568; x_wconf 86' lang='lat' dir='ltr'><strong><em>illustri-</em></strong></span> 
     </span>
    </p>
   </div>
   <div class='ocr_carea' id='block_1_100' title="bbox 1906 5509 3482 5583">
    <p class='ocr_par' dir='ltr' id='par_1_100' title="bbox 1906 5509 3482 5583">
     <span class='ocr_line' id='line_1_101' title="bbox 1906 5509 3482 5583; baseline 0.004 -17"><span class='ocrx_word' id='word_1_740' title='bbox 1906 5513 2008 5566; x_wconf 87' lang='lat' dir='ltr'><strong><em>bus</em></strong></span> <span class='ocrx_word' id='word_1_741' title='bbox 2035 5523 2086 5575; x_wconf 75' lang='grc' dir='ltr'><strong><em>ι,</em></strong></span> <span class='ocrx_word' id='word_1_742' title='bbox 2115 5509 2366 5566; x_wconf 79' lang='lat' dir='ltr'><strong><em>Hiiduino</em></strong></span> <span class='ocrx_word' id='word_1_743' title='bbox 2395 5511 2534 5564; x_wconf 89' lang='lat' dir='ltr'><strong><em>sacri</em></strong></span> <span class='ocrx_word' id='word_1_744' title='bbox 2573 5511 2754 5567; x_wconf 86' lang='lat' dir='ltr'><strong><em>nalatii</em></strong></span> <span class='ocrx_word' id='word_1_745' title='bbox 2783 5511 3010 5566; x_wconf 87' lang='lat' dir='ltr'><strong><em>antistiti</em></strong></span> <span class='ocrx_word' id='word_1_746' title='bbox 3057 5509 3206 5583; x_wconf 77' lang='lat' dir='ltr'><strong><em>[Al.,</em></strong></span> <span class='ocrx_word' id='word_1_747' title='bbox 3237 5515 3482 5573; x_wconf 86' lang='lat' dir='ltr'><strong><em>archica-</em></strong></span> 
     </span>
    </p>
   </div>
   <div class='ocr_carea' id='block_1_101' title="bbox 1548 5602 2093 5662">
    <p class='ocr_par' dir='ltr' id='par_1_101' title="bbox 1548 5602 2093 5662">
     <span class='ocr_line' id='line_1_102' title="bbox 1548 5602 2093 5662; baseline -0.006 -3"><span class='ocrx_word' id='word_1_748' title='bbox 1548 5604 1822 5662; x_wconf 78' lang='lat' dir='ltr'><strong><em>BALUZII</em></strong></span> <span class='ocrx_word' id='word_1_749' title='bbox 1861 5602 2093 5660; x_wconf 68' lang='grc' dir='ltr'><strong><em>ΝΟΤᾸΞ.</em></strong></span> 
     </span>
    </p>
   </div>
   <div class='ocr_carea' id='block_1_102' title="bbox 268 5694 1789 5766">
    <p class='ocr_par' dir='ltr' id='par_1_102' title="bbox 268 5694 1789 5766">
     <span class='ocr_line' id='line_1_103' title="bbox 268 5694 1789 5766; baseline -0.001 -17"><span class='ocrx_word' id='word_1_750' title='bbox 268 5707 292 5766; x_wconf 59' lang='grc'><strong>9</strong></span> <span class='ocrx_word' id='word_1_751' title='bbox 329 5695 590 5751; x_wconf 79' lang='lat' dir='ltr'><strong><em>Hilduino</em></strong></span> <span class='ocrx_word' id='word_1_752' title='bbox 624 5697 762 5750; x_wconf 81' lang='lat' dir='ltr'><strong><em>sacri</em></strong></span> <span class='ocrx_word' id='word_1_753' title='bbox 802 5697 987 5766; x_wconf 85' lang='lat' dir='ltr'><strong><em>palatii</em></strong></span> <span class='ocrx_word' id='word_1_754' title='bbox 1023 5696 1266 5761; x_wconf 85' lang='lat' dir='ltr'><strong><em>antistiti,</em></strong></span> <span class='ocrx_word' id='word_1_755' title='bbox 1305 5694 1356 5751; x_wconf 91' lang='lat' dir='ltr'><strong><em>id</em></strong></span> <span class='ocrx_word' id='word_1_756' title='bbox 1402 5703 1504 5760; x_wconf 87' lang='lat' dir='ltr'><strong><em>est,</em></strong></span> <span class='ocrx_word' id='word_1_757' title='bbox 1544 5695 1789 5766; x_wconf 80' lang='lat' dir='ltr'><strong><em>archica-</em></strong></span> 
     </span>
    </p>
   </div>
   <div class='ocr_carea' id='block_1_103' title="bbox 195 5763 1792 5839">
    <p class='ocr_par' dir='ltr' id='par_1_103' title="bbox 195 5763 1792 5839">
     <span class='ocr_line' id='line_1_104' title="bbox 195 5763 1792 5839; baseline -0.002 -19"><span class='ocrx_word' id='word_1_758' title='bbox 195 5764 427 5839; x_wconf 83' lang='lat' dir='ltr'><strong><em>pcllano,</em></strong></span> <span class='ocrx_word' id='word_1_759' title='bbox 461 5768 547 5823; x_wconf 82' lang='lat' dir='ltr'><strong><em>vel</em></strong></span> <span class='ocrx_word' id='word_1_760' title='bbox 579 5763 1120 5836; x_wconf 45' lang='lat' dir='ltr'><strong><em>summo&#39;capellano,</em></strong></span> <span class='ocrx_word' id='word_1_761' title='bbox 1151 5779 1258 5836; x_wconf 88' lang='lat' dir='ltr'><strong><em>quo</em></strong></span> <span class='ocrx_word' id='word_1_762' title='bbox 1289 5768 1448 5823; x_wconf 88' lang='lat' dir='ltr'><strong><em>modo</em></strong></span> <span class='ocrx_word' id='word_1_763' title='bbox 1482 5773 1711 5821; x_wconf 86' lang='lat' dir='ltr'><strong><em>vocatur</em></strong></span> <span class='ocrx_word' id='word_1_764' title='bbox 1738 5763 1792 5818; x_wconf 90' lang='lat' dir='ltr'><strong><em>in</em></strong></span> 
     </span>
    </p>
   </div>
   <div class='ocr_carea' id='block_1_104' title="bbox 1894 5690 3484 5766">
    <p class='ocr_par' dir='ltr' id='par_1_104' title="bbox 1894 5690 3484 5766">
     <span class='ocr_line' id='line_1_105' title="bbox 1894 5690 3484 5766; baseline 0.002 -18"><span class='ocrx_word' id='word_1_765' title='bbox 1894 5701 2164 5766; x_wconf 63' lang='lat' dir='ltr'><strong><em>pracepto</em></strong></span> <span class='ocrx_word' id='word_1_766' title='bbox 2184 5691 2454 5766; x_wconf 66' lang='lat' dir='ltr'><strong><em>Ludovici</em></strong></span> <span class='ocrx_word' id='word_1_767' title='bbox 2484 5692 2566 5746; x_wconf 89' lang='lat' dir='ltr'><strong><em>Pii</em></strong></span> <span class='ocrx_word' id='word_1_768' title='bbox 2596 5705 2694 5766; x_wconf 81' lang='lat' dir='ltr'><strong><em>pro</em></strong></span> <span class='ocrx_word' id='word_1_769' title='bbox 2729 5690 3046 5766; x_wconf 70' lang='lat' dir='ltr'><strong><em>liildebaldo</em></strong></span> <span class='ocrx_word' id='word_1_770' title='bbox 3087 5697 3338 5766; x_wconf 81' lang='lat' dir='ltr'><strong><em>episcOpo</em></strong></span> <span class='ocrx_word' id='word_1_771' title='bbox 3374 5696 3484 5752; x_wconf 78' lang='lat' dir='ltr'><strong><em>Ma-</em></strong></span> 
     </span>
    </p>
   </div>
   <div class='ocr_carea' id='block_1_105' title="bbox 1904 5761 3477 5832">
    <p class='ocr_par' dir='ltr' id='par_1_105' title="bbox 1904 5761 3477 5832">
     <span class='ocr_line' id='line_1_106' title="bbox 1904 5761 3477 5832; baseline 0.003 -15"><span class='ocrx_word' id='word_1_772' title='bbox 1904 5761 2221 5832; x_wconf 76' lang='lat' dir='ltr'><strong><em>tisconensi,</em></strong></span> <span class='ocrx_word' id='word_1_773' title='bbox 2261 5763 2400 5832; x_wconf 86' lang='lat' dir='ltr'><strong><em>quod</em></strong></span> <span class='ocrx_word' id='word_1_774' title='bbox 2438 5769 2617 5817; x_wconf 86' lang='lat' dir='ltr'><strong><em>exstat</em></strong></span> <span class='ocrx_word' id='word_1_775' title='bbox 2656 5761 2709 5816; x_wconf 90' lang='lat' dir='ltr'><strong><em>in</em></strong></span> <span class='ocrx_word' id='word_1_776' title='bbox 2753 5763 3077 5822; x_wconf 86' lang='lat' dir='ltr'><strong><em>bibliotheca</em></strong></span> <span class='ocrx_word' id='word_1_777' title='bbox 3108 5761 3477 5824; x_wconf 79' lang='lat' dir='ltr'><strong><em>Cluniacensi.</em></strong></span> 
     </span>
    </p>
   </div>
  </div>
