3918 6320
437 262 541 318 Πδ

1410 266 1466 323 S.
1511 266 1862 327 AGOBARDI
1900 270 2207 327 EPISCOPI
2246 272 2731 334 LUGDUNENSIS

3638 287 3733 340 176

429 375 703 449 pellano],
742 383 797 432 et
824 386 849 416 ⁸·
872 375 1053 432 Walae
1118 378 1324 445 abbati,
1391 378 1713 452 Agohardus
1763 384 2031 440 servulus.
2062 398 2114 455 Α
2140 386 2409 457 praecipue
2440 388 2493 442 in
2525 391 2840 459 apostolicis
2869 392 3066 449 litteris
3090 399 3234 453 omni
3266 398 3388 455 luce
3421 399 3625 458 clarius
3647 404 3736 458 de

503 466 729 525 Noverit
759 470 1122 525 mansuetudo
1150 476 1337 525 vestra
1374 473 1799 541 prudentissima
1834 475 2039 531 ideirco

431 572 520 613 me
550 559 617 613 ad
644 567 939 629 utrumque
965 560 1381 631 pmsumpsisse
1420 578 1543 633 quae
1576 574 1880 635 sequuntur
1904 567 2039 622 scri-

424 651 583 717 bere,
613 653 871 722 quoniam
901 653 1111 723 absque
1142 653 1399 726 ambiguo
1426 670 1524 712 vos
1565 658 1691 712 novi
1734 659 2038 729 prmeipuos

428 754 484 800 et
507 760 646 817 pene
673 744 817 801 solus
839 746 900 800 in
930 745 1018 800 via
1048 745 1144 802 Dei
1180 758 1305 804 esse
1329 746 1608 817 adjutores
1633 751 1661 790 ι)
1687 750 2038 807 Christianis-

429 837 554 891 simi
578 837 947 907 imperatoris,
973 845 1030 893 et
1046 844 1337 908 propterea
1366 839 1419 893 in
1444 838 1648 909 palatio
1670 854 1794 895 esse
1822 852 1843 879 ε
1867 857 2037 896 unum

427 944 664 999 semper,
695 937 751 985 et
781 929 807 969 ά
839 930 1071 985 alterum
1105 930 1441 1002 frequenter,
1471 940 1533 987 ut
1560 934 1613 988 in
1639 934 1897 1003 operibus
1924 935 2040 1005 pie-

429 1024 560 1079 tatis
584 1039 705 1095 qua:
728 1025 933 1095 absque
954 1025 1101 1080 omni
1125 1037 1315 1082 errore
1342 1028 1657 1098 quaerenda,
1687 1028 2035 1095 invenienda,

428 1114 661 1170 tenenda
690 1124 849 1180 sunt,
896 1130 995 1171 vos
1038 1116 1115 1170 illi
1145 1104 1585 1188 prudentissimis
1625 1120 1821 1175 vestris
1846 1136 2039 1192 sugge-

430 1210 699 1265 stionibus
712 1211 837 1266 sitis
850 1212 1235 1286 exliortatores
1250 1224 1328 1277 et,
1348 1214 1551 1279 utdixi,
1572 1213 1865 1283 adjutores.
1889 1215 2038 1271 Scri—

429 1300 513 1370 psi
561 1300 865 1355 sinceritati
896 1308 1096 1356 vestrae
1131 1300 1373 1370 singulos
1402 1303 1601 1358 breves
1629 1304 1932 1370 indiculos,
1962 1305 2036 1359 si-

428 1390 697 1461 gniﬁcans
732 1391 888 1446 vobis
935 1392 1231 1461 quamdam
1262 1391 1523 1447 feminam
1550 1409 1617 1449 ex
1650 1393 1931 1451 Judaismo
1968 1396 2037 1451 ad

425 1480 910 1535 Christianismum
961 1481 1133 1551 gratia
1184 1480 1389 1537 Christi
1442 1484 1800 1551 translatam,
1846 1502 2038 1557 graves

429 1573 843 1642 persecutiones
869 1573 1142 1628 sustinere
1168 1581 1394 1643 propter
1418 1574 1578 1629 ﬁdem
1606 1590 1768 1645 quam
1797 1579 2039 1648 suscepit

427 1663 658 1727 Christi,
689 1678 827 1733 quas
862 1678 961 1733 per
994 1662 1166 1733 ipsius
1192 1662 1408 1719 femina:
1446 1665 1780 1721 breviculum
1812 1670 2040 1737 potestis

2140 485 2495 532 monstratur.
2535 479 2791 551 Legimus
2829 498 3066 553 namque
3116 486 3170 541 in
3216 487 3323 544 line
3373 490 3629 561 Epistolas
3670 494 3735 548 ad

2137 564 2509 635 Philippenses
2535 567 2630 638 (tv,
2659 569 2751 641 22)
2784 572 2854 625 ita
2884 590 2895 624 :
2932 570 3179 629 Salutant
3219 594 3305 632 vos
3335 595 3516 634 omnes
3545 583 3736 645 sancti,

2138 656 2365 710 maxime
2394 666 2569 711 autem
2601 659 2690 729 qui
2714 660 2779 714 de
2810 659 3037 717 Ctesaris
3069 664 3223 720 domo
3252 678 3391 722 sunt.
3425 668 3599 735 Quem
3631 672 3738 725 im—

2134 748 2442 817 piissimum
2466 749 2737 805 Neronem
2768 752 2933 809 fuisse
2962 766 3124 810 nemo
3154 758 3278 828 quis
3312 759 3557 825 dubitet;
3585 760 3745 829 cujus

2134 841 2465 897 domesticos
2510 853 2566 897 et
2602 844 2883 901 ministros
2927 846 3063 901 auia:
3108 849 3268 920 regia:
3306 850 3488 928 nullus
3512 854 3741 925 ambigit

2135 932 2521 1001 praedicatione
2539 935 2833 1003 apostolica
2860 952 3172 1003 conversos,
3192 955 3467 1010 nunquam
3484 942 3741 1012 baptismi

2138 1023 2312 1092 gratia
2340 1023 2670 1079 sanctiﬁcari
2701 1028 2964 1096 potuisse,
2993 1028 3038 1083 si
3070 1027 3187 1097 ejus
3223 1046 3387 1099 super
3416 1033 3519 1087 hac
3552 1048 3614 1088 re
3640 1050 3739 1089 vo-

2138 1113 2322 1170 luntas
2341 1123 2432 1169 aut
2453 1116 2741 1185 permissio
2764 1126 3207 1188 exspectaretur;
3232 1121 3322 1189 qui
3349 1124 3591 1179 maximo
3617 1140 3740 1194 per-

2139 1203 2434 1257 secutionis
2460 1210 2690 1268 terrore,
2710 1220 2815 1259 non
2844 1206 3015 1261 solum
3040 1208 3367 1275 incredulos,
3392 1226 3459 1265 ne
3484 1213 3553 1265 ad
3577 1212 3739 1267 ﬁdem

2138 1295 2408 1360 venirent,
2440 1295 2772 1361 deterrebat,
2803 1297 2899 1352 sed
2939 1298 3101 1352 etiam
3128 1300 3414 1356 credentes
3444 1316 3473 1354 a
3506 1300 3615 1357 [ide
3652 1302 3742 1357 de-

2133 1384 2303 1455 jicere
2338 1386 2640 1440 insistebat.
2677 1386 2829 1442 Unde
2859 1396 2913 1442 et
2947 1389 3091 1458 ipsos
3122 1389 3290 1445 duces
3330 1406 3395 1446 ac
3442 1393 3743 1462 magistros

2140 1480 2264 1535 ﬁdei
2293 1479 2633 1545 Christiana},
2669 1496 2897 1551 quorum
2922 1484 3165 1539 doctrina
3190 1494 3360 1541 totum
3390 1503 3527 1558 pene
3549 1490 3741 1544 orbem

2141 1579 2329 1625 contra
2377 1587 2473 1626 sua
2515 1572 2650 1626 scita
2681 1573 2897 1629 videbat
2932 1573 3131 1630 Christi
3180 1575 3303 1631 ﬁdei
3353 1579 3738 1650 subjugatum,

2140 1662 2432 1717 novissima
2476 1662 2677 1719 furoris
2727 1665 2809 1719 sui
2851 1666 3140 1721 atrocitate
3189 1668 3500 1723 trucidavit.
3529 1670 3591 1724 ln
3624 1673 3740 1740 epi-

428 1769 799 1824 eognoscere:
846 1755 899 1809 in
930 1770 1038 1825 qua
1064 1770 1125 1809 re
1150 1762 1261 1808 tam
1287 1754 1560 1811 excellens
1582 1755 1924 1828 eieemosyna
1947 1773 2041 1814 vo—
2068 1755 2117 1814 B
2145 1753 2280 1807 stola
2303 1768 2516 1822 quoque
2546 1754 2615 1807 ad
2644 1753 3010 1819 Timotheum,
3031 1763 3316 1825 postquam
3351 1773 3449 1827 pro
3484 1759 3741 1814 omnibus

432 1845 517 1899 bis
546 1853 749 1911 manet,
783 1854 844 1900 ut
870 1846 937 1901 de
965 1845 1113 1899 nulla
1150 1844 1257 1899 alia
1284 1846 1458 1915 possit
1486 1862 1609 1903 esse
1648 1848 1841 1919 major.
1883 1848 2039 1905 Nunc

431 1945 617 1991 autem
660 1952 887 1992 causam
934 1935 1098 2006 hujus
1124 1937 1555 2006 persecutionis,
1604 1954 1726 2009 quae
1767 1946 1823 1993 et
1868 1937 2039 1995 fomes

433 2028 589 2098 impii
633 2028 843 2083 erroris
879 2042 1003 2083 esse
1026 2035 1234 2097 potest,
1276 2042 1363 2083 me
1390 2028 1546 2084 vobis
1576 2028 1918 2098 significante
1946 2044 2038 2084 co-

433 2134 698 2190 gnoscere
752 2117 1077 2190 dignamini.
1134 2117 1417 2185 Quoddam
1472 2126 1808 2190 prteceptum
1868 2117 2038 2175 Judaei

431 2211 846 2277 circumferunt,
865 2211 1009 2282 quod
1034 2211 1137 2265 sibi
1162 2211 1348 2267 datum
1371 2211 1440 2267 ab
1462 2212 1790 2283 imperatore
1810 2212 2041 2284 glorian-

433 2314 559 2369 tur,
610 2305 664 2359 in
697 2318 805 2373 quo
850 2303 1162 2358 continetur
1213 2314 1237 2342 ο
1286 2311 1347 2357 ιιι
1394 2304 1724 2374 mancipium
1753 2302 2039 2360 Iudaicum

427 2396 637 2466 absque
664 2394 944 2450 voluntate
971 2393 1175 2449 domini
1206 2393 1289 2448 sui
1318 2409 1479 2449 nemo
1521 2396 1783 2465 baptizet.
1816 2394 1971 2462 Quod
2006 2409 2039 2449 a

430 2486 592 2541 nobis
615 2486 841 2541 omnino
862 2500 972 2541 non
998 2483 1265 2549 creditur,
1288 2493 1349 2538 ut
1374 2500 1405 2539 a
1427 2482 1565 2540 facie
1589 2484 2040 2540 Christianissimi

428 2586 489 2631 et
533 2576 767 2647 piissimi
811 2575 1157 2646 imperatoris
1188 2582 1299 2629 tam
1336 2575 1612 2630 contraria
1656 2575 2039 2631 ecclesiasticae

433 2668 636 2739 regulae
664 2668 736 2723 sit
756 2681 979 2739 egressa
1008 2667 1299 2721 sententia.
1332 2665 1496 2722 Novit
1523 2667 1667 2721 duim
1697 2668 1901 2737 optime
1928 2668 2039 2722 Deo

434 2758 687 2814 amabilis
715 2758 1005 2831 prudentia
1034 2766 1239 2823 vestra,
1266 2759 1538 2829 quomodo
1562 2759 1630 2813 ab
1655 2759 1809 2814 initio
1836 2759 2040 2815 sanctis

435 2854 699 2924 apostolis
728 2867 891 2922 super
927 2851 1029 2906 hac
1078 2866 1137 2907 re
1181 2852 1251 2906 ab
1294 2851 1409 2922 ipsa
1445 2852 1681 2906 Veritate
1710 2861 2040 2921 prmccptum

433 2948 525 3012 sit,
557 2946 756 3017 quibus
785 2947 992 3015 absque
1018 2943 1126 2998 ulla
1164 2943 1495 2999 discretione
1518 2959 1894 3013 personarum,
1920 2943 2041 2998 abs—

433 3057 540 3111 que
566 3040 674 3094 ulia
702 3040 1024 3107 exceptione
1050 3036 1444 3101 conditionum,
1478 3035 1807 3105 generaliter
1833 3034 2038 3090 dictum

2140 1845 2451 1900 hominibus
2481 1846 2629 1900 orari
2654 1854 2709 1901 et
2734 1847 3138 1903 obsecrationes
3170 1847 3287 1904 fieri
3317 1852 3579 1921 przecepit
3604 1854 3742 1923 Apo-

2140 1937 2329 2002 stolus,
2361 1937 2428 1992 ad
2455 1928 2758 1993 extremum
2786 1939 2968 1995 intulit
2993 1958 3004 1992 :
3045 1938 3163 1994 Hoc
3190 1942 3330 1994 enim
3360 1941 3553 1995 bonum
3589 1953 3667 1998 est
3697 1955 3743 1998 et

2138 2039 2407 2098 acceptum
2435 2046 2615 2083 coram
2641 2028 2913 2094 Saluatore
2952 2041 3127 2086 nostro
3159 2032 3293 2099 Deo,
3321 2036 3411 2104 qui
3439 2051 3626 2090 omnes
3651 2036 3745 2091 Ito-

2137 2120 2305 2174 mines
2334 2119 2439 2175 vult
2467 2120 2639 2176 salvos
2662 2121 2799 2191 ﬁeri,
2832 2134 2879 2176 et
2914 2123 2984 2176 ad
3012 2124 3357 2195 cognitionem
3388 2126 3631 2181 veritatis
3657 2143 3741 2181 vc-

2142 2210 2273 2266 nire.
2305 2209 2454 2266 Unus
2482 2214 2620 2268 enim
2647 2213 2810 2280 Deus,
2842 2232 2980 2270 unus
3008 2226 3054 2271 et
3080 2217 3342 2270 mediator
3369 2216 3470 2271 Dei
3495 2228 3545 2273 et
3577 2219 3746 2273 Itami-

2142 2317 2268 2359 num
2296 2302 2452 2357 homo
2489 2300 2731 2359 Christus
2757 2305 2913 2360 Iesus
2935 2346 2950 2371 ,
2993 2306 3083 2376 qui
3120 2306 3264 2360 dedit
3294 2308 3637 2377 semetipsum
3669 2324 3746 2363 re-

2141 2390 2491 2463 demptionem
2519 2412 2615 2465 pro
2643 2396 2902 2451 omnibus.
2938 2398 3003 2451 Et
3029 2397 3095 2452 ad
3122 2398 3321 2463 Titum,
3346 2390 3641 2469 pestquam
3663 2414 3746 2455 se-

2142 2499 2257 2548 nes,
2291 2492 2347 2539 et
2373 2500 2530 2552 anus,
2560 2488 3010 2554 adolescentuias,
3034 2488 3297 2558 juvenes,
3350 2504 3571 2557 servos,
3614 2505 3747 2546 eon-

2144 2575 2297 2644 gruis
2341 2577 2628 2646 prmceptis
2681 2578 3029 2634 instruendus
3080 2593 3201 2634 esse
3248 2568 3598 2646 monstravit,
3648 2581 3747 2637 hoc

2142 2669 2303 2722 modo
2330 2668 2596 2723 conclusit
2625 2687 2636 2721 :
2680 2671 2936 2740 Apparuit
2961 2672 3097 2725 enim
3125 2672 3299 2739 gratia
3326 2670 3424 2725 Dei
3452 2670 3750 2727 Saluatoris

2144 2760 2309 2812 nostri
2337 2760 2576 2815 omnibus
2602 2761 2921 2826 hominibus,
2971 2763 3217 2817 erudiens
3248 2780 3371 2828 nos,
3420 2772 3477 2819 et
3524 2771 3746 2819 extera.

2146 2848 2203 2903 Si
2240 2865 2391 2919 ergo,
2423 2860 2481 2905 ut
2507 2852 2624 2906 istis
2650 2852 2913 2923 exemplis
2944 2852 3389 2909 manifestissime
3420 2856 3749 2925 comproba-

2149 2950 2259 3007 tur,
2290 2943 2539 2997 voiuntas
2568 2943 2666 2997 Dei
2711 2943 3009 2999 Saivatoris
3043 2945 3213 2998 nostri
3242 2952 3325 2999 est
3352 2960 3546 3000 omnes
3575 2946 3752 3000 homi-

2148 3052 2245 3091 nes
2270 3036 2447 3091 salvos
2480 3038 2615 3102 ﬁeri,
2647 3046 2702 3091 et
2732 3038 2799 3091 ad
2823 3038 3151 3107 agnitionem
3181 3038 3427 3092 veritatis
3455 3039 3668 3103 venire,
3696 3047 3755 3093 et

433 3140 558 3188 est:
602 3129 803 3185 Euntes
845 3129 1025 3183 docete
1057 3143 1237 3181 omnes
1275 3134 1485 3197 gentes,
1522 3126 1845 3196 baptisantes
1875 3142 1961 3179 eos
1988 3128 2043 3179 in
2071 3114 2114 3176 C
2146 3142 2244 3197 per
2281 3143 2448 3181 unum
2484 3128 2841 3182 mediatorem
2873 3128 2968 3181 Dei
2999 3138 3053 3182 et
3093 3127 3405 3192 hominum,
3460 3128 3556 3197 qui
3605 3127 3755 3183 dedit

440 3226 654 3280 nomine
683 3220 865 3276 Patris
895 3231 943 3275 et
980 3218 1109 3274 Filii
1134 3228 1184 3273 et
1220 3217 1450 3289 Spiritus
1481 3219 1670 3272 sancti.
1702 3218 1769 3271 Et
1806 3218 2000 3271 iterum
2026 3234 2038 3269 :

437 3316 638 3370 liuntes
666 3315 723 3367 in
749 3312 1004 3368 mundum
1029 3313 1353 3373 universum,
1384 3308 1667 3379 pradicate
1696 3306 2041 3375 Evangelium

435 3405 578 3459 omni
620 3412 899 3457 creatum.
941 3400 1047 3465 Qui
1086 3398 1401 3463 crediderit,
1431 3406 1478 3450 et
1508 3396 1808 3465 baptizatus
1849 3395 2039 3464 fuerit,

436 3499 612 3553 salvus
640 3498 758 3551 erit.
811 3494 966 3562 Quod
994 3504 1049 3548 et
1078 3494 1153 3548 illi
1186 3501 1240 3548 et
1276 3506 1467 3547 omnes
1497 3491 1755 3560 deinceps
1785 3490 2043 3545 ecclesia-

434 3588 561 3643 stici
607 3594 850 3641 rectores
877 3583 1029 3640 omni
1062 3582 1168 3637 ﬁde
1214 3590 1271 3636 et
1309 3580 1616 3636 constantia
1661 3580 2038 3645 observantes,

435 3698 546 3736 non
596 3679 771 3735 solum
822 3693 1009 3734 servos
1058 3676 1428 3747 quorumlibet
1478 3676 1801 3741 hominum,
1849 3691 2041 3730 verum

437 3776 602 3829 etiam
632 3771 887 3842 conjuges
912 3780 967 3825 et
996 3770 1212 3826 soboles
1240 3770 1629 3838 imperatorum
1659 3776 1713 3823 et
1733 3768 2036 3834 consulum,

438 3874 492 3919 et
520 3863 867 3937 praedicando
891 3862 957 3915 ad
982 3860 1142 3915 ﬁdem
1172 3867 1513 3923 convertere,
1536 3867 1591 3914 et
1610 3874 1902 3914 conversos
1925 3860 2042 3913 nul-

442 3958 543 4013 lius
568 3962 878 4027 exspectata
903 3954 1121 4009 licentia
1151 3952 1432 4021 baptizare
1452 3952 1675 4006 minime
1697 3951 2036 4006 dubitarunt.

440 4048 595 4113 Quod
623 4064 747 4105 eum
780 4047 832 4101 in
870 4046 1099 4100 aliorum
1131 4045 1298 4115 gestis
1321 4042 1480 4098 facile
1508 4043 1577 4097 sit
1616 4057 2037 4115 recognoscere,

2146 3224 2492 3291 semetipsum
2516 3223 2938 3290 redemptionem
2960 3236 3057 3291 pro
3076 3220 3350 3285 omnibus,
3369 3221 3748 3285 reconciliari;

2144 3315 2190 3370 si
2218 3313 2375 3383 hujus
2403 3315 2574 3385 gratia
2610 3314 3064 3369 reconciliationis
3084 3321 3139 3366 et
3166 3313 3354 3367 salutis
3382 3314 3645 3369 omnibus
3666 3313 3747 3368 in-

2146 3406 2457 3461 differenter
2496 3407 2699 3472 iunxit,
2731 3406 2853 3475 quis
2885 3413 3053 3461 tanta:
3098 3405 3325 3459 bonitati
3365 3405 3460 3461 Dei
3492 3404 3750 3474 irjuriain

2146 3497 2329 3552 facere
2371 3506 2692 3567 praesuta-at,
2739 3498 2988 3567 ponendo
3024 3496 3194 3568 legem
3227 3498 3567 3552 miserationi
3597 3499 3749 3566 ejus,

2147 3597 2202 3642 et
2231 3590 2298 3643 ad
2328 3589 2613 3643 arbitrium
2640 3590 2927 3658 impiorum
2956 3604 3075 3643 eam
3102 3588 3516 3657 implorantibus
3551 3588 3753 3658 imper-

2149 3679 2383 3734 tiendam
2414 3680 2811 3741 constituendo,
2853 3694 3082 3747 quorum
3110 3680 3547 3748 pertinaciSsima
3578 3679 3751 3747 perii—

2148 3770 2235 3835 dja
2280 3785 2388 3823 non
2438 3769 2611 3824 solum
2660 3769 2932 3824 neminem
2982 3784 3203 3824 suorum
3234 3770 3300 3821 ad
3332 3768 3753 3825 fidem-Christi

2146 3862 2411 3929 permittit
2459 3862 2733 3923 accedere,
2770 3860 2865 3914 sed
2909 3860 3072 3914 etiam
3113 3860 3398 3914 credentes
3440 3858 3661 3929 publice
3698 3870 3752 3913 et

2148 3953 2355 4007 occulte
2378 3952 2757 4020 biasplieinare
2776 3962 2829 4005 et
2852 3950 3109 4003 detestari
3136 3964 3241 4003 non
3264 3951 3478 4003 cessat?
3503 3948 3751 4019 Denique

2147 4050 2201 4096 et
2241 4042 2328 4110 pie
2371 4040 2845 4096 considerantibus
2889 4040 3235 4111 perspicuum
3284 4048 3369 4094 est
3417 4044 3563 4108 quod
3606 4056 3751 4095 unus

1802 4152 2073 4209 BALUZII
2110 4152 2342 4209 ΝΟΤΑἘ.

443 4254 727 4308 llabcbant
750 4254 895 4306 enim
919 4248 1191 4319 principes
1217 4249 1389 4301 nostri
1418 4247 1471 4300 in
1504 4246 1707 4319 palatio
1734 4262 1834 4319 suo
1857 4261 2043 4319 quern-

444 4327 587 4395 piam
624 4316 979 4395 ecclesiastici
1008 4316 1214 4395 ordinis
1244 4319 1454 4395 virum,
1474 4318 1566 4395 qui
1597 4316 1807 4395 caeteris
1829 4316 2043 4395 praemi:

450 4384 635 4457 iteret,
677 4394 879 4447 dictum
925 4390 995 4443 ob
1034 4391 1138 4443 hoc
1184 4389 1325 4442 sacri
1363 4384 1552 4457 palatii
1596 4384 1914 4449 antistitem;
1958 4385 2042 4457 vel

444 4466 583 4517 sacri
622 4456 808 4533 palatii
834 4460 1332 4533 archiepiscopum,
1359 4456 1723 4533 siepiscopus
1756 4466 1919 4510 esset.
1950 4456 2043 4533 Sic

446 4527 795 4587 llildehaldus
816 4527 1621 4595 Coloniensis'arehiepisc0pus
1650 4536 1878 4581 vocatur
1905 4527 2043 4579 sacri

443 4604 629 4683 palatii
652 4602 1072 4683 archiepiscopus
1087 4596 1735 4683 inyrmfationeconcilii
1762 4596 2043 4683 apudltio-

445 4666 685 4742 guntiam
724 4666 890 4726 habiti
916 4666 1060 4742 anno
1087 4666 1190 4725 815
1220 4668 1455 4742 :_is_ipse
1486 4666 2015 4742 niniirum__llildt-hal

446 4734 739 4816 ilusquem
782 4744 838 4816 in
886 4740 1089 4816 palatio
1131 4755 1229 4793 suo
1252 4734 1453 4816 habere
1482 4744 1601 4803 post
1630 4734 2043 4816 Angilramnum

445 4806 613 4882 cupiii
639 4812 866 4867 Carolus
889 4806 1138 4882 Magnus,
1169 4818 1229 4882 ut
1258 4815 1416 4882 patet
1439 4820 1503 4859 ex
1538 4820 1748 4882 canone
1770 4806 1839 4882 5.6
1866 4806 2045 4882 conci—

446 4885 501 4938 lii
518 4876 1045 4939 Francofordiensi's.
1069 4880 1384 4933 Antistitem
1407 4892 1536 4945 ergo
1559 4877 1699 4929 sacri
1728 4876 1910 4944 palatii
1939 4876 2045 4928 liii-

446 4955 668 5007 cluinum
692 4961 869 5017 vocat,
902 4950 1043 5021 quod
1071 4964 1319 5021 summus
1345 4944 1493 5021 esset
1529 4944 2043 5021 capellanus,_eam-

446 5025 675 5091 demque
704 5024 773 5077 ob
809 5017 1031 5076 causam
1071 5019 1251 5091 Lupus
1281 5017 1647 5091 Ferrariensis
1689 5017 1832 5091 hunc
1867 5018 2041 5085 ipsum

447 5084 759 5147 ilildtiinum
789 5094 839 5145 in
869 5091 1094 5159 epistola
1126 5084 1220 5141 ﬂii
1252 5095 1413 5141 vocat
1434 5084 1902 5139 ccclesiasticorum
1931 5103 2044 5138 ma-

445 5165 685 5230 gistrum
726 5161 859 5213 Nam
892 5162 1135 5219 abhatcs,
1170 5159 1213 5211 si
1246 5174 1427 5212 rerum
1452 5172 1731 5230 summam
1775 5165 2039 5230 tenerent,

446 5227 695 5301 lir'mlatm
726 5232 852 5284 olim
884 5233 1047 5283 luisse
1071 5229 1553 5301 episcopis,ctiam
1585 5227 1639 5278 in
1665 5228 1901 5301 synodis,
1928 5227 2042 5295 jam

447 5296 603 5357 antea
649 5305 1029 5355 ailoumvimus
1072 5296 1139 5354 ad
1186 5296 1475 5363 concilium
1519 5296 1813 5350 Veruense.
1858 5297 2042 5364 Neque

448 5377 499 5425 iii
534 5375 668 5425 adeo
699 5390 851 5425 vetas
879 5382 978 5431 est,
1006 5372 1135 5439 quin
1165 5378 1221 5423 et
1244 5370 1455 5437 Sugerii
1485 5383 1699 5436 quoque
1722 5382 1835 5422 {evo
1859 5369 1910 5420 in
1942 5385 2040 5421 usu

453 5443 611 5495 fuerit
634 5485 646 5504 ,
680 5452 908 5511 utpar-1
944 5458 1005 5495 ex
1041 5444 1159 5494 Vita
1190 5440 1306 5503 eius
1336 5455 1462 5511 cap.
1487 5440 1539 5489 ‘2.

520 5525 545 5553 ιι
585 5508 959 5566 ’τιάίιυάὑϋαιὶ
986 5511 1298 5565 Corbviensi
1334 5510 1384 5561 in
1416 5508 1637 5561 dicacesi
1667 5508 2037 5563 :‘imbiancnsi.

448 5582 526 5635 uti
560 5584 793 5636 diximus
818 5583 883 5634 a-tl
911 5582 1104 5635 librum
1128 5583 1193 5637 de
1218 5580 1491 5649 llaptismo
1516 5577 1861 5631 Judaicorum
1892 5596 2041 5632 man—

448 5669 732 5720 exploraui.

526 5725 548 5760 δ’
590 5723 1022 5776 Christianisslmi
1051 5724 1399 5793 imperatoris,
1432 5720 1684 5775 Ludovici
1726 5720 1831 5773 l'ii.

2068 4425 2121 4483 D

2224 4253 2247 4282 ο
2280 4240 2452 4296 Unum
2477 4258 2696 4310 semper,
2728 4241 2778 4295 id
2804 4247 2905 4303 est,
2933 4239 3266 4295 Hilduinum.
3297 4239 3430 4294 Nam
3461 4243 3621 4296 istum
3656 4258 3751 4298 ne-

2149 4328 2299 4368 cesse
2335 4322 2453 4367 erat
2489 4314 2723 4366 residere
2762 4312 2813 4366 in
2845 4310 3065 4380 palatio,
3098 4319 3322 4380 propter
3348 4328 3545 4367 causas
3572 4316 3751 4369 cccle-

2149 4384 2420 4439 siasticas.
2454 4385 2585 4438 Vide
2622 4398 2740 4448 qure
2772 4384 2837 4436 de
2876 4396 3102 4436 munere
3141 4381 3563 4451 archicapellani
3603 4385 3750 4440 dixi-

2150 4471 2269 4509 mus
2295 4456 2361 4508 ad
2389 4454 2594 4523 Lupum
2624 4452 3047 4507 Ferrariensem.

2217 4525 2243 4564 ἀ
2285 4524 2519 4577 Alterum
2552 4525 2868 4595 frequenter,
2913 4523 2967 4577 id
3000 4530 3112 4595 gest,
3152 4522 3402 4595 }Valam,
3437 4538 3547 4595 quo
3574 4523 3751 4593 pluri-

2147 4610 2294 4649 mum
2342 4595 2596 4649 utebatur
2647 4593 2951 4664 Ludovicus
2996 4593 3049 4664 in
3101 4593 3529 4664 administranda
3584 4608 3751 4664 repn-

2146 4666 2306 4788 iilicg,
2340 4674 2395 4717 ut
2420 4673 2569 4733 patet
2598 4680 2664 4720 ex
2688 4663 2983 4719 Paschasio
3012 4662 3288 4719 Radberto
3329 4664 3386 4717 in
3419 4662 3538 4717 Vita
3579 4662 3749 4718 Adal—

2166 4750 2245 4787 lal‘
2286 4751 2321 4787 I.

2166 4750 2321 4787 lardi.

2221 4816 2244 4843 ε
2284 4802 2351 4875 Ut
2385 4804 2707 4873 mancipium
2733 4803 3038 4857 Iudaicum.
3067 4802 3434 4875 Optimojure
3472 4806 3749 4859 excande-

2145 4876 2247 4929 scit
2277 4874 2592 4942 Agobardus
2619 4875 2879 4929 adversus
2909 4886 3239 4943 przeceptum
3267 4874 3416 4937 illud,
3446 4877 3590 4944 quod
3620 4884 3749 4929 erat

2144 4946 2477 4999 contrarium
2510 4946 2737 4999 vetustis
2760 4944 3057 5014 canonibus
3091 4952 3145 4997 et
3175 4944 3378 5014 legibus
3411 4946 3745 5014 principum.

2146 5016 2279 5069 Nam
2307 5017 2471 5069 etiam
2505 5015 2558 5069 in
2592 5023 2775 5069 nostra
2805 5013 2975 5067 Callia
3004 5013 3292 5068 concilium
3320 5014 3555 5083 primum
3590 5013 3751 5070 Mati-

2145 5100 2409 5141 sconense
2448 5086 2620 5139 servis
2663 5092 2982 5153 potestatem
3026 5083 3229 5155 fecerat
3269 5086 3599 5155 suscipiendi
3646 5087 3748 5139 ba-

2146 5158 2419 5229 ptismum,
2441 5156 2601 5209 etiam
2626 5155 2807 5209 invitis
2830 5155 3079 5229 dominis.
3098 5154 3581 5229 Etgconstantinus
3601 5156 3745 5226 Aug.

2144 5224 2211 5281 ad
2258 5227 2490 5280 Felicem
2539 5240 2734 5294 papam
2775 5226 3049 5289 scribens,
3087 5224 3286 5280 Judzeis
3332 5226 3385 5279 in
3428 5224 3747 5282 universum

2144 5298 2390 5367 permisit
2419 5296 2781 5351 Christianam
2810 5296 3123 5364 reiig‘ouem
3151 5295 3424 5367 amplecti,
3461 5297 3749 5365 vetuitque

2147 5365 2215 5422 ne
2248 5376 2467 5434 propter
2499 5368 2599 5420 hoc
2633 5367 2841 5419 facinus
2868 5368 3162 5435 quidquam
3193 5380 3219 5416 a
3245 5365 3444 5419 intimis
3474 5368 3752 5433 inquietu-

2144 5438 2285 5491 dinis
2322 5439 2401 5491 vel
2432 5438 2689 5490 llltiifniiili
2713 5438 2949 5505 patiatur
2978 5437 3023 5488 is
3054 5437 3141 5505 qui
3175 5436 3392 5489 Christo
3426 5453 3619 5489 nomen
3654 5438 3750 5491 de-

2146 5510 2304 5561 dvrit.
2362 5509 2543 5575 itaque
2593 5508 2871 5574 probabile
2917 5506 3202 5574 Aeobzsrilo
3248 5507 3420 5559 visum
3476 5523 3580 5559 non
3637 5522 3744 5571 (πεί,

2147 5590 2470 5645 μικιλιβιιςιιξιιιι
2499 5578 2623 5629 illud
2651 5595 2677 5630 a
2706 5576 2977 5630 Ludovico
3005 5580 3352 5644 imperatore,
3379 5579 3469 5645 Qui
3496 5578 3624 5629 Pius
3648 5592 3749 5643 per

2146 5649 2576 5700 antonomasiam
2610 5648 2785 5700 dictus
2824 5655 2937 5710 est,
2970 5648 3170 5699 editum
3200 5646 3386 5707 fuisse,
3420 5664 3526 5715 quo
3564 5649 3745 5700 niani—

2149 5720 2278 5772 festa
2314 5718 2633 5772 contumelia
2668 5718 3010 5786 irrogabatur
3036 5717 3238 5770 nomini
3262 5717 3596 5772 Christiano.
