3918 6352
194 436 299 491 177

1278 435 1493 492 EPIST.
1530 440 1624 496 AD
1662 424 2032 499 rnocens’s
2071 437 2363 493 unum].

3384 449 3484 504 ΓΒ

183 552 535 622 omnipotens
580 548 749 612 Deus,
798 563 1039 603 omnium
1086 548 1335 604 conditor
1369 557 1424 606 ct
1471 553 1785 611 moderator
1812 558 1864 616 Α
1888 560 2264 621 sequerentur.
2292 550 2477 605 Lassus
2505 563 2589 606 cst
2618 551 2897 606 Philemon
2931 568 2959 606 a
2993 569 3153 608 servo
3185 553 3441 615 Oucsimo
3465 602 3481 626 ,

184 632 537 711 iustissimus,
570 640 662 710 qui
693 639 932 710 primum
953 637 1230 693 hominem
1252 639 1320 694 de
1345 649 1505 697 terra;
1531 643 1660 700 limo
1678 645 1789 701 for.

187 734 394 799 mavit,
436 738 493 788 et
526 732 593 787 de
617 738 770 787 costa
798 730 916 801 ejus
960 729 1292 801 adjutorium
1318 731 1395 786 illi
1425 733 1655 790 similem
1683 738 1786 794 sibi

190 822 323 879 fecit
342 862 358 887 ,
388 823 591 893 quique
617 837 682 877 ex
712 822 793 875 eis
828 836 988 876 omne
1013 836 1182 891 genus
1212 821 1509 880 humanum
1537 828 1691 897 quasi
1719 844 1787 884 ex

188 927 301 967 uno
326 911 471 967 fonte
494 919 549 966 et
573 926 680 966 una
705 910 888 967 radice
908 912 1247 982 propagavit.
1272 928 1462 970 omnes
1480 918 1640 974 unius
1659 934 1788 975 cou-

190 1002 413 1058 ditionis
436 1002 648 1058 fecerit.
687 1002 756 1057 Et
785 1003 913 1059 licet
938 1005 1175 1072 peccatis
1204 1004 1566 1075 exigentibus,
1592 1005 1785 1076 justis-

192 1096 333 1151 simo
362 1104 418 1151 et
458 1097 828 1152 occultissimo
856 1098 974 1167 ejus
1011 1100 1249 1170 judicio,
1277 1101 1369 1156 alii
1415 1102 1648 1160 diversis
1690 1104 1789 1160 lio-

191 1183 417 1239 uoribus
450 1184 746 1251 sublimati,
779 1186 869 1241 alii
900 1187 1179 1243 servitutis
1202 1189 1335 1260 jugo
1362 1190 1605 1262 depressi
1630 1200 1786 1260 sunt,

192 1277 275 1335 ita
316 1288 499 1335 tamen
544 1294 573 1333 a
620 1280 793 1336 servis
840 1281 1121 1351 corporale
1165 1282 1528 1339 ministerium
1558 1285 1788 1343 dominis

191 1370 441 1426 exhiberi
465 1370 849 1437 :ordinaverit,
888 1379 949 1426 ut
984 1385 1010 1413 ι
1051 1373 1367 1429 interiorem
1412 1375 1685 1432 hominem
1720 1379 1788 1434 ad

193 1459 485 1533 imaginem
512 1477 666 1517 suam
700 1462 1001 1528 conditum,
1027 1463 1160 1518 nulli
1188 1464 1467 1521 hominum
1484 1507 1499 1533 ,
1528 1467 1661 1522 nulli
1687 1485 1787 1524 an-

193 1552 456 1625 gelorum,
494 1551 628 1608 nulli
656 1555 879 1609 omnino
906 1563 1194 1621 creatura,
1223 1558 1319 1613 sed
1350 1558 1450 1614 sibi
1476 1558 1576 1615 soli
1604 1559 1790 1617 volue-

197 1645 271 1699 rit
294 1660 415 1700 esse
439 1644 763 1716 subjectum.
795 1645 948 1703 Unde
971 1655 1027 1702 et
1050 1648 1105 1702 in
1128 1647 1248 1719 lege
1280 1665 1398 1717 sua,
1427 1651 1495 1707 de
1518 1652 1619 1707 hac
1644 1669 1789 1710 men-

195 1736 267 1790 tis
290 1738 571 1801 servitute,
617 1751 739 1806 quae
786 1737 861 1792 illi
906 1746 1116 1794 tantum
1162 1740 1424 1808 debetur,
1470 1745 1781 1801 mandavit:

192 1825 479 1882 Dominum
504 1828 680 1883 Deum
696 1839 851 1885 tuum
873 1831 1079 1887 tintebis
1097 1872 1113 1897 ,
1146 1841 1200 1888 et
1223 1834 1307 1889 illi
1345 1834 1452 1891 s‘oli
1473 1837 1687 1892 servies.
1720 1839 1789 1894 Et

1889 656 2050 711 quem
2074 641 2276 695 Paulus
2308 640 2584 710 apostolus
2613 640 2667 696 in
2696 642 2926 698 vinculis
2950 645 3159 713 positus
3182 647 3248 699 ad
3280 645 3485 705 Christi

1889 731 2052 788 ﬁdem
2086 731 2376 797 convertit,
2409 730 2552 787 sacri
2588 730 2929 802 baptismatis
2957 732 3105 791 fonte
3134 734 3341 805 abluit;
3382 756 3484 796 nec

1889 839 2053 895 super
2082 823 2166 878 his
2192 821 2475 877 Philemon
2503 824 2883 893 conqueritur,
2925 826 3019 881 sed
3063 826 3229 881 etiam
3259 830 3485 886 crcdcik

1891 926 2001 973 tem
2030 924 2191 985 atque
2227 914 2563 985 baptizatum
2593 916 2749 985 quasi
2781 917 2990 972 viscera
3034 917 3276 989 Apostoli
3313 922 3485 977 susci‘

1886 1008 2003 1077 piat
2030 1007 2375 1062 admonetur.
2393 1006 2541 1073 Quas
2566 1020 2667 1061 nos
2693 1006 3046 1063 auctoritates
3070 1010 3224 1078 sequi
3253 1012 3482 1081 cupien-

1888 1107 1992 1165 tes,
2020 1107 2077 1153 et
2100 1105 2452 1168 praeceptum,
2479 1096 2624 1167 quod
2645 1096 2803 1167 quasi
2825 1112 2893 1151 ex
2919 1097 3183 1166 imperiali
3209 1099 3487 1169 profertur

1888 1188 2240 1253 auctoritate,
2272 1186 2578 1259 transgredi
2608 1193 2932 1252 metuentes,
2976 1188 3120 1243 inter
3145 1188 3253 1244 duo
3296 1205 3484 1246 versa-

1886 1294 2011 1333 mur
2037 1277 2297 1348 pericula.
2339 1276 2397 1332 Si
2426 1275 2572 1331 enim
2597 1284 2929 1348 praeceptum
2958 1276 3086 1333 illud
3110 1278 3484 1345 observamus.

1887 1365 2144 1438 neglectis
2170 1365 2556 1422 ecclesiasticis
2590 1365 2816 1438 regulis,
2841 1364 3012 1423 Deum
3046 1365 3406 1437 offendimus;
3439 1373 3486 1428 si

1887 1458 1988 1514 has
2014 1458 2312 1528 sequimur,
2345 1458 2689 1528 imperatoris
2732 1458 3160 1531 indignationem
3192 1477 3483 1529 veremur;

1887 1549 2125 1605 maxime
2149 1565 2275 1605 cum
2305 1549 2336 1591 ιι
2359 1548 2621 1620 magister
2650 1549 2947 1625 infidelium
2976 1548 3286 1607 Iudaeorum
3309 1552 3487 1611 inces-

1886 1645 2076 1693 santer
2096 1636 2255 1694 nobis
2275 1637 2641 1695 commiuetur
2662 1652 2721 1692 se
2737 1648 2759 1676 ο
2780 1637 2979 1694 missos
2997 1638 3063 1694 de
3078 1639 3281 1709 palatio
3309 1641 3485 1699 addu-

1888 1736 2123 1794 cturum,
2151 1728 2241 1798 qui
2277 1743 2378 1799 pro
2405 1727 2711 1784 istiusmodi
2737 1728 2899 1783 rebus
2928 1744 3026 1785 nos
3049 1730 3293 1800 judicent
3321 1739 3377 1787 et
3405 1730 3491 1788 dio

1888 1819 2176 1892 stringant.
2210 1819 2341 1887 Quae
2364 1833 2455 1875 res
2479 1834 2585 1873 non
2618 1818 2791 1874 solum
2830 1818 2989 1874 nobis
3017 1819 3485 1890 perturbationem

191 1918 485 1989 Apostolus
533 1920 783 1975 eumdem
833 1920 1152 1978 interiorem
1200 1923 1474 1981 hominem
1524 1928 1591 1983 ab
1637 1930 1786 1984 omni
1814 1920 1862 1979 B
1890 1908 2086 1976 θίῖθηῖ
2124 1926 2315 1965 verum
2346 1910 2511 1967 etiam
2541 1911 2621 1965 eis
2656 1910 2749 1979 (ιυί
2775 1910 2843 1965 ad
2870 1910 3033 1966 ﬁdem
3060 1909 3218 1967 ίθοίιθ
3240 1915 3486 1969 convelli

190 2021 357 2065 sexus
381 2009 729 2077 diversitate,
760 2011 835 2067 ab
865 2014 1013 2069 omni
1051 2015 1349 2072 conditoris
1379 2025 1436 2073 et
1461 2021 1677 2089 generis
1702 2022 1789 2076 di-

191 2099 402 2153 stantia»
422 2099 654 2159 liberum
682 2118 802 2159 esse
827 2103 1230 2173 demonstrans,
1254 2108 1337 2163 ita
1362 2109 1520 2165 docet
1540 2120 1562 2165 τ
1584 2112 1789 2184 Exspa-

186 2186 381 2243 liantes
409 2207 497 2245 eos
521 2201 744 2247 veterem
770 2194 1033 2250 hominem
1063 2213 1188 2251 cum
1216 2199 1419 2254 actibus
1443 2201 1559 2270 ejus
1580 2243 1594 2267 ,
1623 2213 1671 2257 et
1700 2205 1786 2257 in-

192 2280 413 2335 duentes
438 2298 648 2349 novum,
681 2302 801 2340 cum
829 2287 919 2358 qui
945 2298 1226 2344 renovatur
1248 2291 1305 2345 in
1332 2293 1674 2362 agnitionem,
1706 2308 1788 2352 s'e—

188 2370 423 2426 cundum
460 2374 744 2446 imaginem
772 2377 888 2448 ejus
915 2382 1006 2451 qui
1035 2382 1228 2435 creavit
1266 2398 1428 2448 eum;
1464 2383 1553 2438 ubi
1584 2402 1687 2441 non
1711 2398 1786 2442 est

188 2460 400 2530 gentilis
436 2473 481 2516 et
506 2463 752 2530 Judwus,
783 2468 1116 2525 circumcisio
1146 2479 1195 2524 et
1218 2473 1555 2542 praeputium,
1584 2468 1790 2532 Barba-

189 2564 283 2604 rus
313 2560 366 2605 ct
394 2550 613 2624 Scytha,
639 2572 821 2613 servus
848 2567 897 2612 et
930 2557 1093 2626 liber;
1121 2560 1214 2615 sed
1243 2562 1420 2615 omnia
1448 2572 1500 2616 et
1532 2564 1587 2618 in
1618 2568 1789 2621 omni-

187 2641 284 2698 bus
314 2643 578 2703 Christus.

254 2732 559 2809 Cum'ergo
589 2738 644 2794 hi
666 2740 759 2809 qui
787 2741 855 2796 ad
883 2741 1212 2813 baptismum
1240 2748 1485 2815 veniunt,
1510 2762 1609 2821 per
1635 2751 1786 2823 agni-

187 2825 394 2882 tionem
440 2827 719 2886 Creatoris
763 2831 819 2887 in
868 2833 1129 2891 interiore
1174 2838 1395 2896 homine
1417 2841 1508 2911 qui
1541 2841 1610 2895 ab
1637 2844 1787 2897 omni

185 2917 468 2974 servitutis
487 2921 800 2978 conditione
819 2922 957 2980 liber
983 2935 1084 2990 est,
1112 2933 1473 2997 renoventur;
1499 2943 1619 3001 quae
1645 2933 1787 2987 ratio

189 3020 311 3062 esse
344 3016 526 3078 potest
557 3020 617 3067 ut
639 3013 693 3067 id
722 3015 865 3069 servi
904 3015 1111 3086 absque
1138 3019 1408 3088 permissu
1442 3020 1786 3077 dominorum

187 3114 411 3156 suorum
439 3105 703 3175 consequi
730 3106 1127 3177 prohibeantur
1151 3150 1165 3175 ,
1197 3124 1299 3166 nec
1328 3112 1536 3168 servire
1565 3114 1645 3169 eis
1675 3113 1786 3170 Deo

184 3191 379 3259 liceat,
423 3196 531 3251 nisi
572 3196 849 3252 licentiam
886 3199 956 3254 ab
990 3201 1303 3258 hominibus
1332 3203 1787 3273 impetraverint?

1888 2008 2175 2071 poterant,
2209 2010 2473 2071 quantum
2526 2002 2739 2073 ingerat
2789 2002 3254 2073 impedimentum,
3288 2016 3487 2064 vestrae

1889 2103 1974 2151 est
2000 2096 2301 2166 prudentiae
2328 2096 2621 2151 aestimare.
2646 2095 2819 2161 Unde,
2849 2092 3043 2151 Patres
3068 2098 3397 2154 sanctissimi
3420 2117 3486 2156 ac

1887 2190 2000 2246 Deo
2032 2190 2417 2256 amantissimi,
2463 2191 2579 2245 haec
2617 2197 2805 2245 nostra
2849 2190 3090 2261 pericula
3119 2192 3275 2261 quasi
3303 2199 3486 2247 vestra

1887 2281 1990 2352 piis
2011 2276 2658 2351 animis’perpendentes,
2696 2280 3017 2334 intercedite
3044 2281 3186 2351 apud
3220 2279 3489 2336 Christia-

1888 2374 2251 2429 nissimumret
2270 2372 2755 2429 clementissimum
2778 2373 3190 2442 imperatorem,
3220 2381 3278 2426 ut
3300 2373 3492 2444 hujus-

1888 2465 2034 2521 modi
2073 2466 2518 2536 impedimentum
2555 2464 2623 2521 de
2657 2472 2846 2520 sancta
2893 2464 3134 2520 Ecclesia
3183 2464 3492 2533 auferatur,

1889 2568 1943 2615 et
1973 2560 2117 2615 inter
2139 2559 2310 2614 multa
2341 2568 2395 2615 et
2420 2558 2659 2614 maxima
2686 2573 2808 2628 qua:
2836 2557 3079 2628 piissime
3104 2566 3155 2613 et
3182 2556 3489 2627 justissima

1887 2650 2173 2711 iu-tradito‘
2196 2659 2258 2707 et.
2280 2658 2607 2706 conservato
2652 2649 2762 2704 sibi
2794 2663 2826 2702 a
2859 2646 3081 2704 Christo
3109 2648 3351 2718 disponit
3379 2649 3488 2703 im-

1888 2745 2057 2815 perio;
2088 2747 2261 2801 etiam
2282 2744 2409 2800 huic
2440 2744 2520 2800 rei
2547 2750 2768 2813 propter
2798 2756 3040 2796 amorem
3078 2741 3251 2812 ipsius
3279 2740 3488 2797 Christi

1886 2837 2401 2894 misericordissima
2446 2845 2511 2891 et’
2547 2836 2719 2892 solita
2749 2834 2991 2891 bonitate
3043 2841 3364 2899 succurrat;
3414 2849 3491 2888 ne

1887 2927 2101 2993 animae,
2128 2942 2196 2982 ex
2224 2927 2422 2996 quibus
2460 2941 2594 2998 grex
2639 2924 2881 2981 ﬁdelium
2928 2925 3113 2996 augeri
3144 2932 3397 2994 poterat,
3430 2931 3489 2979 et

1886 3033 1986 3089 pro
2016 3032 2245 3087 quarum
2280 3016 2510 3072 salutem
2550 3016 2607 3070 in
2643 3015 2848 3069 diebus
2884 3014 3158 3083 passionis
3187 3012 3487 3069 Dominica:

1888 3107 1957 3162 ab
1981 3107 2275 3163 universali
2300 3106 2553 3163 Ecclesia
2567 3105 2691 3160 Deo
2709 3103 2975 3175 dpublice
3005 3103 3363 3174 supplicatur,
3388 3102 3486 3157 ob—

1889 3199 2117 3254 siSteute
2171 3197 2473 3253 inﬁdelium
2528 3204 2594 3253 et
2626 3196 2750 3251 Deo.
2788 3195 3194 3252 adversantium
3250 3193 3480 3259 duritia,

183 3282 344 3340 Certe
372 3285 425 3339 in
454 3287 693 3356 epistola
713 3288 782 3343 ad
821 3289 1168 3346 Timotheum
1210 3292 1352 3348 idem
1381 3294 1675 3363 Apostolus
1703 3296 1782 3351 sic
1809 3283 1853 3345 C
1885 3291 2049 3346 etiam
2082 3291 2214 3346 dicti
2241 3289 2498 3361 prmcepti
2526 3289 2817 3345 occasione
2846 3286 3043 3343 diaboli
3073 3286 3280 3356 laqueis
3307 3301 3482 3341 rema-

182 3376 475 3445 przrcepit:
509 3375 819 3451 Quicunque
862 3389 985 3435 sunt
1031 3380 1127 3436 sub
1158 3382 1291 3453 jugo
1329 3386 1494 3449 servi,
1541 3385 1784 3441 dominos

183 3480 303 3519 suos
332 3468 479 3520 omni
503 3468 703 3524 honore
742 3469 942 3541 dignos;
968 3471 1325 3540 arbitrentur,
1367 3490 1430 3528 ne
1460 3490 1648 3528 nomen
1673 3474 1782 3529 Do-

182 3558 314 3612 mini
341 3567 391 3612 et
419 3559 664 3614 doctrina
690 3560 1095 3632 btasphemetur.
1133 3564 1237 3631 Qui
1261 3573 1436 3620 autem
1460 3564 1641 3635 ﬁdeles
1678 3567 1779 3620 Ita-

184 3646 300 3702 bent
329 3647 605 3715 dominos,
646 3666 752 3703 non
800 3661 1171 3718 contemnant,
1219 3654 1345 3725 quia
1389 3654 1582 3725 fratres
1611 3664 1778 3721 sunt;

181 3738 273 3793 sed
292 3741 460 3811 magis
487 3742 733 3807 serviant,
749 3744 873 3811 quia
895 3744 1075 3813 ﬁdeles
1096 3754 1238 3812 sunt,
1264 3755 1538 3803 etcaater‘a
1563 3747 1616 3819 (I
1641 3747 1774 3803 Tim.

185 3842 258 3895 vr,
294 3828 369 3902 l).
404 3830 464 3884 In
492 3831 691 3901 quibus
720 3834 902 3889 verbis
932 3835 1215 3892 evidenter
1248 3838 1316 3892 de
1345 3839 1598 3895 omnibus
1622 3833 1782 3895 Chri-

183 3918 375 3975 stianis
407 3920 604 3986 servis,
636 3922 732 3977 sed
771 3937 1017 3993 quorum.
1031 3924 1123 3979 alii
1153 3925 1423 3994 fidelibus,
1464 3924 1556 3983 alii
1585 3924 1780 3985 infide-

183 4008 320 4067 libus
341 4011 582 4068 dominis
606 4015 940 4081 serviebant,
974 4016 1231 4088 loquitur.
1265 4018 1335 4074 Et
1372 4028 1557 4076 tamen
1586 4021 1769 4078 infide-

183 4099 311 4157 lium
332 4102 681 4159 domiuurum
705 4107 877 4161 servis
897 4118 1169 4180 praecepta
1191 4111 1507 4166 constituit:
1534 4113 1627 4183 qui
1653 4121 1783 4168 tunc

185 4192 367 4264 utique
397 4195 579 4251 adhuc
612 4196 951 4255 inﬁdelitatis
978 4200 1196 4256 vinculo
1236 4210 1550 4258 tenerentur
1575 4204 1777 4259 obstri-

185 4288 275 4352 cti,
306 4288 352 4344 si
384 4289 443 4343 in
469 4276 571 4344 hac
606 4306 666 4345 re
692 4304 881 4346 eorum
921 4293 1116 4361 quibus
1146 4296 1456 4350 serviebant
1492 4296 1777 4352 arbitrium

1885 3389 2051 3437 neaut
2076 3382 2382 3451 implicatae.
2416 3380 2577 3437 Certe
2602 3380 2670 3434 in.
2688 3378 2859 3434 sacris
2884 3376 3185 3434 eanonibus
3211 3376 3480 3431 constitu~

1884 3476 2020 3535 tum,
2051 3477 2113 3525 ut
2140 3470 2186 3525 si
2211 3469 2307 3540 qui
2339 3483 2407 3525 ex
2434 3469 2525 3523 eis
2544 3468 2612 3523 ad
2639 3465 2974 3538 baptismum
2996 3465 3279 3547 venerint,
3318 3465 3363 3520 si
3388 3481 3492 3521 vo—A

1882 3561 2049 3617 luerit-
2073 3559 2493 3633 episcopusrvel
2521 3560 2748 3631 quilibet
2775 3557 3036 3624 fidelium,
3055 3556 3368 3613 redimendi
3387 3572 3484 3613 eos

1883 3653 2083 3709 habeat
2132 3660 2457 3725 potestatbm
2508 3651 2690 3725 (Vide
2734 3650 2827 3707 lih.
2884 3650 2948 3705 de
2984 3649 3116 3704 Iud.
3167 3650 3434 3721 superstit.
3464 3688 3479 3713 ,

1882 3760 2004 3815 cap.
2041 3744 2115 3817 6).
2145 3743 2300 3812 Quod
2327 3760 2431 3799 nos
2460 3742 2818 3799 libentissime
2852 3740 3037 3797 facere
3062 3740 3481 3811 cupimus;-hoc

1882 3833 2255 3889 tantummodo
2278 3831 2619 3903 postulantes
2643 3839 2705 3886 ut
2730 3832 2812 3887 eis
2839 3830 3089 3886 veniendi
3123 3830 3191 3885 ad
3213 3829 3377 3885 ﬁdem
3406 3830 3485 3886 ἴασι

1882 3923 2057 3980 cultas
2086 3923 2255 3978 libera
2296 3921 2584 3977 tribuatur.
2633 3919 2747 3976 Nec
2792 3921 2896 3977 hoc
2931 3920 3165 3975 dicimus
3209 3919 3356 3990 quod
3399 3920 3479 3975 eis

1884 4012 2025 4068 ﬁlios
2074 4012 2160 4067 vel
2206 4026 2396 4068 servos
2444 4025 2635 4067 eorum
2679 4008 2944 4065 violenter
2989 4007 3315 4065 aulbrendos
3356 4024 3485 4065 esse

1883 4102 2203 4167 sentiamus,
2228 4101 2340 4157 sed
2355 4108 2415 4155 ut
2443 4100 2783 4156 venientibus
2802 4100 2872 4156 ad
2898 4098 3064 4156 ﬁdem
3084 4099 3158 4155 ab
3173 4097 3477 4157 inﬁdelibus

1886 4194 2105 4249 licentia
2138 4208 2244 4249 non
2276 4199 2522 4263 negetur.

1561 4387 1837 4445 BALUle
1876 4388 2110 4445 NOTJE.

253 4470 485 4561 enimcf.
510 4472 664 4561 Alton}:
693 4474 767 4561 ad
791 4476 1075 4561 imaginem
1098 4494 1270 4561 suam.
1299 4478 1617 4561 Agobardus
1637 4494 1772 4561 ergo

1949 4480 1976 4520 ά
2020 4478 2239 4536 Publice
2276 4479 2623 4551 supplicatur,
2656 4475 2910 4551 nimirum
2948 4486 3049 4544 pro
3091 4474 3351 4551 Iudaeis,‘
3374 4493 3480 4551 pro

187 4541 589 4621 similitudinem
616 4545 711 4600 Dei
747 4560 869 4621 quas
894 4541 979 4602 ést
1015 4548 1071 4601 iu
1111 4541 1376 4621 homine:
1394 4549 1679 4621 constituit
1705 4541 1770 4604 in
1798 4551 1851 4610 D
1876 4563 2123 4621 quorum
2140 4541 2494 4606 conversione
2520 4541 2748 4621 singulis
2783 4541 2968 4621 amnis—
2988 4555 3109 4621 orat
3146 4541 3391 4621 Ecclesia
3418 4550 3474 4605 in

187 4611 522 4703 pnima,nupn
550 4622 731 4703 autem
761 4611 1087 4703 incorpore.
1120 4611 1438 4703 Videntitas
1476 4620 1774 4703 ψερῆὲιο-

186 4680 289 4754 iam
339 4681 409 4754 30
448 4684 586 4754 Lupi
622 4680 987 4742 Ferrariensis
1028 4696 1084 4742 et
1122 4689 1191 4743 ad
1236 4688 1434 4745 librum
1477 4691 1544 4745 de
1577 4680 1774 4745 Tribus

190 4749 613 4828 Quaestionibus,
645 4771 769 4828 pag.
802 4756 928 4811 471.
958 4756 1077 4811 Alia
1107 4760 1258 4814 fuere
1292 4757 1603 4815 Iudaeorum
1639 4760 1771 4815 deli-

186 4830 460 4901 ramenta,
510 4827 602 4901 qui
643 4842 840 4897 corpus
872 4829 1172 4901 humanum
1220 4830 1290 4885 ad
1325 4830 1627 4901 imaginem
1675 4830 1771 4885 Dei

187 4889 383 4970 factum
418 4889 718 4970 putabant,
740 4889 818 4970 'ut
856 4898 1173 4970 Agobardus
1209 4898 1398 4955 scribit
1437 4889 1493 4955 ἱῖι
1529 4900 1671 4956 libro
1704 4902 1772 4956 de

186 4958 949 5041 Judaicis'superstitionibus',
980 4984 1100 5041 cap.
1136 4970 1221 5041 19.
1255 4970 1374 5038 Quo
1412 4971 1541 5041 loco,
1571 4971 1774 5027 Masso-

187 5045 299 5111 nus
328 5034 613 5111 adnotavit
650 5039 703 5093 in
726 5034 984 5111 margine
1020 5034 1135 5098 Haec
1164 5034 1475 5097 Iudaeorum
1518 5040 1774 5111 figmenta

188 5101 238 5156 iu
254 5100 468 5188 pabula.
486 5120 703 5188 quoque
724 5109 850 5188 legi.

190 5239 202 5252 θ
254 5172 291 5212 δ
320 5172 706 5253 Afagisjerjnf.
738 5172 1070 5253 Judtgorum.
1106 5179 1397 5253 Evrardus.
1440 5176 1576 5238 Vide
1613 5193 1777 5253 supra

189 5244 507 5322 iuuotis’ad
544 5244 741 5302 librum
777 5251 845 5306 de
869 5251 1147 5321 Baptismo
1184 5246 1538 5309 Judaicorum
1572 5244 1779 5309 manci-

188 5325 511 5441 plzmllpiisos
541 5387 610 5442 de
628 5371 845 5459 palatio,
875 5391 1054 5461 idest,
1085 5394 1280 5451 missos
1307 5392 1628 5451 dominicos.

1880 4615 2068 4677 diebus
2098 4622 2375 4676 Passionis
2401 4615 2715 4684 Dominicaa,
2743 4625 2803 4671 ut
2825 4615 3258 4686 ait-‘Agobardus,
3289 4618 3341 4673 id
3366 4628 3472 4684 est,

1880 4691 2015 4747 feria
2042 4701 2238 4763 quarta
2268 4692 2487 4763 Majoris
2507 4687 2891 4763 Hebdomadze.
2915 4686 3107 4763 Exstat
3128 4689 3270 4763 enim
3298 4690 3476 4763 oratio

1880 4776 2001 4832 qua:
2030 4756 2143 4817 tum
2174 4756 2434 4832 temporis
2454 4756 3124 4832 publiceasacerdotibus
3136 4758 3203 4832 in
3228 4757 3468 4815 Ecclesia

1881 4827 2141 4903 recitatur
2171 4827 2413 4903 pro'hac
2452 4827 2636 4903 causa.
2680 4828 2972 4903 Bhabauus
3017 4827 3085 4903 in
3111 4827 3250 4882 libro
3281 4837 3470 4903 contra

1882 4896 2306 4983 summa;
2331 4900 2556 4983 laqueus
2585 4900 2651 4983 de
2680 4897 2894 4983 {lidazis'
2918 4914 2990 4983 :Jt
3028 4896 3141 4983 [mo
3176 4898 3473 4983 etpejnres

1883 4967 2360 5039 haereticisfsicut
2385 4967 2478 5027 eos
2514 4968 2754 5025 Ecclesia
2780 4967 3055 5039 catholica
3090 4980 3211 5023 esse
3238 4968 3466 5037 judicat',

1875 5060 1999 5115 qua:
2027 5045 2081 5099 in
2110 5046 2299 5101 diebus
2323 5040 2616 5099 Dominicae
2637 5038 2914 5093 Passionis
2951 5046 3073 5115 post
3102 5038 3385 5115 haereticos
3412 5050 3467 5094 et

1874 5108 2269 5179 schismaticos,
2301 5123 2357 5169 et
2381 5126 2549 5183 prope
2571 5123 2830 5181 paganos,
2862 5122 2961 5183 pro
2987 5108 3066 5163 eis
3096 5119 3236 5163 orat.
3278 5127 3297 5161 ι
3331 5109 3464 5183 lt_em

1875 5201 1997 5255 cap.
2025 5185 2093 5240 59
2126 5200 2157 5260 :_
2182 5204 2199 5237 ι
2233 5177 2347 5260 lino
2383 5177 2783 5239 eorum—veram
2816 5177 3069 5260 salutem,
3099 5193 3198 5260 pro
3223 5194 3329 5260 qua
3358 5180 3465 5260 Ec-

1876 5248 2041 5312 clesia
2081 5255 2392 5311 solemniter
2427 5262 2587 5309 orare
2628 5248 2955 5330 consuevitt
2983 5248 3470 5330 veraciterzinquic

1876 5335 2087 5390 rentes,
2136 5340 2415 5383 servemus
2450 5337 2577 5394 erga
2623 5330 2719 5377 eos
2765 5317 3188 5377 ecclesiasticam
3238 5317 3463 5375 sinceri.

1874 5404 2061 5453 tatem;
2096 5415 2116 5450 ι
