3918 6328
454 373 565 436 179

1418 384 1478 441 8.
1518 384 1868 444 AGOBARDI
1900 385 2208 445 EPISCOPI
2246 388 2733 448 LUGDUNENSIS

529 527 2343 553 ___.__.___.____—___________

1144 632 1723 719 EPISTOLA
1783 637 1939 721 AD
1996 639 3041 731 BARTHOLOMfEUM

2970 547 3316 559 Ἢ

3324 547 3737 567 ἢ

1645 813 2002 859 EPISCOPUM
2048 813 2523 860 NABBONENSEM

1298 947 1407 1008 DE
1448 938 1970 1022 QUORUMDAM
2016 946 2443 1010 INLUSIONE
2503 949 2933 1017 SIGNORUM.

517 1129 559 1185 Ι.
600 1130 1078 1225 Ιξθνθιεειιᾶίεείωο
1106 1146 1173 1225 ac
1217 1131 1573 1192 dilectissimo
1601 1134 1833 1192 domino
1852 1143 1909 1193 et
1931 1134 2043 1190 fra-
2072 1141 2122 1201 Α
2148 1153 2298 1194 mum
2326 1148 2412 1195 est
2441 1140 2585 1223 quod
2628 1141 2750 1197 ista:
2775 1157 3157 1213 percussiones
3205 1163 3328 1206 esse
3377 1167 3486 1208 non
3510 1165 3744 1225 possunt

443 1224 513 1279 tri
558 1236 586 1266 ι
619 1223 1015 1280 Bartholomaeo
1043 1224 1320 1297 episcopo,
1370 1226 1709 1299 Agobardus,
1742 1228 1772 1269 ιι
1803 1227 2037 1299 Hildigi-

442 1330 540 1371 sus
566 1322 621 1370 et
651 1326 674 1355 ε
713 1314 928 1381 Florus,
962 1316 1020 1371 in
1051 1315 1282 1373 Domino
1316 1318 1447 1375 Jesu
1487 1319 1709 1376 Christo
1743 1321 2038 1392 sempiter-

441 1420 573 1483 nam
594 1405 841 1462 salutem.
865 1404 1229 1479 Cognovimus
1243 1408 1532 1464 sollicitam
1552 1424 1672 1468 esse
1693 1411 2038 1482 prudentiam

438 1500 705 1561 vestram,
733 1509 969 1565 quonam
1001 1495 1161 1553 modo
1210 1497 1382 1569 accipi
1414 1499 1608 1555 debeat
1645 1500 1777 1557 illud
1810 1500 1953 1571 quod
1982 1501 2037 1555 in

439 1586 676 1656 quodam
703 1587 825 1644 loco
854 1599 1139 1659 coeperunt
1188 1590 1308 1647 fieri
1351 1594 1597 1663 quaedam
1630 1595 2035 1666 percussiones,

438 1675 517 1731 ita
546 1684 606 1730 ut
654 1676 913 1762 caderent
968 1679 1216 1749 quidam,
1268 1682 1431 1737 modo
1474 1681 1912 1754 epilepticorum,
1950 1684 2037 1739 vel

436 1782 629 1823 eorum
654 1784 791 1839 quos
812 1768 1005 1841 vulgus
1038 1771 1402 1829 dzemoniacos
1451 1781 1629 1843 putat,
1662 1774 1745 1831 vel
1768 1776 2031 1831 nominat.

438 1857 595 1925 Quod
650 1857 758 1913 etd
787 1860 1010 1929 quidam
1072 1863 1416 1921 venerandus
1481 1862 1651 1920 frater
1710 1864 2039 1940 significavit

436 1950 631 2017 nobis;
670 1952 907 2007 maxime
934 1964 956 1993 ο
984 1953 1040 2008 in
1073 1954 1314 2025 quadam
1357 1955 1587 2013 ecclesia
1617 1959 1707 2015 ubi
1754 1958 2034 2029 cujusdam

433 2041 613 2095 sancti
638 2057 836 2112 corpus
860 2048 1172 2111 veneratur,
1199 2046 1422 2101 nomine
1451 2044 1471 2084 ί
1504 2046 1754 2104 Firmini.
1792 2050 1860 2105 Et
1886 2064 2034 2106 nunc

428 2147 530 2203 per
555 2148 651 2189 vos
694 2134 1063 2205 comperimus
1098 2137 1277 2193 adhuc
1313 2137 1480 2193 etiam
1522 2138 1632 2195 alio
1660 2155 1859 2211 genere
1890 2139 2029 2208 ﬁeri,

430 2230 495 2277 ut
522 2224 814 2279 videantur
838 2232 893 2280 et
916 2226 1222 2282 sentiantur
1278 2227 1334 2282 in
1359 2229 1681 2299 corporibus
1742 2231 2031 2288 hominum

430 2315 689 2387 stigmata
722 2317 1048 2383 cxustionis,
1079 2320 1239 2389 quasi
1272 2319 1320 2374 si
1355 2319 1583 2392 sulphur
1622 2322 1826 2381 arsisse
1857 2323 1925 2377 in~
1945 2322 2029 2379 lo-

431 2406 512 2460 cis
538 2405 643 2462 illis
673 2407 988 2479 contigisset
1016 2426 1029 2462 :
1058 2423 1160 2464 nec
1195 2417 1375 2466 tamen
1416 2412 1555 2467 mori
1589 2411 1823 2485 aliquem
1846 2430 1915 2471 ex
1936 2415 2022 2471 his

2141 1227 2247 1283 nisi
2283 1228 2395 1285 Deo
2417 1231 2785 1301 permittente,
2814 1235 2889 1289 ita
2914 1237 3283 1294 certissimum
3316 1242 3463 1297 nulla
3500 1244 3611 1300 alia
3636 1246 3743 1302 vir-

2142 1327 2256 1376 tute
2288 1322 2653 1405 ministrante,
2702 1326 2807 1381 nisi
2839 1328 3032 1399 angelo
3076 1333 3434 1402 percutiente.
3474 1335 3741 1405 Quisnam

2141 1409 2217 1465 ita
2243 1412 2441 1469 stultus
2476 1422 2562 1470 est
2582 1415 2677 1486 qui
2722 1418 2953 1484 nesciat,
2990 1429 3047 1475 et
3090 1423 3384 1481 visibiliter
3410 1436 3467 1482 et
3493 1429 3743 1485 invisibi-

2138 1499 2269 1557 liter
2287 1503 2723 1573 omnipotentem
2746 1505 2916 1567 Deum
2949 1507 3221 1580 flagellare
3242 1512 3491 1571 homines
3517 1516 3591 1571 ad
3619 1533 3743 1573 eru-

2139 1593 2401 1651 ditionem
2430 1604 2486 1650 et
2508 1598 2958 1669 conversionem;
2999 1617 3107 1658 non
3140 1603 3314 1660 solum
3336 1622 3435 1677 per
3456 1608 3738 1676 homines,

2137 1684 2232 1739 sed
2254 1686 2420 1755 etiam
2455 1702 2555 1756 per
2588 1687 2812 1757 bestias,
2849 1701 2906 1747 et
2946 1707 3044 1763 per
3086 1694 3451 1754 minutissima
3498 1708 3557 1755 et
3590 1701 3741 1757 vilis-

2136 1774 2271 1829 sima
2323 1790 2552 1848 quaeque
2601 1769 3075 1840 animantiainec
3126 1791 3338 1841 tantum
3386 1803 3487 1858 per
3531 1790 3738 1861 ignitus

2136 1874 2437 1937 serpentes,
2465 1868 2561 1923 sed
2591 1876 2647 1923 et
2676 1884 2776 1939 per
2800 1884 2965 1926 ranas
2987 1879 3042 1927 et
3081 1889 3316 1939 muscas,
3350 1884 3406 1932 et
3429 1878 3733 1955 sciniphas,

2135 1963 2191 2011 et
2218 1956 2453 2014 Iocustas
2478 1976 2491 2013 :
2523 1975 2625 2014 nec
2651 1967 2867 2015 tantum
2919 1975 3017 2034 per
3046 1964 3368 2033 animantia,
3419 1970 3515 2025 sed
3545 1985 3647 2040 per
3674 1981 3735 2026 et

2134 2046 2453 2113 inanimata,
2509 2048 2653 2103 sicut
2704 2063 2803 2118 per
2833 2051 3173 2121 grandinem,
3221 2069 3321 2124 per
3350 2055 3599 2123 flumina,
3628 2064 3737 2129 per

2132 2136 2361 2207 pluvia’s,
2400 2153 2498 2208 per
2524 2139 2818 2195 siccitates.
2872 2140 3034 2197 Novit
3080 2144 3271 2215 utique
3314 2147 3608 2214 prudentia
3636 2164 3732 2204 ve-

2131 2236 2246 2283 stra
2277 2227 2419 2284 unde
2445 2228 2749 2299 loquamur,
2792 2239 3018 2287 auctore
3054 2242 3246 2289 sancta
3274 2234 3585 2306 Scriptura.
3623 2236 3732 2293 Sed

2130 2326 2188 2373 et
2222 2318 2268 2375 si
2305 2319 2603 2376 dixerimus
2623 2321 2831 2385 leones,
2861 2322 3178 2391 crabrones,
3200 2324 3451 2391 brucum,
3479 2342 3729 2391 erucem,

2129 2412 2452 2483 aeruginem,
2511 2411 2939 2479 devorationem,
2994 2412 3048 2469 id
3094 2424 3200 2481 est,
3263 2417 3727 2481 maledictionem,

428 2496 637 2574 dictum
663 2505 748 2553 est
776 2497 954 2563 nobis,
989 2512 1091 2553 nec
1114 2515 1444 2571 quemquam
1495 2502 1599 2560 alia
1628 2511 1757 2561 ante
1787 2504 1993 2560 infirmi
2056 2493 2104 2553 Β
2134 2502 2266 2572 (quo
2320 2518 2432 2558 uno
2466 2503 2688 2559 nomine
2734 2502 2904 2558 multa
2962 2502 3189 2577 intelligi
3222 2508 3470 2578 possunt)
3534 2510 3729 2565 eadem

429 2591 541 2641 tate
568 2584 913 2658 languentem
945 2589 1150 2644 curari.
1189 2588 1321 2657 Quae
1355 2591 1601 2648 videntes
1637 2594 1923 2665 utriusque
1947 2610 2027 2651 se-

425 2684 607 2732 xus-et
636 2676 864 2734 diversas
893 2680 1074 2734 aetatis
1099 2680 1367 2749 homines,
1398 2681 1633 2741 offerunt
1662 2684 1879 2752 in-loco,
1908 2696 2020 2754 aut,

426 2765 571 2820 sicut
600 2765 802 2832 dicitis,
841 2766 995 2823 locis.
1030 2766 1153 2824 Jam
1183 2771 1331 2825 enim
1358 2780 1416 2827 et
1447 2773 1503 2828 in
1529 2772 1648 2831 aliis
1682 2773 1804 2830 fieri
1836 2776 2025 2833 viden-

424 2866 518 2911 tur
562 2858 810 2927 quzedam
843 2858 1069 2916 donaria
1119 2878 1242 2933 qua:
1268 2862 1650 2936 unusquisque
1687 2874 1891 2937 potest,
1927 2879 2013 2929 aut

423 2949 479 3003 in
516 2964 651 3007 auro
674 2957 731 3005 et
752 2960 1002 3023 argento,
1032 2952 1115 3007 vel
1150 2955 1463 3023 pecoribus,
1488 2956 1661 3012 autin
1687 2958 2022 3028 quibuscun-

424 3056 533 3111 que
578 3042 887 3113 speciebus,
936 3043 1138 3100 nullius
1185 3045 1592 3115 exhortatione,
1627 3047 1773 3102 nulla
1808 3049 2020 3105 ratione

426 3138 715 3205 admoniti,
754 3140 847 3196 sed
874 3138 1233 3195 irrationabili
1264 3147 1474 3197 terrore
1518 3142 1797 3211 perterriti
1828 3160 1842 3196 :
1874 3144 2020 3213 quod

421 3228 582 3284 nobis
607 3228 838 3285 multum
868 3230 1031 3285 stulte
1058 3228 1185 3285 fieri
1210 3230 1466 3296 videtur;
1510 3245 1634 3286 cum
1676 3231 1823 3287 nulla
1864 3234 2020 3304 signa

420 3324 742 3389 sanitatum,
777 3322 923 3379 nulla
954 3337 1081 3393 spes
1106 3320 1514 3393 propitiationis
1560 3320 1760 3377 ibidem
1793 3322 2018 3378 demon-

418 3423 668 3471 strentur
701 3433 714 3468 :
751 3422 974 3485 propter
997 3413 1143 3483 quod
1167 3411 1383 3468 facilius
1411 3412 1625 3469 adverti
1668 3419 1886 3484 poterat
1906 3429 2013 3484 qua

416 3513 562 3562 esset
587 3505 799 3562 cautela
822 3505 1261 3562 custodiendum.
1289 3505 1359 3560 Et
1404 3511 1557 3561 certe
1603 3503 1747 3560 sicut
1791 3506 2014 3561 verissi-

2133 2600 2359 2648 auctore
2386 2594 2510 2649 erit.
2549 2591 2607 2648 Si
2647 2601 2827 2648 autem
2857 2602 2914 2650 et
2943 2594 3312 2652 addiderimus
3334 2613 3515 2664 ursos,
3546 2598 3728 2671 lupos,

2130 2697 2257 2739 sues
2290 2691 2345 2739 et
2374 2699 2563 2740 cervos
2596 2684 2897 2751 silvestres,
2930 2684 3060 2741 licet
3109 2686 3270 2743 facile
3300 2689 3367 2743 de
3423 2689 3729 2761 Scripturis

2127 2778 2428 2835 monstrari
2457 2794 2567 2833 non
2614 2780 2809 2849 possit,
2840 2780 3083 2852 exempla
3117 2788 3297 2837 tamen
3326 2796 3434 2837 non
3466 2753 3725 2839 deeru‘nt.

2199 2870 2263 2926 ll.
2303 2870 2567 2938 Quamvis
2592 2870 2907 2927 exustiones
2941 2872 3079 2936 istae,
3113 2888 3277 2942 super
3310 2874 3510 2943 quibus
3539 2889 3729 2930 move-

2129 2962 2285 3029 mini,
2339 2977 2448 3017 non
2504 2961 2735 3017 multum
2790 2960 3057 3017 distenta
3094 2964 3290 3019 vesicis
3352 2966 3720 3035 turgentibus,

2120 3054 2227 3121 vel,
2263 3054 2405 3110 sicut
2430 3053 2532 3108 alia
2571 3053 2740 3109 editio
2773 3052 2922 3119 dicit,
2954 3052 3189 3108 feruvris
3225 3053 3502 3130 Egyptiis
3530 3055 3721 3121 illatis,

2120 3154 2177 3201 et
2199 3146 2303 3201 illis
2324 3135 2768 3216 percussionibus
2800 3160 2937 3215 quas
2968 3144 3291 3201 Pbilislhmis
3320 3146 3594 3218 irrogatas
3622 3146 3725 3203 Sa-

2121 3236 2316 3291 muelis
2369 3234 2620 3289 volumen
2675 3236 3381 3302 nominatim‘demonstrat,
3412 3245 3468 3291 et
3496 3252 3567 3293 ex
3602 3238 3726 3293 tali-

2118 3327 2221 3381 bus
2253 3326 2708 3396 prominentibus.
2738 3324 2797 3380 In
2828 3326 3025 3394 quibus
3046 3326 3299 3382 omnibus
3328 3342 3450 3397 quae
3480 3342 3720 3383 e:.ume-

2117 3427 2235 3475 rata
2274 3419 2461 3489 utique
2484 3426 2631 3484 sunt,
2664 3419 2787 3487 quis
2815 3426 2901 3473 est
2927 3418 3020 3487 qui
3044 3418 3297 3489 ignorare
3332 3420 3711 3489 permittatur,

2120 3509 2392 3580 quomodo
2421 3523 2581 3579 agere
2611 3508 2878 3578 patientes
2931 3517 3023 3563 aut
3053 3511 3338 3565 aulientes
3369 3506 3627 3576 debeant,
3660 3523 3719 3569 ct

1780 3594 2059 3653 BALUZII
2092 3598 2329 3656 NOTAE.

492 3702 519 3732 ι
559 3688 953 3759 Bartholpmaeo
994 3690 1235 3759 episcopo
1283 3686 1648 3759 Narbonensi
1673 3694 1796 3757 post
1831 3685 2018 3759 ANibri-

417 3761 588 3815 dium.
619 3757 873 3814 Interfuit
899 3756 1080 3814 autem
1111 3756 1343 3814 concilio
1374 3758 1516 3815 anud
1553 3756 1804 3813 TolOsam
1830 3757 2015 3812 habito

418 3845 567 3885 anno
606 3830 746 3894 8‘28,
798 3843 905 3883 una
947 3844 1071 3885 cum
1120 3828 1366 3883 Notbone
1404 3827 1707 3895 Arelatensi
1746 3828 2016 3896 archiepi-

2125 3688 2281 3757 cujus
2304 3698 2515 3759 partem
2545 3686 2713 3759 edidit
2734 3686 2991 3759 catellus,
3026 3689 3119 3743 sed
3150 3690 3301 3759 quod
3319 3704 3418 3744 nos
3449 3690 3718 3749 habemus

2124 3757 2392 3830 integrum
2427 3775 2494 3814 ex
2537 3758 2851 3830 authentico
2888 3757 3235 3830 descriptum.
3278 3758 3549 3830 Caeterum
3590 3762 3715 3818 libri

2122 3826 2512 3899 sive'epistolae
2540 3828 2693 3882 istius
2715 3827 2780 3899 ad
2809 3826 3257 3899 Bartholoinamm
3304 3829 3715 3889 Narbonensem

419 3915 606 3971 scopo,
637 3909 691 3955 et
715 3898 1313 3971 AgiulfoABiturieensi.
1333 3898 1469 3971 Tum
1496 3897 2014 3971 circa’auuum_85_4
2042 3901 2087 3964 C
2118 3896 2428 3969 episcopum
2460 3899 2707 3971 meminit
2738 3896 2934 3951 Amulo
2971 3898 3345 3967 Lugdunensis
3381 3900 3435 3954 in
3483 3902 3713 3970 epistola

416 3966 743 4051 subscripsit
770 3966 1071 4051 privilegio
1114 3968 1319 4051 Aldrigi
1370 3966 1701 4051 Senonnensis
1746 3967 2013 4051 archiepi:

416 4043 563 4111 scopi
586 4037 683 4111 pro
702 4037 1042 4111 monasterio
1056 4040 1231 4111 sancti
1255 4038 1485 4111 Remigii
1495 4037 2011 4111 Senonengis,_quod

398 4107 602 4167 exs-tat
639 4113 693 4166 in
733 4119 880 4165 tomo
921 4110 963 4164 II
1007 4108 1280 4179 Spicilegii
1317 4107 1510 4163 Domni
1544 4108 1705 4179 Lucae
1738 4107 2008 4179 Dacherii.

414 4182 608 4238 Postea
638 4196 761 4236 cum
789 4178 1081 4251 Lotlrarius
1108 4178 1245 4251 Aug.
1273 4178 1534 4251 adversus
1564 4178 1899 4251 Ludovicum
1924 4194 2014 4247 pa-

413 4264 553 4309 trem
577 4251 884 4313 rebellaret,
912 4248 1355 4304 Bartholomaeus-
1370 4248 1610 4304 Lotharii
1638 4256 1821 4313 partes
1846 4248 2007 4313 fovit;

413 4324 756 4392 abeunteque
785 4320 1044 4377 Lotltario
1083 4320 1136 4374 in
1166 4319 1377 4374 Italiam
1404 4334 1546 4392 anno
1580 4316 1705 4392 85},
1736 4316 2015 4373 Bartbolo-

413 4409 613 4458 nimus,
643 4388 832 4447 relicta
867 4397 1059 4447 contra
1098 4405 1284 4445 sacras
1315 4390 1530 4459 regulas
1566 4388 1693 4445 sede
1729 4402 1851 4453 sua,
1883 4404 2009 4459 cum

411 4466 703 4519 comitatus
727 4471 842 4527 est,
875 4469 934 4516 ut
963 4459 1295 4517 Flodoardus
1331 4458 1497 4514 tradit
1532 4459 1625 4513 lib.
1666 4475 1727 4522 ιι,
1765 4473 1882 4528 cap.
1916 4458 2006 4524 2i),

412 4532 665 4589 Historiae
701 4531 1044 4588 Rhemensis.
1086 4530 1452 4601 Mansit_ergo
1488 4528 1917 4601 Bartholomreus
1953 4530 2006 4601 in

410 4604 566 4658 Italia
597 4618 770 4672 usque
800 4602 867 4656 ad
897 4618 1101 4672 annum
1134 4600 1258 4672 844,
1287 4596 1425 4654 Tum
1463 4614 1593 4655 vero
1619 4615 1741 4672 eum
1777 4596 2011 4672 Ludovi-

410 4691 510 4729 cus
534 4669 776 4728 Lotharii
812 4672 957 4727 ﬁlius
987 4671 1215 4728 Romam
1243 4669 1523 4740 pergeret,
1554 4670 1807 4740 mandata
1834 4669 2008 4740 patris

412 4745 481 4799 ad
530 4744 839 4813 pontificem
879 4739 1552 4813 proceresqueﬁomanos
1585 4739 1894 4813 perlaturus
1942 4740 2008 4793 de

410 4808 845 4869 ordinationibus
879 4808 1206 4880 pontificum
1251 4810 1643 4871 Romanorum,
1704 4808 1833 4865 illuc
1876 4823 2008 4880 quo-

409 4900 518 4954 que
544 4884 875 4954 Ludovicum
904 4883 1196 4954 comitatus
1222 4880 1416 4954 est._Et
1438 4896 1560 4954 cum
1588 4880 1634 4935 is
1656 4887 1854 4937 unctus
1882 4880 2007 4934 fuis-

409 4950 495 5010 s'et
520 4955 575 5009 in
599 4968 781 5025 regem
808 4952 1306 5025 Langobardorum,
1336 4950 1763 5025 Bartltolomzeus
1788 4959 2004 5020 arrepta

407 5025 511 5081 hac
536 5020 824 5081 occasione
850 5020 1101 5093 Sergium
1139 5022 1179 5077 II
1218 5021 1527 5093 pontificem
1550 5021 1725 5076 oravit
1751 5034 2009 5093 una__cum‘

405 5095 630 5151 Ebbone
657 5089 1008 5151 Rbemensi'r
1047 5100 1108 5147 ut
1145 5089 1240 5147 eos
1276 5090 1630 5146 reconciliare
1673 5105 1738 5145 ac
1779 5089 2002 5159 pallium

405 5166 486 5221 eis
509 5165 748 5220 tribuere
780 5166 1113 5236 dignaretur.
1148 5162 1296 5236 Quos
1320 5162 1480 5236 etiam
1515 5161 1657 5216 idem
1681 5160 1875 5236 praesul
1903 5176 2003 5215 nec

404 5230 864 5292 eommunionem‘
886 5235 1030 5290 inter
1064 5234 1293 5289 clericos
1332 5233 1520 5302 dignos
1550 5246 1684 5302 esse
1724 5230 2003 5302 suscipere

830 5279 997 5359 iuterv
1012 5317 1355 5359 communem
1388 5279 1654 5371 ‘populum
1704 5279 2003 5371 commruni-
2027 5279 2080 5338 D

404 5376 563 5431 eundi
614 5375 889 5432 licentiam
937 5374 1310 5427 tantummodo
1358 5370 1639 5426 haberent.
1687 5390 1703 5422 ι
1748 5370 1823 5424 Ita
1854 5370 1999 5423 enim

405 5448 566 5502 docet
604 5456 796 5502 auctor
836 5444 1120 5500 Gestorum
1156 5441 1555 5497 Pontiﬁcalium
1600 5442 1667 5495 ab
1705 5439 2001 5494 Hincmaro

405 5517 657 5571 laudatus
686 5518 741 5572 in
767 5514 1035 5585 capite56
1060 5513 1378 5585 posterioris
1404 5511 1873 5585 operis_adv_ersus
1900 5508 2000 5564 Go-

406 5587 764 5650 tltcscalcum,
793 5580 920 5656 pag.
954 5580 1079 5639 326;
1112 5584 1302 5656 Itaque
1335 5580 1544 5649 deiecto
1582 5580 1996 5656 Bartholomreo,

402 5656 661 5713 Berarius
690 5658 743 5711 in
772 5650 892 5723 ejus
911 5655 1086 5710 locum
1116 5650 1373 5723 suffectus
1399 5659 1527 5723 cst_:
1556 5665 1720 5723 quem
1749 5650 2001 5706 Narbone

411 5727 637 5799 sedisse
662 5720 1001 5799 reperiogan.
1040 5723 1174 5799 με,
1219 5722 1285 5777 I9.
1326 5722 1443 5776 Kal.
1483 5720 1608 5799 Iulii
1641 5721 1693 5799 in
1729 5728 2001 5799 pnnccpto

408 5796 587 5856 Caroli
611 5790 754 5854 Calvi
782 5797 923 5865 regis
944 5812 1009 5851 co
1033 5794 1118 5852 die
1140 5796 1264 5851 dato
1282 5808 1381 5859 pro
1403 5792 1629 5849 ecclesia
1642 5790 2001 5857 Narbonensi,

2118 3968 3065 4045 ad_Th_eodboldurn_Lingpnensem.

2189 4041 2217 4080 δ
2246 4039 2569 4111 ίΗὶίάξῃίειιβ.
2603 4038 2738 4111 Hinc
2760 4038 2976 4111 c‘gnstat
3005 4038 3147 4111 hunc
3166 4038 3504 4111 rHiIdigisum
3542 4041 3716 4099 fuisse

2115 4127 2181 4167 ex
2212 4110 2357 4165 clero
2389 4108 2750 4181 Lugdunensi.
2781 4108 2849 4161 Et
2878 4107 3022 4181 haud
3052 4108 3209 4163 dubie
3243 4107 3529 4181 presbyter
3566 4123 3712 4178 erat,

2116 4196 2238 4235 cum
2262 4187 2385 4249 post
2407 4177 2555 4233 illum
2584 4177 2891 4233 nominetur
2920 4177 3113 4233 Florus
3132 4218 3146 4243 ,
3174 4177 3265 4249 qui
3292 4177 3555 4236 diaconus
3589 4177 3715 4237 tau;

2115 4260 2228 4306 tum
2256 4251 2376 4304 fuit.

2188 4332 2209 4359 ο
2251 4318 2465 4373 Florus.
2532 4318 2799 4374 Diaconus
2845 4319 3089 4374 ecclesia!
3140 4318 3546 4388 Lugdunensis,
3598 4322 3707 4388 vir,

2112 4399 2373 4460 quantum
2406 4388 2609 4460 ferebat
2632 4388 2719 4460 illa
2747 4397 2897 4454 aetas,
2926 4389 3338 4460 eruditissimus,
3358 4391 3516 4446 editis
3541 4391 3709 4447 etiam

2112 4457 2575 4515 lucubrationibus
2608 4457 2789 4513 clarus
2829 4478 2841 4512 :
2884 4460 2949 4514 de
2971 4459 3169 4528 quibus
3199 4460 3432 4514 diximus
3465 4462 3518 4515 in
3557 4463 3708 4517 notis

2112 4533 2178 4585 ad
2208 4531 2415 4597 Lupum
2446 4528 2873 4583 Ferrariensem.
2902 4530 3095 4584 Exstat
3119 4539 3299 4584 autem
3331 4530 3543 4586 libellus
3570 4531 3713 4597 ejus-

2111 4602 2233 4656 dem
2264 4598 2408 4655 Flori
2449 4600 2516 4654 de
2552 4598 2908 4670 electionibus
2937 4601 3343 4670 episcoporum,
3376 4601 3468 4669 qui
3504 4618 3536 4655 a
3571 4601 3711 4658 Masr

2110 4687 2244 4726 sono
2271 4670 2449 4724 editus
2478 4676 2562 4741 est
2589 4669 2657 4723 ad
2688 4669 2893 4741 calcem
2922 4669 3146 4739 operum
3164 4670 3448 4741 iAgobardi
3466 4711 3481 4734 ,
3508 4687 3706 4741 quem-

2110 4757 2215 4811 que
2240 4754 2485 4811 noscam
2497 4740 2679 4811 ipsam
2703 4738 2773 4793 ob
2796 4738 3014 4794 causam
3040 4738 3261 4809 prodire
3284 4738 3554 4795 voluimus
3578 4758 3705 4797 cum

2109 4808 2313 4867 eisdem
2343 4808 2615 4867 oneribus.

2179 4881 2204 4921 ά
2250 4878 2478 4947 Quidam
2522 4878 3412 4949 venerandusifrater.7Episcopus
3441 4881 3703 4938 nimirum

2110 4951 2445 5009 Uceticensis
2472 4950 2525 5005 in
2552 4949 2727 5018 prima
2758 4948 3130 5009 Narbonensi,
3155 4956 3215 5001 ut
3240 4948 3339 5018 ego
3366 4949 3584 5018 quidem
3612 4968 3703 5007 ar-

2105 5022 2299 5077 bitror.
2330 5019 2564 5075 Sedcbat
2589 5026 2771 5072 autem
2812 5026 2925 5072 tum
2957 5019 3097 5087 apud
3129 5018 3367 5074 Ucetiam
3386 5018 3701 5089 Elefantus,

2106 5100 2167 5147 ut
2190 5099 2335 5161 patet
2361 5106 2426 5145 ex
2458 5089 2699 5161 Manuali
2719 5089 3006 5161 Duodenae.

2182 5158 2206 5201 ὁ
2243 5160 2309 5215 1η
2336 5159 2567 5231 quadam
2594 5158 2812 5231 ecclesia
2829 5200 2852 5231 ,_
2876 5159 2929 5212 in
2967 5158 3187 5231 civitate
3208 5158 3537 5231 iUgeticensi
3566 5161 3699 5228 sita,

2106 5239 2165 5285 ut
2198 5228 2412 5285 constat
2448 5244 2515 5284 ex
2562 5228 2789 5297 epistola
2827 5228 3108 5282 Amulonis
3156 5230 3223 5284 ad
3267 5229 3698 5296 Theodboldum,

2106 5317 2160 5371 p.
2192 5301 2312 5371 142.

2186 5370 2203 5409 f
2246 5369 2508 5433 Firmini,
2556 5367 2889 5439 Uceticcnsis
2929 5370 3196 5439 epiSCOpi,
3249 5371 3341 5436 qui
3384 5384 3471 5422 an.
3509 5368 3612 5423 540
3641 5376 3703 5423 et

2106 5440 2211 5496 555
2241 5442 2295 5495 in
2332 5456 2391 5495 ea
2425 5438 2684 5493 cathedra
2714 5439 2884 5504 sedit,
2918 5438 3176 5508 cuiusque
3212 5438 3455 5492 meminit
3500 5440 3702 5508 Arator

2107 5510 2468 5565 subdiaconus
2510 5509 2563 5562 in
2592 5508 2815 5577 epistola
2844 5510 2909 5563 ad
2954 5508 3302 5563 Parthenium
3334 5524 3364 5562 a
3404 5507 3701 5563 Sirmundo

2107 5581 2251 5636 edita
2282 5588 2405 5649 post
2440 5588 2596 5649 notas
2628 5579 2693 5631 ad
2730 5578 3055 5649 Ennodium.
3091 5579 3360 5632 Habemus
3382 5593 3558 5649 porro
3597 5593 3699 5632 nos

2108 5648 2299 5705 Vitam’
2314 5650 2450 5720 ejus,
2477 5664 2507 5702 a
2535 5648 2665 5720 viris
2688 5649 2914 5720 eruditis
2939 5648 3230 5720 laudatam,
3254 5648 3490 5703 nondum
3515 5658 3699 5702 tamen

2108 5721 2306 5778 editam
2324 5718 2353 5785 ,ἡ
2381 5734 2542 5789 quam
2580 5718 2708 5789 olim
2747 5718 2955 5789 Tolosa:
3000 5718 3383 5783 descripsimus
3419 5732 3483 5771 ex
3515 5731 3708 5787 perve-

2110 5800 2255 5848 tusto
2281 5786 2466 5848 codice
2497 5803 2599 5843 ms.
2629 5786 2841 5857 collegii
2867 5787 3158 5846 Fuxcnsis.
