3918 6312
189 366 279 426 181
541 383 548 388 ·
1321 367 1536 428 EPIST.
1578 370 1672 427 AD
1703 367 2324 432 BARTHOLOMzEUM.
3361 382 3467 442 18‘}

185 483 456 549 videntes,
487 497 613 539 cum
635 499 774 540 unus
803 483 876 539 sit
903 483 1143 540 onmium
1165 481 1448 550 Dominus,
1480 485 1573 554 qui
1594 482 1777 556 ilagel-
1803 489 1854 547 Λ
1881 484 2040 540 nibus
2100 495 2338 542 tractare
2382 489 2563 544 conati
2618 499 2765 555 sunt,
2834 493 3229 568 quinquaginta
3297 500 3472 561 millia

184 576 260 630 lat
281 584 339 630 et
368 576 638 641 medetur,
674 576 910 648 percutit
941 585 996 631 et
1041 583 1217 641 sanat,
1266 575 1415 630 ducit
1442 574 1514 630 ad
1554 573 1746 630 inferos

1879 577 2053 649 plebis
2081 583 2324 650 percussi
2351 584 2609 638 dicuntur
2639 601 2669 640 a
2701 585 2950 650 Domino,
2985 588 3075 666 qui
3114 588 3245 642 nihil
3270 591 3466 649 horum

189 675 243 720 ct
272 666 533 735 reducit?
568 667 646 722 De
675 681 783 736 quo
811 665 1003 721 beatus
1029 663 1131 720 Job
1158 662 1522 721 conﬁtebatur
1548 664 1773 719 dicens:
1881 667 2072 725 fecisse
2107 672 2363 728 credendi
2425 683 2552 729 sunt
2580 694 2591 728 :
2648 677 2742 747 qui
2778 685 2958 733 tamen
3002 662 3110 735 etsi
3161 682 3466 740 ministerio

190 757 516 813 Miseremini
559 757 680 823 mei,
727 757 1045 812 miseremini
1092 755 1213 820 mei,
1256 753 1444 818 saltem
1491 769 1580 809 uos
1620 754 1778 808 amici
1879 759 2053 830 angeli
2089 763 2447 830 percutientis
2494 763 2766 821 interfecti
2802 776 2948 834 sunt,
3013 779 3160 826 recte
3195 771 3454 830 dicuntur

187 849 309 915 mei,
363 851 490 920 quia
541 866 730 904 manus
773 848 986 904 Domini
1017 847 1185 918 tetigit
1220 863 1322 912 me,
1355 861 1479 901 cum
1505 855 1655 902 certe
1681 861 1778 902 ea-
1878 861 1908 900 a
1946 847 2172 905 Domino
2229 853 2494 920 percussi.
2559 856 2855 910 secundum
2915 859 3156 928 regulam
3211 864 3464 934 superius

185 941 309 997 dem
345 940 632 1012 Scriptura
681 941 870 997 dicat;
928 939 1198 994 Percussit
1239 955 1357 993 eum
1402 936 1571 993 Satan
1605 938 1776 993 ulcere
1876 946 2172 993 ostensam.

181 1033 429 1103 pessimo.
465 1032 572 1088 Sed
603 1033 727 1089 licet
784 1045 1076 1103 percussor
1103 1030 1454 1101 percusserit,
1488 1045 1774 1099 percusso-
1947 1026 2031 1083 Vl.
2069 1029 2324 1086 Forsitan
2374 1033 2627 1090 similiter
2661 1037 2870 1093 dubitet
2921 1040 3116 1111 aliquis
3147 1044 3214 1099 de
3247 1047 3462 1106 duobus

181 1140 298 1180 rem
321 1133 506 1181 tamen
529 1125 737 1181 habens
764 1125 819 1179 in
854 1130 1123 1194 potestate
1150 1121 1394 1194 tetigisse
1422 1121 1638 1188 dicitur,
1664 1139 1771 1179 non
1873 1119 2353 1192 quinquagenariis
2417 1141 2542 1190 cum
2575 1128 2970 1200 quinquagenis
3031 1134 3146 1190 suis
3189 1136 3256 1191 ad
3287 1137 3463 1195 Eliam

180 1216 358 1273 solum
382 1218 437 1273 in
468 1232 716 1288 corpore,
744 1231 931 1270 verum
953 1215 1118 1270 etiam
1145 1215 1200 1269 in
1226 1213 1520 1270 amissione
1544 1229 1726 1270 rerum
1752 1229 1766 1280 ;
1871 1211 2075 1278 missis,
2106 1219 2293 1267 utrum
2324 1214 2626 1272 ministerio
2675 1219 2918 1289 angelico
2972 1223 3082 1277 sint
3111 1225 3296 1280 occisi.
3325 1225 3462 1283 Pro-

176 1311 318 1366 sicut
358 1311 498 1365 idem
523 1311 720 1364 iterum
742 1308 819 1363 ait
849 1325 861 1361 :
890 1306 1151 1361 Dominus
1175 1306 1340 1372 dedit,
1370 1305 1631 1360 Dominus
1657 1307 1772 1361 abs-
1868 1307 1990 1369 pler
2043 1301 2187 1370 (100d
2244 1301 2526 1374 Scriptura
2589 1308 2722 1362 dicit
2770 1310 2950 1380 ignem
3013 1313 3363 1373 descendisse
3391 1319 3457 1374 de

169 1396 313 1465 tulit,
347 1414 474 1454 cum
516 1399 776 1455 Dominus
810 1398 1010 1453 dixerit
1058 1398 1160 1468 ipsi
1181 1397 1394 1452 diabolo
1431 1415 1444 1450 :
1482 1396 1619 1452 Ecce
1650 1414 1768 1469 quae
1868 1390 2028 1455 caelo,
2054 1401 2107 1447 et
2135 1393 2426 1450 devorasse
2450 1410 2564 1452 eos.
2603 1396 2708 1454 Sed
2749 1404 2990 1458 attendat
3028 1407 3145 1475 pari
3193 1409 3353 1465 modo
3388 1411 3457 1466 de

169 1488 327 1543 habet
362 1489 630 1555 uniuersa,
686 1489 742 1542 in
776 1505 938 1543 manu
973 1497 1065 1542 tua
1096 1496 1239 1541 sunt.
1298 1485 1404 1542 Sed
1442 1487 1570 1557 quia
1623 1487 1766 1543 hanc
1865 1480 2009 1535 beati
2043 1480 2144 1538 Job
2175 1484 2364 1540 ovibus
2388 1485 2592 1542 dictum
2622 1507 2634 1540 :
2672 1488 2818 1560 Ignis
2844 1492 2944 1546 Dei
2986 1496 3171 1550 cecidit
3215 1499 3280 1552 de
3303 1499 3452 1566 celo,

167 1592 465 1650 percussor
492 1586 818 1648 potestatem
859 1577 1060 1632 habere
1113 1592 1392 1648 nunquam
1433 1586 1632 1648 potest,
1659 1577 1762 1632 nisi
1864 1581 1911 1625 et
1943 1582 2109 1627 tactas
2132 1591 2248 1628 oves
2279 1593 2569 1645 puerosque
2595 1584 2914 1652 consumpsit
2945 1602 2965 1640 ε
2999 1602 3121 1640 cum
3151 1603 3313 1644 nemo
3359 1590 3456 1645 du-

169 1669 447 1740 aceeperit
474 1669 542 1724 ab
573 1683 638 1724 eo
663 1669 719 1723 in
751 1669 906 1739 cujus
941 1675 996 1723 et
1026 1668 1141 1738 ipse
1177 1675 1450 1738 potestate
1479 1677 1563 1724 est
1591 1685 1605 1734 ;
1633 1683 1758 1738 pro-

167 1769 357 1832 pterea
391 1761 495 1831 ipsi
525 1761 812 1816 tribuenda
838 1767 926 1816 est
954 1767 1195 1829 potestas
1221 1760 1312 1828 qui
1339 1759 1434 1814 dat
1457 1768 1512 1815 et
1539 1761 1755 1827 retinet,

1862 1660 1998 1716 bitet
2031 1661 2133 1717 hoc
2166 1663 2472 1720 ministerio
2499 1665 2716 1724 Satanae
2745 1669 2962 1727 factum.

1932 1751 2037 1806 VII.
2074 1752 2318 1809 Alterum
2347 1772 2476 1812 vero
2510 1771 2678 1828 genus
2703 1771 2806 1826 est,
2841 1779 2946 1833 quo
2984 1767 3036 1820 in
3062 1768 3324 1837 quosdam
3355 1772 3449 1826 ho-

164 1850 434 1919 permittit
468 1858 524 1905 et
577 1849 810 1906 cohibet.
869 1848 1090 1904 Talibus
1137 1849 1400 1919 exemplis
1426 1850 1598 1918 plenae
1631 1860 1757 1907 sunt
1784 1842 1830 1900 Β
1857 1843 2031 1935 mimis
2059 1846 2350 1914 vaalel‘e
2379 1847 2590 1904 νίάθῑυν
2611 1851 2879 1924 ἀίίὼοιηθν
2898 1871 3002 1914 ηυη
3028 1866 3136 1916 iam
3168 1860 3236 1919 ad
3262 1851 3453 1935 ρθτέιυ

167 1938 488 2009 Scriptura,
531 1941 672 1997 sicut
692 1951 746 1998 et
767 1942 895 1998 illud
916 1944 1062 2014 quod
1087 1943 1283 2014 legitur
1318 1946 1385 1999 de
1409 1942 1593 2009 Saule,
1617 1946 1759 2015 quod

165 2030 396 2101 spiritus
428 2032 603 2088 malus
630 2034 920 2104 arripuerit
946 2048 1092 2089 eum.
1123 2034 1184 2089 In
1230 2035 1428 2108 quibus
1455 2036 1638 2094 verbis
1666 2037 1760 2095 ad-

167 2121 496 2180 mirabiliter
522 2124 759 2182 ostendit
783 2123 1082 2205 ‘Seriptura
1116 2128 1296 2184 divina
1329 2137 1384 2183 et
1427 2137 1755 2198 potestatem

169 2215 404 2272 Domino
431 2216 766 2273 tribuendam
791 2233 929 2283 esse,
954 2227 1012 2274 et
1030 2219 1292 2273 malitiam
1315 2218 1528 2275 diabolo
1555 2238 1566 2272 :
1593 2236 1755 2289 quam

166 2307 362 2378 utique
409 2323 519 2362 non
566 2307 783 2377 accipit,
833 2307 985 2364 sed’a
1037 2309 1330 2377 semetipso
1373 2309 1579 2364 habet:
1615 2309 1756 2379 quod

165 2408 354 2456 autem
382 2416 490 2456 non
521 2401 688 2457 habet
719 2401 936 2472 accipit,
976 2402 1030 2457 id
1055 2409 1159 2465 est,
1188 2409 1536 2471 potestatem.

234 2489 322 2545 ιιι.
364 2488 471 2546 Sed
500 2491 568 2546 de
594 2490 680 2546 his
705 2505 812 2546 non
841 2506 1067 2547 necesse
1097 2492 1360 2547 habemus
1386 2492 1626 2547 scribere
1655 2509 1752 2546 vo-

162 2579 266 2642 bis,
307 2581 566 2650 quoniam
618 2579 834 2636 habetis
877 2581 1047 2636 multa
1104 2581 1418 2636 sublimium
1473 2581 1754 2636 doctorum

158 2670 473 2726 sublimiter
499 2670 662 2727 dicta.
703 2670 908 2727 Tamen
941 2672 1049 2727 duo
1088 2671 1346 2727 videntur
1374 2671 1529 2726 nobis
1556 2686 1753 2742 genera

158 2761 316 2817 vobis
354 2760 730 2832 significanda,
767 2777 889 2833 quae
915 2763 1072 2838 nobis
1094 2771 1149 2817 et
1190 2762 1344 2817 vobis
1382 2762 1587 2832 pariter
1609 2777 1756 2836 qna:-

159 2851 334 2906 renda
381 2858 656 2920 putamus.
711 2851 782 2906 Et
828 2867 993 2906 unum
1027 2852 1243 2922 quidem
1303 2851 1434 2906 illud
1471 2860 1577 2917 est,
1609 2851 1753 2920 quod

160 2951 348 2999 utrum
409 2943 701 3014 correptio,
742 2960 811 2998 an
861 2943 1171 3008 inﬁrmitas,
1227 2943 1310 2999 vel
1340 2943 1518 3014 potius
1581 2943 1753 2998 virtus

158 3035 392 3090 dicenda
421 3035 514 3099 sit,
544 3034 836 3090 nescimus.
877 3034 989 3090 Hoc
1035 3041 1246 3088 tantum
1274 3034 1328 3088 in
1353 3033 1543 3088 eadem
1573 3048 1631 3087 re
1653 3047 1752 3087 nos

154 3129 301 3184 scire
349 3135 630 3198 putamus,
679 3128 823 3198 quod
858 3127 1056 3182 nullius
1107 3125 1432 3181 adversaria:
1465 3125 1752 3195 potestatis

1863 1934 2104 1988 tiendum
2162 1951 2326 2009 quam
2377 1939 2444 1996 ad
2495 1939 2860 2014 illudendum;
2896 1950 2962 2004 de
2994 1952 3192 2020 quibus
3250 1934 3449 2012 multos

1863 2026 2169 2081 audivimus
2221 2036 2294 2082 et.
2323 2033 2675 2102 cognovimus
2704 2050 2735 2090 a
2766 2036 3122 2108 daemonibus,
3179 2042 3450 2114 lapidibus

1859 2129 1915 2175 et
1951 2120 2182 2176 fustibus
2211 2139 2400 2192 caesos,
2432 2135 2487 2181 et
2521 2128 2574 2182 in
2603 2129 2751 2186 nullo
2803 2131 2998 2199 laesos;
3034 2135 3244 2206 aliquos
3269 2146 3450 2195 tamen

1861 2219 1914 2265 et
1944 2211 2130 2269 illusos
2161 2223 2217 2270 et
2243 2214 2399 2272 lassos
2427 2236 2439 2271 :
2471 2219 2524 2273 in
2564 2222 2762 2290 quibus
2799 2225 2942 2280 nulla
2973 2227 3076 2282 alia
3102 2245 3266 2286 causa
3295 2233 3446 2289 vide-

1860 2312 1949 2360 tur
1975 2321 2080 2375 qua
2110 2306 2164 2362 id
2195 2306 2310 2373 ﬂat,
2343 2309 2446 2364 nisi
2472 2319 2566 2366 aut
2589 2313 2824 2371 inanitas
2847 2317 2991 2384 fidei,
3026 2330 3120 2375 aut
3162 2323 3450 2381 delectatio

1859 2396 2152 2487 vanitatis:
2194 2397 2349 2468 cujus
2401 2401 2481 2456 rei
2530 2405 2775 2476 exempla
2822 2407 2980 2464 facile
3035 2413 3102 2467 de
3152 2413 3448 2487 Scripturis

1853 2485 2099 2556 proferre
2131 2503 2238 2544 non
2273 2505 2598 2560 possumus:
2634 2497 2729 2553 sed
2757 2506 2936 2554 tamen
2969 2503 3144 2560 nullus
3174 2485 3311 2576 pene
3336 2508 3437 2564 ho~

1857 2576 2064 2631 minum
2112 2586 2194 2634 est
2221 2580 2312 2650 qui
2346 2581 2471 2637 talia
2505 2599 2610 2639 non
2644 2587 2899 2656 audierit,
2938 2591 3019 2646 vel
3055 2594 3287 2661 viderit;
3320 2615 3446 2653 cum

1855 2667 2100 2737 plerique
2126 2685 2267 2725 vano
2291 2679 2501 2729 terrore
2528 2683 2621 2730 aut
2649 2668 2787 2732 vana
2817 2680 3179 2739 admiratione
3201 2689 3442 2755 attoniti,

1855 2760 2178 2814 inanescunt
2202 2776 2364 2816 sensu
2388 2771 2444 2818 et
2488 2764 2686 2821 virtute
2717 2769 2905 2822 animi.
2947 2769 3106 2828 Novit
3156 2777 3299 2832 enim
3331 2780 3445 2834 dia-

1852 2847 2027 2915 bolus,
2057 2858 2118 2904 ut
2141 2851 2216 2904 ait
2236 2851 2430 2909 beatus
2465 2853 2578 2910 Leo
2609 2855 2810 2927 (Serm.
2848 2859 2879 2912 7
2909 2861 2966 2915 in
2999 2862 3183 2920 Natio.
3235 2866 3440 2942 Dom.),

1854 2956 2013 3010 quem
2050 2957 2286 2998 maerore
2331 2944 2567 3016 dejieiat,
2620 2963 2777 3018 quem
2831 2949 2982 3006 fallat
3028 2959 3242 3026 gaudio,
3277 2976 3441 3030 quem

1854 3039 2004 3086 metu
2042 3032 2334 3102 opprimat,
2385 3050 2545 3104 quem
2595 3039 2953 3097 admiratione
3008 3047 3250 3103 seducet.
3287 3051 3444 3108 Unde

1855 3132 1909 3177 ct
1946 3123 2240 3194 Apostolus
2269 3137 2452 3181 monet
2482 3145 2494 3180 :
2524 3126 2622 3183 Cui
2647 3131 2870 3186 resistite
2903 3134 3065 3204 fortes
3093 3141 3148 3192 in
3179 3139 3304 3208 ﬁde.
3337 3142 3444 3210 Qui

154 3197 468 3276 ministerio
493 3197 757 3291 geratur;
795 3220 938 3274 sicut
966 3228 1052 3274 est
1078 3219 1146 3273 de
1179 3219 1339 3274 beato
1374 3219 1638 3274 Zacharia
1659 3232 1746 3272 sa-
1775 3197 1820 3258 C
1852 3229 2067 3285 semper
2093 3218 2321 3273 nocendi
2375 3219 2602 3288 cupidus
2650 3231 2755 3288 est,
2782 3233 2838 3278 et
2873 3197 2998 3280 eum
3035 3227 3086 3282 id
3122 3197 3444 3290 se'osten‘dit

156 3313 382 3369 cerdote
410 3311 692 3366 incedente
725 3311 779 3365 in
811 3311 1064 3366 omnibus
1093 3311 1362 3366 mandatis
1405 3319 1459 3367 ct
1477 3309 1745 3379 iustifica-

155 3401 403 3459 tionibus
430 3401 641 3457 Domini
689 3401 808 3456 sine
859 3401 1116 3470 querela;
1157 3401 1249 3470 qui
1278 3401 1534 3471 quoniam
1563 3401 1742 3456 incre-

152 3495 318 3550 dulus
364 3493 466 3548 fuit
500 3493 877 3563 promissionis
923 3493 974 3546 ei
998 3491 1153 3547 factte
1182 3507 1212 3546 a
1238 3491 1494 3548 Gabriele
1515 3493 1746 3547 archan-

152 3583 298 3654 gelo,
332 3583 548 3638 silentio
597 3582 886 3637 mulctatus
913 3590 1016 3637 est.
1048 3581 1205 3649 Quod
1254 3590 1310 3637 et
1345 3583 1428 3636 vir
1451 3582 1746 3637 desiderio-

152 3693 276 3732 rum
340 3677 531 3732 beatus
590 3675 778 3731 Daniel
834 3675 1055 3741 fatetur,
1110 3677 1343 3732 dicens:
1383 3675 1630 3740 Domine,
1688 3677 1745 3729 in

149 3767 356 3823 uisione
382 3776 473 3821 tua
507 3767 780 3823 dissoluta:
814 3777 936 3822 sunt
985 3784 1258 3839 compages
1315 3784 1444 3821 mea:
1468 3781 1486 3818 :
1520 3765 1664 3820 unde
1687 3780 1744 3820 se

146 3861 285 3915 dicit
345 3867 532 3930 postea
588 3859 858 3931 languisse
915 3875 1011 3929 per
1065 3861 1180 3916 dies
1203 3860 1485 3930 plurimos:
1519 3859 1588 3914 Et
1614 3860 1745 3914 bea-

148 3959 239 4006 tus
296 3949 470 4006 Jacob
523 3951 735 4006 luctans
791 3965 914 4005 cum
973 3950 1182 4022 angelo,
1243 3950 1469 4006 claudus
1520 3948 1744 4006 effectus

147 4051 253 4098 est.

203 4153 297 4209 ιν.
319 4150 529 4224 ’Νεψιθ
561 4154 665 4207 hoc
689 4154 918 4209 dicimus
949 4153 1106 4224 quasi
1140 4153 1386 4210 diabolus
1437 4154 1494 4207 in
1530 4161 1746 4209 sanctos

148 4246 299 4300 nulla
329 4253 555 4314 accepta
587 4253 854 4314 potestate
884 4255 1143 4316 operetur
1177 4246 1568 4318 correptiones,
1620 4263 1744 4302 cum

147 4337 448 4408 Apostolus
480 4345 664 4406 aperte
694 4338 839 4392 dicat
869 4338 1056 4393 datum
1102 4339 1202 4393 sibi
1234 4339 1510 4394 stimulum
1541 4341 1742 4403 carnis,

1851 3306 1996 3374 quod
2041 3315 2144 3372 est,
2177 3316 2233 3362 et
2268 3323 2393 3362 cum
2425 3324 2483 3363 se
2515 3311 2870 3380 transfigurat
2904 3315 2957 3369 in
2994 3320 3245 3390 angelum
3277 3324 3438 3392 lucis,

1848 3407 1902 3451 et
1929 3397 2093 3452 veluti
2125 3399 2370 3468 qumdam
2411 3401 2705 3456 sanitatum
2745 3404 2898 3475 signa
2948 3407 3304 3473 demonstrat.
3339 3415 3437 3472 Cui

1847 3493 2034 3561 utique
2069 3493 2121 3546 in
2161 3503 2393 3563 utroque
2427 3510 2554 3549 vere
2591 3498 2949 3552 resistendum
2989 3512 3092 3568 est,
3133 3515 3192 3559 ut
3219 3523 3321 3563 nec
3347 3525 3439 3564 va-

1849 3597 1949 3637 nos
1984 3595 2222 3639 terrores
2284 3583 2660 3654 formidemus,
2698 3603 2797 3645 nec
2842 3593 2995 3648 vanis
3035 3596 3310 3654 miraculis
3348 3602 3440 3656 dc-

1848 3673 2130 3729 lectemur.

1923 3782 2051 3837 Vill.
2095 3783 2220 3838 "me
2251 3786 2317 3840 de
2355 3786 2566 3842 duobus
2596 3790 2917 3858 quibusdam
2947 3797 3237 3863 generibus
3263 3801 3436 3858 inten-

1846 3869 2156 3938 posuimus;
2199 3886 2389 3937 unum,
2422 3873 2514 3927 ubi
2545 3874 2678 3928 nihil
2733 3877 3082 3936 admixtionis
3138 3884 3301 3941 habet
3335 3889 3438 3943 mif-

1847 3959 2132 4015 nisterium
2168 3962 2394 4027 diaboli,
2451 3964 2593 4020 sicut
2620 3966 2685 4020 de
2723 3968 2881 4024 beato
2935 3971 3200 4029 Zacharia
3243 3988 3298 4032 et
3326 3979 3432 4034 Da-

1847 4050 1987 4105 niele
2010 4067 2074 4106 ac
2100 4050 2202 4108 Job
2238 4054 2513 4121 diximus;
2563 4057 2812 4122 alterum,
2846 4061 2936 4115 ubi
2968 4062 3257 4122 infirmitas
3287 4069 3435 4137 fidei,

1849 4148 1903 4195 et
1931 4142 2166 4205 inanitas
2205 4146 2452 4211 rationis,
2497 4148 2609 4202 sive
2640 4150 2908 4219 exiguitas
2945 4169 3158 4222 sensus,
3189 4159 3242 4212 in
3271 4174 3436 4216 causa

1847 4243 1951 4290 est.
1991 4235 2146 4291 Libet
2192 4246 2373 4293 autem
2405 4239 2494 4295 hic
2544 4239 2836 4314 adiungere
2877 4244 2964 4298 illa
2994 4261 3186 4318 magna
3225 4260 3279 4304 et
3306 4251 3436 4308 bor-

1848 4327 2027 4381 ribilia
2082 4343 2202 4398 qua:
2237 4329 2496 4386 Dominus
2535 4331 2652 4387 fieri
2682 4335 2851 4389 voluit
2881 4337 2950 4392 ad
2977 4341 3342 4399 eruditionem
3367 4346 3433 4401 fl-

150 4429 413 4500 angelum
441 4427 694 4494 Satanae;
725 4430 820 4483 sed
849 4430 975 4498 quia
1003 4430 1086 4484 ha
1114 4430 1246 4484 tales
1293 4430 1468 4499 excipi
1517 4438 1747 4498 possunt
1847 4417 2044 4473 delium
2072 4439 2082 4474 :
2136 4421 2187 4474 in
2219 4422 2414 4490 quibus
2443 4421 2702 4477 docemur
2735 4426 2901 4480 etiam
2954 4428 3228 4487 diabolum
3258 4437 3435 4494 rebel-

144 4537 177 4576 a
209 4518 434 4575 ameris
485 4519 944 4587 ρετουεείοηίυυς,
983 4519 1145 4573 etiam
1182 4520 1251 4573 ab
1297 4519 1386 4572 illa
1429 4534 1535 4588 qua
1573 4518 1740 4573 Maria
1766 4540 1820 4599 Β
1846 4507 1949 4563 lem
1977 4510 2196 4566 luminis
2226 4511 2336 4566 Deo
2368 4513 2595 4577 servire,
2646 4524 2702 4568 ct
2727 4516 3043 4574 ministrum
3088 4537 3208 4578 esse
3235 4525 3434 4586 divina:

144 4613 306 4668 θοι-οῖ
347 4609 523 4681 Moysi
547 4619 602 4665 et
624 4609 804 4666 Aaron
835 4619 890 4666 et
920 4611 1076 4667 Osias
1111 4627 1207 4667 rex
1235 4613 1481 4689 percussi
1509 4622 1635 4667 sunt
1659 4613 1739 4668 le-

1853 4603 2198 4672 operationis,
2223 4619 2347 4658 cum
2377 4619 2475 4674 per
2507 4605 2656 4658 illum
2695 4621 2807 4662 non
2834 4610 3007 4665 selum
3048 4615 3222 4681 malis,
3256 4620 3349 4674 sed
3376 4633 3434 4677 ct

142 4716 281 4772 pm;
326 4698 420 4754 illa
458 4708 677 4770 propter
726 4710 1009 4771 peccatum
1065 4703 1441 4769 detractionis,
1498 4703 1588 4757 me,
1617 4703 1740 4774 pi-o.
1840 4696 1997 4749 bonis
2057 4693 2266 4765 ﬂagella
2315 4703 2370 4748 et
2417 4696 2795 4752 tribulationes
2848 4701 3220 4776 admoventur.
3276 4709 3430 4776 Quod

123 4799 272 4862 .pter
336 4791 652 4860 superbiam
705 4794 1160 4863 praesumptionis.
1231 4792 1290 4848 Si
1340 4809 1470 4850 vero
1517 4795 1573 4849 in
1631 4795 1735 4859 his,
1840 4787 1984 4840 enim
2017 4787 2396 4856 percussiones
2448 4787 2634 4857 impiis
2668 4796 2723 4844 et
2774 4789 3081 4849 inﬁdelibus
3133 4802 3431 4866 permalos

142 4890 334 4938 υιιουω
369 4883 485 4938 εοιο
521 4883 618 4938 Dei
653 4893 806 4950 num,
858 4901 926 4940 an
961 4886 1264 4941 ministerio
1295 4885 1609 4957 angelorum
1645 4887 1740 4940 bo.
1839 4878 2080 4948 angelos,
2138 4878 2464 4948 irrugentur,
2530 4878 2816 4936 Psalmista
2874 4883 2939 4938 de
2977 4885 3173 4956 plagis,
3232 4893 3428 4960 quibus

142 4988 348 5028 norum
381 4987 477 5027 seu
509 4973 796 5040 malorum,
823 4984 974 5046 gesta
1019 4975 1149 5041 sint,
1200 4975 1516 5042 dubitatur;
1557 4975 1737 5030 nesci-

141 5080 268 5120 mus
298 5073 487 5118 utrum
525 5064 599 5118 ita
634 5064 868 5120 dubitari
929 5067 1103 5135 possit
1150 5067 1216 5120 de
1270 5065 1459 5121 Nadab
1486 5073 1542 5121 et
1570 5065 1735 5128 Abiu,

141 5158 209 5213 de
237 5155 448 5226 quibus
512 5156 774 5226 scriptum
830 5165 917 5211 est
942 5157 1083 5227 quod
1115 5173 1367 5230 egressus
1407 5157 1546 5228 ignis
1577 5174 1606 5211 a
1635 5156 1739 5213 Do-

141 5249 294 5304 mino
323 5247 604 5303 interfecit
649 5251 765 5304 'eos.
797 5247 895 5305 Cui
928 5251 1008 5304 rei
1053 5251 1229 5305 simile
1256 5250 1470 5304 videtur
1500 5250 1569 5304 de
1602 5248 1735 5314 Ozn,

139 5340 235 5410 qui
267 5353 461 5394 arcam
498 5338 710 5395 Domini
756 5348 1064 5396 sustentare
1113 5357 1465 5411 prazsnmcns,
1516 5355 1738 5411 percus-

139 5443 238 5486 sus
275 5444 308 5482 a
342 5428 578 5483 Domino
608 5429 825 5501 legitur,
855 5439 909 5486 et
934 5431 1169 5485 occisus.

213 5521 280 5576 ν.
317 5519 431 5575 Sed
479 5520 607 5600 quia
633 5519 837 5589 judicia
895 5521 1111 5576 Domini
1166 5537 1381 5592 semper
1423 5520 1593 5589 justa,
1625 5521 1728 5576 fre-

139 5618 385 5683 quenter
404 5611 617 5666 occulta
649 5621 793 5680 sunt,
825 5613 1122 5669 occultiora
1152 5613 1327 5669 adhuc
1357 5614 1513 5668 nobis
1551 5614 1738 5670 viden-

142 5714 233 5762 tur
254 5705 312 5760 in
337 5712 516 5759 morte
545 5705 997 5761 Bethsamitarum
1025 5725 1037 5759 :
1069 5706 1160 5760 ubi
1186 5707 1429 5775 exceptis
1453 5722 1555 5762 Lxx
1579 5706 1731 5772 viris,

139 5798 237 5870 qui
268 5798 508 5854 forsitan
560 5803 652 5851 aut
684 5795 992 5852 sacrificare
1029 5804 1121 5852 aut
1150 5809 1331 5852 arcam
1383 5796 1595 5853 Domini
1622 5813 1736 5852 ma-

1839 4966 2104 5037 }Egyptus
2133 4982 2389 5036 percussa
2422 4977 2529 5033 est,
2559 4969 2807 5040 loquens,
2839 4985 3025 5043 aperte
3058 4978 3316 5046 declarat,
3351 4985 3428 5037 di-

1840 5077 2002 5117 cens:
2033 5060 2177 5114 Misit
2208 5061 2262 5114 in
2296 5077 2382 5115 eos
2411 5062 2548 5114 iram
2581 5063 2958 5134 indignationis
3003 5085 3134 5136 stuc,
3184 5073 3427 5144 indigna-

1839 5153 2053 5216 tionem,
2102 5160 2150 5204 et
2180 5153 2336 5213 iram,
2391 5160 2438 5205 et
2489 5152 2902 5220 tribtdationcm,
2950 5158 3296 5217 intrnissiones
3333 5182 3431 5236 per

1839 5239 2048 5310 angelos
2098 5241 2266 5294 malos
2303 5239 2477 5312 (Psal.
2528 5259 2731 5308 Lxxvn,
2771 5243 2883 5316 ω).
2938 5247 2995 5302 ιη
3023 5247 3160 5304 libro
3211 5268 3426 5325 quoque

1838 5333 2208 5389 Ecclesiastici
2265 5334 2464 5405 legitur
2496 5333 2704 5406 (xxxix,
2730 5336 2828 5408 .55)
2857 5357 2869 5390 :
2914 5337 3048 5393 Sunt
3081 5343 3296 5412 spiritus
3331 5349 3423 5417 qui

1838 5425 1908 5479 ad
1930 5425 2211 5479 vindictam
2238 5428 2399 5479 creati
2449 5435 2592 5486 sunt,
2621 5436 2668 5480 et
2715 5428 2768 5480 in
2800 5427 2980 5496 furore
3016 5448 3111 5486 suo
3139 5435 3422 5503 ron/inna-

1833 5528 2018 5573 uerunt
2061 5519 2315 5571 tormenta
2342 5535 2458 5572 sua.
2503 5517 2652 5573 Unde
2676 5526 2732 5572 et
2761 5519 2814 5573 in
2844 5519 2984 5575 libro
3018 5522 3200 5578 'l‘obia:
3229 5524 3330 5596 (ιιι,
3364 5528 3419 5582 8)

1838 5613 1904 5667 de
1939 5610 2072 5666 Sara
2136 5611 2242 5665 tilia
2281 5611 2540 5680 Raguelis
2599 5611 2795 5683 legitur
2832 5615 2974 5682 quod
3005 5616 3200 5669 tradita
3245 5622 3421 5686 [uerat

1837 5713 2025 5774 septem
2051 5702 2191 5766 viris,
2217 5711 2262 5754 et
2287 5701 2605 5756 da‘ntonium
2651 5705 2854 5758 nomine
2885 5705 3192 5762 Asmodteas
3215 5711 3420 5764 occide-

1839 5803 1918 5848 rat
1945 5811 2049 5860 cos,
2091 5808 2213 5846 mox
2257 5801 2310 5845 at
2345 5791 2564 5862 ingrcssi
2614 5795 2830 5863 fuissent
2864 5796 2933 5850 ad
2987 5815 3120 5853 cam.
3167 5800 3238 5855 De
3287 5815 3416 5874 rcgo
