3918 6330
417 379 522 439 483

1382 382 1439 440 S.
1481 384 1830 441 AGOBARDI
1868 382 2178 440 EPISCOPI
2217 385 2713 449 LUGDUNENSIS

3614 396 3710 455 188

413 482 596 530 autein
621 471 789 543 impio
805 470 989 530 Achaz
1016 473 1070 528 in
1096 474 1236 531 libro
1254 473 1704 545 Paralipomenon
1729 476 2012 546 Scriptura
2040 476 2093 535 Α
2119 491 2245 530 num
2276 480 2495 535 extollat
2524 500 2629 549 me,
2654 484 2812 541 datus
2838 497 2913 542 est
2944 489 3072 543 mihi
3093 488 3342 543 stimulus
3359 486 3543 544 carnis
3562 504 3711 558 mea,

409 571 668 631 testatur,
701 565 926 622 dicens:
970 564 1087 634 Ipse
1127 584 1219 639 per
1260 585 1316 623 se
1361 585 1455 623 rea:
1498 568 1679 623 Achaz
1723 566 2011 623 immolavit

412 655 517 711 diis
548 654 802 711 Damasci
848 658 1088 715 vietimas
1141 659 1536 729 percussoribus
1583 659 1720 726 suis,
1751 668 1800 713 et
1830 658 1964 712 dixit
1992 672 2011 709 :

411 748 506 804 Dii
532 762 712 821 regum
746 747 917 822 Syria:
950 750 1283 807 auxiliantur
1322 753 1441 819 eis;
1470 770 1601 829 quos
1653 770 1747 825 ego
1793 751 2013 823 placabo

412 841 620 908 hostiis,
651 850 700 897 et
720 841 946 898 aderunt
968 843 1098 898 mihi
1122 860 1139 899 :
1162 859 1288 900 cum
1316 860 1347 900 e
1375 846 1653 901 contrario
1682 844 1785 916 ipsi
1814 844 2015 900 fuerint

412 931 571 985 ruina
607 930 747 1001 ejus,
777 939 834 988 et
865 933 1123 989 universo
1177 934 1383 989 lsraeli.
1426 933 1528 1003 Qui
1583 936 1694 990 sint
1728 943 1911 990 autem
1938 934 2013 989 dii

410 1020 680 1091 gentium,
712 1022 955 1078 ostendit
981 1021 1295 1089 Psalmista,
1341 1039 1467 1080 cum
1502 1025 1635 1081 dicit
1668 1043 1680 1078 :
1722 1023 1915 1079 Omnes
1936 1024 2013 1078 dii

410 1111 647 1181 gentium
675 1112 964 1169 dwmonia.
999 1112 1294 1184 Apostolus
1350 1130 1568 1186 quoque
1596 1116 1667 1171 ad
1696 1114 2013 1172 Corinthios

409 1202 466 1257 in
498 1203 740 1273 Epistola
769 1206 988 1276 prima:
1029 1205 1163 1273 Qua:
1214 1207 1511 1275 immolant,
1564 1210 1765 1281 inquit,
1812 1218 2009 1280 gentes,

410 1292 687 1352 dmmoniis
715 1297 1016 1364 immolant,
1038 1309 1085 1354 et
1118 1317 1221 1355 non
1244 1301 1376 1356 Deo.

481 1385 573 1441 IX.
611 1387 765 1454 Quod
812 1397 993 1445 autem
1046 1391 1211 1446 etiam
1261 1392 1410 1463 impii
1442 1401 1497 1448 et
1542 1392 1727 1448 ﬁdeles
1760 1394 2013 1465 malignis

410 1478 689 1535 interdum
720 1480 1010 1537 tradantur
1057 1482 1340 1553 spiritibus
1368 1485 1435 1540 ad
1458 1486 1891 1555 percutiendum,
1931 1487 2013 1541 hi—

412 1570 585 1629 storia
622 1571 768 1626 beati
797 1569 899 1628 Job
941 1572 1062 1629 luce
1093 1574 1293 1630 clarius
1322 1575 1676 1636 manifestat:
1712 1576 1805 1631 ubi
1830 1586 1887 1632 et
1913 1593 2010 1633 ex-

408 1664 612 1734 peditio
640 1663 859 1721 Satanae
883 1674 939 1721 et
967 1666 1063 1722 Dei
1089 1668 1376 1737 permissio
1412 1677 1601 1739 aperte
1655 1668 2008 1734 describitur,

409 1762 467 1809 et
494 1754 561 1808 ad
586 1762 915 1821 extremum,
967 1766 1092 1827 post
1120 1758 1317 1813 damna
1346 1774 1551 1825 rerum,
1578 1767 1702 1827 post
1730 1758 1921 1815 funera
1950 1760 2011 1814 li-

2118 566 2339 639 angelus
2370 568 2611 640 Satanae,
2644 576 2735 646 qui
2761 594 2841 635 me
2870 577 3180 650 colaphiset.

2186 660 2253 715 Χ.
2298 662 2559 720 Terrores
2603 668 2769 731 etiam
2820 670 3234 728 tribulationum
3283 689 3382 745 per
3430 674 3713 736 daemones

2115 749 2235 806 ﬁeri
2261 753 2315 807 in
2346 752 2487 811 libro
2516 755 2811 828 Sapientiae
2838 762 3069 833 legimus
3115 782 3129 818 :
3162 765 3255 819 ubi
3285 782 3414 821 cum
3456 777 3717 822 narraret

2117 840 2399 915 Scriptura
2428 846 2495 901 de
2523 850 2970 918 percussionibus
2990 853 3233 926 Egypti,
3258 872 3395 927 quas
3416 872 3518 929 per
3542 858 3719 913 malos

2115 936 2338 1008 angelos
2382 938 2658 998 immissas
2702 941 2994 999 Psalmista
3034 945 3409 1013 demonstrat,
3453 948 3535 1003 ait
3572 950 3718 1004 inter

2114 1028 2220 1083 alia
2248 1044 2261 1083 :
2296 1028 2481 1103 Neque
2506 1034 2645 1087 enim
2675 1050 2794 1105 quae
2820 1035 3119 1091 continebat
3147 1036 3267 1092 illos
3296 1038 3569 1110 spelunca,
3607 1040 3721 1094 sine

2113 1118 2302 1173 timore
2329 1123 2655 1182 custodiebat
2679 1142 2698 1180 :
2734 1128 2988 1195 quoniam
3014 1129 3217 1183 sonitus
3244 1124 3568 1185 descendens
3599 1147 3719 1201 per-

2114 1208 2359 1264 turbabat
2386 1209 2530 1278 illos,
2560 1222 2613 1268 et
2635 1232 2874 1285 persome
2898 1218 3071 1271 tristes
3101 1228 3436 1289 apparentes,
3464 1236 3721 1279 pavorem

2112 1298 2221 1355 illis
2263 1303 2585 1371 prwstabant
2640 1304 2794 1378 (Sap.
2830 1323 2979 1374 xvu,
3026 1308 3105 1380 4).
3139 1307 3295 1363 Unde
3340 1316 3394 1364 ct
3438 1308 3720 1378 Propheta

2113 1392 2504 1457 protectionem
2531 1393 2630 1449 Dei
2656 1396 2777 1451 viro
2796 1394 2948 1466 justo
2976 1397 3265 1467 promittit,
3294 1398 3480 1453 dicens
3510 1417 3523 1451 :
3552 1397 3720 1453 Scuto

2115 1483 2463 1538 circumdabit
2486 1494 2535 1539 te
2562 1486 2753 1542 veritas
2785 1487 2921 1559 ejus.
2967 1488 3093 1543 Non
3123 1488 3327 1544 timebis
3352 1507 3385 1543 a
3415 1492 3607 1545 timore
3628 1507 3725 1544 no-

2115 1580 2321 1640 cturno,
2351 1592 2382 1629 a
2410 1576 2604 1646 sagitta
2641 1576 2851 1633 volante
2877 1595 2972 1649 per
2997 1578 3161 1644 diem,
3190 1598 3223 1633 a
3255 1580 3461 1651 negotio
3503 1596 3721 1649 peram—

2118 1661 2331 1718 bulante
2360 1666 2417 1719 in
2434 1666 2681 1731 tenebris,
2707 1667 2771 1721 ab
2794 1669 3009 1723 incursu
3038 1679 3089 1724 et
3112 1670 3373 1724 daemonio
3394 1670 3719 1724 meridiano.

2119 1750 2228 1807 Has
2263 1754 2447 1823 itaque
2477 1756 2824 1813 adversarius
2851 1767 3152 1829 potestates
3197 1775 3227 1813 a
3257 1759 3369 1814 Deo
3392 1770 3725 1829 exspectare

410 1847 633 1911 liorum,
668 1862 793 1902 cum
819 1862 882 1903 os
914 1848 1059 1905 illius
1087 1859 1142 1903 et
1165 1866 1386 1905 carnem
1422 1851 1518 1905 Dei
1546 1867 1714 1906 manu
1742 1851 1892 1923 tangi
1922 1867 2018 1906 εχ-
2043 1838 2093 1898 Β
2120 1855 2176 1900 et
2199 1846 2512 1904 desiderare
2537 1856 2865 1918 potestatem
2894 1849 3129 1906 feriendi
3157 1861 3212 1905 et
3237 1852 3471 1906 nocendi
3501 1860 3562 1906 et
3604 1851 3723 1907 Do-

408 1938 763 2007 postulasset,
792 1948 847 1996 et
882 1940 1145 1997 Dominus
1188 1942 1553 2013 permitteret,
1604 1943 1833 1998 dicens:
1878 1941 2017 1996 Ecce

407 2030 467 2084 in
493 2047 656 2086 manu
701 2040 795 2086 tua
822 2041 937 2089 est:
968 2042 1328 2091 verumtamen
1367 2035 1602 2089 animum
1657 2033 1804 2089 illius
1844 2051 2015 2099 serva,

413 2120 619 2181 dictum
653 2123 719 2178 de
745 2139 812 2179 eo
841 2130 928 2179 est
955 2144 968 2179 :
1004 2124 1264 2196 Egressus
1293 2127 1459 2197 igitur
1489 2126 1661 2182 Satan
1686 2145 1719 2180 a
1744 2126 1882 2195 facie
1908 2125 2018 2179 Do-

408 2211 563 2280 mini,
624 2215 882 2284 percussit
928 2215 1030 2269 Job
1070 2214 1244 2270 ulcere
1281 2217 1506 2281 pessimo
1558 2233 1592 2270 a
1633 2215 1818 2286 planta
1868 2216 2015 2287 pedis

414 2318 583 2375 usque
613 2306 684 2359 ad
723 2307 964 2361 verticem
1011 2306 1129 2377 ejus
1161 2306 1285 2381 (Job
1308 2325 1371 2375 ιι,
1403 2307 1479 2380 7).
1509 2308 1863 2365 lnlirmitates
1883 2324 2019 2378 quo-

415 2407 523 2463 que
543 2401 599 2451 et
621 2393 936 2466 languores,
961 2398 1159 2468 quibus
1185 2398 1262 2470 pii
1290 2398 1381 2453 vel
1399 2398 1551 2468 impii
1576 2397 1748 2453 multo
1776 2406 2019 2473 tempore

410 2485 752 2559 afﬂiguntur,
806 2505 905 2561 per
958 2490 1134 2547 malos
1190 2491 1412 2565 angelos
1472 2493 1713 2564 inrogari
1758 2492 2019 2547 Dominus

408 2579 655 2637 ostendit
693 2581 747 2635 in
776 2580 1069 2651 Evangelia
1108 2600 1121 2635 :
1161 2582 1253 2652 qui
1285 2598 1407 2637 cum
1452 2584 1520 2638 de
1564 2582 1816 2648 muliere,
1850 2599 2014 2653 quam

408 2670 664 2741 spiritum
699 2671 1037 2727 inﬁrmitatis
1073 2673 1369 2729 habentem
1425 2673 1541 2750 ipse
1568 2680 1877 2743 sanaverat,
1914 2673 2019 2727 Ar-

409 2762 781 2834 chisynagogo
829 2763 1194 2821 calumnianti
1241 2765 1616 2835 responderet,
1667 2764 1869 2834 adjecit
1894 2773 2020 2836 post

410 2854 595 2927 aliqua
624 2876 636 2910 :
664 2856 828 2911 Hanc
855 2867 1032 2912 autem
1060 2858 1230 2927 ﬁliam
1267 2858 1517 2921 Abralue,
1564 2875 1723 2929 quam
1778 2858 2015 2930 alligavit

410 2945 649 3003 Satanas
696 2963 813 3000 ecce
846 2946 1139 3001 octodecim
1166 2946 1355 3027 annis,
1399 2963 1504 3001 non
1548 2947 1778 3017 oportuit
1825 2946 1958 3001 solvi
1983 2964 2017 3001 a

407 3037 617 3095 vinculo
641 3040 742 3093 isto
786 3038 871 3092 die
905 3036 1111 3093 sabbati
1137 3038 1162 3092 Σ)
1187 3037 1325 3097 Hinc
1362 3046 1449 3094 est.
1490 3038 1634 3108 quod
1682 3038 1873 3093 beatus
1917 3036 2018 3093 Pe-

407 3134 532 3185 trus
557 3126 612 3181 in
667 3126 896 3183 Actibus
951 3128 1340 3199 apostolorum,
1396 3144 1526 3186 cum
1552 3129 1619 3184 de
1675 3130 2017 3201 mirabilibus

410 3218 631 3277 Domini
658 3194 1003 3289 loqueretur,
1027 3220 1108 3279 ait
1128 3220 1196 3276 de
1222 3235 1289 3276 eo
1319 3238 1333 3275 :
1364 3220 1470 3286 Qui
1497 3197 1833 3290 pertransivit
1862 3221 2015 3275 bene-
2043 3194 2088 3257 (ἶ

411 3313 663 3383 faciendo
698 3322 747 3368 et
776 3312 1018 3368 sanando
1049 3330 1227 3368 omnes
1254 3329 1527 3385 oppressos
1556 3330 1589 3367 a
1627 3312 1859 3378 diabolo,
1883 3331 2014 3385 quo—

410 3406 559 3462 niam
588 3404 733 3459 Deus
767 3413 883 3459 erat
931 3421 1052 3459 cum
1103 3403 1218 3459 illo.
1254 3404 1455 3459 Paulus
1484 3419 1701 3475 quoque
1739 3406 2015 3476 apostolus

406 3501 680 3561 Philetum
707 3498 762 3561 ét
785 3504 1182 3575 Hermogenem
1209 3504 1345 3560 dicit
1371 3520 1430 3561 se
1457 3505 1747 3561 tradidisse
1775 3505 2012 3572 Satanae,

407 3606 471 3653 ut
498 3599 775 3653 discerent
796 3610 903 3652 non
931 3596 1335 3666 blasphemare.
1358 3596 1438 3651 De
1460 3612 1525 3652 eo
1550 3606 1732 3651 autem
1758 3597 1853 3667 qui
1875 3614 2014 3653 uxo-

410 3704 531 3744 rem
562 3690 737 3759 patris
758 3688 840 3743 sui
864 3688 1120 3752 habebat,
1151 3686 1449 3742 Corinthiis
1484 3688 1558 3741 ita
1589 3686 1862 3757 loquitur:
1895 3686 2009 3757 Ego

409 3780 624 3849 quidem
641 3779 828 3833 absens
856 3794 1096 3848 corpore,
1141 3793 1373 3847 praesens
1423 3786 1597 3831 autem
1650 3778 1861 3847 spiritu.
1890 3777 2009 3847 jam

400 3867 646 3938 judicavi
682 3876 738 3920 ut
762 3882 993 3937 prmsens
1032 3866 1267 3934 eumqui
1302 3865 1379 3918 sic
1419 3875 1665 3935 operatus
1712 3866 1887 3931 est,in
1917 3882 2012 3920 no-

407 3964 549 4018 mine
574 3961 789 4018 Domini
814 3963 980 4016 nostri
1000 3960 1131 4016 Jesu
1172 3959 1390 4025 Christi,
1423 3961 1756 4030 congregatis
1787 3960 1932 4014 vobis
1959 3969 2016 4013 et

408 4068 524 4105 meo
559 4052 772 4121 spiritu,
802 4067 937 4106 cum
987 4050 1178 4110 virtute
1222 4048 1443 4104 Domini
1474 4045 1628 4115 Iesu,
1667 4050 1877 4105 tradere
1904 4050 2007 4105 hu-

400 4143 646 4214 jusrnodi
684 4153 887 4197 satana:
916 4143 971 4196 in
1013 4142 1285 4196 interitum
1333 4141 1532 4209 carnis,
1570 4150 1629 4196 ut
1655 4143 1874 4213 spiritus
1901 4144 2011 4198 sal-

408 4250 506 4289 vus
534 4234 602 4288 sit
629 4234 685 4288 in
711 4233 797 4288 die
828 4233 1045 4287 Domini
1072 4232 1224 4286 Jesu.
1256 4230 1394 4285 Hinc
1428 4231 1494 4287 de
1521 4232 1701 4302 seipso
1726 4233 1871 4303 quod
1894 4222 2009 4303 jam

411 4325 966 4380 commemoravimus
1002 4323 1118 4377 ait:
1152 4320 1219 4375 Et
1268 4338 1332 4375 ne
1375 4322 1685 4391 magnitudo
1734 4322 2012 4377 revelatio-

2123 1938 2306 1993 minus
2348 1940 2687 1995 demonstrat
2724 1942 2781 1997 in
2817 1942 3134 2015 Evangelio,
3177 1944 3276 2003 ubi
3318 1944 3397 1999 ait
3437 1944 3726 2015 discipulis

2122 2032 2237 2085 suis
2269 2073 2281 2085 .
2321 2030 2441 2086 Hac
2470 2042 2619 2087 nocte
2666 2032 2900 2089 Satanas
2938 2035 3183 2106 expetivit
3211 2052 3317 2100 vos,
3363 2045 3421 2091 ut
3460 2037 3725 2091 cribraret

2119 2122 2255 2175 sicut
2280 2123 2537 2178 triticum.
2568 2124 2638 2179 Et
2661 2122 2970 2190 Psalmista,
3003 2142 3130 2182 cum
3172 2127 3301 2182 dicit
3340 2146 3354 2180 :
3387 2130 3457 2181 In
3486 2129 3627 2199 ipsa,
3673 2129 3727 2184 id

2119 2220 2226 2277 est,
2253 2212 2308 2267 in
2337 2222 2519 2279 nocte,
2548 2215 2943 2284 pertransibunt
2972 2231 3152 2283 omnes
3189 2216 3367 2272 bestia:
3405 2216 3581 2285 silem,
3630 2235 3726 2272 ca-

2120 2303 2220 2359 tuli
2260 2303 2471 2358 leonum
2515 2305 2800 2375 rugientes,
2832 2315 2888 2360 ut
2914 2306 3123 2377 rapiant
3164 2320 3212 2362 et
3239 2318 3483 2378 quierant
3530 2327 3566 2362 a
3612 2308 3727 2364 Deo

2120 2412 2295 2450 escam
2323 2394 2456 2460 sibi;
2487 2402 2543 2451 et
2567 2395 2754 2452 multis
2790 2397 2911 2452 aliis
2936 2398 3073 2455 locis
3097 2399 3294 2455 divina:
3323 2400 3649 2471 Scriptum.

2190 2488 2282 2543 XI.
2324 2488 2561 2555 Etcum,
2589 2488 2731 2544 sicut
2752 2505 2916 2560 supra
2939 2491 3196 2557 diximus,
3229 2508 3336 2547 non
3368 2507 3591 2562 semper
3617 2508 3720 2549 nec

2120 2582 2179 2635 in
2203 2582 2457 2637 omnibus
2483 2582 2728 2638 diabolus
2756 2584 2990 2655 accipiat
3013 2592 3370 2656 potestatem,
3398 2600 3619 2655 semper
3643 2592 3728 2641 ta-

2120 2690 2245 2729 men
2275 2673 2440 2729 hahet
2466 2674 2520 2729 in
2548 2675 2803 2732 omnibus
2826 2685 2881 2731 et
2908 2691 3006 2746 per
3027 2678 3214 2733 omnia
3237 2678 3612 2738 omnimodam
3628 2694 3729 2735 no-

2120 2765 2277 2819 cendi
2304 2764 2662 2831 voluntatem,
2691 2768 2929 2822 maxime
2960 2768 3015 2822 in
3045 2768 3167 2823 illos
3204 2768 3381 2824 inhiat
3408 2770 3632 2839 quibus,
3662 2779 3730 2826 ut

2120 2858 2326 2913 dictum
2355 2866 2459 2927 est,
2489 2860 2789 2930 praevalere
2820 2876 2879 2919 se
2929 2877 3088 2933 posse
3118 2863 3282 2925 videt,
3322 2879 3390 2920 eo
3434 2865 3584 2935 quod
3614 2865 3729 2919 sint

2120 2951 2331 3021 exigua:
2359 2950 2487 3012 ﬁdei
2522 2962 2577 3007 et
2615 2952 2775 3007 vacui
2818 2954 3059 3024 pondere
3094 2955 3344 3009 rationis.
3377 2955 3447 3010 Et
3482 2955 3613 3010 inde
3638 2962 3727 3009 est

2121 3044 2267 3115 quod
2315 3058 2539 3117 pueros,
2577 3060 2641 3100 ac
2671 3044 2897 3115 puellas,
2948 3055 3005 3101 et
3040 3046 3263 3102 hebetes
3292 3062 3539 3117 quosque
3586 3048 3726 3118 deji-

2122 3149 2249 3190 cere
2293 3134 2532 3195 videtur,
2579 3144 2635 3191 et
2674 3136 2905 3191 maculis
2956 3137 3258 3201 exustionis
3310 3145 3527 3192 notare.
3564 3137 3728 3206 Quod

2119 3227 2308 3296 utique
2334 3226 2509 3283 ﬁdelis
2532 3228 2785 3298 quisque,
2819 3235 2875 3283 et
2903 3230 3117 3284 ratione
3162 3229 3449 3300 praeditus,
3481 3245 3610 3285 cum
3643 3230 3729 3285 vi.

2120 3317 2231 3383 det,
2254 3323 2358 3370 aut
2384 3317 2557 3383 audit,
2589 3332 2687 3373 cor
2714 3320 2781 3373 ad
2814 3317 2982 3374 solius
3011 3318 3111 3375 Dei
3140 3318 3394 3374 timorem
3424 3318 3601 3386 levat,
3625 3320 3726 3390 qui

2119 3426 2227 3466 non
2252 3411 2522 3479 permittit
2544 3426 2644 3466 nos
2670 3412 2869 3466 tentari
2897 3427 3061 3483 supra
3089 3410 3144 3467 id
3171 3411 3317 3483 quod
3348 3411 3493 3469 ferre
3526 3429 3728 3483 possu—

2120 3516 2260 3555 mus.
2306 3500 2461 3556 Sicut
2498 3500 2805 3556 l‘aciendum
2855 3511 2941 3557 est
2991 3504 3179 3569 etiam,
3234 3518 3361 3558 cum
3416 3504 3724 3559 bestiarum

2118 3589 2375 3646 dentibus
2400 3599 2494 3645 aut
2520 3591 2883 3662 undecunque
2909 3592 2996 3647 vel
3017 3592 3328 3663 ubicunque
3359 3592 3721 3665 ﬂagellamur,

2118 3679 2207 3735 vel
2236 3680 2372 3735 alios
2400 3679 2662 3752 ﬂagellari
2692 3682 3075 3751 conspicimus.

2191 3769 2305 3825 Xll.
2334 3769 2490 3837 Quod
2511 3785 2643 3825 vero
2669 3770 2746 3824 illi
2778 3771 2843 3826 de
2880 3771 3079 3841 quibus
3111 3773 3271 3828 nobis
3297 3773 3636 3842 innotuistis,
3652 3775 3725 3831 ad

2117 3860 2340 3915 easdem
2389 3860 2653 3915 ecclesias
2697 3860 2753 3914 in
2805 3862 3003 3930 quibus
3049 3862 3438 3931 percutiuntur
3487 3879 3725 3920 concur-

2117 3961 2263 4017 runt,
2313 3960 2369 4006 et
2411 3952 2676 4021 quidquid
2706 3960 2949 4019 possunt,
3000 3953 3237 4017 donant;
3293 3969 3393 4008 nos
3441 3955 3724 4011 credimus

2118 4045 2341 4101 omnino
2372 4044 2516 4113 quod
2540 4043 2843 4097 terroribus
2871 4043 3083 4113 deospti
3112 4044 3217 4107 hoc
3248 4042 3475 4107 faciant,
3498 4044 3722 4114 perdito

2117 4136 2345 4192 consilio
2375 4135 2620 4189 meliore.
2649 4145 2674 4173 ι
2699 4132 2889 4188 Melius
2917 4134 3064 4189 enim
3092 4133 3362 4200 facerent,
3393 4135 3441 4189 si
3466 4150 3566 4214 sua
3584 4148 3723 4203 pau-

2117 4230 2340 4300 peribus
2373 4235 2431 4282 et
2458 4227 2485 4266 b
2519 4226 2824 4297 hospitibus
2848 4234 3161 4296 erogarent,
3190 4234 3247 4282 et
3272 4228 3339 4282 ad
3362 4228 3723 4298 presbyteros

2118 4322 2375 4378 Ecclesia:
2402 4330 2707 4385 currerent,
2739 4330 2760 4359 °
2802 4320 3038 4390 ungendi
3077 4319 3218 4385 oleo,
3248 4321 3548 4376 secundum
3573 4335 3722 4390 prm-

1823 4414 2055 4467 ALUZII
2090 4415 2323 4467 ΝΟΤᾹΕ.

1778 4413 1911 4468 BAL
1970 4416 2007 4469 Ζ

487 4521 511 4550 ι
550 4506 741 4579 Melius
780 4504 920 4561 enim
958 4509 1209 4579 facerent.
1242 4506 1467 4560 Videtur
1494 4506 1753 4579 damnare
1788 4520 1882 4579 eos
1913 4415 2006 4575 fui

2121 4415 2395 4563 ﬂiam
2428 4504 2510 4559 tit.
2538 4504 2590 4571 6,
2621 4520 2740 4579 cap.
2778 4503 2869 4579 ιίς)3
2900 4504 3213 4579 ettit._,__f2?5L
3230 4521 3358 4579 cap:
3384 4505 3471 4559 10.
3500 4504 3718 4579 Lupum

411 4578 654 4637 donariis
680 4578 955 4632 illustrant
984 4577 1277 4631 memorias
1303 4585 1625 4646 martyrum,
1650 4576 1776 4629 dum
1812 4576 1890 4630 ait
1915 4591 2010 4631 eos

408 4649 610 4706 melius
641 4646 898 4717 facturos,
928 4647 982 4700 si‘
1000 4662 1098 4700 sua
1124 4646 1454 4717 pauperibus
1478 4655 1533 4699 et
1561 4645 1865 4717 hospitibus
1890 4662 2011 4703 ero-

409 4661 610 4706 menus
641 4661 898 4709 taeturos,
928 4661 981 4700 sv
1000 4662 1098 4700 sua
1124 4661 1227 4714 pan
1270 4661 1454 4699 erlnus
1478 4661 1533 4699 et
1561 4661 1865 4715 nosptnnus
1890 4662 2011 4703 ero-

409 4718 717 4797 garent.
738 4712 888 4797 enim
913 4724 1039 4772 sunt
1072 4717 1197 4797 viva
1219 4661 1423 4797 διπλεῑί
1464 4715 1682 4784 templa.
1716 4714 2011 4797 Nequeﬁta-

412 4785 536 4845 inen
575 4788 811 4844 arbitror
838 4788 965 4842 hinc
995 4786 1292 4854 sumpsisse
1320 4785 1627 4849 Erasmum,
1656 4800 1777 4839 cum
1809 4785 1863 4839 in
1892 4785 2012 4841 Col-

408 4860 593 4931 loquio
617 4858 683 4931 de
712 4857 1149 4931 peregrinatione
1159 4856 1449 4931 religionis
1473 4870 1600 4931 ergo
1630 4854 2011 4931 ait_qu_a_m_pln-

409 4871 593 4931 loquto
619 4871 683 4913 ue
712 4871 1144 4928 peregrinatione
1172 4871 1449 4925 religionis
1473 4871 1600 4978 ergo
1630 4871 1708 4908 all.
1728 4871 2010 4926 quamplu-

408 4930 581 4986 rimos
615 4928 848 4983 invisere
874 4926 1091 4997 quidem
1118 4927 1365 4980 divorum
1394 4934 1537 4995 temp
1561 4940 1611 4989 a,
1640 4926 1733 4981 sed
1761 4926 1894 4980 nihil
1916 4936 2010 4981 aut

412 5016 578 5069 quam
630 4999 912 5069 minimum
954 4998 1188 5061 donare,
1239 4997 1539 5069 dictitantes
1578 5012 1693 5069 eam
1732 4998 2008 5069 pecuniam

410 5065 605 5123 rectius
649 5068 895 5122 collocari
931 5068 987 5121 in
1027 5083 1233 5137 egenos.
1277 5066 1418 5121 Sane
1459 5065 1886 5137 subveniendum
1927 5075 2012 5121 est

410 5139 723 5197 necessitati
753 5134 1079 5207 pauperum,
1123 5137 1246 5206 quis
1286 5136 1485 5207 negati
1516 5134 1619 5189 Sed
1659 5144 1844 5207 tamen
1876 5136 2009 5190 inte-

412 5212 518 5279 rim
551 5205 876 5279 neglige—nlla—
910 5223 1016 5279 non
1056 5205 1147 5279 est
1173 5208 1368 5279 domus
1388 5205 1489 5279 Dei
1510 5206 1644 5279 ;_nt_i
1674 5205 1913 5279 dirimus
1940 5208 2006 5261 ad

410 5278 610 5337 librum
630 5276 952 5333 vi'Salviani
987 5278 1054 5332 de
1102 5277 1507 5332 Gubernat’one
1534 5276 1650 5330 Dei.
1683 5276 1816 5329 Vide
1845 5292 2008 5337 porro

410 5292 610 5337 librum
636 5296 687 5333 vi
719 5292 952 5333 Salviam
987 5292 1054 5332 oe
1102 5292 1507 5332 uunernat'one
1536 5292 1650 5330 υει.
1690 5292 1816 5329 vme
1881 5292 2005 5331 orro

408 5349 727 5405 Antidotum
762 5348 971 5411 Erasmi
1014 5348 1067 5402 in
1104 5347 1449 5417 Epitaphium
1494 5344 1675 5400 Paulm
1710 5346 1779 5417 ab
1812 5292 2005 5417 dicro-

412 5364 727 5405 Αιιῑιαοιιιιῐι
765 5364 971 5411 ιωδῐηι
1014 5365 1067 5402 ιιι
1106 5364 1144 5401 ιδ
1186 5364 1449 5417 ttapnlum
1495 5364 1675 5400 ramea
1710 5364 1779 5399 an
1812 5364 2005 5401 ΠιεΓο-

412 5436 576 5492 nymo
613 5420 978 5492 conscriptum
1000 5459 1013 5477 ,
1044 5426 1101 5492 et
1140 5364 1440 5492 {nuncium
1482 5417 1537 5492 in
1566 5431 1682 5485 cap.
1719 5416 1753 5470 6
1789 5415 1913 5470 libri
1941 5417 2009 5471 de

409 5487 555 5546 Cura
583 5490 839 5560 Ecclesia:
861 5506 961 5560 pro
985 5487 1198 5560 miseris
1221 5497 1275 5542 et
1299 5488 1645 5557 pauperibus.

486 5563 512 5602 ι’
558 5557 879 5630 Hospitime
920 5558 1273 5630 Hospitalitas
1309 5571 1505 5630 magno
1532 5557 1736 5630 tum__in
1762 5571 1861 5630 usu
1889 5564 2009 5630 erat

410 5633 553 5702 apud
579 5626 899 5693 Ecclesium.
926 5626 1046 5684 Lib.
1075 5646 1089 5683 ι
1132 5626 1593 5702 Capitular._,_cap.
1627 5627 1694 5681 75
1726 5644 1787 5702 ξι
1818 5626 2009 5702 Ethoc

409 5695 567 5759 nobis
600 5710 914 5771 competens
952 5710 1005 5755 et
1040 5695 1348 5754 venerabile
1388 5697 1622 5759 videtur,
1648 5705 1710 5771 ut
1739 5695 2003 5771 hospites,

409 5773 682 5842 peregrini
718 5766 771 5825 et
800 5786 1065 5841 pauperes
1111 5767 1788 5842 susceptiones_regulares
1823 5766 1877 5842 ct
1909 5781 1999 5842 ca-

412 5833 635 5899 nonicos
661 5856 757 5914 per
779 5833 1123 5897 locailiversa
1150 5833 1399 5895 habeant.
1438 5857 1456 5891 ι
1487 5833 1619 5893 Vide
1642 5836 1872 5907 capitula
1901 5835 2002 5893 Ca-

2114 4577 2527 4647 Ferrsriensemi
2552 4591 2639 4647 ep.
2672 4573 2770 4647 ll,
2799 4574 2899 4647 42,
2927 4576 2997 4647 45
3018 4575 3157 4647 ,55,
3183 4576 3244 4647 7}
3274 4573 3310 4647 ;’
3328 4573 3522 4647 Jonam
3546 4573 3719 4647 A'urec

2111 4648 2407 4703 liancnsem
2435 4647 2488 4699 in
2516 4645 2610 4705 libi
2642 4662 2680 4699 ιι
2722 4646 2787 4705 de
2818 4645 3162 4705 Institutione
3200 4645 3436 4710 Laicali,
3473 4661 3592 4716 cap.
3616 4646 3713 4714 29,

2110 4718 2347 4797 et_alios.
2378 4716 2771 4797 llospjtalitatis
2811 4732 2977 4797 porro
3008 4717 3313 4797 encomium
3347 4725 3571 4797 enarrat
3596 4715 3717 4774 Hil-

2109 4788 2374 4844 debertus,
2396 4788 2448 4856 in
2477 4784 2722 4857 pluribus
2749 4784 3012 4857 epistolis.
3044 4785 3180 4841 Vide
3206 4785 3510 4840 Launoium
3538 4786 3593 4839 in
3623 4801 3715 4841 ca.

2111 4860 2223 4929 pite
2240 4859 2281 4929 fi
2307 4857 2587 4929 libriian
2610 4856 2833 4912 laudati.

2184 4941 2207 4969 ο
2236 4926 2474 4998 Ungendi
2493 4926 2626 4991 oleo,
2652 4942 2717 4982 eo
2736 4928 2993 4982 nimirum
3016 4926 3412 4998 quoiardebant
3430 4926 3714 4998 lampades

2110 5000 2177 5054 ad
2206 4996 2769 5067 sepulcramartyrum
2794 5011 3061 5067 appensa.
3091 4996 3227 5050 Nam
3250 4997 3417 5067 multa
3442 4996 3712 5063 miracula

2147 5086 2207 5124 er
2236 5066 2539 5138 h’ujusmodi
2575 5066 2753 5131 oleum
2781 5066 2895 5124 fieri
2924 5068 3268 5138 consuevisse
3290 5081 3356 5138 ex
3378 5066 3709 5138 Augusiino,

2147 5086 2207 5124 er
2236 5085 2539 5138 nulusmout
2575 5085 2753 5131 oneum
2781 5085 2895 5124 neri
2924 5085 3268 5121 consuevisse
3290 5085 3356 5121 ex
3378 5085 3709 5136 augusuno,

2108 5085 2449 5195 Iiheodoreto
2481 5145 2535 5192 et
2557 5138 2679 5193 aliis
2702 5138 2923 5192 adnotat
2955 5137 3221 5192 Baronius
3241 5137 3308 5189 ad
3327 5151 3529 5191 annum
3552 5135 3714 5191 Chri-

2109 5212 2178 5264 sti
2220 5210 2307 5264 55.
2349 5208 2585 5263 Atl‘eram
2623 5216 2833 5262 tantum
2873 5207 3050 5261 locum
3081 5205 3367 5276 Augustini
3414 5222 3479 5260 ex
3520 5220 3638 5274 cap.
3671 5206 3710 5276 8

2109 5280 2231 5334 libri
2266 5296 2383 5335 χχιι
2421 5279 2489 5334 de
2522 5276 2755 5333 Civitate
2792 5277 2886 5332 Dei
2919 5295 2931 5330 :
2970 5296 2989 5328 ‹
3033 5274 3269 5331 Rursum
3317 5276 3517 5331 ibidem
3563 5274 3710 5335 apud

2109 5366 2209 5406 nos
2256 5349 2444 5405 Irenazi
2490 5347 2771 5417 cujusdam
2819 5347 3115 5403 collectarii
3157 5344 3331 5410 ﬁlius,
3383 5344 3711 5416 aegritudine

2108 5420 2409 5475 exstinctus
2439 5430 2539 5474 est.
2571 5417 2815 5488 Cumque
2848 5432 3045 5488 corpus
3067 5418 3275 5488 iaceret
3309 5417 3589 5488 exanime,
3629 5423 3711 5469 ato

2108 5506 2212 5559 que
2239 5491 2360 5545 aliis
2394 5485 2743 5561 gementibus
2762 5496 2817 5542 et
2841 5485 3221 5561 plangeniibus
3245 5487 3520 5561 essequiae
3546 5500 3711 5555 para-

2108 5556 2313 5624 rentur,
2348 5556 2648 5615 amicorum
2678 5558 2797 5627 ejus
2822 5556 3043 5628 quidam
3076 5558 3220 5615 inter
3245 5556 3475 5616 aliorum
3512 5570 3707 5628 conso-

2108 5631 2332 5689 lantium
2379 5631 2544 5686 verba
2591 5626 2859 5699 suggessit
2901 5637 2962 5682 ut
2997 5626 3235 5699 eiusdem
3266 5628 3531 5698 martyris
3552 5626 3704 5699 (Ste-

2106 5701 2293 5773 phani)
2325 5702 2445 5757 oleo
2472 5698 2679 5770 corpus
2692 5698 3101 5769 perungeretur.
3141 5698 3368 5755 Factum
3395 5704 3502 5763 cst,
3533 5698 3589 5752 ct
3614 5708 3707 5753 ro-

2108 5773 2257 5827 vixit.
2294 5793 2309 5824 ι
