3918 6322
143 421 253 480 135

1290 419 1620 478 EPISTOLA
1660 419 1752 474 AD
1790 417 2246 477 MATFREDUM.

3301 427 3407 480 186

139 543 368 607 ceptum
397 533 764 605 evangelicum
793 541 847 587 et
882 535 1260 606 apostolicum,
1288 551 1410 590 cum
1427 534 1648 603 jeiuniis
1675 545 1730 591 et
1757 540 1810 598 Α
1834 536 2100 592 dicentem
2133 554 2143 588 :
2191 534 2444 605 Nunquid
2487 536 2705 604 offeram
2749 533 2852 587 Deo
2904 533 3322 590 holocautomata
3355 548 3404 591 et

140 627 517 700 orationibus;
552 627 749 698 quibus
788 627 984 682 sociari
1019 628 1179 683 debet
1201 627 1559 699 eleemosyna.
1591 628 1729 688 Nam

141 720 194 774 si
237 727 422 773 essent
449 719 603 790 signa
649 717 972 784 sanitatum,
1002 733 1121 791 qua:
1169 719 1284 774 Deo
1324 720 1590 792 largiente
1631 735 1730 790 per

142 811 351 864 merita
399 818 710 865 sanctorum
758 823 1014 863 concessa
1066 810 1397 874 viderentur,
1434 827 1730 870 concursus

145 902 221 956 ad
252 901 443 956 eadem
475 900 594 956 loca
619 914 954 969 consequens
983 909 1160 964 esset;
1187 909 1242 954 et
1271 901 1320 960 si
1343 901 1547 970 aliquid
1582 902 1730 960 obla-

145 993 364 1048 tionum
394 993 468 1046 ibi
496 992 718 1046 daretur
749 1007 899 1047 more
927 993 1321 1058 ecclesiastico,
1353 1001 1409 1048 et
1433 994 1733 1050 secundum

144 1082 564 1153 dispositionem
591 1083 832 1146 Patrum,
865 1089 1009 1137 esset
1036 1083 1220 1151 utique
1251 1082 1587 1140 fructuosum
1616 1087 1732 1151 ipso

144 1189 257 1228 usu
288 1174 698 1228 misericordiae.
737 1172 890 1233 Nunc
919 1182 1100 1231 autem
1137 1176 1264 1244 quia
1293 1175 1573 1246 cupiditati
1601 1190 1735 1245 quo-

145 1265 401 1319 rumdam
429 1272 484 1319 et
511 1264 760 1321 avaritia
785 1262 1134 1330 famulantur,
1180 1279 1287 1319 non
1337 1265 1531 1319 exinde
1559 1264 1731 1322 hono-

146 1364 308 1409 ratur
349 1355 511 1420 Deus,
553 1367 579 1395 ι
630 1369 730 1408 nec
781 1352 1109 1423 pauperibus
1167 1355 1521 1418 succurritur.
1586 1353 1735 1410 Hanc

142 1448 299 1499 enim
354 1461 472 1499 rem
517 1445 562 1499 si
610 1445 902 1501 secundum
951 1444 1282 1505 voluntatem
1337 1443 1431 1498 Dei
1491 1445 1732 1514 agerent,

137 1535 299 1604 juxta
332 1535 472 1605 quod
502 1550 600 1604 per
626 1549 813 1589 omnes
839 1542 1054 1588 sanctas
1086 1533 1396 1601 Scripturas
1425 1548 1545 1587 eam
1594 1533 1735 1586 Deus

145 1629 466 1683 hominibus
496 1629 659 1683 voluit
688 1628 948 1691 indicari;
998 1627 1200 1681 scirent
1231 1627 1415 1695 utique
1443 1641 1603 1694 quam
1645 1641 1736 1680 su-

145 1722 394 1777 blimiter
421 1731 474 1776 et
503 1721 896 1778 admirabiliter
919 1719 1077 1788 hujus
1099 1720 1174 1775 rei
1207 1719 1453 1776 semitam
1476 1718 1734 1772 Dominus

142 1812 531 1867 demonstrare
559 1813 809 1882 dignatus
838 1811 908 1865 sit
945 1826 1043 1880 per
1088 1810 1366 1864 Michazam
1413 1808 1730 1878 prophetam

1828 626 2017 679 vitulos
2040 626 2350 685 anniculos?
2380 626 2633 698 Nunquid
2659 626 2861 696 placari
2884 634 3048 696 potest
3072 624 3324 680 Dominus
3347 628 3404 680 in

1831 715 2062 770 millibus
2107 719 2352 780 arietum,
2397 724 2487 768 aut
2531 697 2586 769 in
2638 715 2814 772 multis
2863 714 3090 773 millibus
3139 715 3401 770 hircorum

1829 812 2137 881 pinguium?
2189 811 2442 884 Nunquid
2490 813 2624 867 dabo
2669 816 3066 884 primogenitum
3100 831 3272 870 meum
3313 831 3406 883 pro

1830 905 2019 960 scelere
2064 921 2202 971 meo,
2230 907 2459 976 fructum
2505 907 2697 960 ventris
2728 909 2827 960 mei
2859 924 2960 976 pro.
2979 915 3187 976 peccato
3215 908 3405 962 animo:

1832 999 2002 1055 mete?
2039 998 2106 1057 Et
2133 1013 2256 1052 cum
2308 999 2363 1052 in
2394 997 2479 1052 his
2504 997 2756 1051 omnibus
2784 1006 3024 1067 negetur,
3074 996 3409 1052 subiut‘crtur

1833 1085 1976 1142 illico
2005 1087 2059 1140 in
2085 1087 2280 1156 quibus
2309 1087 2571 1142 Dominus
2611 1087 2817 1156 placari
2843 1088 3027 1156 possit,
3063 1103 3185 1141 cum
3232 1087 3404 1142 dicit:

1833 1175 2084 1234 Indicabo
2113 1177 2225 1242 tibi,
2259 1193 2290 1230 ο
2318 1177 2493 1240 homo,
2521 1176 2645 1246 quid
2675 1176 2744 1230 sit
2766 1174 2975 1238 bonum,
3003 1186 3050 1228 et
3071 1177 3196 1245 quid
3225 1175 3404 1228 Domi-
3449 1219 3452 1221 Α

1835 1283 1930 1319 nus
1957 1276 2157 1337 qua‘rat
2194 1284 2227 1320 a
2268 1277 2334 1321 te.
2370 1263 2554 1336 Utique
2581 1265 2752 1335 facere
2780 1265 3064 1335 judicium,
3097 1275 3144 1318 et
3189 1264 3407 1334 diligere

1834 1357 2265 1422 misericordiam,
2298 1367 2345 1410 et
2387 1355 2667 1411 sollicitant
2702 1356 2969 1409 ambulare
2994 1373 3108 1408 cum
3154 1356 3260 1409 Deo
3293 1367 3403 1410 tuo.

1837 1445 1990 1500 Sicut
2031 1447 2178 1501 enim
2229 1447 2650 1516 reprehensibile
2694 1455 2780 1502 est
2815 1462 2928 1500 rem
2975 1461 3272 1516 pauperum
3301 1460 3408 1499 non

1834 1539 2159 1604 pauperibus
2187 1538 2542 1601 distribuere;
2574 1539 2653 1592 sic
2681 1536 3096 1603 infructuosum,
3126 1538 3170 1598 si
3197 1553 3256 1591 ea
3287 1551 3407 1606 qua:

1837 1629 2094 1684 deberent
2129 1629 2385 1684 Ecclesiae
2423 1630 2658 1683 debitam
2699 1630 3051 1683 reverentiam
3107 1628 3411 1682 exhibenti-

1833 1719 1955 1783 bus,
2006 1720 2236 1790 erogari,
2292 1719 2600 1788 cupiditatis
2650 1726 2784 1773 aestu
2845 1717 3252 1780 anhelantibus,
3310 1714 3404 1770 vel

1834 1825 1996 1863 avare
2034 1811 2294 1865 servanda
2331 1810 2417 1865 vel
2451 1810 2718 1865 abutenda
2747 1809 2968 1879 prodige
2997 1806 3359 1862 conferantur.

1509 1914 1778 1970 BALUZII
1816 1915 2046 1971 NOTAE.

220 2020 247 2047 ει
291 2007 405 2080 Nec
447 2007 759 2080 pauperibus
804 2010 1146 2080 succurritur.
1176 2005 1554 2080 _Existim_abat
1604 2021 1734 2074 ergo
1761 2013 1806 2070 Β
1835 2011 2218 2080 conservandis
2244 2025 2348 2064 non
2371 2010 2615 2065 laborent
2643 2019 2896 2080 tanquam
2922 2025 3020 2080 pro
3041 2010 3148 2065 aris
3164 2018 3216 2064 et
3244 2009 3412 2064 locis?

142 2078 468 2149 Agohardns
491 2077 788 2149 oblationes
815 2093 934 2146 quae
962 2077 1097 2130 ﬁunt
1125 2077 1189 2130 ad
1214 2077 1502 2149 memorias
1527 2087 1731 2149 martyf

145 2147 270 2227 rum
298 2163 430 2227 _rem
478 2147 596 2201 esse
637 2162 961 2227 pauperum,
996 2161 1182 2227 neque
1225 2147 1469 2227 inventas
1510 2160 1632 2227 esse
1665 2147 1731 2227 ad

146 2218 408 2271 alendam
431 2216 836 2286 prmpositorum
863 2218 1168 2280 avaritiam,
1200 2227 1294 2268 aut
1319 2216 1522 2279 luxum,
1544 2217 1635 2286 vel
1665 2216 1732 2270 ad

147 2289 317 2340 vitam
347 2284 681 2340 commedius
711 2288 1088 2342 transenndam
1124 2302 1137 2338 :
1173 2286 1352 2354 itaque
1386 2299 1476 2339 eas
1508 2284 1734 2341 oblatio-

146 2373 248 2411 nes
281 2372 401 2411 esse
429 2359 884 2422 convertendusin
915 2357 1160 2412 solatium
1187 2372 1506 2425 pauperum,
1533 2356 1733 2424 alioqui

145 2428 295 2481 enim
335 2427 629 2495 pessimum
667 2442 786 2482 esse
823 2441 1008 2487 earnm
1039 2443 1210 2480 usum.
1244 2426 1314 2478 At
1344 2427 1501 2480 hodie
1538 2435 1735 2494 quotus

145 2498 384 2564 quisque
434 2497 649 2551 tandem
690 2507 773 2552 est
811 2513 996 2551 eorum
1033 2498 1123 2564 qui
1162 2497 1228 2549 ad
1270 2511 1390 2549 aras
1429 2506 1740 2549 sanctorum

149 2566 377 2635 sedent,
410 2568 496 2619 cui
525 2582 840 2635 persuasum
875 2583 977 2620 non
1017 2567 1088 2620 sit
1117 2566 1255 2619 nihil
1281 2582 1344 2620 ex
1381 2566 1740 2619 oblationibus

147 2634 403 2690 decidere
435 2634 625 2696 debere
657 2637 999 2706 pauperibus,
1026 2638 1224 2705 quique
1245 2652 1344 2704 pro
1372 2637 1610 2691 donariis
1637 2636 1739 2689 illis

1834 2077 2076 2147 Denique
2100 2081 2332 2149 plurima
2356 2081 2471 2135 loca
2499 2089 2641 2145 sunt,
2673 2077 2866 2150 inclyta
2895 2077 3043 2134 certe
3068 2096 3164 2149 per
3200 2080 3408 2147 indige-

1833 2151 2302 2221 nasadvenasque
2326 2191 2339 2213 ,
2372 2151 2566 2221 quibus
2597 2167 2699 2204 non
2734 2153 2869 2204 allus
2905 2151 3106 2221 certior
3145 2159 3235 2203 aut
3264 2150 3414 2203 lucu-

1833 2217 2029 2290 lentior
2060 2217 2254 2290 l'undu‘s
2281 2217 2576 2289 est,'quam
2606 2221 2695 2290 qui
2735 2237 2800 2276 ex
2831 2220 3187 2274 oblationibus
3217 2235 3409 2287 prove-

1835 2289 1932 2342 nit.
1968 2290 2032 2343 Et
2058 2289 2216 2361 laudo
2251 2291 2473 2344 istorum
2502 2292 2772 2361 pietatem.
2803 2291 2906 2344 Sed
2935 2291 3086 2345 valde
3113 2292 3406 2361 optandum

1835 2369 1978 2430 esset
2005 2367 2062 2412 ut
2092 2359 2323 2430 aliquam
2351 2377 2478 2430 erga
2502 2358 2764 2430 pauperes
2797 2361 3114 2415 charitatem-
3147 2358 3411 2430 haberent

1837 2429 1873 2481 ii
1904 2430 2100 2499 quibus
2135 2427 2548 2499 colligendarum
2590 2427 2916 2490 oblationum
2954 2445 3080 2484 cura
3119 2427 3414 2484 committi-

1841 2507 1943 2562 tur,
1980 2514 2078 2553 nec
2103 2513 2197 2553 eas
2225 2509 2432 2554 tantum
2457 2501 2788 2556 adornanda
2818 2499 3008 2569 templa
3041 2508 3252 2553 mortua
3284 2512 3414 2552 con-

1841 2578 2135 2624 verterent.

145 2742 3376 2770 _————-——_—-—-—————WIW

791 2847 924 2921 AD
976 2845 1620 2922 MATFREDUM
1697 2845 2230 2922 PBOCEBEM
2305 2846 2721 2926 PALATII
2762 2901 2780 2937 ,

1216 2997 1750 3053 DEPLOR‘ATORJA
1785 2997 1875 3052 DE
1913 2994 2330 3052 INJUSTITHS.

226 3173 478 3229 Virorum
497 3171 943 3242 praestantissimo
963 3178 1124 3239 atque
1156 3169 1522 3224 illustrissimo
1547 3182 1572 3210 ει
1596 3169 1728 3223 Mat—
1756 3177 1799 3238 C
1830 3172 1932 3225 bus
1956 3170 1984 3209 δ
2023 3169 2338 3223 ministrum
2359 3167 2701 3236 imperatoris
2729 3174 2782 3222 et
2823 3166 3065 3236 imperii,
3094 3179 3150 3223 et
3172 3185 3280 3240 prae
3307 3188 3411 3227 me-

151 3265 303 3321 l’redo
344 3265 662 3334 Agobardus
688 3263 742 3315 in
782 3261 996 3316 Christo
1036 3261 1263 3315 Domino
1305 3260 1640 3315 viviﬁcatore
1669 3276 1730 3315 ac

151 3357 425 3411 salvatore
461 3363 647 3409 nostro
681 3355 850 3408 vitam
879 3361 934 3406 et
962 3352 1188 3406 salutem
1225 3361 1503 3406 mternam.

219 3446 460 3501 Obsecro
487 3442 1041 3514 pnecellentissimam
1069 3441 1370 3497 claritatem
1411 3448 1644 3496 vestram
1674 3449 1735 3494 ut

145 3538 418 3607 patienter
458 3543 513 3589 et
553 3535 849 3589 clementer
892 3532 1079 3586 audire
1109 3532 1360 3600 dignetur
1401 3546 1520 3599 qua:
1555 3530 1731 3585 ﬁdelis

149 3629 396 3698 suggerit
445 3626 691 3680 servulus
737 3642 748 3677 :
786 3625 932 3693 quia,
985 3631 1120 3677 teste
1149 3623 1262 3677 Deo
1310 3623 1402 3692 qui
1452 3632 1726 3678 scrutatur

143 3722 310 3774 corda
344 3728 398 3773 et
425 3733 604 3781 renes,
631 3732 736 3770 non
765 3716 872 3769 alia
898 3717 1194 3772 intentione
1220 3715 1358 3778 dico,
1385 3715 1487 3769 nisi
1511 3723 1732 3785 propter

143 3809 450 3877 profectum
488 3808 868 3877 prosperitatis
891 3814 1085 3860 vestrae
1130 3806 1412 3874 praisentis
1438 3806 1651 3872 pariter
1674 3814 1727 3858 et

143 3899 365 3952 futurae.
419 3896 808 3965 Omnipotens,
860 3881 1250 3962 sempiternus,
1305 3902 1361 3948 et
1417 3894 1729 3950 misericors

141 3989 310 4052 Deus,
352 3988 492 4056 apud
543 4001 711 4056 quem.
738 3985 873 4039 nihil
913 3987 1262 4055 praeteritum,
1302 3985 1446 4046 nihil;
1483 3983 1726 4040 futurum

141 4092 251 4140 est,
281 4079 374 4132 sed
414 4078 591 4130 omnia
618 4077 886 4129 volumina
910 4075 1230 4130 saeculorum
1261 4091 1380 4144 quas
1415 4076 1726 4144 apud-mor-

143 4167 284 4220 tales
333 4176 385 4220 et
421 4167 746 4233 temporales
776 4165 1080 4228 volvuntur,
1116 4166 1541 4235 intemporaliter
1586 4166 1730 4235 apud

140 4273 271 4314 eum
319 4257 607 4327 prsesentia
651 4264 986 4324 permanent,
1037 4255 1200 4326 elegit.
1244 4271 1338 4311 vos
1386 4265 1508 4310 ante
1538 4256 1722 4312 mundi

144 4347 598 4402 constitutionem
629 4345 867 4398 futurum
899 4346 1099 4400 nostris
1127 4346 1443 4415 periculosis
1471 4347 1728 4415 tempori-

1841 3262 1973 3315 teris
2017 3261 2394 3320 honoriﬁcavit
2437 3269 2497 3318 et
2532 3260 2741 3324 ditavit,
2779 3275 2884 3314 non
2931 3247 3102 3315 solum
3147 3263 3404 3330 exterius,

1838 3365 2026 3406 verum
2062 3352 2226 3408 etiam
2271 3350 2514 3411 interius,
2549 3350 2841 3418 prudentia-
2861 3350 3128 3416 videlicet,
3167 3350 3402 3422 jusutia',

1835 3441 2155 3497 l‘Ortitudine
2185 3449 2240 3494 et
2286 3440 2662 3509 temperantia,
2705 3439 2896 3508 quibus
2923 3442 3213 3495 secundum
3260 3441 3406 3498 Scri-

1835 3541 2024 3604 pturas
2060 3533 2192 3586 nihil
2222 3531 2406 3591 utilius
2431 3538 2516 3586 est
2558 3531 2612 3584 in
2652 3529 2770 3584 vita.
2797 3529 3063 3594 hominis;
3102 3533 3406 3587 constituit-

1837 3635 1942 3690 que
1977 3635 2074 3675 vos
2113 3621 2177 3674 in.
2200 3619 2368 3673 latere
2395 3630 2417 3657 ο
2454 3634 2636 3672 rerum
2667 3633 2930 3672 summam
2962 3621 3228 3688 regentis;
3273 3637 3406 3690 qua-

1832 3720 1990 3766 tenus
2028 3721 2082 3766 et
2123 3711 2184 3766 in
2227 3711 2578 3789 dispositione
2617 3710 2899 3780 aequitatis
2945 3711 3018 3765 illi
3062 3714 3256 3768 essetis
3303 3713 3408 3769 suf-

1829 3799 2108 3872 fragator,
2157 3809 2213 3855 et
2267 3801 2322 3853 in
2369 3801 2803 3854 remuneratione
2855 3801 3204 3857 beatitudinis
3245 3806 3408 3872 parti-

1831 3907 1976 3961 ceps.
2023 3890 2176 3944 Nunc
2221 3890 2387 3959 igitur
2429 3889 2554 3957 quid
2601 3888 2941 3958 potissimum
2995 3891 3211 3960 expedit
3250 3893 3409 3947 devo-

1830 3984 2053 4041 tissimze
2094 3982 2387 4040 intentioni
2421 3991 2618 4037 vestra:
2645 4021 2669 4045 μ
2701 3983 2803 4036 nisi
2843 3990 2901 4035 ut
2934 3983 3081 4036 omni
3123 3985 3408 4040 conamine

1830 4074 2084 4143 omnique
2129 4073 2328 4126 mentis
2355 4072 2566 4136 adnisu,
2609 4073 2682 4125 ita
2714 4072 2767 4124 in
2794 4071 3198 4141 dispositionem
3227 4090 3408 4130 rerum

1832 4164 2178 4234 sagacissime
2213 4161 2471 4229 vigiletis,
2521 4169 2580 4222 ut
2623 4161 2958 4230 opprimatur
2993 4161 3271 4232 iniquitas,
3310 4165 3403 4219 de-

1833 4260 2076 4307 struatur
2114 4252 2264 4306 l'raus
2308 4260 2364 4305 et
2406 4250 2580 4312 dolus.
2611 4251 2901 4320 dissipetur
2929 4251 3187 4320 pravitas,
3219 4262 3406 4307 conte-

1832 4352 1984 4399 ratur
2011 4344 2329 4409 crudelitas,
2366 4344 2614 4413 erigaturr
2631 4342 2860 4412 justitia,
2890 4343 3197 4396 consoletur
3225 4343 3398 4397 humi-

1495 4453 1765 4510 BALUZII
1804 4453 2031 4508 NOTAE.

214 4577 239 4602 ιι
287 4561 571 4632 Matfredo.
602 4561 698 4616 Vel
727 4576 793 4616 ex
829 4562 942 4632 solo
981 4561 1136 4632 istius
1175 4562 1411 4628 epistola:
1450 4562 1604 4616 titulo
1629 4578 1720 4631 pa-
1747 4546 1800 4605 D
1827 4564 1988 4617 tanias
2016 4578 2140 4632 rege
2163 4579 2224 4618 ac
2247 4563 2564 4631 proceribus
2588 4562 2770 4631 palatii
2797 4559 3127 4632 conspiravit
3148 4560 3407 4617 adversus

136 4643 217 4688 tet
250 4633 428 4684 virum
459 4631 620 4685 fuisse
655 4647 860 4700 magna:
888 4631 1207 4698 dignationis
1234 4639 1284 4684 et
1310 4633 1646 4685 auctoritatis
1671 4633 1722 4685 in

135 4704 346 4772 palatio
382 4701 636 4772 Ludovici
665 4700 765 4752 Pii.
793 4700 925 4772 Nam
952 4708 1004 4752 et
1031 4700 1334 4754 Ludovicus
1360 4703 1471 4769 ipse
1492 4717 1613 4754 eum
1638 4718 1727 4756 vo-

135 4770 229 4827 cat
278 4773 456 4824 virum
509 4771 769 4827 illustrem
829 4770 881 4822 in
929 4778 1195 4837 prtecepto
1248 4785 1346 4838 pro
1401 4773 1725 4826 monasterio

128 4843 326 4897 Grata:
372 4841 439 4895 in.
475 4839 531 4893 S.
575 4840 792 4895 dimcesi
833 4839 1163 4910 Urgcllensi,
1198 4841 1347 4904 cujus
1381 4844 1589 4910 partem
1633 4841 1727 4894 ali-

132 4926 307 4978 quam
340 4925 482 4962 anno
508 4911 784 4977 superiore
811 4909 1075 4978 edidimus
1104 4908 1154 4978 in
1184 4911 1325 4962 notis
1349 4908 1414 4962 ad
1443 4911 1724 4978 epistolam

131 4976 206 5033 9.9
245 4979 381 5046 Lupi
416 4976 798 5033 Ferrariensis.
825 4976 916 5032 Sic
939 4991 1066 5046 ergo
1088 4976 1508 5046 aitimperator:
1545 4999 1562 5030 ι
1598 4980 1727 5032 Mat~

135 5047 328 5101 frcdns
356 5062 540 5109 comes
560 5047 643 5099 vir
666 5048 874 5101 illuster
893 5048 1077 5100 adiens
1105 5049 1448 5100 serenitatem
1474 5049 1724 5103 culminis

132 5117 336 5177 nostri,
355 5125 460 5168 etc.
484 5135 501 5165 ›
518 5116 596 5168 Ac
611 5117 859 5169 comitem
884 5117 1100 5184 quidem
1111 5116 1547 5173 Aurelianensem
1562 5119 1725 5172 fuisse

133 5193 454 5267 censuit-ex
483 5184 783 5267 Adrevaldo
801 5185 1316 5267 ‘li‘loriacensi'lib.'t
1336 5227 1350 5250 ,
1374 5202 1524 5267 _cap..
1657 5188 1723 5267 de

137 5255 417 5310 Miraculis
440 5253 609 5315 sancti
637 5253 930 5317 Benedicti,
961 5263 1015 5309 et
1039 5270 1104 5309 ex
1130 5254 1248 5308 Vita
1273 5253 1525 5309 Ludovici
1551 5255 1630 5308 Pii
1656 5257 1734 5309 ad.

134 5342 227 5378 an.
263 5322 388 5376 8‘29.
426 5321 521 5376 illo
552 5323 733 5390 itaque
769 5331 1004 5392 tempore
1039 5322 1202 5378 Jonas
1235 5324 1514 5392 episcopus
1552 5325 1722 5377 Aure-

135 5393 402 5448 lianensis
447 5393 514 5445 ad
560 5407 682 5446 eum
728 5393 872 5446 misit
919 5394 1086 5448 libros
1135 5403 1246 5448 tres
1277 5393 1342 5447 de
1383 5395 1721 5449 institutione

136 5461 347 5519 Laicali
371 5503 384 5524 ,
430 5463 528 5531 qui
564 5477 592 5514 a
633 5462 828 5531 domno
866 5461 1008 5526 Luca
1045 5463 1466 5531 Dacberioediti
1511 5472 1636 5516 sunt
1665 5464 1719 5516 in

137 5543 288 5586 tomo
310 5530 488 5599 primo
512 5530 813 5600 Spicilegii;
839 5546 960 5584 cum
981 5539 1138 5584 antea
1159 5533 1285 5586 editi
1309 5530 1533 5586 fuissent
1556 5533 1726 5586 Duaci

136 5617 294 5655 anno
323 5600 461 5654 1645
504 5617 570 5655 ex
607 5601 772 5654 veteri
813 5601 997 5653 codice
1034 5617 1134 5654 ms.
1185 5601 1356 5655 sancti
1396 5602 1622 5655 Amandi
1666 5602 1719 5655 in

139 5670 364 5733 Pabula,
393 5686 524 5728 cura
555 5670 615 5722 D.
641 5670 940 5741 lldephon_si
961 5669 1349 5741 Goetghebneri
1375 5672 1720 5724 bibliotheca-

141 5742 205 5794 rii
235 5742 479 5810 ejusdem
508 5739 1027 5810 monasterii._Anno
1057 5739 1178 5793 dein
1217 5740 1320 5794 830
1344 5743 1423 5810 (ut
1465 5742 1516 5793 in
1545 5741 1719 5809 capite

141 5808 419 5881 trigesimo
448 5817 603 5865 sexto
627 5817 813 5862 narrat
839 5808 1139 5880 Theganns)
1163 5826 1282 5864 cum
1311 5808 1532 5878 Pippino
1553 5808 1719 5879 Aqui-

1827 4631 2154 4687 Ludovicum
2179 4632 2355 4696 Pium,
2379 4647 2537 4701 quem
2561 4633 2626 4686 de
2651 4647 2814 4701 regno
2837 4631 3104 4701 expellere
3131 4632 3402 4701 volebant.

1827 4702 1931 4757 Sed
1981 4704 2108 4756 huic
2151 4699 2652 4770 pessitno’facinori
2705 4699 2912 4755 obstitit
2960 4699 3215 4754 Ludovici
3265 4700 3406 4755 ﬁlius

1825 4771 2144 4827 Ludovicus.
2178 4772 2408 4825 Rursum
2448 4772 2501 4824 in
2537 4781 2718 4839 partes
2760 4770 2994 4824 botharii
3035 4785 3155 4823 cum
3196 4772 3404 4839 caeteris

1824 4842 2185 4910 perduellibus
2215 4838 2582 4910 transgressus
2611 4850 2865 4910 estranno
2891 4839 3025 4910 835,
3058 4854 3289 4910 eumque
3326 4838 3404 4892 l'u-

1825 4907 2057 4980 gientem
2088 4912 2141 4963 in
2174 4907 2952 4980 Italiam—Ascmitus,._illic_obiit
2981 4923 3130 4980 anno
3166 4907 3270 4980 855
3291 4949 3304 4971 ,
3346 4917 3404 4980 ut

1824 4976 1987 5033 tradit
2008 4986 2196 5033 auctor
2217 4978 2348 5032 Vitae
2380 4978 2632 5033 Ludovici
2666 4977 2766 5032 Pii.
2799 4978 2932 5031 Vide
2973 4976 3320 5031 Sirmundum
3347 4979 3400 5032 in

1824 5050 1967 5103 notis
1991 5051 2058 5102 ad
2085 5047 2462 5111 Theodulfum,
2493 5063 2611 5117 pag.
2647 5049 2770 5100 501.

1896 5117 1923 5156 b
1964 5117 2263 5169 Ministrum
2292 5119 2416 5184 imp.
2447 5114 2744 5186 εῐὶιιῐρετὶί,
2770 5114 2820 5186 id
2847 5123 2950 5178 est,
2979 5117 3284 5186 ministrum
3309 5131 3402 5185 pa-

1822 5185 1937 5240 latii
1966 5194 2021 5239 et
2059 5185 2211 5255 regni
2246 5205 2257 5238 :
2289 5187 2595 5238 ministrum
2623 5185 2838 5252 palatii,
2868 5187 2992 5255 quia
3021 5199 3125 5238 non
3154 5185 3399 5255 discede-

1823 5257 1964 5333 bata
1988 5253 2158 5333 latere
2186 5254 2472 5333 Principis,
2495 5255 2899 5333 principemque
2919 5253 3094 5333 locum
3115 5254 3254 5333 apud
3276 5269 3399 5308 eum

1822 5326 2117 5386 obtinebat,
2151 5332 2482 5378 secretorum
2497 5322 2618 5393 ejus
2645 5323 2912 5394 particeps
2932 5331 2987 5376 et
3011 5322 3358 5394 consiliorum
3381 5339 3396 5388 ;

1822 5395 2129 5448 ministrum
2150 5394 2359 5462 imperii
2383 5395 2497 5447 sive
2518 5392 2694 5462 regni,
2717 5392 2842 5461 quia
2865 5401 3060 5462 praeter
3081 5392 3396 5446 comitatum

1821 5457 2284 5526 Aurelianensem,
2317 5464 2403 5516 cui
2438 5457 2654 5530 speciali
2694 5457 2819 5515 cura
2861 5457 3398 5530 invigilareteneba-

1822 5542 1930 5596 tur,
1953 5534 2185 5586 maxima
2207 5547 2333 5600 pars
2349 5529 2596 5587 curarum
2617 5529 2871 5584 Ludovici
2895 5530 2947 5583 in
2969 5529 3396 5586 administrando

1823 5603 2049 5670 imperio
2071 5611 2188 5655 erat
2221 5616 2390 5670 penes
2421 5600 2757 5654 Matl'redum.

1895 5666 1915 5710 ε
1963 5671 2155 5724 Rerum
2190 5666 2445 5724 summam
2503 5671 2744 5738 regentis,
2803 5669 2855 5722 id
2894 5677 2996 5730 est,
3028 5666 3392 5738 LudoviciPii

1823 5741 2177 5809 imperatoris,
2213 5759 2240 5794 a
2269 5741 2420 5807 cujus
2451 5736 2619 5794 latere
2669 5754 2774 5792 non
2817 5739 3124 5794 discedebat
3176 5736 3393 5792 blatire-

1823 5814 1941 5876 dus,
1977 5811 2051 5863 uti
2075 5811 2184 5879 jam
2217 5811 2467 5864 diximus.
