3930 6316
453 421 553 484 187

1428 421 1486 478 S.
1527 418 1882 478 AGOBARDI
1913 417 2224 478 EPISCOPI
2259 417 2747 478 LUGDUNENSIS

3646 420 3749 482 l88

445 541 593 604 litas,
645 535 934 594 roboretur
979 534 1135 604 tldes,
1185 542 1470 593 serenetur
1504 533 1780 590 Ecclesia?
1825 530 2050 589 Noverit
2075 539 2128 598 Α
2153 533 2352 590 dantur
2378 549 2409 589 a
2452 533 2814 590 correctione.
2861 533 3005 604 Quin
3032 535 3232 608 potius,
3286 535 3748 608 prestantissime

445 642 684 706 namque
719 625 1008 700 prudentia
1051 635 1260 693 vestra,
1297 627 1354 682 in
1405 626 1527 682 istis
1561 625 1893 698 regionibus,
1931 626 2054 696 qui-

445 717 551 777 bus
577 734 679 775 nos
704 717 871 775 vicini
898 731 1104 784 sumus,
1133 718 1190 773 in
1213 725 1424 773 tantam
1453 717 1808 773 securitatem
1835 716 2052 770 venisse

448 805 811 884 impietatem,
839 817 899 864 ut
925 823 1066 880 pene
1104 808 1288 864 nullus
1321 808 1634 864 inveniatur
1661 808 1754 878 qui
1778 806 2052 877 justitiam

450 901 642 974 diligat
662 901 735 957 ab
760 898 1142 972 injustitiaque
1163 903 1408 968 recedat,
1433 901 1542 957 nisi
1567 901 1724 972 cujus
1749 900 1935 956 divina
1970 901 2054 954 in-

449 984 681 1064 spiratio
708 1000 948 1049 mentem
977 993 1151 1068 tangit
1177 1001 1232 1050 et
1255 992 1476 1049 deducit
1504 991 1871 1060 voluntatem';
1895 993 1971 1048 ita
1993 1003 2055 1047 ut

450 1083 1018 1156 gratuitum'putetur,
1043 1085 1356 1154 ubicunque
1375 1082 1639 1138 benitatis
1666 1081 1895 1154 vestigia
1923 1097 2054 1140 con-

451 1171 775 1249 spiclunt‘ur.
809 1184 836 1213 ι
861 1172 1084 1241 Quievit
1107 1171 1272 1228 timor
1298 1187 1487 1253 regum
1510 1179 1568 1228 et
1591 1170 1773 1243 legum
1816 1171 1873 1226 in
1910 1171 2053 1227 mul-

453 1261 558 1328 tis;
596 1262 733 1316 adeo
787 1269 848 1315 ut
879 1261 1129 1332 plerique
1172 1262 1228 1316 in
1268 1262 1525 1332 praesenti
1556 1262 1828 1318 neminem
1858 1262 2054 1318 timen-

452 1352 582 1408 dum
619 1359 832 1422 putent,
867 1360 1182 1423 reputantes
1211 1349 1370 1422 apud
1410 1353 1755 1422 semetipsos,
1789 1358 1846 1407 et
1871 1353 2054 1408 dicen-

450 1453 536 1502 tes
565 1445 620 1500 in
657 1444 915 1501 cordibus
955 1444 1071 1500 suis
1101 1458 1115 1498 :
1149 1443 1208 1500 Si
1235 1443 1460 1514 querela
1483 1444 1551 1500 de
1580 1461 1668 1500 me
1694 1443 1762 1499 ad
1786 1444 2051 1514 palatium

449 1534 683 1599 venerit,
734 1548 902 1590 causa
943 1534 1012 1590 ad
1039 1534 1068 1574 δ
1098 1533 1404 1590 causidicos
1433 1533 1718 1606 dirigetur.
1751 1533 1864 1590 lllic
1903 1534 2052 1589 inve-

451 1623 602 1677 niam
631 1633 654 1662 ο
693 1629 952 1693 parentes
981 1622 1067 1678 vel
1092 1623 1298 1679 amicos
1337 1623 1546 1693 plures,
1592 1638 1692 1694 per
1720 1639 1858 1694 quos
1887 1625 2049 1681 indu-

449 1712 694 1769 bitanter
735 1712 830 1768 flet
870 1721 931 1768 ut
969 1712 1204 1784 regalem
1243 1713 1598 1770 oﬂ‘ensionem
1632 1715 1833 1770 nullam
1868 1716 2052 1771 incur-

453 1805 592 1867 ram,
637 1803 765 1873 quia
800 1803 1001 1859 donum
1032 1794 1413 1859 absconditum
1452 1805 1764 1877 exstinguet
1799 1806 1910 1862 iras
1933 1847 1946 1870 ,
1994 1815 2049 1862 et

2154 624 2420 692 virorum,
2453 625 2578 680 date
2619 639 2844 696 operam
2874 634 2944 682 ut
2973 627 3094 684 sitis
3133 644 3323 684 murus
3367 629 3425 683 in
3453 637 3750 699 augmento

2155 713 2498 782 felicitatum,
2521 716 2614 786 qui
2635 715 2828 770 noxios
2847 727 3139 789 expugnet,
3163 718 3480 774 innocentes
3502 725 3748 781 tueatur,

2153 805 2266 861 Deo
2295 813 2580 876 congruat,
2629 805 2699 861 ab
2747 805 2971 861 inimico
2994 808 3286 879 discrepet,
3335 822 3630 878 supernam
3664 822 3753 862 re-

2153 895 2587 951 munerationem
2618 895 2942 950 accumulet.
2998 897 3066 952 Et
3093 897 3223 954 licet
3269 898 3403 954 satis
3447 913 3515 954 ex
3563 896 3753 953 verbis

2152 987 2581 1056 przecedentibus
2601 986 2766 1041 animi
2795 987 2970 1042 nostri
2991 988 3262 1044 clarescat
3283 988 3550 1053 intentio;
3583 997 3647 1042 ut
3672 995 3755 1041 ta—

2153 1091 2277 1131 men
2303 1076 2508 1148 absque
2531 1077 2639 1131 ulla
2668 1077 3006 1134 dubitatione
3033 1079 3220 1135 sciatis
3247 1094 3334 1134 me
3359 1093 3466 1133 non
3495 1068 3755 1148 proprias

2153 1167 2405 1238 querelas
2448 1168 2753 1240 deplorare,
2810 1177 3105 1238 cognoscat
3138 1170 3380 1241 prudens
3432 1171 3756 1241 benignitas

2151 1267 2373 1325 vestra,
2410 1263 2528 1315 haec
2561 1274 2592 1313 a
2629 1273 2716 1315 me
2752 1260 2859 1316 dici
2895 1250 3004 1315 non
3043 1274 3205 1330 posse
3245 1260 3535 1316 adversum
3589 1259 3610 1298 ί
3662 1275 3758 1316 co-

2151 1350 2340 1405 mitem
2379 1359 2626 1408 nostrum
2673 1351 3063 1407 Bertmundum
3098 1370 3110 1406 :
3145 1353 3344 1423 quippe
3369 1354 3462 1424 qui
3493 1352 3636 1408 bene
3665 1368 3758 1408 sa-

2154 1441 2224 1495 tis
2261 1440 2460 1496 habeat
2482 1442 2792 1498 ordinatum
2833 1443 2902 1498 de
2935 1440 3167 1511 justitiis
3189 1444 3507 1498 comitatum
3547 1459 3752 1509 suum;

2151 1547 2218 1588 eo
2259 1533 2405 1603 quod
2430 1537 2455 1575 ε
2504 1533 2668 1591 talem
2712 1534 2891 1590 virum
2923 1551 3024 1605 pro
3052 1551 3112 1592 se
3137 1535 3484 1592 constituerit
3531 1536 3603 1592 ad
3633 1536 3760 1591 haec

2151 1624 2480 1693 peragenda,
2521 1624 2615 1696 qui
2655 1639 2762 1680 non
2815 1625 3003 1681 solum-
3033 1633 3256 1696 propter
3301 1640 3544 1682 amorem
3579 1634 3635 1680 et
3691 1627 3760 1680 ti-

2151 1729 2358 1769 morem
2381 1713 2410 1754 ιι
2441 1715 2673 1771 senioris
2698 1716 2781 1772 sui
2809 1716 2864 1772 id
2889 1724 3109 1772 strenue
3135 1725 3305 1787 gerat,
3337 1733 3527 1772 verum
3557 1718 3753 1782 etiam,

2151 1807 2297 1875 quod
2326 1805 2615 1862 sublimius
2646 1815 2702 1862 et
2748 1807 3070 1864 laudabilius
3097 1817 3201 1875 est,
3230 1818 3454 1880 propter
3501 1825 3758 1866 amorem

452 1893 501 1947 is
537 1895 629 1964 qui
673 1893 947 1949 timendus
986 1902 1088 1960 est,
1131 1895 1254 1950 aliis
1292 1895 1647 1966 interpositis,
1704 1912 1814 1952 non
1846 1897 2051 1953 videbit
2077 1894 2126 1953 B
2153 1894 2249 1952 Dei
2275 1905 2334 1953 et
2360 1913 2603 1953 amorem
2648 1899 2821 1970 ipsius
2851 1900 3128 1970 aequitatis
3171 1910 3230 1956 et
3271 1899 3517 1969 iustitiae,
3571 1901 3649 1955 ita
3698 1910 3759 1955 ut

454 1987 798 2059 insipientias
823 1997 1063 2044 nostras.

525 2078 772 2146 Talibus,
801 2080 888 2134 vir
911 2080 1132 2146 eximie,
1157 2081 1536 2136 occasionibus
1557 2089 1731 2139 totum
1759 2095 1898 2152 pene
1921 2079 2052 2135 illud

453 2171 756 2228 miserabili
808 2187 926 2228 aavo
977 2180 1165 2227 nostro
1214 2168 1411 2243 viguit,
1464 2172 1608 2242 quod
1656 2186 1756 2227 suo
1809 2179 2054 2241 tempore

453 2260 793 2319 Christianos
819 2263 1039 2333 quidem
1069 2263 1310 2319 evasisse
1339 2263 1699 2335 gloriabatur,
1727 2262 1870 2333 apud
1890 2276 2056 2332 paga-

453 2365 556 2407 nos
585 2366 717 2406 vero
767 2351 1152 2408 vehementius
1195 2351 1556 2408 effervescere
1603 2360 1816 2423 martyr
1861 2353 2056 2409 beatus

453 2439 762 2512 Cyprianus
782 2441 1000 2512 lugubri
1023 2443 1188 2498 nimis
1211 2458 1276 2498 ac
1294 2443 1551 2500 mcerenti
1573 2457 1707 2499 voce
1730 2440 1966 2497 deﬂebat
1983 2439 2009 2481 δ
2038 2460 2050 2496 :

457 2550 479 2584 ι
509 2531 656 2587 Inter
684 2532 853 2605 leges,
886 2533 1165 2603 inquiens,
1190 2533 1337 2604 ipsas
1379 2533 1744 2602 delinquitur,
1772 2532 1917 2587 inter
1927 2531 2054 2601 jura

452 2635 717 2694 peccatur
745 2643 758 2678 :
789 2625 1107 2680 innocentia
1138 2641 1237 2681 nec
1273 2625 1386 2680 illic
1416 2625 1505 2679 ubi
1535 2624 1847 2680 defenditur
1877 2640 2056 2680 reser-

455 2717 636 2770 v'atur.
687 2714 823 2783 Quis
863 2717 1006 2772 inter
1034 2718 1152 2772 haec
1196 2732 1328 2783 vero
1368 2715 1695 2782 subveniat?
1746 2716 2058 2782 Patronus?

453 2803 567 2862 Sed
588 2807 1008 2876 praevaricatur,
1036 2817 1092 2863 et
1113 2808 1332 2878 decipit.
1357 2806 1569 2862 Iudex?
1596 2806 1703 2862 Sed
1727 2808 2056 2862 sententiam

451 2898 680 2952 vendit:
727 2899 820 2968 qui
850 2899 1005 2955 sedet
1035 2899 1271 2954 erimina
1317 2899 1720 2964 vindicaturus,
1772 2899 2052 2962 admittit;

451 2995 508 3042 et
536 2995 592 3042 ut
619 3003 748 3044 reus
774 2989 1038 3044 innocens
1063 2998 1272 3060 pereat,
1306 2989 1369 3044 fit
1402 3005 1606 3045 nocens
1648 2989 1835 3059 judex.
1869 2990 2058 3045 Nullus

452 3078 520 3134 de
545 3079 753 3155 legibus
778 3088 957 3136 metus
985 3100 998 3135 :
1023 3081 1091 3136 de
1115 3090 1387 3151 quaestore
1406 3121 1419 3145 ,
1445 3082 1511 3136 de
1529 3079 1714 3150 judice
1736 3096 1906 3154 pavor
1940 3081 2060 3137 nul-

451 3168 577 3226 lus:
615 3171 761 3241 quod
789 3180 968 3241 potest
999 3173 1216 3238 redimi,
1248 3187 1357 3226 non
1382 3172 1611 3227 timetur
1645 3171 1878 3226 admitti.
1918 3171 2059 3227 Con-

2155 1989 2408 2044 videatur
2447 1990 2605 2045 nobis
2645 1991 2700 2046 in
2752 1991 2838 2046 bis
2867 1991 3116 2061 partibus
3159 2007 3422 2061 nusquam
3474 1991 3595 2046 fieri
3645 1999 3761 2046 tam

2155 2077 2446 2149 diligenter
2472 2080 2532 2135 et’
2577 2089 2804 2136 attente.
2845 2079 2951 2137 Sed
2981 2097 3207 2152 prorsus
3249 2082 3366 2137 haec
3393 2081 3581 2139 omnia
3616 2080 3766 2136 dici-

2156 2183 2277 2224 mus
2327 2179 2554 2240 propter
2601 2170 2762 2226 fidem
2811 2187 2974 2241 quam
3023 2171 3124 2227 sub
3156 2173 3286 2237 Deo,
3322 2172 3544 2227 domino
3583 2171 3757 2226 etiam

2157 2260 2473 2329 imperatori
2503 2261 2783 2328 debemus,
2814 2271 2869 2318 et
2887 2279 2984 2332 pro
3014 2271 3195 2318 vestra
3223 2263 3560 2319 beatitudine
3599 2271 3762 2339 aster.

2156 2367 2248 2415 na,
2279 2359 2335 2406 et
2363 2353 2649 2422 praesentis
2697 2353 2822 2408 vita:
2869 2352 3131 2410 felicitate
3181 2354 3551 2424 adipiscenda.
3605 2351 3756 2420 Quo-

2158 2441 2326 2507 niam,
2382 2449 2443 2495 ut
2497 2441 2598 2512 ipsi
2647 2457 2754 2496 non
2811 2442 3107 2512 ambigitis,
3163 2451 3319 2500 tanta
3365 2442 3765 2510 familiaritas,

2158 2545 2323 2606 quam
2376 2531 2518 2600 apud
2573 2531 2853 2586 dominum
2906 2533 3294 2602 imperatorem
3353 2534 3607 2590 obtinere
3658 2550 3764 2592 vos

2161 2620 2307 2675 Deus
2343 2619 2490 2687 fecit,
2524 2636 2624 2691 pro
2651 2637 2850 2693 magno
2878 2622 3033 2678 vobis
3055 2622 3260 2699 talento
3290 2623 3521 2693 spiritali
3550 2624 3622 2679 ab
3643 2623 3767 2712 ipso

2158 2712 2519 2782 omnipotenti
2549 2712 2782 2769 Domino
2825 2714 3261 2784 computabitur;
3293 2722 3350 2768 et
3381 2713 3766 2771 desideramus

2158 2813 2219 2861 ut
2249 2812 2357 2860 tam
2387 2813 2608 2860 strenue
2652 2803 2785 2860 illud
2830 2806 3178 2877 impendatis,
3216 2820 3278 2862 ut
3321 2808 3518 2864 merito
3568 2809 3767 2864 audire

2159 2894 2477 2950 mereamini
2510 2909 2539 2947 a
2581 2893 2812 2949 Domino
2856 2895 2910 2949 in
2936 2896 3144 2967 judicio
3171 2896 3289 2965 ejus
3340 2915 3352 2952 :
3387 2897 3562 2967 Euge,
3613 2914 3765 2954 serue

2162 2985 2292 3039 bone
2314 2993 2364 3038 et
2388 2983 2583 3053 ﬁdelis,
2613 2986 2739 3055 quia
2769 3001 2928 3056 super
2952 3003 3125 3056 pauca
3165 2986 3315 3056 fuisti
3339 2986 3536 3056 ﬁdelis,
3569 2996 3628 3043 et
3659 3001 3771 3044 ca:-

2162 3083 2278 3130 tera
2304 3091 2318 3129 :
2351 3083 2629 3130 avertatur
2656 3084 2833 3130 autem
2865 3091 2895 3130 a
2920 3077 3075 3132 vobis
3105 3077 3194 3131 illa
3223 3077 3358 3131 dura
3397 3086 3452 3132 et
3482 3077 3768 3134 irrevoca-

2161 3167 2285 3222 bilis
2319 3167 2730 3236 improperatio,
2761 3182 2883 3236 quae
2926 3167 2980 3220 in
3007 3167 3342 3238 negligentes
3386 3169 3766 3226 redundatura

453 3278 678 3321 sensere
705 3267 945 3335 peccatis
974 3266 1121 3335 jura,
1166 3275 1223 3320 ει
1270 3266 1293 3305 δ
1315 3265 1484 3334 εωρίι
1509 3264 1718 3321 licitum
1747 3281 1868 3321 esse
1911 3266 2055 3334 quod
2083 3246 2127 3307 C
2159 3263 2265 3320 est,
2315 3255 2544 3309 Domino
2578 3255 2791 3310 dicente
2821 3273 2834 3308 :
2887 3254 3045 3310 Serve
3091 3257 3230 3312 male
3255 3269 3303 3311 et
3335 3259 3504 3328 piger,
3557 3260 3768 3313 sciebas

455 3353 732 3424 publiCum
762 3365 867 3410 est.
897 3355 1030 3423 Quis
1053 3351 1162 3411 illic
1187 3369 1371 3411 rerum
1400 3356 1599 3424 pudor,
1625 3372 1747 3425 qua:
1777 3372 1898 3412 esse
1929 3371 2056 3426 pos-

454 3443 528 3499 sit
574 3445 892 3516 integritas;
926 3447 1021 3502 ubi
1050 3447 1144 3516 qui
1195 3446 1462 3500 damnant
1507 3448 1788 3516 improbos
1818 3447 2053 3514 desunt,

448 3534 550 3590 soli
584 3535 679 3590 tibi
704 3536 795 3604 qui
825 3537 1152 3591 damnentur
1180 3536 1516 3591 occurrunt?
1556 3557 1574 3589 ι
1629 3536 1892 3608 Quodque
1929 3539 2048 3593 sine

449 3623 697 3694 perieulo
723 3624 904 3680 dicere
930 3639 1165 3694 nequeo,
1191 3623 1349 3678 multi
1375 3623 1563 3678 talium
1590 3633 1787 3695 putant
1809 3640 1906 3681 vos
1934 3641 2056 3682 esse

451 3729 672 3772 murum
719 3717 864 3772 inter
901 3731 958 3772 se
986 3725 1043 3773 et
1086 3717 1490 3788 imperatorem.
1523 3731 1624 3786 per
1664 3732 1828 3787 quem
1871 3716 2056 3773 defen-

2161 3347 2286 3417 quia
2336 3355 2472 3400 meto
2526 3346 2611 3399 ubi
2660 3363 2763 3400 non
2812 3347 3088 3413 seminavi,
3139 3358 3187 3402 et
3217 3365 3470 3420 congrege
3521 3349 3614 3403 ubi
3659 3351 3768 3405 non

2161 3439 2359 3509 sparsi,
2386 3446 2440 3493 et
2486 3447 2703 3494 caetera.
2756 3437 2864 3494 Sed
2913 3455 3091 3511 neque
3127 3443 3447 3497 nominatim
3495 3451 3770 3513 pe‘rsonas

2162 3537 2472 3608 exprimere
2518 3537 2708 3603 debeo,
2739 3537 2939 3607 quibus
2985 3539 3365 3594 emendatione
3409 3541 3581 3594 multa
3623 3557 3769 3613 opus

2160 3635 2264 3689 est,
2296 3642 2364 3681 ne
2391 3636 2680 3682 accusator
2710 3626 2920 3693 videar,
2949 3629 3093 3696 quod
3125 3630 3141 3668 ί
3179 3645 3288 3684 non
3318 3638 3404 3684 est
3429 3630 3595 3685 oilicii
3619 3632 3766 3694 mei;

2164 3718 2256 3773 sed
2287 3717 2445 3788 cupio
2474 3731 2571 3772 vos
2613 3717 2689 3772 ita
2733 3731 2854 3772 esse
2881 3717 3193 3787 sollicitum,
3237 3719 3381 3774 sicut
3426 3720 3770 3777 studiosissi-

1831 3806 2106 3863 BALUZII
2142 3806 2376 3862 NOTAE.

529 3910 556 3939 ι
598 3895 807 3963 Quievit
860 3898 1018 3951 timor
1073 3914 1274 3967 regum.
1315 3896 1408 3952 Sic
1436 3899 1620 3967 Lupus
1680 3895 2054 3967 Ferrariensis

451 3957 806 4038 conqueritur
840 3968 895 4022 in
952 3957 1183 4037 epistola
1228 3968 1331 4022 126
1386 3969 1454 4023 ad
1492 3957 1704 4021 tantam
1726 3957 2052 4038 libertatem

451 4036 593 4094 vitia
640 4039 959 4108 prorupisse
987 4036 1132 4094 ’aavo
1164 4053 1290 4104 suo,
1321 4046 1380 4092 ut
1411 4038 1693 4093 vindicata
1723 4036 2054 4108 impunitate

453 4105 659 4180 apertis
685 4105 1012 4180 quibbsruie,
1040 4123 1146 4180 nec
1183 4109 1347 4180 Deus,
1383 4124 1485 4164 nec
1533 4123 1652 4180 rex,
1688 4105 1813 4161 nec
1843 4105 2058 4175 episco-

453 4178 565 4250 pus?
587 4178 865 4250 timeatur.
902 4178 977 4250 _Et
1003 4178 1247 4233 videndae
1274 4186 1402 4234 sunt
1430 4178 1656 4234 omnino
1686 4183 1827 4231 nota:
1855 4184 2059 4231 nostra

453 4247 696 4324 ild_ha_nc
724 4247 1028 4324 epistolam.

526 4318 558 4390 Ρ
591 4315 927 4390 Causidicos,
983 4317 1038 4372 id
1072 4325 1179 4390 est,
1211 4333 1304 4374 eos
1334 4321 1428 4390 qui
1473 4333 1667 4374 causas
1715 4315 2059 4390 referuntad

452 4388 756 4471 principem
773 4388 1148 4471 ia‘deoquejn
1177 4387 1369 4471 eoruni
1419 4396 1694 4471 potestate
1722 4395 1808 4441 est
1830 4387 2060 4457 provin-

455 4457 674 4527 Cialium
704 4458 900 4512 delicta
934 4458 1235 4527 publicare,
1274 4467 1368 4514 aut
1397 4457 1615 4515 silentio
1645 4466 1848 4527 tegere.

2163 3903 2247 3951 est
2271 3895 2295 3948 ἲ
2325 3894 2466 3962 Quid
2495 3897 2562 3950 de
2590 3895 2897 3951 adulterio?
2925 3896 3090 3964 Quer.
3119 3897 3292 3961 Attat,
3324 3900 3489 3955 etiam
3527 3902 3636 3957 hoc
3665 3904 3771 3958 cri-

2161 3981 2290 4020 men
2320 3981 2429 4019 non
2460 3973 2564 4021 est.
2607 3965 2732 4020 Lar.
2772 3966 3000 4033 Quando
3029 3983 3212 4024 autem
3245 3969 3452 4025 licitum
3487 3986 3616 4026 esse
3654 3988 3768 4028 cm-

2161 4036 2242 4105 pit
2263 4035 2480 4107 ?AQuer.
2532 4035 2880 4107 Men‘rogas?
2915 4039 3070 4106 quasi
3123 4047 3180 4093 tu
3214 4041 3450 4095 nescias.
3511 4040 3633 4097 Hoc
3682 4052 3772 4098 est

2163 4104 2306 4179 quod
2317 4105 2702 4179 _nec_permitti
2730 4104 2832 4162 nec
2850 4104 3134 4179 prohiberi,
3149 4116 3348 4179 potest.
3389 4130 3408 4162 ι

2239 4173 2260 4212 ί
2303 4173 2560 4249 Comitem
2623 4173 2869 4249 nostrum
2913 4173 3318 4249 Bertmundum,
3377 4179 3767 4249 Lugdunensis

2161 4245 2456 4370 plrovgncia:
2504 4244 2845 4313 pmfectum,
2885 4254 2948 4300 ut
2983 4247 3036 4302 in
3079 4247 3216 4303 libro
3254 4249 3432 4318 primo
3463 4244 3637 4305 'vocat
3675 4252 3767 4306 Ni-

2225 4329 2288 4368 ar
2327 4330 2410 4369 us.

2162 4324 2410 4369 thardus.

2238 4387 2263 4425 8
2307 4384 2486 4461 Talem
2513 4386 2706 4461 virum,
2764 4385 2816 4461 id
2843 4395 2946 4452 est,
2977 4389 3378 4461 vicecomitem.
3425 4389 3577 4444 Unde
3612 4401 3766 4461 patet

2159 4455 2544 4529 vicecomitum
2581 4456 2980 4529 institutionem
3006 4456 3176 4514 fuisse
3205 4474 3302 4529 per
3327 4475 3422 4514 eas
3462 4455 3767 4529 tempésta-

535 4539 557 4568 ο
591 4526 882 4600 Parentes,
913 4525 966 4582 id
997 4536 1104 4592 est,
1145 4530 1603 4600 consanguineos,
1636 4525 1727 4582 vel
1750 4525 1960 4582 aﬂines.
1989 4526 2059 4581 Et
2084 4533 2137 4592 Ι)
2163 4536 2247 4600 tes
2273 4525 2581 4600 in_arbitrio
2607 4526 2886 4600 comitum.

455 4597 715 4667 putabam
741 4597 889 4652 istud
912 4613 1036 4653 esse
1065 4615 1130 4653 ex
1165 4597 1701 4663 infima—Latinitate,
1742 4606 2059 4667 parentum-

457 4665 564 4737 que
595 4667 857 4722 vocabulo
887 4668 1016 4722 olim
1038 4675 1247 4737 patrem
1279 4676 1488 4722 tantum
1517 4676 1860 4735 matremque
1889 4665 2060 4723 fuisse

457 4735 908 4820 compreben‘so‘s,
940 4747 1000 4820 ut
1027 4735 1231 4819 dictum
1262 4739 1436 4820 est‘in
1466 4738 1621 4820 notis
1649 4738 1715 4792 ad
1744 4735 1943 4820 libri-um
1992 4752 2057 4820 ιιι

459 4804 705 4861 Salviani
737 4808 806 4862 ad
833 4807 1137 4862 Ecelesiam
1192 4807 1539 4863 catholicam.
1576 4808 1779 4863 Verum
1810 4805 2058 4860 Sallustii

457 4877 756 4946 auctoritas
807 4893 954 4933 nunc
982 4877 1114 4933 facit
1139 4885 1201 4932 ut
1231 4878 1388 4932 aliter
1433 4879 1690 4942 sentiam,
1724 4877 1866 4946 apud
1895 4892 2058 4946 quem

461 4945 618 5019 Sulla
655 4946 926 5019 Bocchum
969 4946 1308 5003 Mauritaniae
1359 4963 1541 5019 regem
1593 4948 1676 5002 sic
1721 4945 2054 5019 alloquitur:

465 5033 485 5067 ι
525 5011 684 5081 Dein,
730 5017 873 5087 quod
903 5027 1162 5088 parentes
1219 5011 1448 5074 abunde'
1489 5019 1794 5074 habemus:
1846 5011 2060 5088 amico-

458 5101 583 5209 }‘utp
632 5101 810 5155 neque
855 5087 1034 5154 nubis,
1085 5103 1261 5159 neque
1319 5089 1572 5158 cuiquam
1627 5088 1869 5143 omnium
1923 5087 2058 5142 satis

485 5171 582 5209 ιιι.
633 5173 653 5208 ι

485 5156 582 5210 itit.
633 5173 653 5208 ι

531 5225 559 5264 ά
598 5226 655 5280 ιιι
685 5227 913 5296 epistola
946 5227 1012 5281 ad
1044 5227 1335 5282 Donatum.
1389 5227 1497 5282 Sed
1530 5228 1710 5282 locum
1755 5242 1822 5281 ex
1850 5242 1914 5282 ea
1941 5228 2057 5296 cpi-

531 5242 559 5264 ιι
599 5242 655 5280 ιιι
685 5242 913 5350 epismla
946 5242 1012 5281 aa
1045 5242 1335 5282 Donatum.
1389 5242 1497 5282 Sed
1533 5242 1710 5282 locum
1755 5242 1822 5281 ex
1850 5242 1880 5281 e

463 5297 605 5352 stola
618 5313 710 5367 Ava
735 5297 802 5351 de
831 5298 1157 5361 decurtavit,
1192 5307 1253 5351 ut
1282 5297 1507 5363 assolet,
1538 5297 1880 5367 Agobardus.

479 5424 486 5437 cf
538 5377 562 5406 ο
600 5364 764 5436 εωρὶι
795 5367 999 5421 licitum
1050 5384 1178 5422 esse.
1222 5369 1512 5437 Eleganter
1551 5364 1854 5437 Cyprianus
1884 5367 1937 5422 in
1967 5384 2058 5423 ea-

462 5436 586 5491 dem
640 5437 916 5505 epistola.:
966 5455 984 5487 ι
1027 5437 1202 5492 Madet
1257 5436 1406 5494 orbis
1440 5436 1968 5505 mutuo’sanguine;
2005 5447 2058 5493 et

460 5506 813 5579 homicidium
869 5522 992 5562 cum
1047 5509 1343 5564 admittunt
1397 5507 1637 5579 singuli,_
1669 5509 2052 5579 crimeniest;

460 5577 643 5650 virtus
663 5586 910 5650 vocatur,
933 5593 1056 5650 cum
1077 5579 1290 5650 publice
1315 5577 1541 5650 geritur.
1569 5599 1585 5629 ι
1616 5577 1707 5633 Sic
1726 5577 1870 5650 apud
1893 5578 2058 5650 PseuT

459 5644 777 5718 doplantum
807 5644 1177 5714 Querolns'ait
1205 5644 1410 5704 licitum
1442 5664 1564 5704 esse
1595 5649 1737 5718 quod
1765 5644 2056 5718 commune

461 5724 567 5790 cst,
598 5716 783 5790 idest,
812 5719 956 5790 quod
1007 5720 1165 5790 vulgo
1196 5720 1256 5774 tit
1285 5739 1296 5772 :
1337 5741 1357 5769 ‹
1393 5719 1518 5773 Lar.
1551 5716 1690 5786 Quid
1718 5719 1783 5772 de
1820 5716 1954 5790 falso
1970 5719 2056 5790 dif

460 5786 637 5858 fimus
660 5787 684 5839 ?
710 5785 996 5855 Querolus.
1032 5785 1189 5854 Hem,
1246 5790 1366 5858 quis
1421 5785 1605 5844 autem
1661 5803 1848 5842 verum
1877 5788 2057 5842 dicit?

460 5851 608 5914 Istud
635 5851 926 5916 commune
967 5869 1069 5925 est,
1124 5851 1229 5914 abi.
1266 5851 1411 5914 "Lar.
1469 5860 1676 5914 Idcirco
1707 5859 1910 5914 crimen
1942 5872 2053 5912 non

2234 4597 2264 4636 ιι
2306 4595 2546 4677 Senioris
2599 4596 2704 4658 sui,
2761 4595 2815 4650 id
2855 4605 2958 4662 est,
2991 4598 3216 4665 domini,
3273 4599 3488 4655 comitis
3538 4599 3768 4672 Lugdu-

2163 4681 2370 4721 nensns.

2240 4737 2256 4775 ί
2317 4734 2442 4788 Non
2487 4745 2561 4789 est
2609 4730 2762 4805 οῃῑὸἱὶ
2809 4737 2935 4802 mei,
2992 4738 3251 4793 nimirum
3289 4742 3581 4796 accusatio.
3618 4741 3764 4798 Nam

2163 4805 2404 4874 episc0pi
2433 4820 2540 4860 non
2581 4806 2781 4860 debent
2831 4822 2955 4862 esse
2994 4817 3362 4864 accusatores.
3403 4811 3683 4874 Arcadius
3711 4825 3764 4868 et

2211 4875 2436 4952 onorius
2460 4874 2577 4952 _AA.
2607 4875 2676 4952 ad
2730 4875 3077 4952 Theodorum
3107 4878 3424 4948 prtefectum
3451 4886 3720 4952 praetorio
3749 4902 3762 4936 :

2166 4963 2184 4995 ι
2221 4945 2524 4998 Provinciae
2549 4946 2862 5002 moderator
2890 4945 3232 5003 sacerdotum
3264 4958 3320 5005 et
3346 4945 3634 5007 catliolica
3662 4954 3769 5009 Ec.

2161 5015 2343 5101 clesiae
2369 5015 2791 5099 ministrorum,
2844 5016 2951 5101 loci
3009 5033 3224 5101 quoque
3255 5021 3448 5101 ipsius,
3478 5031 3534 5076 et
3579 5023 3765 5101 divini

2160 5085 2341 5140 cultus
2367 5083 2624 5150 injuriam
2661 5086 2881 5156 capitali
2917 5089 2972 5141 in
3003 5083 3291 5145 convictos
3333 5083 3448 5147 sive
3473 5090 3768 5148 confessos

2160 5171 2284 5211 reos
2311 5157 2830 5231 s_ententia_noverit
2865 5157 3272 5231 vindicandum.
3305 5159 3417 5216 Nec
3469 5171 3766 5231 exspectet

2159 5225 2542 5305 utsepiscopus
2592 5227 2811 5305 injuria:
2870 5229 3104 5305 propria:
3131 5229 3422 5305 _ul_tionem
3470 5225 3763 5305 deposcat.

2159 5296 2247 5378 cui
2277 5296 2538 5378 sanctitas
2591 5296 2907 5378 ignoscendi
2924 5296 3061 5378 ⁵..ξοιὶ
3093 5298 3341 5378 gloriam
3374 5296 3692 5378 dereliquit.
3726 5324 3759 5378 Δι

2158 5365 2350 5436 Exstat
2375 5366 2490 5419 haec
2513 5367 2595 5420 lcx
2620 5365 2683 5419 in
2707 5367 2894 5422 codice
2924 5365 3302 5425 Theodosiano
3328 5371 3364 5423 ι.
3397 5371 3489 5436 51,
3520 5365 3594 5426 De
3631 5373 3764 5436 Epi-

2159 5390 2350 5420 nxuat
2375 5390 2490 5419 uase
2513 5390 2595 5420 rex
2630 5390 2683 5419 ιιι
2707 5390 2894 5422 cumet:
2934 5390 3302 5425 11180005111110
3330 5390 3364 5423 1.
3397 5390 3489 5436 οι,
3521 5390 3594 5426 ue
3632 5390 3678 5427 Ε..
3722 5392 3764 5429 ι-

2159 5435 2356 5512 scopis,
2389 5451 2453 5489 ac
2508 5437 2912 5512 relata_dein_de
2941 5448 3027 5494 est
3053 5440 3109 5493 in
3163 5440 3358 5495 librum
3392 5457 3444 5512 vt
3476 5390 3764 5512 Capitura-

2159 5511 2477 5580 ιηιιιιιιηοιιι)ἔ
2511 5507 2636 5561 504.
2667 5507 3044 5580 _Theodoretus
3084 5511 3374 5580 episcopus
3400 5507 3670 5580 Cyrensis
3707 5516 3760 5568 in

2158 5576 2385 5648 epistola
2415 5576 2486 5648 42
2539 5596 2550 5630 :
2596 5594 2614 5627 ι
2651 5577 2835 5648 Angor
2891 5595 3024 5634 sane
3053 5576 3134 5633 ac
3173 5576 3328 5635 doleo
3375 5576 3759 5640 vehementer.

2157 5647 2298 5713 quod
2329 5647 2571 5704 scribere
2627 5649 2887 5703 adversus
2916 5650 3185 5721 hominem
3219 5665 3400 5721 cogor,
3433 5666 3584 5719 cuius
3617 5654 3750 5709 deli~

2157 5725 2241 5792 ξω
2265 5726 2499 5792 propter
2528 5733 2721 5772 nomen
2778 5720 3068 5773 sacerdotii
3129 5720 3402 5792 occultare
3454 5737 3555 5792 par
3604 5735 3757 5778 erat.

2157 5785 2350 5912 gerulo
2409 5794 2608 5854 tamen,
2665 5796 2720 5843 ut
2751 5804 3040 5857 oppressos
3095 5791 3162 5846 ab
3217 5806 3282 5847 eo
3335 5785 3601 5863 pauperes
3636 5794 3760 5850 vin-

2197 5871 2348 5911 tccm.
2396 5873 2410 5907 ρ

2197 5871 2348 5911 tecm.
2396 5873 2410 5907 ι
