3930 6344
168 482 255 541 189

962 488 1182 545 EPIST.
1220 491 1314 545 AD
1350 490 1688 549 CLERICOS
1725 493 1814 550 ET
1853 493 2228 552 MONACHOS
2266 497 2566 557 LUGDUN.

3332 505 3434 562 190

160 617 296 658 mum
324 601 418 657 Dei
444 602 780 670 ministrum,
813 612 870 658 et
897 614 1321 661 consentaneum
1347 608 1475 663 boni
1502 624 1740 678 impera-
1766 614 1819 675 Α
1843 610 2019 668 ﬁdelis
2040 624 2315 682 inventus,
2343 618 2537 673 merito
2559 617 2842 688 utriusque
2872 623 3430 689 recompensationem

159 691 284 748 toris
329 689 652 760 adiutorem,
688 693 780 761 qui
822 694 890 748 ab
921 702 1153 766 utroque
1179 696 1409 752 Domino
1457 698 1655 770 dignus
1681 709 1738 754 et

1844 703 2128 774 percipiat.

222 834 3370 877 .______._________._______________________

319 939 829 1023 EPISTULA
887 947 1017 1023 AD
1071 945 1562 1026 CLERICOS
1642 950 1773 1029 ET
1832 953 2390 1035 MONACHOS
2451 959 3250 1057 LUGDUNENSES,

1136 1122 1226 1177 DE
1262 1123 1452 1182 MODO
1491 1127 1846 1187 REGIMINIS
1889 1133 2426 1192 ECCLESIASTICI.

214 1351 255 1408 l.
293 1349 430 1418 Quia
459 1349 588 1404 novi
621 1349 765 1404 inter
809 1348 1040 1419 aliquos,
1073 1349 1338 1419 quosdam
1388 1364 1636 1404 rumores
1668 1356 1724 1404 et

149 1442 476 1512 suspiciones
507 1440 780 1505 diversas,
817 1439 931 1494 haec
960 1438 1358 1508 subteradjecta
1387 1438 1602 1510 scripsi,
1630 1454 1728 1508 per

147 1547 261 1602 quae
279 1545 612 1602 cognoscere
638 1530 932 1602 dignemini
954 1544 1073 1599 quin
1097 1545 1198 1599 ego
1233 1531 1286 1583 in
1315 1530 1531 1585 actione
1556 1530 1731 1584 eccle-

146 1621 337 1676 siastici
369 1621 654 1691 regiminis
683 1621 912 1675 tenenda
943 1628 1149 1689 putem,
1201 1628 1485 1690 cessetque
1531 1634 1720 1690 pauco~

146 1725 260 1764 rum
296 1708 681 1774 iuurmuratio,
714 1724 838 1764 cum
864 1709 1117 1764 omnibus
1144 1725 1265 1764 mea
1292 1709 1458 1764 fuerit
1499 1711 1732 1765 intentio

1906 1275 2093 1289 Ψ

1901 1349 1984 1404 lll.
2002 1351 2020 1404 l
2024 1366 2119 1421 pse
2128 1353 2382 1422 princeps
2397 1364 2552 1424 pater
2562 1371 2773 1425 sponsae
2787 1372 2916 1423 suae,
2943 1369 2998 1414 et
3013 1359 3180 1416 frater
3195 1361 3309 1429 ejus
3322 1373 3426 1421 est.

1826 1442 1968 1496 Dicit
1997 1443 2141 1497 enim
2172 1444 2270 1514 ipsi
2308 1446 2462 1500 uxori
2497 1454 2551 1500 et
2586 1449 2762 1502 sorori
2800 1463 2912 1504 suae
2945 1468 2958 1502 :
3000 1449 3300 1509 Vulnerasti
3338 1473 3430 1510 cor

1832 1547 2030 1596 meum,
2059 1549 2214 1586 soror
2241 1551 2358 1588 mea
2377 1552 2593 1605 sponsa,
2617 1536 2906 1593 vulnerasti
2933 1558 3023 1595 cor
3047 1560 3221 1597 meum
3245 1547 3301 1600 in
3322 1563 3428 1602 uno

1835 1619 2108 1674 oculorum
2133 1632 2367 1689 tuorum,
2397 1634 2442 1678 et
2466 1625 2522 1678 in
2546 1642 2652 1678 uno
2675 1628 2818 1681 crine
2844 1629 2963 1682 colli
2987 1633 3083 1684 tui.
3116 1631 3288 1697 Quam
3310 1635 3428 1705 pul—

1837 1709 1977 1764 chra:
2007 1721 2128 1765 sunt
2157 1729 2401 1766 mamma:
2428 1724 2555 1780 tuae,
2587 1731 2738 1769 soror
2764 1733 2879 1770 mea
2908 1723 3141 1787 sponsa!
3175 1722 3284 1778 Nec
3324 1725 3427 1779 mi-

142 1803 424 1875 patefacta.
459 1816 486 1844 ι
524 1804 679 1860 Unus
705 1811 788 1858 est
830 1818 1083 1873 sponsus,
1118 1805 1211 1872 qui
1242 1803 1406 1858 habet
1442 1818 1728 1872 sponsam;
1760 1789 1808 1847 B
1837 1814 1958 1853 rum
1989 1801 2033 1855 si
2064 1818 2204 1856 uxor
2233 1818 2392 1858 soror
2418 1813 2530 1870 est;
2561 1806 2687 1878 quia
2715 1814 2768 1859 et
2794 1822 3043 1863 mammae
3069 1819 3232 1880 atque
3256 1814 3423 1870 ubera

143 1896 230 1967 qui
266 1895 571 1967 diligendus
599 1904 684 1950 est
707 1903 930 1966 propter
957 1911 1035 1959 se,
1064 1911 1171 1951 non
1208 1904 1430 1965 propter
1457 1897 1602 1950 aliud
1635 1897 1734 1950 ali-

141 1992 283 2062 quid,
314 2007 434 2046 cum
467 1991 585 2061 ipse
615 1992 686 2046 sit
718 2006 842 2060 pax,
872 1992 1110 2056 veritas,
1139 1991 1374 2061 justitia,
1420 1987 1732 2044 sanctiﬁca-

141 2083 230 2148 tio,
281 2091 334 2137 et
364 2082 690 2151 redemptio,
723 2088 776 2136 et
804 2096 964 2136 omne
993 2081 1221 2145 bonum,
1252 2089 1307 2135 et
1335 2077 1583 2134 sine'illo
1613 2077 1732 2131 nul-

138 2171 242 2226 lum
272 2172 504 2237 bonum;
533 2173 628 2241 qui
656 2172 722 2226 de
747 2172 886 2226 coelo
914 2172 1088 2236 venit,
1117 2179 1173 2226 et
1197 2185 1361 2239 super
1387 2182 1582 2224 omnes
1611 2175 1727 2233 est;

137 2262 221 2331 qui
274 2277 408 2332 quos
451 2262 617 2331 eripit
663 2261 729 2316 de
774 2272 936 2324 terra,
996 2261 1137 2316 levat
1191 2263 1259 2316 ad
1303 2260 1523 2316 cmlum.
1552 2259 1730 2315 Amici

137 2353 310 2421 sponsi
345 2360 492 2416 sunt,
535 2352 628 2420 qui
676 2367 735 2406 se
765 2352 1013 2407 videntes
1053 2363 1109 2407 et
1139 2353 1423 2408 audientes
1451 2351 1730 2407 aedificant

137 2443 188 2496 in
215 2457 452 2497 amorem
483 2451 540 2497 et
567 2442 773 2497 cultum
800 2443 1009 2511 sponsi,
1038 2443 1134 2496 lilii
1164 2457 1296 2496 vero
1327 2443 1533 2512 sponsi,
1559 2450 1614 2496 et
1636 2442 1726 2510 qui

136 2533 418 2598 :cdilicant,
449 2543 506 2588 et
537 2534 629 2601 qui
660 2532 1017 2588 :ndillcantur.
1065 2531 1218 2589 Unus
1250 2542 1336 2588 est
1376 2549 1547 2603 agnus
1572 2573 1586 2596 ,
1634 2532 1727 2602 qui

137 2625 291 2680 habet
331 2641 612 2694 sponsam,
657 2625 723 2680 de
779 2642 885 2696 qua
938 2625 1136 2680 dicitur
1183 2624 1382 2680 Joanni
1432 2624 1722 2695 apostolo:

145 2713 288 2779 Veni,
304 2716 578 2769 ostendam
605 2716 699 2769 tibi
719 2733 985 2786 sponsam,
1008 2732 1225 2770 uxorem
1250 2718 1373 2786 agni
1399 2725 1487 2770 εει.
1507 2725 1726 2770 ostensa

137 2815 215 2860 est
243 2806 316 2860 illi
335 2808 532 2862 civitas
548 2816 740 2862 sancta
769 2806 1106 2862 Hierusalem
1134 2808 1470 2862 descendens
1492 2806 1559 2861 de
1586 2807 1725 2862 coelo

136 2911 164 2948 a
192 2894 318 2959 Deo,
350 2896 560 2952 habens
588 2898 895 2951 claritatem
925 2898 1042 2951 Dei.

201 2984 261 3038 ll.
301 2986 374 3039 De
403 2985 510 3042 bac
541 3002 738 3056 sponsa
765 2996 818 3040 et
849 2989 1068 3041 civitate
1095 2994 1350 3041 cantatur
1391 2987 1443 3040 in
1473 2985 1612 3041 cmlo
1634 2986 1725 3037 Al-

136 3073 308 3138 leluia,
330 3077 584 3145 quoniam
618 3077 850 3146 regnavit
876 3076 1132 3129 Dominus
1174 3075 1315 3130 Deus
1345 3087 1519 3130 noster
1554 3078 1723 3130 omni-

1836 1890 1953 1958 ejus
1986 1894 2169 1956 turris,
2199 1905 2254 1948 et
2278 1895 2394 1963 ipsa
2423 1912 2631 1951 murus.
2671 1895 2762 1953 Sic
2792 1900 2936 1953 enim
2967 1902 3034 1957 de
3062 1903 3148 1957 illa
3191 1914 3344 1975 pater
3368 1915 3425 1963 et

1835 1995 2066 2050 sponsus
2121 1983 2356 2053 loquitur
2401 2004 2413 2039 :
2461 1985 2603 2052 Quid
2636 1988 2890 2057 faciemus
2925 1996 3094 2048 sorori
3135 2008 3328 2052 nostra:
3367 2000 3423 2054 in

1833 2074 1918 2126 die
1957 2080 2168 2145 quando
2197 2077 2511 2149 alloquenda
2542 2081 2647 2135 est!
2673 2079 2732 2136 Si
2773 2100 2955 2139 murus
2977 2095 3072 2152 est,
3096 2089 3419 2158 (ediﬁcemus

1832 2181 1988 2234 super
2022 2183 2154 2260 eum
2194 2171 2592 2240 propugnacula
2640 2184 2923 2243 argentea;
2961 2177 3008 2230 si
3064 2179 3252 2233 ostium
3303 2191 3411 2246 est,

1831 2257 2224 2327 compingamus
2244 2258 2378 2313 illud
2401 2261 2594 2316 tabulis
2622 2265 2869 2320 cedrinis.
2898 2266 2961 2320 Et
2986 2269 3073 2322 illa
3105 2272 3415 2341 respondit:

1831 2346 1946 2417 Ego
1975 2364 2178 2414 murus,
2214 2360 2261 2404 et
2307 2352 2468 2406 ubera
2511 2371 2628 2408 mea
2673 2358 2869 2422 turris,
2900 2376 2965 2412 ea:
2998 2378 3101 2430 quo
3128 2363 3269 2431 facta
3299 2384 3418 2420 sunt

1831 2452 2008 2490 coram
2043 2454 2102 2490 eo
2127 2440 2280 2508 quasi
2306 2458 2485 2509 pacem
2512 2446 2789 2513 reperiens.
2820 2447 2960 2513 Quid
2991 2451 3188 2505 mirum
3223 2455 3268 2507 si
3301 2471 3419 2510 mu-

1831 2539 1925 2578 rus
1946 2532 2001 2579 et
2043 2525 2255 2592 civitas,
2291 2544 2413 2583 cum
2459 2538 2513 2584 et
2538 2533 2695 2587 vinea
2743 2535 2951 2591 habens
2984 2541 3199 2595 virum?
3255 2534 3419 2600 Vinea

1829 2617 1987 2680 enim,
2021 2619 2212 2687 inquit,
2243 2619 2343 2689 fuit
2385 2619 2620 2690 Paciﬁco
2649 2625 2704 2678 in
2742 2643 2821 2687 ea,
2851 2644 2967 2697 qua:
2995 2630 3146 2703 habet
3174 2634 3414 2703 populos.

1833 2704 2072 2761 Tradidit
2118 2727 2233 2763 eam
2280 2711 2578 2765 custodibus
2623 2728 2640 2766 .'
2672 2717 2752 2768 vir
2779 2719 2932 2786 aﬂert
2953 2701 3254 2789 pro'lructu
3299 2726 3415 2795 ejus

1828 2797 1970 2852 inille
1999 2813 2291 2870 argenteos.
2319 2803 2394 2857 De
2426 2819 2530 2873 qua
2557 2805 2671 2874 ipse
2693 2807 2775 2859 vir
2807 2817 2861 2862 et
2890 2819 3045 2878 pater
3073 2816 3256 2868 statim
3289 2818 3419 2870 sub-

1818 2885 2018 2959 jungit,
2081 2889 2239 2945 Vinea
2287 2910 2402 2946 mea
2443 2911 2642 2948 coram'
2670 2913 2750 2950 me
2798 2909 2892 2952 est.
2937 2901 3054 2969 Ipsa
3097 2904 3254 2958 vinea
3302 2907 3416 2960 vir-

1825 2983 1966 3052 ginis
2018 2998 2232 3053 qnoque
2277 2994 2362 3040 est
2409 2996 2465 3041 et
2510 2988 2739 3057 conjux,
2797 2991 2862 3045 de
2913 2987 3121 3061 quain
3170 2999 3415 3054 carmine

1827 3074 2049 3142 nuptiali
2079 3075 2292 3129 canitur
2319 3078 2417 3145 ipsi
2451 3080 2563 3148 regi
2603 3088 2890 3150 etsponso
2919 3097 2931 3134 :
2966 3080 3117 3137 Stetit
3142 3087 3338 3156 conjux
3363 3089 3419 3142 in

135 3170 323 3222 potens.
356 3160 702 3216 Gaudeamus
743 3173 790 3216 et
822 3163 1163 3228 exsultemus,
1201 3174 1246 3217 et
1274 3165 1457 3218 demus
1495 3165 1719 3234 gloriam
1750 3135 1794 3196 δ
1827 3164 2041 3217 dextera
2068 3175 2180 3229 tua,
2207 3167 2263 3218 in
2291 3167 2588 3221 diademate
2617 3187 2797 3225 aureo.
2829 3172 2895 3226 Et
2947 3174 3060 3240 ipse
3099 3135 3328 3244 Sponsus
3364 3187 3418 3232 et

134 3251 200 3315 ei,
227 3253 347 3320 quia
375 3262 631 3306 venerunt
661 3255 856 3323 nuptia:
890 3256 1032 3323 agni,
1064 3265 1110 3307 et
1148 3272 1285 3308 uxor
1307 3259 1423 3325 ejus
1452 3272 1723 3326 pra’para-

134 3343 200 3394 vit
221 3359 306 3405 se;
337 3353 382 3396 et
412 3343 601 3396 datum
646 3352 723 3396 est
760 3343 860 3406 illi,
890 3353 947 3396 ut
988 3346 1254 3414 cooperiat
1283 3361 1339 3398 se
1369 3345 1599 3413 byssina.
1645 3344 1722 3399 De

135 3431 229 3486 hac
257 3447 422 3487 uxore
447 3441 505 3488 et
531 3434 755 3487 civitate
783 3433 913 3487 dicit
937 3431 1177 3488 Joannes
1199 3435 1527 3504 evangelista
1574 3433 1719 3502 quod

134 3524 240 3591 ipsa
268 3525 336 3577 sit
365 3533 422 3578 et
455 3524 870 3579 tabernaculum
916 3525 1032 3579 Dei.
1064 3525 1154 3578 Ait
1194 3526 1340 3579 enim
1383 3544 1395 3578 :
1438 3525 1506 3577 Et
1538 3525 1745 3604 civita-q

103 3683 107 3687 _
133 3625 228 3668 tem
254 3625 493 3670 sanctam
527 3616 863 3670 Hierusalem
890 3617 995 3671 vidi
1023 3634 1207 3671 novam
1237 3617 1633 3670 descendentem
1655 3616 1718 3671 de

132 3703 272 3767 (telo,
313 3721 344 3757 a
380 3690 508 3758 'Deo
553 3713 832 3774 paratam,
881 3705 1014 3758 sicut
1059 3721 1305 3774 sponsam
1333 3714 1574 3758 ornatam
1607 3705 1717 3758 viro

131 3809 239 3847 suo.
270 3794 335 3848 Et
365 3797 551 3850 audivi
596 3813 770 3863 vocem
800 3804 1046 3866 magnam
1093 3796 1158 3850 de
1182 3796 1369 3868 throno
1410 3797 1666 3850 dicentem
1700 3813 1718 3850 :

133 3884 261 3938 Ecce
292 3886 699 3940 tabernaculum
737 3886 836 3940 Dei
866 3903 984 3939 cum
1030 3886 1346 3963 hominibus,
1381 3895 1429 3939 et
1454 3887 1711 3940 habitabit

131 3991 238 4028 cum
267 3978 358 4030 eis.
395 3976 465 4030 Et
490 3977 594 4046 ipsi
619 3975 844 4047 populus
876 3974 990 4044 ejus
1026 3985 1200 4040 erunt,
1228 3985 1277 4027 et
1302 3976 1412 4045 ipse
1450 3975 1592 4029 Dens
1619 3976 1719 4029 erit

132 4085 240 4122 cum
269 4077 342 4122 ets
374 4085 564 4121 eorum
593 4067 763 4132 Deus,
789 4076 836 4120 et
859 4067 1116 4135 absterget
1148 4065 1286 4120 Deus
1318 4083 1521 4120 omnem
1545 4067 1718 4137 lacry—

131 4176 263 4212 mam
291 4160 355 4212 ab
385 4159 557 4213 oculis
586 4176 800 4224 eorum;
836 4169 883 4213 et
911 4175 1051 4212 mors
1082 4158 1222 4211 ultra
1255 4175 1358 4212 non
1386 4160 1515 4222 erit,
1556 4176 1719 4230 neque

132 4252 314 4316 luctus,
348 4269 518 4322 neque
549 4250 772 4316 clamor,
815 4267 976 4321 neque
1004 4249 1156 4303 dolor
1179 4250 1277 4304 erit
1310 4250 1469 4303 ultra.
1514 4251 1588 4305 De
1617 4251 1717 4306 hac

133 4342 341 4395 civitate
388 4351 444 4396 et
474 4357 646 4395 uxore
686 4341 896 4409 virgine
927 4348 1154 4411 generat
1185 4355 1358 4408 agnus
1392 4339 1509 4404 Dei,
1544 4355 1716 4410 agnus

132 4432 286 4496 Deus,
312 4447 486 4502 agnus
517 4432 881 4501 omnipotens,
909 4446 1078 4501 agnus
1106 4431 1512 4498 omnipotentis,
1544 4445 1713 4500 agnos

132 4528 182 4576 et
204 4537 328 4576 oves
351 4537 493 4590 quos
524 4521 551 4560 δ
582 4520 926 4576 commendat
953 4521 1114 4574 beato
1143 4519 1304 4573 Petro
1348 4519 1592 4588 apostolo
1635 4520 1714 4573 di-

131 4628 294 4668 cens:
340 4613 516 4666 Pasce
569 4629 731 4682 agnos
781 4628 940 4665 meos.
969 4612 1038 4665 Et
1085 4612 1280 4666 iterum
1322 4629 1334 4664 :
1381 4611 1547 4666 Pasce
1601 4630 1717 4667 oves

133 4719 283 4757 meas.
344 4703 448 4758 llic
527 4718 762 4771 sponsus
835 4710 890 4756 et
944 4717 1116 4772 agnus
1181 4702 1527 4770 omnipotens
1591 4704 1722 4758 dicit

131 4810 330 4864 sponsae
373 4803 430 4849 et
461 4796 619 4849 uxori
670 4809 782 4848 sua:
819 4812 831 4847 :
874 4792 1066 4864 Capilli
1105 4795 1182 4847 tui
1229 4795 1362 4848 sicut
1408 4812 1584 4865 greges
1631 4812 1719 4848 ca-

130 4898 352 4953 prarum,
399 4905 524 4958 qua:
583 4886 931 4941 ascenderunt
985 4886 1048 4938 de
1095 4896 1268 4939 monte
1325 4884 1719 4942 Galaad.Den-

132 4985 199 5029 tes
237 4979 314 5031 tui
362 4980 505 5032 sicut
557 4993 684 5048 grex
729 4978 941 5039 ovium,
985 4993 1105 5046 qua:
1137 4977 1484 5051 ascenderunt
1529 4979 1592 5031 de
1636 4978 1716 5032 la-

131 5082 294 5129 vacro,
327 5084 510 5120 omnes
542 5065 773 5137 gemellis
823 5066 1030 5135 fetibus,
1075 5077 1122 5119 et
1160 5066 1354 5121 sterilis
1403 5084 1509 5120 non
1557 5078 1630 5122 est
1661 5070 1716 5122 in

131 5157 216 5209 eis.
244 5157 311 5211 Et
349 5159 554 5211 iterum
581 5176 592 5210 :
645 5158 763 5210 Duo
791 5164 952 5212 ubera
979 5168 1069 5210 tua
1093 5157 1226 5211 sicut
1254 5157 1359 5210 duo
1385 5158 1592 5212 hinnuli
1627 5177 1717 5213 ca-

133 5265 259 5316 prew
286 5249 519 5320 gemelli,
543 5251 633 5319 qui
659 5261 950 5319 pascuntur
975 5251 1031 5303 in
1065 5249 1212 5303 liliis.
1251 5249 1377 5304 Haec
1408 5267 1548 5306 uxor
1574 5263 1628 5307 et
1654 5241 1716 5306 tl-

133 5338 197 5393 lia
224 5350 305 5395 est
327 5342 425 5396 viri
459 5343 546 5395 sui
573 5343 693 5411 agni
720 5351 774 5395 et
797 5343 1078 5411 principis,
1107 5341 1191 5396 cui
1215 5341 1329 5411 ipse
1351 5341 1512 5396 dicit:
1543 5342 1710 5407 Quam

133 5429 325 5495 pulchri
353 5441 475 5484 sunt
518 5447 727 5501 gressus
760 5433 836 5484 tui
866 5432 920 5485 in
959 5431 1338 5495 calciamentis,
1370 5430 1484 5499 ﬁlia
1521 5434 1720 5502 princi-

133 5519 205 5588 pis
225 5521 245 5574 .'

1739 4479 1791 4538 D

1825 3263 1979 3324 pater
2002 3255 2078 3308 ait
2107 3256 2282 3310 eidem
2326 3257 2540 3329 conjugi
2574 3277 2586 3312 :
2621 3260 2760 3313 Audi
2805 3262 2920 3330 ﬁlia
2945 3272 2993 3315 et
3020 3264 3153 3317 vide.
3185 3265 3250 3317 Et
3295 3266 3412 3335 ipse

1823 3353 2018 3398 cantor
2054 3344 2211 3412 hujus
2242 3348 2499 3401 carminis
2549 3349 2724 3406 eidem
2757 3351 2887 3427 dicit
2919 3371 2931 3404 :
2969 3350 3058 3407 Et.
3093 3369 3122 3406 ο
3161 3353 3276 3418 ﬁlia
3307 3355 3418 3424 for-

1823 3432 2030 3496 tissimi,
2064 3434 2118 3486 in
2149 3435 2450 3489 muneribus
2479 3436 2667 3505 [aciem
2707 3448 2852 3492 tuam
2885 3441 3302 3511 deprecabuntur
3334 3444 3417 3498 di-

1823 3523 1949 3576 vites
1975 3523 2175 3594 populi.
2203 3524 2328 3579 Haec
2347 3523 2502 3592 juxta
2535 3526 2882 3584 llebraicum.
2924 3531 3212 3601 Antiquior
3234 3543 3415 3588 autem

1826 3609 2130 3673 translatio,
2170 3618 2229 3664 ut
2274 3611 2520 3665 eamdem
2567 3606 2851 3684 coniugem
2886 3618 3124 3684 reginam
3162 3627 3215 3671 et
3246 3617 3414 3673 tiliam

1826 3701 1970 3769 regis
1999 3700 2327 3766 ostenderet,
2369 3701 2446 3756 sic
2477 3703 2552 3755 ait
2602 3703 2703 3772 ipsi
2753 3706 2863 3774 regi
2895 3723 2906 3758 :
2952 3707 3128 3760 Astitit
3165 3708 3343 3777 regina
3383 3727 3416 3762 a

1823 3789 2022 3842 dextris
2050 3791 2176 3843 tuis.
2207 3790 2274 3843 Et
2297 3799 2421 3860 post
2465 3809 2632 3860 pauca
2661 3809 2675 3846 :
2723 3793 2908 3849 Omnis
2940 3798 3110 3866 gloria
3140 3798 3255 3866 ejus
3289 3798 3418 3867 ﬁlia:

1823 3878 1958 3945 regis
1982 3877 2046 3929 ab
2078 3879 2237 3931 intus.
2273 3880 2397 3932 llmc
2429 3882 2615 3950 regina
2661 3897 2768 3936 non
2796 3884 2968 3937 solum
3005 3887 3159 3939 vinea
3188 3896 3290 3951 est,
3321 3889 3416 3943 sed

1821 3974 1876 4020 et
1898 3969 2106 4032 hortus,
2122 3977 2176 4022 et
2200 3967 2341 4022 fons.
2377 3969 2573 4024 Hortus
2599 3972 2876 4027 conclusus
2892 3991 3043 4027 soror
3063 3993 3178 4030 mea
3197 3994 3411 4046 sponsa,

1821 4058 2004 4110 hortus
2040 4057 2339 4122 conclusus,
2386 4059 2503 4128 fons
2541 4062 2800 4129 signatus.
2859 4062 3072 4118 Dicitur
3098 4074 3151 4119 et
3196 4068 3411 4134 mulier,

1822 4149 1962 4203 sicut
2011 4149 2271 4218 scriptum
2300 4157 2383 4204 est
2429 4167 2441 4202 :
2475 4149 2750 4204 Mulierem
2783 4153 2971 4220 fortem
2997 4157 3112 4224 quis
3144 4159 3410 4212 inveniet?

1819 4244 1887 4297 Et
1911 4250 2033 4312 post
2063 4242 2244 4313 aliqua
2271 4262 2282 4296 :
2317 4243 2523 4297 Nobilis
2553 4246 2608 4297 in
2634 4247 2799 4314 portis
2824 4247 2902 4300 t'ir
2928 4247 3066 4316 ejus,
3089 4235 3301 4318 quando.
3333 4268 3414 4306 se-

1819 4335 1953 4388 derit
1985 4353 2103 4389 cum
2127 4337 2456 4389 senatoribus
2486 4344 2659 4389 terrm.
2691 4336 2747 4390 ln
2777 4337 2896 4405 ejus
2928 4354 3160 4407 persona
3189 4341 3412 4409 quibus-

1819 4427 1943 4480 dam
1985 4428 2234 4482 fidelibus
2262 4436 2317 4481 et
2345 4426 2544 4480 Paulus
2587 4428 2776 4482 scribit
2818 4470 2830 4482 .
2869 4428 3133 4499 Despondi
3159 4432 3297 4484 enim
3326 4449 3411 4486 vos

1824 4518 1913 4569 uni
1945 4518 2053 4569 viro
2082 4518 2333 4586 virginem
2364 4527 2563 4570 castam
2609 4518 2852 4572 exhibere
2881 4517 3110 4573 Christo.
3156 4520 3254 4575 Cui
3297 4522 3414 4591 ipse

1820 4607 2068 4662 Christus
2098 4609 2358 4664 Dominus
2389 4609 2630 4678 loquitur
2663 4629 2674 4663 :
2720 4610 2850 4664 Tota
2892 4611 3114 4681 pulchra
3135 4629 3209 4678 es,
3239 4615 3411 4668 amica

1821 4715 1955 4762 mea,
1987 4708 2035 4752 et
2061 4699 2270 4753 macula
2297 4717 2399 4753 non
2427 4712 2500 4755 est
2529 4703 2580 4754 in
2607 4712 2673 4755 te.
2716 4702 2784 4756 Et
2814 4702 2902 4756 illa
2939 4703 3007 4758 de
3036 4703 3128 4758 illo
3166 4723 3178 4756 :
3221 4703 3412 4758 Veniat

1819 4787 2040 4841 dilectus
2091 4805 2233 4844 meus
2262 4791 2318 4845 in
2364 4791 2571 4845 hortum
2601 4809 2779 4858 suum,
2817 4802 2864 4846 et
2908 4794 3147 4847 comedat
3177 4793 3406 4863 fructum

1817 4894 2089 4948 pomorum
2116 4899 2329 4936 suorum
2341 4924 2352 4936 .

1895 4980 1979 5032 IV.
2019 4979 2123 5031 lsta
2158 4991 2352 5045 sponsa
2381 4975 2581 5046 regina,
2615 4984 2668 5028 et
2696 4990 2832 5029 uxor
2862 4984 2917 5028 et
2947 4975 3139 5029 ancilla
3163 4984 3266 5031 est.
3304 4977 3412 5032 Sed

1823 5071 1925 5126 hoc
1963 5084 2068 5122 non
2097 5068 2315 5122 mirum.
2350 5066 2543 5119 Mirum
2576 5074 2754 5119 tamen
2783 5073 2836 5120 et
2861 5065 3006 5119 omni
3037 5065 3411 5121 misericordia

1825 5160 2075 5230 plenum,
2109 5158 2252 5227 quod
2295 5156 2378 5209 vir
2407 5153 2525 5224 ejus
2573 5155 2631 5208 et
2674 5153 2955 5218 dominus,
2999 5154 3164 5207 etiam
3194 5154 3410 5209 domina

1823 5263 1906 5310 est
1946 5253 2038 5314 illi,
2073 5251 2212 5304 sicut
2247 5248 2533 5303 Psalmista
2579 5247 2831 5302 decantat
2877 5264 2889 5299 :
2937 5245 3089 5301 Sicut
3134 5248 3273 5300 oculi
3317 5265 3413 5300 an-

1818 5344 1956 5399 cilla:
1979 5343 2047 5396 ad
2074 5357 2288 5395 manum
2309 5341 2536 5393 dominre
2567 5355 2696 5402 suat,
2729 5338 2803 5390 ita
2835 5336 2973 5391 oculi
3005 5337 3170 5390 nostri
3198 5337 3268 5390 ad
3293 5337 3406 5392 Do-

1820 5433 2022 5486 minum
2057 5431 2225 5484 Deum
2267 5438 2524 5482 nostrum.
2571 5426 2702 5493 Qua:
2751 5426 2916 5480 etiam
2964 5425 3160 5480 mulier
3212 5427 3417 5481 dicitur

1823 5525 2028 5578 habens
2056 5523 2307 5593 dragmas
2331 5521 2547 5586 decem,
2573 5535 2724 5589 quae,
2756 5519 2967 5588 perdita
2992 5535 3097 5573 una
3115 5560 3129 5585 ,
3163 5520 3414 5575 accendit

1519 5639 1786 5697 BALUZII
1829 5638 2061 5695 NOTAE.

202 5742 224 5770 α
266 5728 411 5784 Unus
468 5740 544 5783 est
597 5745 839 5797 sponsus,
900 5729 950 5782 id
1007 5739 1111 5794 est,
1168 5730 1439 5795 Christus,
1473 5749 1633 5788 verus
1662 5742 1718 5788 et

137 5816 264 5854 unus
294 5810 499 5856 sanctae
533 5797 789 5869 Ecclesite
815 5802 1232 5868 sponsus..\'idc
1268 5817 1430 5869 supra
1488 5804 1539 5857 in
1575 5805 1716 5858 nolis

138 5872 195 5921 ad
225 5871 504 5938 epistolam
538 5869 601 5922 ad
631 5868 949 5923 Nibridinm.

1899 5733 1926 5772 ι)
1959 5731 2301 5786 Commendat
2353 5731 2500 5785 beato
2558 5729 2739 5795 Petro,
2784 5730 2835 5785 id
2876 5738 2979 5792 est,
3035 5728 3326 5797 episc0pis,
3358 5738 3412 5782 ut

1827 5803 2101 5885 explicant
2131 5811 2362 5858 veteres.
2407 5801 2540 5857 V'idc
2589 5811 2749 5858 notas
2795 5801 2862 5858 ad
2895 5815 2979 5870 ep.
3015 5798 3082 5856 84
3115 5799 3246 5868 Lupi
3279 5798 3410 5851 Fer-

1831 5889 2086 5928 l'ill'lCllSlq
2103 5911 2120 5927 ο
