3930 6314
494 405 588 464 Nl

1494 405 1549 460 S.
1593 406 1944 465 ACOBARDI
1983 401 2292 461 EPlSCOPl
2329 403 2818 466 LUGDUNENSIS

3703 412 3792 470 l9!

485 519 803 584 lucernam,
835 519 1038 573 everrit
1062 518 1312 584 domum,
1347 521 1625 588 quaesivit,
1655 529 1712 576 et
1742 521 1965 576 invenit.
1999 519 2092 574 Di-
2119 519 2243 579 Aet
2298 517 2609 572 habitabant
2654 524 2708 574 in
2758 529 2806 575 te
2856 521 2958 591 ﬁlii
3013 523 3109 576 tui.
3165 522 3231 576 Et
3278 523 3525 594 gaudebit
3574 539 3797 592 sponsus

489 612 633 668 citur
676 617 732 666 et
760 619 955 676 mater,
999 609 1139 666 sicut
1167 610 1282 680 ipse
1318 625 1416 679 per
1457 609 1653 666 Isaiam
1697 611 1959 682 loquitur,
2001 611 2084 666 di-

490 718 621 761 cens
652 718 666 758 :
703 702 979 769 Quomodo
1006 703 1053 756 si
1082 704 1168 756 cui
1204 713 1374 758 mater
1408 702 1702 769 blanditur,
1735 704 1810 757 ita
1837 721 1930 773 ego
1958 720 2086 756 con-

490 795 693 850 solabor
753 812 862 848 vos.
915 795 1055 850 Vere
1107 795 1252 849 enim
1303 803 1358 848 et
1402 803 1577 850 mater
1617 805 1674 849 et
1725 796 1944 850 domina
1982 801 2086 857 est,

488 888 666 942 virtus
691 894 746 940 et
773 887 1060 957 sapientia,
1090 885 1349 941 fortitudo
1377 896 1432 942 et
1462 887 1656 958 gloria,
1684 887 2091 942 resurrectic’et

488 979 601 1032 vita
622 1018 636 1040 ,
669 978 755 1031 via
786 986 841 1031 et
869 977 1100 1041 veritas,
1133 976 1460 1032 illuminatio
1500 985 1556 1031 et
1586 977 1763 1045 salus,
1805 986 1860 1033 et
1892 986 2090 1033 caetera

487 1069 823 1140 huiusmodi.

566 1161 632 1217 ν.
676 1159 810 1214 lllud
833 1173 1048 1229 quoque
1077 1174 1185 1214 non
1210 1159 1392 1214 minus
1419 1160 1619 1215 mirum
1646 1159 1790 1230 quod
1817 1160 2012 1215 ancilla
2038 1168 2095 1214 et

490 1251 664 1308 amica
692 1252 858 1306 etiam
886 1259 1063 1306 mater
1092 1251 1307 1306 Domini
1332 1252 1414 1306 sui
1436 1267 1557 1308 esse
1581 1261 1784 1322 potest,
1819 1253 1909 1307 illo
1932 1252 2094 1308 modo

489 1358 601 1413 quo
628 1342 892 1397 Dominus
920 1342 998 1397 ait
1030 1359 1044 1397 :
1077 1341 1388 1412 Quicunque
1409 1344 1548 1397 enim
1575 1343 1754 1411 fecerit
1775 1342 2094 1398 voluntatem

492 1431 675 1487 Patris
705 1435 827 1498 mei,
854 1433 945 1504 qui
968 1434 1026 1487 in
1052 1433 1194 1488 caelis
1222 1445 1322 1498 est,
1361 1434 1470 1504 ipse
1502 1450 1652 1488 meus
1677 1434 1844 1502 frater
1865 1442 1918 1487 et
1943 1449 2097 1488 soror

488 1532 539 1577 et
566 1532 736 1578 mater
757 1531 856 1578 est.
892 1522 1051 1591 Quod
1081 1531 1138 1578 et
1171 1523 1466 1595 Apostolus
1500 1524 1567 1579 de
1597 1540 1656 1580 se
1683 1525 1799 1595 ipso
1831 1524 1909 1578 ait
1945 1542 1955 1577 :
1992 1523 2092 1577 Fi-

490 1613 605 1668 lioli
648 1614 774 1680 mei,
801 1631 930 1686 quos
964 1615 1154 1670 iterum
1181 1616 1421 1685 parturio
1460 1616 1624 1670 donec
1658 1615 1917 1684 formetur
1941 1613 2095 1669 Chri-

490 1716 603 1762 stus
634 1709 689 1762 in
719 1708 880 1763 vobis.

569 1798 650 1853 Vl.
694 1798 820 1854 Haec
869 1799 1189 1870 multiplicia
1235 1799 1460 1854 nomina
1515 1799 1702 1868 sponsi
1748 1807 1806 1853 et
1854 1814 2084 1870 sponsae,

2190 624 2347 677 super
2375 625 2644 679 sponsam,
2677 622 2728 665 et
2779 612 3026 681 gaudebit
3057 630 3212 684 super
3259 625 3306 668 te
3351 614 3494 669 Deus
3546 626 3672 669 tuus
3738 616 3798 669 Et

2190 700 2480 772 Apostolus
2506 711 2690 773 aperte
2716 706 2976 771 ostendit,
3011 708 3196 763 dicens
3223 727 3235 762 :
3268 707 3416 763 Sicut
3442 709 3580 762 enim
3605 725 3798 776 corpus

2191 804 2354 847 unum
2404 800 2522 856 est,
2573 802 2621 845 et
2657 793 2885 848 membra
2935 795 3088 850 habet
3136 797 3332 859 multa,
3387 799 3567 851 omnia
3618 810 3799 852 autent

2191 883 2422 939 membra
2449 887 2683 956 corporis
2727 904 2845 940 cum
2873 898 2976 943 sint
3008 887 3196 955 multa,
3227 909 3390 945 unum
3417 908 3614 962 corpus
3651 902 3799 954 sunt,

2193 975 2267 1028 ita
2303 985 2351 1028 et
2392 975 2653 1032 Christus.
2701 978 2909 1033 Etenim
2947 982 3002 1034 in
3037 998 3145 1035 uno
3184 984 3372 1052 spiritu
3408 1001 3585 1037 omnes
3617 1000 3717 1037 nos
3748 984 3801 1038 in

2191 1082 2360 1118 unum
2387 1083 2575 1137 corpus
2605 1068 2860 1139 baptisati
2887 1087 3068 1125 sumus
3091 1111 3105 1136 ,
3146 1072 3252 1125 sive
3276 1072 3456 1126 Juda'i
3478 1114 3491 1138 ,
3534 1075 3643 1128 sive
3677 1090 3801 1143 gen-

2192 1155 2308 1210 tiles
2330 1198 2344 1220 ,
2378 1159 2483 1211 sive
2513 1161 2675 1224 servi,
2717 1161 2824 1215 sive
2850 1161 3032 1228 liberi,
3076 1172 3124 1216 et
3153 1179 3330 1218 omnes
3370 1165 3425 1218 in
3461 1183 3567 1219 uno
3605 1167 3798 1236 spiritu

2193 1249 2358 1318 potati
2397 1267 2600 1304 sumus.
2649 1251 2785 1318 Quia
2825 1253 3078 1309 videlicet
3102 1254 3247 1309 hanc
3276 1255 3537 1310 unitatem
3569 1257 3799 1326 spiritus

2194 1339 2397 1396 Christi
2430 1341 2580 1398 facit.

2267 1432 2398 1488 Vill.
2440 1434 2564 1490 Haec
2610 1443 2742 1490 sunt
2775 1453 2897 1507 quae
2944 1436 3294 1493 ineﬂabiliter
3333 1437 3798 1508 iucundissimam

2195 1532 2459 1594 prtestant
2484 1527 2858 1581 avocationem
2887 1527 2989 1597 pia‘.
3013 1536 3068 1582 et
3094 1527 3240 1584 fideli
3270 1529 3466 1584 animae
3491 1571 3505 1594 ,
3539 1537 3600 1585 et
3631 1530 3798 1586 talem

2197 1614 2594 1682 avocationem,
2627 1616 2800 1686 qualis
2847 1618 2902 1671 in
2951 1620 3209 1689 prresenti
3250 1619 3360 1674 vita
3408 1635 3474 1675 ex
3515 1630 3801 1675 creatura-

2198 1720 2317 1760 rum
2366 1707 2823 1777 contemplatione
2867 1709 3014 1762 nulla
3067 1725 3189 1766 esse
3237 1719 3452 1782 potest,
3492 1718 3579 1776 ct,
3624 1720 3690 1764 ut
3731 1712 3798 1764 ita

2197 1797 2375 1852 dicam
2421 1799 2778 1863 conﬁdenter,
2822 1801 2876 1854 in
2908 1803 3161 1858 omnibus
3195 1804 3451 1874 cperihus
3478 1803 3575 1858 Dei
3606 1802 3796 1858 visibi-

489 1887 696 1945 Christi
733 1897 790 1945 et
831 1869 1120 1955 Ecclesiae,
1153 1907 1260 1946 non
1295 1891 1361 1946 de
1401 1891 1671 1960 aliquibus
1710 1892 1878 1962 gestis
1918 1891 2091 1946 histo-
2118 1869 2166 1928 Β
2194 1890 2335 1946 libus
2371 1900 2429 1946 et
2478 1892 2842 1948 invisibilibus
2877 1895 3023 1948 nulla
3071 1869 3264 1951 similis
3311 1897 3541 1951 inveniri
3593 1906 3797 1966 potest.

491 1977 621 2036 ricis
648 1980 815 2051 (sicut
858 1989 961 2048 est,
1010 1997 1135 2036 cum
1181 1981 1464 2053 Scriptura
1506 1984 1572 2038 de
1620 1981 1780 2048 Sara,
1818 1982 2090 2049 Rebecca,

492 2069 694 2128 Rachel
746 2073 1006 2144 loquitur,
1056 2073 1110 2128 in
1155 2075 1351 2145 quibus
1408 2073 1719 2143 coniunctio
1778 2073 1985 2129 Christi
2039 2083 2094 2128 et

491 2161 750 2218 Ecclesia:
779 2163 1012 2236 figurata
1053 2165 1158 2237 est)
1177 2207 1192 2230 ,
1223 2181 1325 2220 nec
1351 2167 1417 2220 de
1453 2180 1520 2221 eo
1556 2164 1844 2220 locutionis
1870 2179 2090 2236 genere,

491 2268 600 2323 quo
639 2255 693 2308 in
737 2256 900 2311 rebus
946 2256 1296 2312 s'ensibilibus
1345 2256 1703 2329 significativa
1749 2258 2092 2328 praenuntia-

493 2349 644 2402 ticne
681 2357 958 2416 ponuntur
993 2346 1156 2419 (sicut
1197 2356 1282 2404 est
1308 2363 1464 2403 mons
1502 2347 1695 2404 domus
1722 2350 1934 2405 Domini
1956 2392 1969 2416 ,
1996 2350 2093 2406 ubi

495 2453 654 2493 mons
689 2435 978 2492 Dominum
1017 2447 1074 2493 et
1117 2438 1310 2494 domus
1355 2439 1644 2495 ecclesiam
1695 2439 1989 2512 signiﬁcat)
2039 2448 2096 2494 et

493 2527 662 2584 multa
693 2527 1020 2596 huiusmodi,
1056 2537 1335 2599 assumpta
1383 2537 1541 2594 sunt;
1585 2530 1680 2584 sed
1709 2527 1775 2582 de
1813 2528 1925 2582 illis
1959 2528 2095 2583 locis

495 2622 589 2676 ubi
622 2621 674 2674 in
707 2621 853 2676 illam
881 2622 1193 2676 ordinatam
1230 2622 1599 2677 narrationem
1634 2629 1910 2692 gestorum
1943 2619 2092 2676 Scri-

495 2721 619 2767 tura
647 2714 995 2782 exsequitur,
1027 2714 1123 2769 sed
1151 2721 1361 2768 tantum
1395 2713 1626 2769 diversis
1654 2710 1964 2780 huiusmodi
1992 2729 2092 2767 uo-

492 2803 730 2858 minibus
761 2803 1040 2858 Christum
1065 2811 1119 2858 et
1144 2803 1446 2858 Ecclesium
1477 2803 1702 2868 indicat,
1731 2811 1786 2857 et
1812 2803 1867 2856 in
1898 2804 2096 2871 quibus

489 2895 670 2952 nullus
701 2897 774 2950 ita
820 2897 1083 2966 insipiens
1129 2905 1212 2951 est
1258 2905 1324 2951 ut
1353 2895 1499 2950 aliud
1527 2895 1879 2965 quaerendum
1909 2895 2097 2950 existi-

494 2995 626 3054 met,
652 2988 762 3043 nisi
784 2987 1062 3043 Christum
1091 2997 1148 3042 et
1180 2987 1505 3060 Ecclesiam.

565 3075 677 3133 Vll.
722 3076 965 3131 Miranda
1001 3090 1132 3130 vero
1162 3075 1475 3131 Conditoris
1511 3076 1822 3147 benignitas
1859 3076 2096 3132 ostendi-

493 3175 612 3234 tur;
645 3183 771 3223 cum
819 3175 972 3221 tanta
1013 3167 1227 3223 unitate
1265 3181 1290 3208 ι
1336 3183 1535 3238 corpus
1575 3169 1739 3236 capiti
1791 3169 2070 3223 adhaereat

491 3266 546 3313 et
580 3267 742 3329 caput
770 3259 986 3329 corpori
1033 3259 1354 3327 praesideat,
1406 3260 1546 3314 sicut
1583 3257 1854 3330 Propheta
1900 3261 2099 3316 decan-

497 3357 575 3406 tat
628 3368 640 3404 :
696 3349 883 3404 Induit
937 3366 1018 3402 me
1060 3350 1376 3404 vestimentis
1425 3348 1647 3415 salutis,
1693 3360 1743 3404 et
1792 3351 2096 3406 indumento

480 3442 712 3511 justitia:
740 3441 1084 3496 circumdedit
1116 3458 1197 3493 me
1220 3441 1374 3514 quasi
1400 3457 1651 3510 sponsum
1679 3442 1983 3495 decoratum
2009 3459 2097 3495 co-

493 3550 660 3597 rona,
695 3541 744 3588 et
771 3533 924 3603 quasi
955 3550 1203 3603 sponsam
1235 3541 1480 3586 ornatam
1521 3531 1804 3586 monilibus
1843 3535 1972 3587 suis.
2030 3534 2098 3588 Et

493 3633 619 3695 post
653 3625 834 3694 aliqua
885 3643 898 3678 :
952 3623 1230 3678 Habitabit
1271 3625 1410 3677 enim
1451 3623 1654 3690 iuvenis
1707 3641 1826 3676 cum
1872 3625 2093 3692 virgine,

2079 3209 2092 3234 ’
2124 3211 2168 3273 C

2194 1980 2271 2035 De
2321 1981 2424 2035 hac
2468 1981 2790 2036 avocatione
2821 1982 3085 2038 Dominus
3123 1985 3372 2055 prrecipit
3410 2001 3508 2055 per
3553 1984 3804 2054 Prophe-

2194 2079 2304 2124 tam
2337 2088 2348 2124 :
2386 2069 2686 2141 Loquimini
2727 2073 2804 2125 ad
2835 2089 2927 2127 cor
2961 2073 3161 2139 Israel,
3197 2085 3246 2129 et
3289 2086 3501 2130 avocate
3536 2094 3681 2130 eam.
3729 2076 3802 2131 De

2192 2159 2297 2216 hac
2348 2162 2514 2216 etiam
2565 2162 2649 2216 vir
2695 2179 2818 2218 cum
2864 2179 2974 2234 quo
3022 2173 3104 2220 est
3146 2166 3287 2222 Deus
3335 2169 3388 2220 in
3431 2169 3644 2222 visione
3694 2186 3797 2240 qua

2192 2250 2432 2305 erudivit
2461 2267 2587 2307 eum
2617 2261 2796 2307 mater
2823 2268 2941 2320 sua,
2973 2256 3206 2326 mystico
3250 2271 3520 2319 sermone,
3549 2258 3632 2312 sic
3661 2274 3805 2328 pne.

2193 2343 2370 2414 cipit:
2416 2343 2552 2397 Date
2596 2344 2823 2401 siceram
2865 2346 3219 2408 maerentibus,
3269 2356 3317 2402 et
3372 2347 3548 2401 vinum
3590 2349 3672 2402 his
3713 2351 3801 2419 qui

2193 2450 2378 2486 amaro
2416 2443 2538 2488 sunt
2577 2434 2774 2487 animo.
2813 2433 3028 2500 Bibant,
3068 2445 3115 2488 et
3151 2433 3526 2490 obliviscantur
3555 2439 3805 2506 egestatis

2193 2541 2324 2589 suas,
2363 2533 2410 2577 et
2448 2523 2650 2578 doloris
2676 2525 2760 2578 sui
2792 2541 2896 2578 non
2928 2525 3271 2578 recordentur
3299 2525 3546 2596 amplius.
3591 2526 3669 2581 De
3704 2529 3805 2582 hac

2194 2621 2250 2667 et
2300 2613 2627 2679 Psalmista,
2667 2630 2789 2670 cum
2838 2615 3060 2670 beatum
3107 2615 3316 2670 diceret
3359 2632 3484 2671 eum
3543 2618 3638 2687 qui
3695 2633 3804 2672 non

2197 2707 2435 2776 respexit
2461 2707 2514 2760 in
2544 2707 2845 2761 vanitatem
2875 2715 2930 2760 et
2956 2707 3202 2763 insanias
3231 2707 3417 2773 falsas,
3448 2709 3533 2763 vel
3566 2711 3717 2764 sicut
3751 2710 3804 2763 in

2196 2797 2464 2854 Hebraicc
2515 2798 2754 2867 legitur,
2812 2800 2879 2854 ad
2927 2800 3210 2869 superbias
3257 2815 3595 2870 pompasque
3653 2816 3807 2856 men-

2197 2889 2373 2952 dacii,
2422 2889 2476 2944 in
2505 2890 2705 2958 quibus
2750 2899 2877 2945 sunt
2919 2891 3267 2946 avocationes
3314 2892 3620 2946 carnalium
3653 2910 3807 2948 men-

2197 2983 2368 3047 tium,
2419 2983 2699 3052 subjunxit
2753 3002 2767 3038 :
2809 2983 2980 3038 Multa
3030 2984 3239 3054 fecisti,
3275 2993 3332 3038 tu
3381 2984 3610 3039 Domine
3663 2985 3805 3040 Deus

2198 3090 2345 3128 meus
2371 3114 2385 3138 ,
2433 3075 2700 3128 mirabilia
2740 3084 2831 3128 tua
2861 3115 2874 3138 ,
2909 3084 2957 3128 et
2997 3072 3398 3144 rcgitationibus
3431 3078 3536 3129 tuis
3573 3094 3680 3130 non
3731 3089 3804 3130 est

2199 3166 2288 3234 qui
2315 3165 2505 3218 similis
2537 3167 2604 3220 sit
2631 3167 2727 3219 tui.

2272 3256 2363 3311 1X.
2395 3256 2536 3326 Ergo
2561 3256 2870 3327 quicunque
2892 3257 3296 3328 praedicationis
3317 3256 3554 3313 cilicium
3588 3269 3646 3314 et
3671 3260 3699 3300 δ
3733 3260 3804 3314 lo-

2200 3364 2324 3403 cum
2355 3347 2635 3417 regiminis
2682 3349 2962 3419 suscepit,
2995 3356 3050 3403 et
3097 3348 3323 3420 negligit
3361 3350 3416 3402 in
3456 3349 3542 3404 his
3575 3354 3805 3406 summis

2201 3443 2384 3503 rebus,
2416 3439 2559 3508 quod
2591 3449 2674 3494 est
2702 3455 2974 3494 summum
3001 3441 3391 3496 misericordias
3421 3440 3539 3507 Dei,
3569 3458 3804 3497 avocare

2201 3534 2406 3587 amicos
2447 3531 2707 3595 ﬁdelium,
2749 3539 2802 3584 et
2845 3531 3042 3601 qurerit
3089 3532 3522 3586 consolationem
3571 3541 3631 3587 et
3681 3549 3804 3586 aro-

2200 3623 2475 3677 caticnem
2508 3632 2530 3659 ε
2565 3621 2620 3675 in
2651 3621 2886 3684 divitiis,
2931 3621 2984 3674 in
3034 3620 3060 3660 ἀ
3100 3622 3443 3676 ornamentis
3485 3623 3799 3685 metallicis,

1863 3736 2141 3795 BALUZLl
2180 3736 2413 3794 ΝΟΤᾸΕ.

568 3845 594 3872 ι
635 3831 838 3903 Corpus
887 3831 1065 3902 capiti,
1096 3832 1151 3886 id
1192 3839 1298 3903 est,
1338 3831 1591 3903 Christus
1624 3832 1902 3888 Ecclesiae.
1935 3832 2091 3886 Chri-

491 3912 610 3959 stus
636 3905 781 3983 _enim
812 3911 899 3958 est
927 3902 1422 3983 caputhiicclesim.
1473 3903 1739 3983 Episcopi
1752 3912 1932 3983 autem
1962 3910 2092 3983 sunt

491 3973 738 4028 membra
794 3971 1042 4040 corporis
1097 3971 1324 4037 Christi,
1384 3971 1535 4040 quod
1558 3981 1643 4028 est
1672 3971 1962 4026 'Ecclesia.
1998 3971 2092 4026 Sic

492 4043 638 4100 enim
668 4043 860 4097 scribit
886 4041 1188 4112 Gregorius
1215 4041 1233 4095 1
1262 4057 1397 4111 papa
1429 4043 1497 4095 ad
1528 4041 1845 4096 Ianuarium
1878 4043 2092 4112 archie-

535 4113 779 4182 iscopum
830 4111 1201 4167 Calari’tanum
1251 4113 1346 4166 lib.
1385 4129 1420 4172 ι.
1453 4113 1614 4181 epist.
1659 4113 1772 4182 60-;
1814 4131 1838 4162 ι.
1886 4111 1944 4166 Si
1976 4113 2091 4182 ipse

541 4178 971 4239 ominusnoster
997 4183 1283 4236 viduarum
1314 4198 1373 4237 se
1401 4178 1658 4236 maritum
1687 4178 2092 4252 orphancru'm-

490 4268 598 4324 que
626 4263 835 4323 patrem
867 4252 1164 4324 Scriptura:
1191 4268 1359 4306 sacrae
1402 4253 1711 4324 proﬁtetur
1755 4253 2089 4315 testimonio,

493 4321 594 4378 nos
627 4321 866 4393 'qucque
902 4321 1147 4377 membra
1200 4323 1443 4391 corporis
1479 4321 1597 4393 eius
1651 4323 1716 4375 ad
1761 4323 2092 4376 imitandum

494 4400 660 4462 caput
687 4392 914 4448 summo.
940 4393 1198 4462 debemus
1248 4393 1447 4446 mentis
1480 4392 1676 4447 allectu
1725 4393 2028 4446 intendere.
2068 4412 2086 4444 ι

495 4461 633 4518 Vide
661 4465 912 4517 eumdem
943 4461 1263 4533 Gregorium
1295 4463 1387 4517 lib.
1449 4480 1511 4528 ιι,
1571 4464 1730 4532 epist.
1788 4462 1878 4527 '57,
1910 4470 1965 4517 et
1997 4463 2089 4516 lib.

497 4549 594 4586 vu.
654 4534 815 4586 enist.
850 4532 972 4586 ΗΟ.

497 4549 594 4596 vu,
654 4534 815 4596 epist.
850 4534 972 4586 ΗΟ.

567 4550 604 4643 [1,?
850 4550 1130 4673 regimina
1167 4605 1413 4673 suscepit.
1447 4603 1685 4660 Audiant
1711 4601 1968 4672 episcopi.
1999 4601 2092 4656 Ait

495 4672 815 4744 Agobardus
847 4672 974 4732 eum
1003 4673 1092 4742 qui
1123 4672 1532 4744 przediCaticnis
1566 4673 1799 4728 cilicium
1828 4682 1884 4744 et
1913 4674 2090 4727 locum

491 4743 774 4815 regiminis
803 4745 1048 4815 suscepit
1064 4751 1119 4796 et
1168 4743 1414 4815 negligit,
1447 4758 1782 4813 operamque
1810 4743 1903 4796 dat
1926 4758 2093 4815 vena-

490 4813 650 4876 tioni,
704 4813 1075 4882 aucupationi,
1141 4813 1452 4882 piscaticni,
1519 4817 1841 4882 ueterisque
1905 4813 2086 4867 saeculi

489 4884 930 4946 oblectamentis,
986 4885 1132 4953 hunc
1193 4883 1510 4953 episcopum
1546 4901 1652 4940 non
1684 4900 1823 4945 esse,
1873 4883 1968 4936 sed
1998 4883 2092 4938 de-

490 4961 818 5024 sﬂuctcrcm
859 4955 1041 5024 operis
1063 4952 1182 5016 Dei,
1210 4968 1274 5006 ac
1302 4952 1404 5024 per
1431 4956 1535 5010 hoc
1586 4953 1886 5022 adiutorem
1932 4953 2090 5006 Anti-

490 5024 724 5081 christi.
748 5022 868 5093 Non
897 5022 906 5023 “
931 5023 1268 5093 abhorrebat
1291 5022 1321 5076 εἰ
1348 5025 1620 5079 sententia
1682 5024 1952 5093 Agobardi
1982 5024 2087 5076 Ar—

492 5094 728 5164 nulphus
758 5091 1046 5164 episcopus
1099 5091 1525 5159 Aurelianensis,
1586 5110 1708 5149 cum
1735 5091 1856 5148 haec
1897 5094 2088 5164 adver-

494 5161 605 5235 sus
641 5161 957 5235 episcopum
1010 5161 1314 5235 Romanum
1355 5164 1830 5235 ieloquereturgin
1880 5163 2089 5235 synodo

491 5232 797 5306 Rheinensi‘
825 5232 1086 5306 adversus
1140 5232 1503 5306 Aunilphum,
1560 5251 1681 5306 cap.
1736 5233 1850 5306 28v;
1891 5232 1922 5306 ςί
1947 5233 2088 5299 Quid

493 5303 662 5368 hunc,
691 5303 1211 5373 inquitsreverendi
1241 5303 1538 5368 Patres,.in
1567 5303 1788 5359 sublimi
1824 5303 1963 5359 solio
2002 5319 2091 5357 re-

494 5373 969 5444 sidentem,,vesta
1001 5387 1274 5444 purpurea
1320 5382 1374 5428 et
1402 5389 1570 5428 aurea
1601 5377 1924 5437 radiantem,
1957 5373 2088 5443 quid

493 5443 660 5516 hunc,
689 5443 1083 5516 inquam,‘es’se
1122 5443 1404 5516 Censetis?
1442 5444 1709 5516 Nimirum
1741 5445 1784 5498 si
1817 5445 2088 5516 cha_r_itate

493 5513 825 5583 deStituitur,
881 5513 1106 5583 solaque
1155 5513 1401 5567 scientia
1441 5514 1656 5568 inﬂatur
1706 5523 1760 5569 ct
1787 5513 2091 5574 extollitur,

490 5582 865 5640 Anticliristus
890 5592 974 5640 est
1002 5582 1058 5637 in
1086 5583 1289 5651 templo
1320 5583 1413 5638 Dei
1457 5584 1675 5649 sedens,
1733 5593 1788 5639 et
1817 5599 1875 5638 se
1902 5593 2086 5638 osten-

493 5653 628 5726 dens
664 5664 969 5726 tanquam
1008 5653 1080 5707 sit
1140 5651 1305 5726 Deus,
1343 5673 1369 5705 ι.
1399 5653 1465 5726 Et
1526 5670 1739 5726 semper
1795 5655 1969 5708 visum
2002 5661 2085 5726 est

494 5721 730 5796 alienum
774 5721 1092 5796 a'dignitatc
1119 5723 1441 5796 sacerdotali
1471 5721 1825 5796 smqilaribus
1854 5725 2084 5796 negotiis

493 5800 548 5862 et
573 5793 1035 5850 sollicitudinibus
1055 5793 1240 5846 mundi
1271 5795 1542 5862 occupari.
1572 5794 1715 5849 lstud
1744 5795 1895 5848 enim
1919 5793 2081 5848 etiam

494 5861 552 5917 in
591 5864 783 5936 scipsis
813 5864 1032 5936 culpant
1061 5863 1298 5933 episcopi
1324 5864 1374 5918 in
1403 5861 1608 5933 Synodo
1636 5865 1930 5920 Parisicnsi
1959 5879 2083 5918 con-

2198 3831 2407 3902 gregati
2461 3846 2550 3885 an.
2599 3832 2704 3887 89.9
2734 3831 2802 3885 ad
2850 3829 3184 3886 Ludovicum
3242 3830 3410 3886 Pium-
3452 3834 3798 3888 scribentes:

2204 3900 2221 3950 ἆ
2273 3900 2596 3972 Sacerdotes
2625 3902 2824 3970 partim
2865 3902 3206 3972 negligentia,
3235 3902 3797 3972 par‘timigncrantia,

2204 3920 2221 3950 ι
2273 3919 2596 3956 aaceroctes
2625 3919 2824 3970 parum
2865 3919 3206 4023 negligentia,
3235 3919 3797 3972 parumigncranua,

2197 3973 2397 4042 partim
2427 3971 2747 4042 cupiditate,
2782 3971 2834 4042 in
2873 3986 3012 4025 saecu
3039 3971 3224 4026 aribus
3254 3972 3485 4042 negotiis
3516 3980 3570 4026 et
3597 3973 3799 4028 sollici-

2199 4041 2477 4094 tudinibus
2507 4041 2711 4094 mundi‘
2743 4041 2883 4094 ultra
2951 4041 3434 4110 quam-debuerint
3464 4057 3523 4096 se
3562 4057 3796 4114 occupa-

2197 4118 2411 4165 verunt.
2453 4130 2471 4161 ι

2272 4192 2293 4218 ο
2341 4179 2407 4252 In
2442 4181 2659 4233 divitiis.
2703 4180 3172 4252 Damnatdivijias
3201 4181 3256 4234 in
3309 4182 3584 4252 episcopo,
3618 4192 3683 4237 ut
3710 4184 3798 4252 qui

2196 4250 2400 4304 Christi
2432 4252 2686 4320 pauperis
2733 4251 2911 4303 locum
2940 4251 2995 4304 in
3047 4250 3290 4306 Ecclbsia
3323 4250 3524 4306 teneat.
3569 4252 3684 4307 Sed
3714 4250 3797 4307 in-

2198 4321 2410 4392 telligit,
2442 4321 2656 4392 opinor,
2688 4337 2812 4392 eum
2840 4321 3150 4392 episcopum
3173 4337 3293 4376 esse
3323 4322 3678 4390 culpandum,
3707 4323 3796 4392 qui

2198 4391 2402 4444 divitiis
2436 4391 2575 4444 male
2622 4391 2809 4452 utitur,
2843 4392 2910 4444 ad
2943 4390 3129 4443 luxum
3183 4391 3456 4456 videlicet,
3515 4394 3581 4447 ad
3621 4390 3799 4447 libidi-

2199 4475 2344 4524 nem,
2380 4461 2688 4525 avaritiam,
2717 4469 2772 4514 et
2820 4468 3014 4514 cetera
3045 4461 3310 4515 malarum
3342 4463 3602 4516 mentium
3639 4463 3793 4517 vitia.

2117 4564 2171 4623 D
2198 4526 3287 4623 liam'q‘ui'pauper’esnutri-ecclesias
3335 4534 3583 4594 aediﬁcat,
3622 4532 3795 4623 mitti}

2233 4602 2284 4654 ui
2319 4601 2541 4670 populos
2571 4602 2624 4654 in
2671 4601 2775 4655 fide
2804 4601 3096 4663 instruant,
3141 4601 3185 4655 is
3214 4616 3344 4656 vero
3401 4617 3686 4670 nunquam
3717 4613 3795 4656 sat

2231 4672 2344 4726 lves
2373 4671 2498 4735 erit,
2538 4672 2766 4725 tametsi
2787 4671 3082 4725 immensos
3111 4672 3306 4726 habeat
3330 4674 3638 4726 thesauros.

2262 4741 2302 4813 ἀν
2333 4738 2680 4813 Ornamentis
2700 4739 2994 4813 metallicis.
3028 4742 3173 4795 lstud
3225 4743 3399 4813 ipsum
3422 4743 3665 4813 graviter
3698 4758 3790 4796 ex-

2192 4812 2424 4879 probrat
2459 4810 2615 4864 malis
2672 4811 2945 4880 episcopis
2997 4817 3221 4865 sanctus
3251 4810 3571 4866 ’Bernzirdus
3618 4814 3796 4865 abbas

2191 4879 2626 4944 Clarevallensis,
2654 4879 2721 4933 ad
2773 4879 3066 4934 Henricum
3115 4881 3487 4936 Sencnensem
3517 4883 3794 4950 archiepi-

2192 4966 2416 5021 sccpum
2474 4952 2762 5005 scribens:
2803 4969 2821 5000 ί
2854 4951 3108 5005 Clamant
3156 4967 3288 5006 vero
3341 4952 3490 5015 nudi,
3546 4951 3792 5005 clamant

2194 5020 2450 5091 famelici,
2484 5028 2924 5091 conqueruntur,
2952 5021 3226 5091 et'dicunt
3257 5040 3268 5074 :
3298 5021 3470 5076 Dicite
3496 5022 3791 5091 pontiﬁces

2191 5090 2245 5144 in
2281 5089 2437 5145 freno
2469 5091 2599 5160 quid
2626 5090 2757 5144 facit
2788 5092 3026 5145 aurum?
3058 5089 3312 5160 Nunquid
3341 5089 3531 5145 aurum
3556 5107 3584 5145 a
3629 5091 3791 5146 freno

2191 5161 2404 5230 repellit
2432 5160 2631 5232 frigus,
2662 5163 2775 5215 sive
2822 5161 3059 5215 esuriem
3088 5160 3112 5212 ‘l
3147 5159 3402 5215 Iumenta
3460 5161 3792 5232 gradiuntur

2192 5240 2385 5284 onusta
2440 5231 2689 5300 gemmis,
2721 5240 2776 5286 et
2808 5238 2992 5285 nostra
3045 5246 3150 5284 non
3183 5232 3390 5285 curatis
3442 5231 3599 5300 crura
3643 5232 3788 5284 nuda

2190 5299 2477 5370 caliginis?
2506 5300 2725 5365 A‘nnuli,
2757 5301 3041 5367 catenulte,
3073 5301 3457 5359 tintinnabula,
3479 5309 3534 5352 et
3561 5299 3792 5354 clavata:

2191 5372 2440 5438 qutudam
2470 5371 2742 5440 corrigiae,
2797 5371 3072 5439 multaque
3119 5371 3246 5425 talia
3285 5380 3396 5424 tam
3428 5370 3676 5439 speciosa
3706 5387 3788 5424 rc-

2189 5440 2410 5511 loribus,
2445 5456 2608 5511 quam
2641 5441 2971 5511 ponderibus
2997 5441 3258 5510 pretiosa,
3295 5441 3563 5495 mulorum
3587 5441 3790 5510 depen-

2189 5510 2318 5564 dent
2356 5510 2693 5572 cerviCIbus;
2728 5510 2958 5563 fratrum
2989 5519 3172 5564 autem
3204 5511 3463 5565 lateribus
3491 5525 3592 5564 nec
3616 5512 3787 5565 semi-

2189 5581 2388 5634 cinctia
2451 5582 2778 5635 miserantes
2829 5580 3117 5649 apponitis.
3165 5599 3182 5631 ›
3227 5580 3411 5649 Neque
3441 5581 3507 5634 ab
3563 5581 3789 5637 institu-

2191 5659 2306 5703 tore
2335 5659 2386 5703 et
2411 5660 2565 5719 patre
2617 5666 2714 5703 suc
2766 5651 3017 5704 dissentit
3049 5650 3242 5719 Petrus
3275 5650 3701 5706 Clarevallensis
3737 5653 3786 5703 in

2189 5718 2420 5789 epistola
2467 5736 2628 5788 quam
2663 5721 2762 5774 sub
2805 5720 3022 5774 nomine
3069 5718 3195 5773 Jesu
3233 5720 3434 5776 Christi
3461 5721 3687 5789 scripsit
3726 5722 3786 5773 all

2188 5789 2558 5869 innocentium
2613 5789 2676 5842 Vl
2727 5805 2932 5869 papam
2954 5798 3008 5843 et
3031 5791 3238 5869 curiam
3298 5791 3598 5869 Romanam
3644 5805 3788 5844 anno

2193 5859 2346 5913 1555.
2389 5859 2598 5914 Nam‘in
2631 5859 2805 5930 capite
2828 5860 2896 5912 50
2923 5861 2994 5913 ita
3036 5860 3272 5928 loquitur
3303 5879 3314 5912 :
3361 5881 3377 5911 ι
3415 5861 3784 5916 Exhorlatuur
