3930 6346
173 364 275 421 195

996 361 1218 418 EPIST.
1260 361 1354 418 AD
1389 359 1728 418 CLERICOS
1766 360 1855 415 ΕΤ
1896 357 2268 417 MONACHOS
2306 356 2609 415 LUGDUN.

3351 361 3456 423 ιω

168 487 195 517 ι
225 477 279 530 in
313 474 718 540 venationibus,
761 475 1215 544 aucupationibus
1248 491 1313 530 ac
1353 476 1766 546 piscationibus,
1798 491 1845 547 Α
1872 485 1929 531 et
1992 475 2117 530 licet
2164 476 2217 529 in
2272 474 2443 530 oculis
2494 474 2747 529 humanis
2801 474 3058 532 sacerdos
3105 490 3226 533 esse
3274 478 3461 535 videa-

165 573 243 625 et.
276 564 423 635 quod
463 562 617 635 pejus
642 570 746 629 est,
780 565 835 618 in
860 563 891 609 δ
941 565 1446 631 comessationibus,
1485 575 1542 620 et
1587 566 1766 621 ebrie-

165 655 405 719 tatibus,
442 664 496 710 et
526 654 677 709 sonis
705 654 928 709 musicis
951 694 965 720 ,
1006 655 1149 710 sicut
1182 654 1445 711 Dominus
1489 672 1589 727 per
1632 671 1764 727 pro-

163 744 389 814 phetam
417 745 737 810 detestatur,
767 744 955 800 dicens
985 762 997 799 :
1037 743 1129 800 Vc
1152 746 1243 816 qui
1267 748 1579 818 consurgitis
1608 764 1765 802 mane

165 835 237 890 ad
280 836 585 891 ebrietatem
635 837 978 900 sectandam,
1040 846 1089 891 et
1139 838 1433 908 potandum
1478 856 1643 911 usque
1693 839 1763 893 ad

165 944 454 999 vesperam,
486 936 544 981 ut
573 927 690 981 vino
722 929 973 982 wstuetis.
1006 926 1248 996 Cithara,
1290 932 1517 1002 et‘lyra,
1548 941 1596 985 et
1624 940 1763 1002 tym—

164 1034 362 1088 panum
392 1059 407 1084 ,
448 1028 497 1073 et
545 1019 702 1084 tibia,
739 1028 787 1072 et
832 1019 1009 1072 vinum
1063 1020 1119 1074 in
1165 1022 1411 1077 conviviis
1447 1023 1667 1088 vestris;
1712 1031 1763 1075 et

165 1124 294 1179 opus
322 1107 537 1162 Domini
583 1125 687 1162 non
716 1109 974 1178 respicitis
993 1150 1007 1175 ,
1045 1127 1137 1165 nec
1180 1128 1339 1182 opera
1365 1129 1617 1167 manuum
1645 1111 1761 1181 ejus

165 1198 533 1253 consideratis.
573 1197 682 1254 Iste
736 1198 860 1253 talis
898 1214 1004 1255 non
1038 1210 1123 1256 est
1169 1201 1386 1271 adjutor
1430 1203 1565 1267 Dei,
1620 1204 1764 1257 sicut

164 1290 364 1345 Paulus
407 1292 527 1348 ait:
576 1290 674 1345 Dei
720 1292 860 1345 enim
900 1309 1083 1348 sumus
1130 1293 1423 1364 adjutores.
1470 1293 1570 1349 Dei
1619 1294 1762 1364 agri—

162 1384 373 1439 cultura
412 1386 558 1452 estis,
608 1384 704 1439 Dei
751 1385 1037 1454 aediﬁcatio
1086 1386 1231 1441 estis.
1281 1385 1389 1442 Sed
1426 1394 1510 1442 est
1542 1386 1759 1441 destru-

162 1485 282 1530 ctor
330 1477 512 1543 operis
558 1475 694 1538 Dei,
736 1491 802 1532 ac
839 1491 938 1546 per
988 1478 1093 1533 hoc
1139 1475 1357 1543 adiutor
1401 1476 1757 1542 Antichristi;

1873 575 1977 629 tur,
2018 576 2039 606 α
2095 566 2149 621 in
2190 567 2363 621 oculis
2387 576 2567 622 tamen
2607 566 2703 623 Dei
2729 582 2837 623 non
2865 576 2949 623 est
2983 587 2995 623 :
3039 569 3165 639 quia
3208 568 3461 628 veniente

1869 658 2102 714 Domino
2138 659 2208 714 ad
2246 657 2547 728 judicium,
2588 659 2880 727 dividetur,
2928 670 2983 717 et
3018 677 3146 734 pars
3176 663 3293 734 ejus
3332 678 3458 720 cum

1870 748 2176 806 inﬁdelibus
2217 758 2468 820 ponetur,
2516 760 2571 804 et
2613 750 2679 806 de
2722 751 2972 823 qualibus
3013 753 3276 824 scriptum
3318 760 3404 809 est
3439 769 3454 807 :

1879 838 2000 894 Vidi
2028 840 2215 912 impios
2246 839 2475 909 sepultos
2502 853 2519 893 .'
2548 840 2639 912 qui
2668 843 2823 895 etiam
2865 859 2983 896 cum
3012 843 3184 897 adhuc
3210 844 3453 911 viverent,

1868 929 2082 986 inloco
2126 942 2307 987 sancto
2364 942 2548 996 erant,
2604 942 2652 986 et
2707 931 3063 987 laudabuntur
3115 933 3172 987 in
3225 935 3455 1001 civitate,

1863 1022 2014 1093 quasi
2052 1022 2320 1092 justorum
2349 1038 2584 1093 operum.
2617 1021 2806 1077 Nullus
2839 1036 2969 1091 ergo
2998 1038 3063 1078 ex
3095 1023 3181 1078 his
3212 1024 3322 1078 dux
3358 1038 3454 1093 po-

1863 1112 1973 1183 puli
2003 1112 2096 1167 Dei
2126 1127 2246 1167 esse
2276 1112 2459 1177 debet,
2488 1126 2556 1166 ne
2589 1120 2894 1181 quaerentes
2921 1127 3087 1182 regna
3118 1112 3451 1169 coelestiain

1860 1201 2077 1257 foveam
2127 1203 2440 1272 demergat,
2487 1201 2579 1257 ubi
2625 1202 2741 1272 ipse
2778 1200 2984 1271 judicio
3032 1201 3125 1258 Dei
3174 1204 3455 1259 demersus

1866 1302 1967 1359 est,
2002 1295 2143 1349 sicut
2171 1293 2434 1349 Dominus
2472 1294 2540 1348 ad
2582 1293 2801 1349 beatum
2850 1292 2952 1359 Job
2982 1294 3339 1362 demonstrat,
3372 1295 3455 1349 di-

1865 1399 1996 1440 cens
2022 1402 2034 1437 :
2068 1382 2131 1439 Si
2154 1383 2314 1439 habes
2357 1384 2629 1439 brachium
2654 1386 2788 1440 sicut
2818 1385 2960 1440 Deus
2982 1386 3008 1440 7
3032 1386 3101 1441 Et
3130 1387 3452 1457 quibusdam

1868 1475 2205 1545 interpositis
2235 1490 2250 1528 :
2279 1474 2551 1531 Absconde
2579 1492 2665 1531 eos
2685 1518 2700 1543 ,
2728 1475 2941 1546 inquit,
2975 1475 3029 1531 id
3055 1485 3159 1543 est,
3190 1479 3453 1549 superbos

1528 1586 1802 1644 BALUZII
1842 1583 2077 1642 NOTAE.

161 1679 307 1749 quod
328 1693 434 1759 non
473 1679 702 1759 nimium
710 1749 721 1759 ι
737 1677 857 1733 sitis
879 1678 1096 1759 curioso
1127 1678 1469 1759 spectabiles.
1489 1678 1757 1759 equitatu,

164 1748 269 1803 non
320 1749 467 1805 circa
515 1764 609 1802 vos
672 1749 983 1803 discurrant
1032 1748 1392 1803 hinnientium
1442 1748 1758 1803 frendentes

162 1820 307 1873 acies
338 1819 692 1884 caballorum,
728 1834 836 1875 non
869 1834 1000 1873 auro
1023 1819 1238 1874 curiose
1275 1819 1554 1889 tingantur
1580 1817 1757 1882 frena,
1788 1789 1835 1848 Β

161 1905 260 1944 nec
285 1905 352 1944 ex
389 1890 581 1959 sericis
617 1889 737 1943 lora
785 1897 1183 1959 componantur
1213 1889 1339 1953 li-lis,
1386 1904 1491 1959 non
1529 1897 1758 1958 argento

161 1959 396 2015 calcaria
435 1958 709 2029 rutilent,
742 1976 851 2015 non
901 1958 1177 2029 squarleto
1232 1958 1585 2029 spectabilive
1628 1972 1760 2029 pur-

158 2045 297 2101 pura
332 2037 587 2101 tegantur
620 2028 785 2101 sellae,
823 2044 925 2101 nec
947 2026 1205 2099 _pretiosi
1251 2026 1549 2101 pendentes
1588 2026 1757 2101 confi-

161 2100 350 2154 bulent
385 2098 552 2154 ionas
598 2099 739 2154 clavi
771 2098 1037 2155 micantes
1071 2115 1224 2161 auro,
1267 2114 1369 2154 nec
1410 2098 1635 2153 muricis
1664 2113 1759 2153 ea-

163 2170 413 2225 rumdem
454 2169 823 2240 corrigiarum
854 2177 1109 2240 ornatus
1146 2170 1318 2226 soleat
1367 2169 1614 2240 redolere
1645 2169 1756 2223 tin-

160 2248 395 2311 ctura‘m,
424 2254 533 2294 non
560 2233 743 2311 eboris
773 2239 1177 2311 pulchritudine
1210 2239 1399 2311 obryzi
1422 2238 1506 2311 vel
1542 2239 1755 2311 argenti

158 2309 433 2381 metallive
461 2310 691 2380 pretiosi
719 2309 959 2380 cujusvis
976 2310 1202 2381 alterius
1222 2309 1473 2381 gumphis
1495 2309 1754 2364 sellarum

157 2380 451 2436 conclavet
482 2381 735 2450 amictus,
769 2396 874 2435 non
912 2380 1136 2435 micanti
1165 2380 1465 2450 pectoralia
1502 2388 1757 2450 tegantur

159 2458 340 2521 ostro,
378 2464 479 2505 nec
525 2449 838 2521 felirescens
869 2464 947 2521 ex,
973 2464 1107 2505 auro
1159 2448 1384 2521 gestetis
1410 2448 1614 2514 frenos,
1646 2464 1755 2521 non

159 2519 505 2575 radiantibus
553 2519 783 2575 fastuosi
832 2520 1121 2590 sonipedes
1150 2519 1447 2574 onerentur
1502 2519 1753 2590 gemmis,

157 2599 270 2645 etc.
300 2610 332 2671 Α»
375 2590 454 2645 Ex
481 2598 795 2671 pervetusto
823 2588 1027 2671 codiee.
1064 2599 1265 2671 nostro
1295 2604 1398 2644 ms.
1433 2588 1578 2671 unde
1607 2588 1757 2671 frag-

162 2669 409 2714 mentum
469 2660 615 2714 aliud
652 2675 796 2714 anno
849 2660 1130 2729 superiore
1161 2662 1370 2716 editum
1402 2666 1487 2715 est
1517 2660 1573 2714 in
1609 2660 1754 2715 notis

157 2730 227 2785 ad
260 2728 473 2802 Lupum
504 2728 938 2802 Ferrariensem,
975 2746 1096 2802 pag.
1131 2731 1259 2787 478.

234 2813 260 2841 ι
300 2798 368 2853 In
396 2800 773 2872 venationibus.
812 2798 1022 2870 Quippe
1046 2798 1273 2855 vetitum
1298 2800 1569 2872 episcopis
1602 2800 1753 2872 alere

157 2885 341 2932 canes,
372 2878 466 2924 aut
498 2870 841 2925 venationem
877 2885 1134 2927 exercere
1163 2890 1175 2925 :
1212 2873 1267 2926 in
1291 2870 1454 2932 quam
1503 2886 1617 2926 rem
1642 2871 1753 2925 val-

159 2942 227 2996 de
256 2940 488 3023 celebris
518 2948 603 3023 est
637 2955 821 3023 canon.
835 2940 904 2995 55
933 2943 1122 3023 synodi
1160 2940 1485 3023 Agathensis
1513 2960 1525 2995 :
1567 2961 1585 2994 ‹
1621 2942 1753 3023 _Epi-

158 3012 363 3092 scopis,
386 3011 747 3092 pr_esbyter_is,_
772 3010 1109 3092 diaconibus,
1143 3010 1307 3092 canes
1333 3010 1748 3092 advenandum,

158 3091 252 3151 aut
286 3082 599 3151 accipitres,
662 3082 864 3136 habere
910 3097 1015 3137 non
1048 3082 1225 3138 liceat.
1266 3082 1419 3149 Quod
1444 3083 1488 3137 si
1511 3083 1635 3151 quis
1671 3092 1751 3137 ta-

158 3149 291 3232 lium
308 3149 673 3232 personarum
702 3152 758 3232 in
789 3152 894 3232 hac
917 3151 1195 3232 voluptate
1243 3153 1493 3208 detectus
1530 3149 1745 3232 fuerit;
1778 3169 1822 3232 ρ

158 3222 203 3274 si
235 3225 524 3293 cpiscopus
580 3231 683 3287 est,
738 3223 910 3277 tribus
963 3224 1242 3278 mensibus
1298 3238 1356 3278 se
1399 3223 1749 3293 suspendata

155 3293 579 3357 communione;
619 3294 923 3363 presbyter,
974 3293 1183 3347 duobus
1229 3293 1507 3363 mensibus
1533 3308 1594 3346 se
1624 3294 1749 3347 abs-

157 3364 367 3427 tineat;
404 3361 667 3417 diaconus
714 3361 862 3426 vero,
898 3363 968 3417 ab
1000 3363 1149 3417 omni
1183 3361 1359 3418 ollicio
1387 3362 1469 3416 vel
1510 3377 1751 3416 commu-

159 3432 323 3486 nione
388 3431 641 3491 cessabit.
700 3452 718 3484 ι
778 3432 911 3487 Vide
962 3433 1127 3488 etiam
1179 3447 1443 3488 canonem
1491 3440 1747 3502 quartum

156 3502 558 3572 Epaonensem,
598 3512 652 3559 et
676 3503 946 3558 decimum
967 3504 1199 3572 tertium
1240 3501 1747 3557 canonem’concilii

155 3570 580 3627 M'atisconensis
638 3573 881 3628 secundi.
951 3570 1349 3627 Carlomannus
1409 3572 1662 3641 princeps
1693 3572 1749 3625 in

156 3642 369 3713 synodo
397 3643 485 3697 cui
521 3653 728 3713 martyr
762 3641 1072 3713 Bonifacius
1096 3642 1385 3698 interfuit:
1429 3660 1446 3692 ι
1497 3641 1608 3696 Nec
1638 3655 1748 3696 non

153 3721 225 3783 ct_
242 3712 366 3767 illas
400 3712 737 3783 venationes,
765 3722 821 3767 et
851 3712 1142 3782 sylvaticas
1163 3714 1478 3783 vagationes
1504 3726 1749 3783 cumpca-

156 3781 336 3846 nibus,
377 3782 631 3837 omnibus
676 3784 851 3838 servis
881 3780 999 3837 'Dei
1051 3780 1448 3845 interdiximus,
1498 3780 1749 3836 similiter

156 3859 215 3905 ut
246 3853 541 3934 accipitres
586 3860 641 3933 et
677 3851 915 3907 falcones
963 3867 1070 3934 non
1130 3850 1747 3934 habeantthp‘yenatio:

156 3936 279 3976 nem
302 3920 455 3992 enim
478 3922 533 3976 in
558 3922 811 3992 episcopo
833 3922 1072 3992 graviter
1089 3920 1745 3992 reprelienditNicolausl

156 3992 296 4060 apud
325 3990 652 4047 Gratianum
695 3990 821 4047 dist.
840 3990 853 3992 ἡ
876 3991 966 4055 54,
1020 3990 1556 4060 εθρζρηονιιηιάαπι.
1584 3992 1746 4045 Item-

154 4077 260 4130 que
306 4062 567 4118 Nicolaus
597 4061 639 4116 ll
678 4063 730 4116 in
763 4062 1026 4127 Decretis,
1074 4076 1194 4131 cap.
1231 4062 1303 4116 6:
1345 4079 1363 4111 ι
1404 4061 1475 4117 Ut
1505 4061 1744 4131 episcopi

156 4140 210 4186 et
232 4132 425 4187 clerici
478 4148 629 4187 arma
666 4148 772 4187 non
809 4131 1020 4197 ferant;
1083 4146 1258 4201 neque
1307 4132 1524 4185 venatui
1568 4145 1746 4200 neque

157 4204 391 4271 aucupio
417 4203 688 4257 studeant.
736 4222 754 4253 ι
788 4201 973 4271 Itaque
1022 4217 1116 4257 eos
1139 4202 1229 4271 qui
1260 4203 1551 4257 venatione
1599 4202 1747 4257 dele-

155 4280 397 4338 ctantur,
428 4272 619 4343 lubens
642 4272 1010 4343 revocaverim
1037 4273 1101 4326 ad
1125 4288 1186 4327 ea
1207 4288 1326 4343 quae
1350 4272 1748 4343 singulisChri-

156 4342 348 4412 stianis
398 4345 478 4398 ait
519 4342 752 4412 Prosper
799 4341 854 4395 in
886 4341 1239 4412 peroratione
1291 4342 1411 4398 libri
1446 4341 1529 4397 ‘de
1559 4342 1744 4412 Gloria

158 4411 465 4483 Regnaque
529 4410 857 4467 Sanctorum
884 4410 958 4483 ες(
1003 4410 1060 4467 Si
1086 4414 1319 4467 venandi
1373 4420 1455 4466 est
1505 4411 1743 4483 affectio,

157 4481 352 4551 inquit,
373 4481 566 4537 ’habes
625 4491 840 4537 montes
871 4481 1185 4546 altissimos,
1239 4497 1430 4537 cervos
1485 4482 1747 4537 velociter

155 4528 530 4623 apestdlorum
600 4554 1091 4621 prolihetarumque
1130 4528 1287 4623 dicta
1340 4560 1741 4623 percurrentes.
1770 4528 1824 4588 D

204 4622 337 4693 abes
359 4631 417 4678 et
446 4623 498 4676 in
549 4620 754 4691 campis
785 4630 1019 4693 petram,
1058 4620 1324 4693 refugium
1342 4620 1651 4693 “eryciisiet
1673 4623 1748 4678 le-

157 4692 405 4761 poribus,
435 4707 576 4763 quos
628 4690 685 4746 in
708 4690 1053 4762 simplicitate
1079 4690 1257 4747 cordis
1290 4690 1538 4748 Christus
1564 4692 1749 4748 Domi-

156 4777 254 4815 nus
276 4778 377 4831 per
416 4778 547 4819 suos
578 4777 742 4833 canes
772 4770 1021 4833 venatur,
1052 4773 1113 4816 ut
1161 4763 1332 4833 spinis
1372 4771 1595 4818 careant
1618 4764 1752 4819 deli-

157 4830 389 4888 ctorum.
436 4853 458 4886 ›
500 4833 631 4888 Vide
656 4830 849 4887 Jonam
880 4830 1325 4889 Aurelianensem
1352 4833 1406 4888 in
1455 4833 1595 4889 libro
1621 4835 1751 4891 nde

156 4899 510 4958 Institutione
541 4902 770 4966 Laicali,
803 4918 922 4966 cap.
951 4902 1040 4956 23.

225 4972 252 5011 δ
309 4970 817 5028 Comessationibus.
860 4970 1053 5027 Mirum
1096 4981 1180 5027 est
1233 4982 1343 5027 tam
1398 4973 1664 5030 sollicitos
1693 4975 1749 5030 in

158 5040 258 5122 hoc
286 5041 468 5127 fuisse
498 5051 733 5127 veteres,
764 5052 825 5125 ut
848 5042 1051 5098 nullam
1086 5044 1428 5100 occasionem
1452 5046 1751 5127 praetermi-

157 5111 324 5182 serint
360 5113 700 5167 admonendi
728 5115 1011 5182 episcopos
1039 5122 1100 5167 ut
1130 5130 1159 5167 a
1182 5111 1673 5170 comessationibus
1695 5122 1751 5170 et

158 5181 445 5255 ebrietate
483 5181 839 5255 abstinerent,
887 5181 1041 5253 juxta
1076 5193 1402 5254 praeceptum
1452 5184 1620 5250 Pauli,
1658 5185 1752 5255 qui

159 5252 324 5322 edixit
360 5252 681 5322 episcopum
707 5252 904 5308 debere
953 5252 1093 5309 esse'
1117 5270 1222 5309 non
1250 5252 1589 5309 einolentum.
1618 5252 1753 5310 Insi-

161 5320 277 5394 gnis
312 5320 409 5377 est
442 5320 762 5394 Hieronymi
812 5322 961 5379 locus
1006 5340 1090 5394 ex,
1125 5326 1520 5379 commentario
1560 5326 1614 5379 in
1656 5325 1753 5380 Mi-

163 5391 363 5465 cbieam
390 5391 743 5465 prophetam,
778 5394 983 5465 relatus
1006 5410 1036 5448 a
1059 5393 1322 5450 Gratiano
1342 5396 1479 5465 rdiSt.
1516 5394 1603 5465 55,
1629 5411 1745 5465 cap.

160 5460 192 5512 4
220 5479 230 5513 :
257 5480 288 5535 _«
323 5460 590 5535 Ecclesia:
613 5464 906 5535 principes,
931 5464 1125 5534 inquit,
1150 5465 1243 5535 qui
1269 5464 1478 5520 deliciis
1500 5460 1747 5529 affluunt,

162 5539 215 5583 et
256 5532 398 5587 inter
436 5533 624 5602 epulas
660 5532 821 5603 atque
873 5532 1124 5589 lascivias
1169 5532 1503 5604 pudicitiam
1559 5551 1752 5589 serva-

164 5614 304 5674 rese
359 5605 619 5674 credunt,
654 5605 1005 5673 propheticus
1051 5620 1236 5660 sermo
1271 5606 1551 5669 describit,
1610 5605 1753 5674 quod

166 5671 413 5744 ejiciendi
444 5673 555 5744 sint
591 5673 669 5744 de
684 5671 935 5741 spatiosis
983 5676 1251 5737 domibus,
1285 5675 1550 5744 lautisque
1577 5671 1757 5729 convi-

168 5741 280 5802 \‘iis.
314 5752 369 5798 et
405 5743 581 5797 multo
604 5742 789 5798 labore
830 5746 1001 5814 epulis
1032 5746 1371 5814 conquisitis,
1417 5741 1479 5799 et
1504 5744 1755 5811 ejiciendi

169 5821 381 5883 propter
430 5815 608 5870 malas
656 5814 1012 5887 cogitationes
1069 5826 1120 5872 ct
1148 5830 1310 5885 opera
1355 5831 1470 5873 sua.
1506 5816 1569 5869 Et
1599 5817 1643 5870 si
1675 5815 1756 5869 vis

1867 1676 2011 1751 scire
2034 1690 2149 1751 quo
2170 1675 2424 1745 ejiciendi
2448 1684 2604 1751 sunt,
2632 1676 2989 1751 Evangelium
3029 1680 3183 1751 lege:
3214 1678 3281 1733 In
3312 1688 3451 1736 tene-

1866 1745 2006 1819 bras,
2034 1745 2245 1819 Scilicet
2294 1748 2611 1819 exteriores,
2660 1747 2747 1801 ubi
2786 1745 2905 1819 ferit
2960 1745 3115 1819 ﬂetu}
3170 1758 3217 1803 et
3254 1751 3451 1805 stridor

1863 1817 2121 1889 dentium.
2160 1817 2353 1870 Annon
2380 1817 2651 1889 confusio
2688 1826 2741 1872 et
2779 1817 3071 1889 ignominia
3127 1826 3229 1884 est,
3262 1819 3449 1876 Jesum

1863 1887 2207 1960 crucifixum,
2252 1887 2570 1960 magistrum
2621 1887 2939 1960 pauperum,
2999 1898 3159 1960 atque
3208 1891 3451 1945 esurienc

1865 1964 1998 2031 tem,
2033 1955 2189 2010 fartis
2211 1955 2508 2031 prmdicare
2539 1955 2878 2031 corporibus,
2902 1955 3338 2031 jejuniorumque
3359 1961 3449 2016 do-

1862 2027 2093 2101 ctrinam
2150 2030 2407 2101 pubentes
2471 2026 2672 2101 buccas
2728 2026 3128 2101 eminentiaque
3187 2026 3282 2085 ora
3322 2045 3447 2101 pro-

1859 2094 2002 2171 ferre
2028 2096 2051 2151 ?
2091 2116 2109 2149 ι
2134 2096 2217 2171 ⁵Ιεξι
2257 2095 2482 2171 Magnus
2505 2096 2594 2171 ille
2628 2097 2923 2170 Gregorius
2949 2094 3140 2171 libin,
3167 2094 3443 2171 episth,

1861 2168 2067 2240 acriter
2098 2166 2629 2240 objurgat’Natalem
2682 2166 2995 2240 episcopum
3048 2166 3443 2237 Salonitanum,

1861 2183 2066 2222 acriter
2098 2183 2350 2291 onjurgat
2387 2183 2629 2221 natalem
2682 2183 2995 2240 episcopum
3048 2183 3443 2237 baionitanum,

1858 2240 2004 2306 quod
2038 2237 2167 2292 dere
2191 2237 2294 2292 icta
2341 2237 2601 2306 pastorali
2627 2254 2779 2304 cura,
2835 2240 2964 2295 solis
2985 2255 3044 2295 se
3067 2240 3330 2296 conviviis
3358 2256 3448 2296 oc-

1857 2307 2292 2380 c_uparet._Unde
2314 2315 2390 2380 et
2409 2308 2659 2380 eumdem
2689 2308 2935 2364 Natalem
2996 2310 3111 2380 (qui
3153 2312 3447 2380 reprehen-

1858 2378 2067 2448 sionem
2103 2376 2431 2448 Gregoriigin
2461 2376 2645 2445 jocum
2667 2387 2944 2444 verterat;
2976 2376 3284 2448 exemplum
3316 2379 3447 2436 affe-

1859 2462 1988 2522 rens
2021 2446 2255 2517 Abrahae
2276 2455 2333 2503 et
2365 2446 2535 2522 Isaac,
2575 2461 2819 2522 quorum
2848 2465 2989 2522 unus
3014 2446 3231 2522 angelos
3261 2451 3446 2522 convi-

1855 2517 1946 2587 vio
2009 2515 2320 2587 exceperat,
2357 2517 2494 2572 alter
2536 2515 2665 2573 vero
2718 2515 2956 2574 satiatus
3013 2515 3444 2576 benedictionem

1857 2585 1967 2641 ﬁlio
1990 2585 2259 2655 dederat),
2324 2599 2515 2658 postea
2542 2603 2757 2643 rursum
2792 2590 3069 2644 admonuit
3112 2590 3388 2646 abstinere
3410 2604 3442 2646 a

1856 2658 2399 2731 conviviisLscripta
2434 2658 2694 2731 ad_geum_
2726 2658 3135 2731 elegantissima
3187 2660 3442 2731 epistola,

1854 2742 1975 2799 quae
2004 2737 2090 2783 est
2119 2729 2187 2782 57
2216 2729 2453 2799 ejusdem
2477 2727 2620 2799 libri.
2654 2728 2722 2783 Et
2749 2727 2899 2799 patet
2928 2730 3176 2785 convivia
3214 2727 3304 2784 illa
3332 2746 3439 2788 non

1854 2796 2022 2879 {pisse
2071 2796 2375 2881 admodum
2410 2796 2764 2881 Christiana;
2796 2815 2917 2881 enm
2940 2808 3139 2881 praeter
3182 2802 3444 2881 temulen-

1855 2868 1984 2922 tiam
2032 2877 2086 2924 et
2131 2868 2505 2930 voracitatem,
2564 2869 2729 2923 etiam
2757 2885 2788 2923 a
2822 2868 3258 2925 Christianorum
3293 2870 3446 2926 dill‘a-

1853 2940 2088 2994 matione
2126 2954 2230 2993 non
2256 2938 2616 3009 abstinerent,
2660 2954 2927 3009 nemoque
2957 2956 3025 2995 ex
3078 2940 3333 2995 irrisione
3356 2956 3445 2996 re-

1851 3011 2301 3091 prehenderetur.
2339 3008 2475 3063 Nam
2510 3010 2757 3063 convivia
2813 3008 3193 3083 episcoporum
3241 3011 3444 3066 debent

1852 3094 1971 3134 esse
2006 3095 2145 3135 serta
2154 3118 2167 3131 .

1915 3160 1937 3187 ο
1976 3150 2043 3213 In
2078 3149 2243 3204 oculis
2273 3158 2448 3204 tamen
2472 3149 2572 3204 Dei
2610 3166 2713 3205 non
2740 3159 2835 3205 est.
2873 3150 2965 3205 Ait
2994 3166 3122 3220 ergo
3172 3164 3295 3206 eum
3343 3151 3438 3220 qui

1855 3221 1922 3275 ad
1951 3220 2320 3289 episcopatum
2345 3229 2567 3275 vocatus
2601 3230 2704 3286 est,
2732 3221 2779 3275 si
2816 3221 2996 3277 smculi
3026 3220 3439 3276 oblectamentis

1854 3289 2114 3359 indulget,
2148 3292 2200 3344 in
2230 3290 2401 3345 oculis
2432 3289 2526 3344 Dei
2556 3305 2660 3344 non
2683 3305 2805 3345 esse
2832 3292 3189 3357 sacerdotem,
3221 3292 3439 3345 tametsi

1851 3373 2137 3432 personam
2161 3360 2417 3432 episcopi
2447 3369 2599 3432 gerat
2628 3375 2815 3432 coram
2845 3361 3154 3432 hominibus
3196 3361 3439 3432 adeoque

1851 3428 2139 3498 episcopus
2163 3428 2284 3486 esse
2331 3428 2601 3485 videatur.
2635 3428 2727 3486 Sic
2774 3440 2997 3486 sanctus
3032 3428 3365 3485 Ambrosius
3380 3430 3437 3485 in

1849 3500 2045 3572 capite
2062 3501 2221 3572 tertio
2258 3501 2380 3555 libri
2414 3500 2483 3572 de
2503 3500 2777 3572 Dignitate
2805 3499 3162 3572 Sacerdotali,
3211 3500 3439 3572 loquens

1852 3568 1917 3640 de
1934 3568 2084 3640 _malo
2106 3570 2377 3640 episcopo,
2403 3570 2479 3640 ait
2505 3588 2517 3624 :
2562 3568 2596 3621 c'
2620 3570 2943 3625 Pronuntiat
2975 3571 3120 3625 enim
3150 3568 3436 3640 episcopus

1854 3637 2165 3706 hujusmodi
2199 3637 2590 3709 adi—pepulttm,
2630 3640 2816 3695 dicens
2846 3658 2859 3694 :
2896 3640 3007 3694 Pax
3035 3637 3205 3694 vobis.
3254 3637 3437 3694 Oculis

1851 3710 2068 3780 quidem
2099 3708 2406 3780 carnalibus
2435 3709 2650 3765 videtur
2680 3711 2833 3779 quasi
2870 3712 3154 3779 episcopus
3176 3724 3427 3780 magnus,

1849 3786 1906 3860 et
1936 3778 2451 3860 divinisintuitibus
2500 3778 2784 3860 inSpicitur
2807 3778 3074 3860 'lepr‘osu's
3120 3778 3367 3850 magnus.
3406 3798 3429 3834 ι

1850 3845 1941 3920 Sic
1967 3847 2306 3920 Marcellinus
2333 3856 2387 3902 et
2410 3845 2702 3904 Faustinus
2730 3849 2785 3903 in
2807 3845 3009 3920 Libello
3028 3845 3280 3912 Prccum,
3305 3862 3433 3920 pag.

1847 3917 1938 3989 46,
1981 3918 2132 3989 aiunt
2189 3919 2449 3987 quosdam
2502 3920 2782 3989 episcopos
2833 3919 3074 3989 perfidiae
3104 3917 3432 3989 Arianorum

1849 3988 2256 4059 subscripsisse,
2296 4006 2315 4038 ε
2352 3998 2413 4043 ut
2434 3988 2739 4059 episcopale
2764 3988 2959 4059 nomen
3010 3988 3149 4059 apud
3180 3989 3427 4059 homines

1849 4057 2086 4129 retinere
2134 4057 2485 4123 viderentur;
2522 4057 2664 4127 quod
2695 4060 2880 4129 utique
2904 4058 3017 4129 jam
3044 4057 3221 4129 'apud
3262 4058 3433 4129 Deum

1848 4136 1973 4197 post
2004 4128 2430 4199 subscriptiones
2462 4129 2659 4199 impias
2685 4127 3107 4184 non—habebant.
3149 4148 3168 4180 ι
3199 4127 3291 4183 Sic
3312 4127 3436 4182 Ful-

1850 4199 2063 4322 gentius
2094 4198 2395 4322 Ruspensis
2415 4198 2702 4269 episeopus
2726 4200 2779 4253 in
2813 4200 2989 4270 capite
3017 4200 3192 4268 primo
3242 4205 3434 4254 contra

1893 4284 2171 4322 ermonem
2251 4269 2514 4322 astidiosi.
2551 4271 2628 4322 ait
2669 4284 2811 4322 eum.
2841 4270 3057 4322 tametsi
3106 4268 3431 4322 Dresbvterii

1893 4284 2171 4323 ermonem
2206 4268 2514 4334 FastidioSi,
2551 4271 2628 4324 ait
2669 4284 2811 4335 eum,
2841 4268 3057 4323 tametsi
3106 4268 3431 4338 presbyterii

1850 4340 2111 4394 honorem
2144 4339 2199 4410 in
2221 4351 2511 4410 conspectu
2538 4340 2718 4395 homin
2730 4355 2817 4410 um
2850 4339 3074 4409 ceperit,
3106 4336 3288 4410 coram
3314 4336 3426 4410 Do—

1849 4410 1999 4465 mino
2030 4424 2135 4463 non
2164 4408 2434 4465 habuisse.
2489 4411 2691 4465 Eadem
2721 4408 2821 4463 fuit
2853 4408 3120 4464 sententia
3147 4408 3431 4463 haeretico—

1850 4495 1970 4551 rum
2032 4478 2422 4551 Albigensium,
2476 4482 2589 4551 qui,
2638 4488 2698 4535 ut
2746 4480 3007 4551 Rogerius
3053 4481 3123 4551 de
3162 4478 3432 4551 ⁸Ιιοεθίίςξιι

1849 4550 2041 4622 tradit,
2062 4547 2349 4622 dicebant:
2388 4568 2407 4601 α
2439 4547 2579 4622 quod
2622 4558 2807 4606 essent
2829 4547 3128 4622 fordinandi
3158 4548 3214 4603 in
3246 4547 3431 4622 Eccle-

1848 4621 1927 4693 sia
1959 4620 2200 4693 episcopi
2227 4627 2285 4674 et
2310 4618 2653 4693 presbyteri;
2692 4628 2747 4677 et
2796 4620 2843 4676 si
2877 4619 3011 4676 tales
3059 4635 3167 4693 non
3214 4618 3433 4693 ordina-

1847 4690 2044 4763 bantur
2078 4689 2267 4763 quales
2288 4689 2659 4763 praecipiebat,
2685 4706 2793 4763 non
2826 4698 3012 4763 essent
3037 4689 3294 4763 episcopi,
3328 4701 3432 4744 nec

1847 4707 2044 4746 bantur
2078 4707 2659 4817 qualescpraacipienat,
2685 4707 2793 4746 non
2826 4707 3012 4746 essent
3037 4707 3294 4760 episcopi,
3329 4707 3430 4744 nec

1847 4760 2174 4839 presbyieri,
2206 4775 2266 4815 se
2344 4762 2456 4833 lupi
2488 4777 2734 4839 rapaces,
2769 4760 3065 4839 hypocrita:
3096 4769 3153 4815 et
3178 4758 3430 4839 seducto-

1850 4829 1955 4886 res.
1996 4829 2026 4883 »⁷
2054 4832 2255 4887 Verum
2280 4829 2426 4889 recte
2452 4829 2768 4888 adnotatum
2791 4829 2873 4886 ῥέε
2897 4846 2929 4886 a
2952 4831 3086 4885 viris
3130 4829 3431 4885 eruditissi-

1849 4902 1972 4968 mis,
1999 4916 2121 4956 eam
2144 4916 2266 4958 esse
2288 4910 2627 4959 constantem
2676 4901 2935 4959 Ecclesia:
2988 4900 3272 4957 catholica:
3302 4913 3428 4954 sen—

1852 4973 2097 5035 tentiam,
2160 4986 2231 5027 ex
2287 4972 2533 5029 doctrina
2594 4980 2650 5029 et
2676 4973 2970 5029 traditione
3006 4970 3305 5042 apostolica
3336 4970 3429 5042 de.

1850 5043 2218 5107 scendentem,
2260 5044 2425 5098 etiam
2483 5043 2788 5113 improbum
2832 5039 3134 5113 hominem,
3167 5039 3428 5097 canonice

1850 5112 2182 5177 ordinatum,
2207 5128 2335 5169 vere
2363 5110 2701 5169 sacerdotem
2737 5128 2803 5168 ac
2830 5112 2926 5167 Dei
2956 5110 3256 5181 adjutorem
3281 5124 3425 5166 esse.

1851 5183 1983 5237 Nam
2017 5182 2063 5235 si
2097 5184 2212 5237 haec
2244 5183 2426 5245 regula
2462 5200 2568 5239 non
2591 5192 2737 5239 esset
2762 5191 2934 5245 certa,
2992 5182 3265 5238 horrenda
3295 5196 3429 5236 con-

1849 5253 1990 5308 fusio
2020 5254 2295 5308 turbasset
2312 5251 2639 5318 Ecclesiam,
2672 5254 2836 5309 etiam
2869 5253 2924 5306 in
2960 5251 3130 5306 initiis
3166 5252 3427 5306 Christia.

1851 5323 2034 5393 nismi.
2070 5322 2205 5393 Nam
2237 5332 2294 5378 et
2325 5322 2496 5378 Judas‘
2513 5324 2686 5385 malus
2721 5330 2858 5388 erat,
2882 5321 3188 5393 quintamen
3216 5330 3431 5393 aposto-

1851 5391 2153 5465 lusChristi
2186 5392 2310 5448 fuit.
2349 5394 2428 5465 Et_
2449 5394 2644 5449 multos
2668 5403 2855 5465 postea
2888 5391 3077 5465 variis
3100 5391 3431 5465 temporibus

1852 5463 2021 5534 malos
2073 5465 2357 5534 episcopos
2409 5463 2574 5519 fuisse
2626 5461 2784 5518 nemo
2830 5462 3123 5534 negaverit.
3186 5461 3430 5532 Denique

1852 5532 2195 5589 Christus’ait
2219 5532 2439 5588 Scrihas
2464 5545 2521 5587 et
2551 5534 2855 5587 Pharisreos
2906 5532 3107 5587 sedisse
3144 5546 3308 5602 super
3341 5550 3421 5589 ca.

1853 5604 2103 5657 thcdram
2136 5604 2324 5674 Moysi.
2358 5603 2547 5674 Itaque
2591 5606 2671 5659 sic
2698 5602 2980 5674 scripsisse
3024 5602 3240 5674 videtur
3292 5603 3421 5674 Ago-

1851 5674 2053 5746 bardus
2112 5671 2487 5746 vehementer,
2547 5684 2608 5729 ut
2660 5671 2944 5746 episcopos
3002 5671 3318 5746 admoneret
3347 5671 3428 5729 sui

1853 5742 2036 5817 cilicii,
2074 5753 2129 5817 et
2175 5752 2231 5797 ut
2259 5741 2651 5817 intelligerent
2692 5741 2961 5817 quantum
3004 5741 3115 5797 Deo
3150 5742 3427 5814 displiceat

1856 5813 1998 5868 mala
2034 5814 2273 5885 episcopi
2306 5814 2434 5869 vita.
