3930 6320
497 299 600 357 195

1434 289 1496 351 S.
1534 291 1885 350 AGOBARDI
1922 289 2230 347 EPISCOPI
2265 289 2759 350 LUGDUNENSIS

3677 291 3775 348 196

492 420 553 470 οι
576 408 792 481 impios,
810 409 866 462 ίη
885 405 1147 478 pulverem
1172 401 1349 471 simul,
1373 410 1423 458 et
1452 403 1614 476 facies
1642 420 1822 459 eorum
1844 402 2083 474 demerge
2110 403 2162 462 Α
2187 409 2296 458 tem
2324 405 2520 474 quaerit
2547 419 2778 475 sponsae,
2812 406 3113 476 meritoque
3143 408 3367 477 suscipit
3389 408 3637 480 regimen
3665 413 3780 466 ani-

494 499 553 556 in
577 500 801 556 foveam.

599 515 801 554 oveam.

568 500 638 642 ἑ.
691 585 831 642 Sunt
871 585 962 640 alii
989 585 1102 655 qui,
1134 584 1276 639 sicut
1310 591 1367 638 et
1407 583 1519 648 isti,
1561 598 1669 639 non
1699 590 1963 655 apparent
1987 583 2088 638 ho-

497 680 735 736 minibus
781 679 963 747 impii,
999 677 1094 734 sed
1141 691 1237 747 per
1290 675 1599 742 simulatam
1636 674 1904 745 justitiam
1953 673 2090 729 ﬁunt

498 771 557 828 in
605 769 777 825 oeulis
824 770 1107 824 hominum
1158 767 1405 838 sepulcra
1462 767 1748 834 dealbata;
1808 767 1864 822 in
1917 767 2090 822 oculis

502 866 684 916 autem
729 860 861 925 Dei,
899 860 954 914 id
1001 866 1086 913 est
1131 858 1307 924 intus,
1347 858 1492 928 pleni
1529 866 1657 913 sunt
1693 857 1909 912 ossibus
1944 873 2090 922 mor:

499 959 716 1006 tuorum
766 960 822 1005 et
860 951 1005 1005 omni
1039 950 1321 1020 spurcitia.
1371 949 1462 1004 Ait
1489 951 1681 1005 beatus
1718 950 1919 1004 Paulus
1954 964 2087 1018 apo-

499 1040 671 1096 stolus
704 1058 718 1093 :
765 1039 890 1094 Non
916 1040 1054 1094 enim
1076 1056 1257 1094 sumus
1287 1040 1422 1094 sicut
1447 1038 1684 1111 plurimi,
1730 1038 2090 1093 adulterantes

499 1132 709 1187 uerbum
734 1132 850 1193 Dei,
883 1131 973 1185 sed
1011 1148 1076 1186 ea:
1110 1131 1432 1196 sinceritate,
1475 1131 1611 1184 sicut
1650 1145 1715 1184 ea:
1742 1129 1877 1194 Deo,
1909 1145 2090 1183 coram

501 1221 633 1286 Deo,
659 1223 714 1276 in
737 1219 944 1276 Christo
973 1221 1258 1293 loquimur.
1291 1220 1359 1274 Et
1382 1221 1581 1275 iterum
1616 1238 1629 1273 :
1663 1218 1930 1283 Habentes
1955 1219 2091 1273 hanc

504 1311 965 1376 ministrationem,
987 1312 1149 1381 juxta
1185 1310 1325 1380 quod
1370 1309 1784 1365 misericordiam
1831 1308 2094 1363 consecuti

502 1413 839 1465 sumus,‘non
869 1402 1174 1470 deﬁcimus,
1215 1403 1305 1455 sed
1347 1403 1654 1456 abdicantus
1691 1400 1896 1456 occulta
1933 1400 2091 1454 dede-

507 1494 664 1555 coris,
697 1508 800 1545 non
841 1491 1168 1545 ambulantes
1207 1493 1263 1544 in
1297 1493 1517 1556 astutia,
1547 1508 1709 1562 neque
1738 1491 2089 1545 adulterantes

502 1582 713 1636 verbum
765 1581 881 1646 Dei,
931 1581 1020 1634 sed
1067 1581 1123 1635 in
1170 1582 1591 1651 monifestatione
1635 1583 1890 1635 veritatis.
1941 1580 2087 1635 Sicut

508 1669 655 1724 enim
706 1668 920 1724 adulter
946 1684 1056 1723 non
1085 1670 1281 1740 quaerit
1326 1671 1561 1725 fructum
1601 1671 1791 1739 prolis,
1841 1670 1936 1725 sed
1973 1677 2094 1723 tan-

2187 509 2419 548 marum.
2467 493 2655 552 Omnis
2695 495 2945 560 clericus,
2992 503 3086 550 aut
3125 498 3445 563 monachus,
3493 499 3580 553 cui
3621 500 3782 555 datus

2187 597 2271 642 est
2309 587 2816 657 quantuluscunque
2865 602 3045 643 sermo
3089 589 3397 659 sapientiae,
3455 597 3550 644 aut
3596 607 3784 646 sermo

2190 677 2460 741 scientiae,
2501 685 2556 732 ct
2604 678 2732 732 dum
2762 678 3018 747 loquitur,
3054 680 3203 748 cupit
3247 681 3530 736 audientes
3565 681 3621 750 in
3663 697 3788 751 pro-

2189 771 2365 840 prium
2395 785 2637 826 amorem
2687 778 2741 824 et
2779 771 3057 840 propriam
3103 771 3317 826 laudem
3362 782 3689 828 convertere
3735 783 3790 829 et

2192 860 2531 915 inﬂammare
2553 902 2566 926 ,
2599 862 2700 916 iste
2734 877 2791 915 se
2819 862 2992 930 ipsum
3021 862 3278 931 praedicat
3299 903 3313 928 ,
3345 880 3454 918 non
3483 881 3785 934 sponsum;

2194 963 2249 1006 et
2277 954 2477 1009 idcirco
2522 953 2806 1023 pellendus
2840 962 2925 1011 est
2964 954 3029 1008 de
3057 955 3300 1009 interiori
3344 957 3620 1024 thalamo,
3661 959 3790 1027 quia

2193 1041 2404 1096 adulter
2436 1049 2548 1108 est;
2599 1040 2733 1096 foris
2777 1042 2831 1095 in
2878 1043 3019 1096 atrio
3061 1044 3316 1111 praesidet
3343 1085 3358 1110 ,
3411 1062 3519 1100 non
3569 1063 3793 1117 sponsa

2189 1130 2386 1204 jussu,
2434 1132 2529 1186 sed
2580 1131 2854 1202 patientiae
2902 1133 3171 1200 permissu
3218 1151 3230 1186 :
3285 1134 3413 1203 quia
3461 1136 3577 1189 sive
3627 1152 3791 1192 occa-

2195 1219 2376 1285 sione,
2429 1221 2541 1274 sive
2570 1221 2803 1275 veritate
2843 1236 3074 1290 sponsus
3119 1224 3490 1286 annuntietur,
3545 1225 3788 1295 gauden-

2196 1308 2324 1363 dum
2368 1318 2469 1364 est.
2510 1309 2712 1365 Fidelis
2758 1311 2902 1364 enim
2949 1312 3126 1365 anima
3176 1328 3207 1366 a
3250 1329 3573 1384 quocunque
3603 1319 3793 1373 audiat

2195 1399 2384 1455 laudes
2431 1401 2643 1470 sponsi,
2696 1402 2750 1455 in
2799 1417 3040 1457 amorem
3075 1404 3259 1473 sponsi
3301 1408 3641 1475 accenditur,
3688 1425 3795 1465 non

2198 1491 2252 1544 in
2289 1491 2626 1563 negligenter
2651 1493 2940 1549 laudantis.
2975 1494 3111 1550 Nam
3151 1505 3205 1551 et
3254 1497 3567 1570 diligentem
3607 1501 3797 1557 lauda.

2201 1588 2374 1634 torem
2407 1591 2554 1636 amat
2595 1591 2654 1636 ut
2684 1584 2989 1652 proximum
3011 1626 3026 1647 ,
3063 1602 3171 1641 non
3213 1595 3272 1641 ut
3316 1584 3609 1658 sponsum,
3644 1601 3796 1646 amat

2201 1672 2257 1726 in
2289 1669 2505 1743 spenso,
2544 1690 2651 1729 non
2690 1691 2789 1746 pro
2818 1690 3036 1744 sponso.
3067 1677 3365 1733 Ambulans
3400 1680 3454 1734 in
3479 1682 3571 1744 yia
3599 1683 3796 1738 imma-

508 1767 621 1814 tum
662 1766 722 1812 ut
755 1773 867 1813 sua:
896 1752 1162 1813 voluntati
1193 1758 1358 1814 faciat
1402 1767 1460 1814 et
1503 1759 1780 1815 libidinem
1828 1759 2092 1830 impleat;
2125 1748 2173 1807 Β
2203 1763 2411 1828 culata,
2461 1765 2549 1820 hic
2578 1765 2807 1820 Domino
2846 1767 3147 1832 ministrat,
3184 1785 3289 1823 non
3330 1771 3466 1837 sibi;
3512 1781 3569 1826 et
3615 1784 3800 1842 potest

505 1849 582 1904 ita
612 1849 790 1905 omnis
838 1849 930 1918 qui
966 1848 1488 1903 administrationem
1527 1849 1680 1904 verbi
1719 1849 1996 1919 suscepit,
2052 1851 2097 1904 si

503 1956 580 1997 ex
615 1940 928 1997 sinceritate
958 1939 1186 1994 salutem
1216 1940 1551 1995 audientium"
1595 1923 1650 1996 et
1687 1941 2100 1996 aediﬁcationem

509 2032 766 2089 Ecclesia:
820 2046 928 2085 non
981 2031 1213 2101 quaerit,
1247 2031 1344 2086 sed
1383 2046 1552 2086 causa
1596 2025 1821 2086 alterius
1849 2031 1950 2098 rei,
1981 2047 2102 2102 quae

516 2124 696 2178 minor
724 2131 810 2178 est
833 2137 996 2192 quam
1023 2121 1168 2176 salus
1197 2122 1528 2188 auditorum,
1552 2122 1778 2177 verbum
1803 2121 1897 2176 Dei
1927 2123 2101 2192 loqui-

519 2223 628 2279 tur,
661 2222 720 2268 ut
760 2229 871 2268 suae
897 2207 1152 2267 nimirum
1182 2213 1416 2282 propriae
1445 2213 1710 2270 voluntati
1739 2213 2099 2283 obtemperet,

523 2305 737 2361 adulter
762 2312 862 2360 est.

582 2395 674 2450 X1.
715 2396 858 2468 Ergo
911 2412 1018 2452 non
1073 2396 1172 2452 soli
1225 2397 1471 2452 haeretici
1519 2397 1830 2453 adulterant
1876 2399 2104 2454 verbum

511 2486 630 2552 Dei,
664 2486 944 2544 miscendo
974 2486 1218 2542 fallacias
1256 2503 1402 2542 suos.
1441 2487 1548 2543 Sed
1574 2496 1630 2542 et
1657 2503 1846 2544 omnes
1876 2490 1968 2560 qui
2008 2507 2107 2559 per

517 2598 733 2639 sacrum
766 2582 1127 2638 ministerium
1165 2583 1232 2637 ad
1271 2575 1508 2637 honores
1551 2591 1605 2636 et
1651 2582 1869 2650 divitias
1901 2593 2108 2653 tempo-

519 2672 663 2728 rales
716 2673 998 2743 pervenire
1045 2671 1322 2737 festinant,
1356 2673 1520 2728 etiam
1552 2681 1617 2743 et
1664 2673 1738 2728 illi
1767 2675 1860 2745 qui
1900 2677 1969 2730 ad
2009 2677 2107 2731 ho-

511 2758 678 2820 nores
705 2774 759 2818 et
795 2764 1013 2819 divitias
1040 2763 1323 2818 sublimari
1369 2764 1476 2818 n‘on
1519 2773 1775 2833 possunt,
1817 2774 1872 2820 et
1901 2768 2108 2823 victum

511 2861 607 2909 aut
650 2861 1021 2924 tegumentum
1072 2854 1448 2922 quotidianum
1479 2869 1547 2908 ex
1595 2869 1752 2909 sacro
1804 2857 2108 2914 ministerio

514 2943 738 3013 adipisci
771 2944 995 3011 cupiunt
1045 2941 1196 3014 (quia
1241 2959 1347 2997 non
1393 2942 1514 2998 ideo
1554 2953 1800 3014 sumptus
1838 2948 2110 3020 accipiunt

514 3046 578 3094 ut
623 3038 951 3109 prmdicent,
988 3039 1082 3092 sed
1123 3039 1244 3093 ideo
1283 3050 1309 3079 α
1350 3037 1652 3106 prmdicant
1696 3044 1756 3092 ut
1805 3038 2104 3109 accipiant;

513 3141 618 3183 nec
668 3127 961 3198 loquuntur
999 3142 1067 3181 ex
1107 3127 1419 3182 sinceritate
1456 3127 1597 3181 sicut
1643 3144 1711 3182 ex
1759 3127 1890 3193 Deo,
1926 3145 2109 3184 coram

516 3215 668 3283 Deo';
716 3217 809 3271 sed
836 3216 1114 3270 ambulant
1146 3218 1198 3270 in
1227 3217 1450 3282 astutia,
1479 3233 1579 3272 nec
1614 3209 1866 3272 abdicant
1897 3221 2108 3275 occulta

520 3308 838 3373 dedecoris,
871 3308 964 3362 sed
999 3307 1454 3380 amplectuntur),
1487 3308 1716 3364 adulteri
1746 3318 1891 3363 sunt.
1922 3310 2110 3367 Omnis

515 3414 648 3469 ergo
690 3400 777 3466 qui
833 3398 1168 3468 prmponitur
1210 3399 1458 3462 cmteris,
1512 3399 1626 3454 sive
1679 3400 1946 3469 clericus,
1994 3404 2110 3459 sive

519 3491 840 3553 monachus,
888 3490 932 3544 si
988 3493 1062 3544 ita
1101 3491 1314 3544 videtur
1350 3491 1645 3548 benevolus
1696 3500 1752 3548 et
1791 3481 2109 3552 mansuetus

523 3589 685 3650 atque
745 3579 1010 3645 alfabilis,
1057 3588 1120 3634 ut
1158 3581 1497 3635 subditorum
1545 3583 1710 3637 corda
1751 3584 1806 3637 in
1848 3585 1930 3640 sui
1966 3601 2117 3642 amo-

521 3684 636 3724 rem
663 3678 720 3723 et
753 3669 782 3708 b
817 3669 1090 3739 propriam
1117 3669 1332 3724 laudem
1360 3680 1662 3737 convertat,
1697 3674 1907 3730 adulter
1931 3685 2034 3742 est,
2061 3686 2118 3732 et

521 3758 769 3828 regimen
814 3758 1120 3812 animarum
1162 3759 1439 3829 suscipere
1479 3774 1756 3830 nunquam
1784 3763 1966 3817 debet.
2011 3765 2115 3832 Qui

527 3857 708 3903 autem
739 3849 810 3903 ita
856 3849 1116 3918 prudens,
1150 3857 1488 3914 mansuetus,
1520 3859 1574 3905 et
1604 3853 1785 3906 suavis
1809 3862 1914 3918 est,
1965 3864 2022 3908 ut
2057 3872 2115 3911 se

526 3942 767 4001 videntes
797 3950 851 3996 et
897 3941 1181 3996 audientes
1229 3942 1296 3995 ad
1327 3957 1566 3997 amorem
1601 3950 1657 3996 et
1686 3941 1898 3998 laudem
1933 3949 2114 4015 sponsi

529 4039 808 4086 convertat
846 4039 901 4085 et
943 4033 1204 4087 accendat
1278 4032 1486 4087 amicus
1517 4040 1602 4088 est
1639 4033 1843 4102 sponsi,
1887 4039 2107 4093 castita—

2203 1858 2430 1929 proponi
2453 1858 2663 1912 cmteris
2692 1876 2703 1910 :
2736 1873 2845 1912 non
2872 1857 3183 1921 ambulans,
3227 1861 3318 1913 sed
3338 1861 3526 1930 jacens
3561 1862 3615 1916 in
3645 1864 3800 1933 igna-

2204 1946 2289 2000 via
2314 1986 2328 2011 ,
2356 1954 2411 1998 et
2447 1945 2537 2014 qui
2579 1947 2661 2000 sic
2696 1936 3000 2011 ministrat,
3045 1947 3146 2000 sibi
3187 1948 3495 2014 ministrat,
3550 1965 3660 2004 non
3698 1951 3800 2007 Do-

2205 2033 2389 2096 mino,
2445 2048 2550 2088 non
2601 2035 2761 2089 debet
2806 2034 3047 2105 praeponi
3099 2037 3331 2092 cmtcris.
3395 2037 3495 2104 Qui
3542 2040 3801 2096 custodes

2205 2124 2642 2179 Observationum
2689 2127 2756 2180 ad
2800 2127 3013 2180 libitum
3063 2142 3218 2181 suum
3244 2169 3260 2193 ,
3309 2137 3364 2182 et
3405 2145 3514 2184 non
3552 2130 3621 2184 ad
3659 2132 3802 2186 utili-

2207 2219 2374 2267 tatem
2411 2213 2832 2270 domesticorum
2855 2256 2878 2281 ,.
2919 2216 3136 2271 sibimet
3182 2217 3487 2288 dispensat,
3541 2237 3649 2276 non
3698 2221 3803 2279 Do-

2207 2305 2376 2368 mino,
2408 2321 2514 2359 non
2561 2314 2645 2360 est
2686 2306 2857 2361 fidelis
2883 2306 3225 2378 dispensator
3251 2318 3306 2364 et
3345 2311 3607 2379 prudens,
3635 2328 3802 2382 quem

2209 2394 2505 2448 constituat
2552 2395 2812 2450 Dominus
2863 2411 3026 2465 super
3077 2395 3338 2452 familiam
3389 2414 3566 2454 suam.
3626 2399 3803 2454 Labor

2209 2485 2489 2539 stultorum
2524 2486 2710 2557 aﬁliget
2758 2503 2843 2540 eos
2892 2488 2980 2557 qui
3021 2489 3259 2542 nesciunt
3303 2491 3358 2543 in
3397 2491 3579 2544 urbem
3619 2495 3803 2561 sponsi

2209 2593 2452 2647 pergere;
2502 2585 2555 2631 et
2602 2579 2723 2632 ideo
2770 2593 2877 2633 non
2919 2578 3118 2633 debent
3166 2579 3283 2634 fieri
3337 2581 3502 2636 duces
3544 2582 3803 2637 aliorum.

2210 2665 2391 2721 Labor
2440 2667 2742 2737 sapientum
2789 2675 2947 2722 sanat
2989 2683 3102 2723 eos.
3151 2668 3501 2724 Deducuntur
3540 2671 3690 2724 enim
3740 2672 3806 2726 ah

2213 2774 2411 2829 sponso
2443 2759 2496 2813 in
2526 2759 2669 2812 viam
2716 2767 2920 2814 rectam
2940 2800 2954 2825 ,
2983 2767 3042 2813 ut
3087 2767 3215 2814 eant
3253 2760 3306 2814 in
3340 2761 3619 2816 civitatem
3651 2762 3807 2817 habi-

2215 2849 2466 2913 tationis;
2501 2848 2742 2919 talesque
2772 2850 2888 2914 ﬁeri
2922 2850 3120 2904 debent
3150 2851 3316 2905 duces
3341 2866 3529 2906 eorum
3569 2853 3662 2922 qui
3696 2868 3804 2907 non

2214 2942 2415 2997 habent
2447 2942 2537 2996 hic
2565 2951 2872 2996 manentem
2899 2941 3195 3008 civitatem,
3235 2944 3329 2998 sed
3354 2941 3594 2998 futuram
3627 2944 3809 3013 inqui-

2215 3041 2342 3086 runt
2370 3033 2423 3087 in
2456 3048 2619 3104 grege
2663 3034 2753 3103 qui
2783 3033 3025 3088 ascendit
3053 3034 3119 3087 de
3159 3033 3394 3089 lavacro.
3443 3034 3511 3087 Et
3558 3032 3808 3089 fecundae

2139 3096 2183 3160 Ο
2216 3132 2341 3178 sunt
2369 3096 2643 3189 amandas,
2679 3096 2745 3178 et
2777 3124 2989 3179 steriles
3029 3124 3349 3189 tolerandm;
3383 3132 3437 3179 et
3473 3127 3595 3180 sani
3627 3135 3808 3181 custo-

2213 3215 2427 3279 diendi,
2469 3223 2522 3268 et
2565 3213 2764 3290 iqlirmi
2800 3215 3026 3269 sanandi
3080 3234 3091 3267 :
3134 3215 3261 3285 quia
3299 3229 3532 3286 Sponsus
3562 3217 3631 3270 de
3667 3215 3807 3272 cmlo

2213 3307 2363 3360 venit
2409 3305 2553 3375 quod
2592 3305 2830 3375 perierat
2875 3306 3152 3375 requirere
3179 3348 3194 3372 ,
3242 3316 3296 3360 et
3337 3307 3483 3375 quod
3532 3306 3808 3375 abiectum

2211 3404 2330 3451 erat
2379 3395 2684 3460 reducere,
2734 3403 2789 3449 et
2849 3395 2990 3464 quod
3048 3395 3381 3451 confractum
3435 3391 3703 3469 alligare,
3757 3410 3811 3457 et

2213 3489 2353 3559 quod
2382 3489 2654 3542 infirmum
2701 3487 3074 3554 consolidare,
3124 3497 3180 3543 et
3213 3491 3412 3559 pingue
3441 3498 3496 3545 et
3531 3491 3674 3547 forte
3718 3507 3810 3547 cn-

2222 3582 2444 3637 stodire.

2295 3671 2406 3726 Xll.
2447 3671 2573 3726 Haec
2599 3671 2652 3724 in
2684 3669 2945 3738 subjectis
2969 3669 3160 3724 ovibus
3182 3670 3256 3724 ita
3284 3671 3626 3727 observanda
3655 3683 3804 3727 sunt.

2222 3765 2278 3818 ln
2308 3763 2548 3835 prmlatis
2595 3770 2778 3816 autem
2821 3769 2874 3816 et
2919 3750 3226 3831 pastoribus
3270 3761 3375 3815 alia
3417 3763 3662 3818 conditio
3705 3773 3806 3819 est.

2223 3856 2488 3922 Quoniam
2522 3854 2664 3907 sicut
2703 3855 2896 3908 beatus
2934 3860 3017 3906 est
3054 3851 3225 3920 ﬁdelis
3263 3867 3436 3905 servus
3467 3862 3517 3905 et
3556 3852 3806 3923 prudens,

2223 3963 2373 4019 quem
2420 3944 2687 3998 constituit
2717 3942 2976 3996 Dominus
3014 3958 3169 4013 super
3211 3941 3470 4011 familiam
3518 3959 3708 4007 suam,
3754 3953 3810 3996 ut

2215 4042 2298 4096 det
2325 4035 2431 4090 illis
2473 4034 2644 4089 cibum
2684 4035 2740 4086 in
2783 4041 3033 4098 tempore,
3064 4032 3154 4098 qui
3192 4032 3437 4086 imitatur
3471 4043 3495 4070 ο
3533 4043 3808 4103 pastorem

1877 4127 2154 4189 BALUZII
2195 4128 2422 4188 ΝΟΤᾸΞ.

595 4226 620 4254 ι
665 4211 969 4299 {Medicam
1020 4220 1076 4299 uLt
1114 4213 1396 4299 decipiant.
1428 4212 1577 4299 ‘Tum
1629 4213 1795 4299 opim,
1828 4217 1972 4299 quod
1987 4235 2115 4299 _me-

520 4284 630 4354 rito
664 4283 888 4354 damnat
917 4281 1448 4354 Agobardus,_erant
1479 4283 1721 4337 nonnulli
1765 4281 1860 4354 qui
1889 4289 2115 4344 verbum

522 4351 617 4407 Dei
639 4350 1008 4422 praedicabant
1039 4350 1288 4420 quastus
1300 4367 1485 4422 causa,
1496 4367 1621 4422 non
1647 4362 1755 4408 tam
1783 4350 2018 4412 'solliciti
2052 4361 2118 4414 de

523 4437 665 4495 cura
707 4421 1032 4495 animarum,
1087 4421 1360 4495 quamde
1406 4421 2008 4495 colligendapecunia.
2047 4429 2112 4483 Et

521 4492 744 4563 omnin_o
779 4491 1056 4563 accepisse
1085 4490 1189 4563 ista
1216 4489 1438 4563 videtur
1491 4489 1808 4563 Agebardus
1843 4511 1872 4549 a
1922 4505 2113 4554 sancto

520 4559 965 4643 papaGregorio,
1018 4559 1333 4643 cujus‘hzec
1360 4567 1486 4643 sunt
1534 4559 1710 4643 verba
1731 4579 1797 4618 ex
1845 4565 1986 4643 libro
2017 4584 2113 4622 xix

521 4627 731 4693 inllob,
757 4627 876 4699 cap.
905 4630 974 4690 ll.
998 4647 1010 4682 :
1045 4648 1062 4679 ι
1087 4627 1305 4699 ’Βυιῃιεο
1333 4631 1500 4699 pedes
1534 4630 1804 4697 lavantur,
1833 4636 1958 4699 dum
1983 4652 2112 4691 san-

523 4689 1110 4773 ctis_pr:edi'catoribus
1135 4689 1315 4773 debita
1336 4689 1350 4699 ’
1369 4701 1438 4773 ab
1467 4689 1809 4773 audientibus
1844 4689 2114 4773 stipendia

522 4767 977 4849 conferuntuxnct
1007 4784 1144 4849 quos
1174 4768 1372 4849 “fatigat
1397 4770 1688 4849 injunctus
1711 4767 2115 4849 praadicationis

520 4837 695 4901 labor,
733 4838 974 4913 exhibita
1002 4837 1334 4913 adiscipuIis
1362 4837 1644 4913 pinguedo
1674 4837 1800 4896 boni
1825 4845 2005 4913 operis
2038 4843 2117 4898 fo—

524 4915 654 4977 vet;
694 4921 801 4962 non
831 4907 972 4977 quod
1006 4908 1127 4961 ideo
1153 4907 1479 4977 praedicent,
1509 4916 1568 4963 ut
1598 4908 1828 4972 alantur,
1857 4907 1961 4966 sed
1985 4913 2113 4969 ideo

527 4975 744 5049 alantur
795 4973 864 5030 ut
889 4973 1207 5049 praedicent,
1264 4973 1314 5031 id
1340 4973 1465 5041 est,
1499 4989 1560 5032 ut
1581 4980 1877 5049 praedicare
1929 4983 2112 5047 subst-

529 5048 678 5104 stant
704 5063 720 5112 ;
753 5061 859 5101 non
887 5046 944 5099 ut
975 5046 1333 5102 intentionem
1384 5046 1631 5102 sumendi
1667 5050 1842 5106 victus
1870 5046 2118 5107 transeat

524 5116 673 5187 actio
699 5115 1121 5187 praedicationis,
1166 5117 1258 5171 sed
1282 5117 1349 5170 ad
1394 5117 1679 5172 utilitatem
1716 5122 2115 5187 praedicationis

526 5185 837 5242 deserviant
891 5185 1195 5240 ministeria
1228 5187 1655 5242 sustentationis.
1717 5185 1872 5245 Unde
1904 5207 1934 5245 a
1961 5192 2116 5246 bonis

522 5253 972 5330 praedicatoribus
1002 5262 1111 5313 nOn
1140 5270 1306 5330 causa
1338 5257 1514 5330 victus
1557 5259 1869 5330 praedicatio
1902 5261 2115 5330 impen-

525 5324 691 5397 ditur,
743 5324 838 5379 sed
880 5338 1045 5397 causa
1087 5325 1490 5397 praedicationis
1544 5324 1809 5397 accipitur
1857 5324 2051 5386 victus.
2091 5351 2108 5382 ι

527 5393 730 5476 Deque.
765 5408 922 5476 vero“
945 5393 1380 5476 digerimnnibil"
1412 5393 1870 5476 praedicatoribus
1911 5400 2112 5458 debere

530 5463 650 5536 dari
682 5463 750 5518 ab
777 5463 1134 5536 auditoribus.
1168 5463 1302 5518 Nam
1331 5463 1524 5536 dignus
1556 5475 1641 5522 est
1662 5471 1943 5536 operarius
1967 5486 2116 5526 mer-

529 5533 661 5588 cede
685 5547 782 5587 sua
806 5549 821 5595 ;
854 5540 921 5605 et
934 5531 1140 5600 justum
1169 5543 1253 5589 est
1275 5543 1335 5588 ut
1355 5531 1448 5604 qui
1472 5531 1734 5605 spiritalia
1764 5539 1919 5594 nobis
1945 5540 2113 5594 semi-

529 5611 684 5665 uant,
720 5602 959 5657 carnalia
985 5612 1171 5657 nostra
1196 5602 1424 5668 metant,
1447 5602 1517 5660 ut'
1533 5605 1598 5660 ad
1638 5606 1948 5664 Corinthios
1974 5610 2114 5665 scri-

532 5669 617 5725 bit
673 5672 870 5727 Paulus
922 5673 1232 5742 apostolus:
1297 5689 1456 5744 quem
1499 5675 1674 5732 locum
1728 5680 1910 5734 attulit
1972 5679 2115 5734 idem

2221 4215 2513 4289 Gregorius
2565 4211 2786 4291 homilia
2836 4210 3010 4291 17in“
3048 4209 3454 4291 Evangelia,“ut
3492 4216 3810 4273 ostenderet

2223 4280 2439 4359 aequ'um
2468 4298 2588 4359 esse
2610 4289 2669 4336 ut
2695 4281 2922 4359 pOpulus
2952 4280 3291 4359 Christianus
3314 4281 3569 4359 alimenta
3593 4296 3808 4359 susten-

2147 4377 2198 4438 ι)
2222 4350 2444 4438 talionis
2497 4350 2833 4438 suppedith
2869 4350 3333 4438 praedicatoribus.
3388 4351 3515 4438 ll‘oc‘
3539 4357 3810 4438 enix-nunt

2223 4428 2360 4492 dixi,
2399 4424 2609 4495 justum
2638 4430 2741 4488 est,
2781 4429 2836 4476 et
2864 4435 3088 4495 prorsus
3135 4436 3371 4495 aequum,
3409 4422 3518 4480 Sed
3564 4428 3690 4495 quis
3722 4425 3805 4480 re-

2217 4506 2308 4552 rat
2339 4491 2729 4567 praedicatores
2780 4491 3061 4567 quosdam,
3098 4491 3190 4561 qui
3240 4491 3376 4546 nihil
3399 4508 3507 4567 non
3538 4491 3808 4567 aguntut

2216 4561 2509 4644 cathedras
2561 4570 2853 4644 occupent“
2879 4561 3158 4644 majores,_
3185 4570 3240 4616 et
3265 4578 3334 4644 ex
3379 4561 3602 4644 quibus:
3627 4565 3808 4644 majus

2216 4636 2471 4691 salarium
2506 4630 2776 4702 provenit.
2813 4630 2977 4702 Quasi
3009 4639 3285 4687 constaret
3308 4630 3532 4688 verbum
3561 4633 3663 4690 Dei
3689 4630 3802 4691 non

2216 4706 2422 4768 valere,
2444 4701 2547 4756 nisi
2578 4709 2840 4766 quantum
2867 4701 3185 4756 aestimatur.

2288 4775 2318 4814 δ
2350 4774 2418 4828 In
2451 4771 2720 4842 propriam
2749 4770 2977 4844 laudem.
3008 4770 3180 4824 Taxat
3207 4769 3432 4844 alterum
3462 4787 3634 4844 genus
3673 4789 3805 4829 con-

2218 4838 2559 4899 cionatorum
2610 4855 2762 4910 teque
2801 4838 3072 4912 odiosum,
3115 4855 3209 4894 eos
3259 4838 3543 4912 nimirum,
3595 4844 3804 4912 quibus

2216 4915 2334 4970 haec
2360 4914 2521 4967 unica
2547 4909 2689 4965 cura
2709 4918 2811 4976 est,
2857 4918 2919 4962 ut
2960 4909 3096 4973 belle
3120 4910 3432 4965 concionari
3465 4909 3758 4967 videantur
3789 4933 3800 4966 :

2215 4982 2520 5052 cuiusmodi
2570 4980 2798 5052 nimium
2827 4978 2981 5052 multi
3020 4989 3184 5052 sunt;
3219 4990 3381 5052 atque
3411 4981 3615 5036 utinam
3669 4983 3801 5039 nulli

2217 5049 2439 5109 essent!
2473 5051 2610 5104 Tum
2643 5050 2897 5103 admonet
2935 5049 3208 5103 vitandum
3242 5049 3295 5104 id
3343 5065 3484 5106 esse.
3528 5052 3803 5108 Praeclare

2216 5130 2437 5178 sanctus
2459 5121 2603 5175 idem
2632 5118 2926 5188 Gregorius
2948 5119 2998 5172 in
3026 5118 3249 5173 homilia
3278 5119 3438 5187 paulo
3461 5130 3583 5174 ante
3605 5121 3804 5176 lauda-

2217 5201 2269 5246 ta
2306 5212 2319 5246 :
2360 5210 2377 5240 ι
2411 5189 2669 5258 Quisquis
2692 5203 2924 5260 namque
2950 5188 3072 5243 ideo
3092 5188 3373 5260 praedicat,
3404 5191 3594 5260 inquit,
3623 5199 3685 5245 ut
3713 5193 3804 5246 hic

2214 5257 2532 5330 vel,laudis
2558 5257 2642 5314 vel
2673 5259 2915 5330 muneris
2956 5257 3538 5330 meroedemﬂrecipidt,
3587 5271 3800 5316 aeterna

2215 5328 2404 5402 procul
2427 5331 2590 5402 dubio
2613 5329 2946 5402 mercedest!
2960 5329 3208 5402 privat._n
3239 5328 3618 5402 Vide_rursum
3641 5346 3800 5386 eum-

2216 5398 2341 5456 dem
2369 5399 2687 5470 Gregorium
2722 5398 2940 5452 homilia
2964 5398 3027 5470 2!
3062 5399 3119 5463 in
3149 5398 3506 5470 Egecliielem.

2200 5520 2204 5524 .
2293 5482 2315 5509 ο
2359 5463 2634 5539 Pastorem
2655 5477 2947 5539 pastorum,
2976 5468 3027 5523 id
3051 5474 3152 5530 est,
3178 5463 3478 5539 Christum,
3500 5485 3605 5539 quo
3633 5471 3800 5526 etiam

2218 5541 2380 5618 modo
2417 5554 2539 5618 eum
2570 5536 3153 5618 nominantnProsper,_
3177 5539 3371 5618 Petrus
3396 5536 3766 5618 Chrisologus
3783 5584 3798 5602 ,

2220 5609 2460 5680 Julianus
2502 5607 2803 5680 Pomerius,
2849 5606 3107 5680 Ruricius
3133 5606 3555 5680 Lemovicengsis,
3584 5606 3796 5680 Grégo—

2223 5680 2328 5733 rius
2358 5679 2594 5748 Magnus,
2628 5676 2948 5731 Hincmarus
2971 5716 2987 5745 ,
3024 5677 3133 5732 alii.
3183 5676 3294 5743 Sic,
3321 5678 3464 5746 quod
3503 5677 3648 5736 idem
3694 5676 3796 5747 est,
