3930 6314
450 295 561 357 499

1438 299 1494 357 S.
1534 300 1893 358 AGOBARDI
1931 302 2246 363 EPISCOPI
2284 308 2776 367 LUCDUNENSIS

3662 313 3770 369 ξω

451 411 597 468 vobis
643 420 786 479 sunt,
833 413 1045 469 obsecro
1088 416 1365 470 consenior
1412 426 1462 471 et
1510 420 1653 474 testis
1695 417 1896 476 Christi
1927 437 2060 490 pas-
2090 424 2396 488 Aluntarie
2420 448 2441 495 ;
2496 447 2658 502 neque
2720 402 3151 485 dominantes'in
3201 430 3394 493 cleris,
3451 432 3547 485 sed
3592 432 3767 501 fama

452 502 701 564 sianum,
754 504 846 575 qui
894 514 945 559 et
994 506 1109 576 ejus
1151 524 1271 582 qua:
1317 509 1373 563 in
1423 509 1603 578 futuro
1655 510 1937 566 revelanda
1980 522 2057 567 est

456 590 642 664 gloriae
686 597 1121 665 communicator,
1167 610 1367 671 pascite
1404 603 1496 673 qui
1533 605 1705 657 estin
1745 604 1891 658 vobis
1937 620 2058 675 gre-

459 700 575 755 gem
602 684 722 751 Dei,
770 688 1100 757 providentes
1145 706 1250 744 non
1286 701 1484 757 coaete,
1527 691 1619 746 sed
1655 701 1937 763 spontanee
1972 709 2056 746 se-

459 775 694 831 cundum
742 777 949 843 Deum;
999 795 1161 851 neque
1213 785 1381 852 turpis
1431 780 1566 835 lucri
1616 782 1812 853 gratia,
1854 780 1945 835 sed
1975 797 2062 836 vo-

2168 520 2295 591 facti
2347 523 2519 593 gregis
2562 539 2628 577 ex
2660 524 2837 576 animo
2860 540 2881 589 ;
2922 533 2969 577 et
3017 540 3138 578 cum
3179 524 3489 594 apparuerit
3529 522 3769 593 princm

2166 623 2460 684 pastorum,
2490 614 2783 686 percipietis
2804 612 3253 669 immarcescibilis
3280 611 3469 681 gloriae
3493 628 3768 665 coronam.

2169 708 2356 761 Amen.

1002 1032 1309 1158 LIBER
1393 1029 1788 1160 CONTRA
1867 1032 2225 1160 ΕΟΒΙΙΜ
2311 1025 3211 1157 SUPERSTITIONEM

619 1247 741 1324 QUI
776 1252 1101 1311 PICTURIS
1137 1256 1227 1311 ET
1263 1249 1664 1312 lMAGlNlBUS
1701 1254 2135 1312 SANCTORUM
2172 1245 2644 1309 ADORATIONIS
2698 1248 3104 1317 OBSEQUIUM
3149 1249 3628 1307 DEFERENDUM

1918 1346 2202 1403 PUTANT
2246 1358 2296 1401 ι.

2057 1467 2152 1483 ἔ

626 1545 871 1601 Primum
904 1551 1235 1616 praeceptum
1270 1544 1513 1614 deealogi
1542 1552 1627 1600 est
1654 1543 1870 1601 dicente
1915 1545 2067 1601 Deo:
2098 1550 2146 1610 B
2174 1544 2355 1609 mima,
2393 1541 2792 1596 similitudinem
2820 1540 3053 1594 omnium
3073 1550 3439 1611 gumentorum
3487 1558 3610 1611 qua?
3650 1554 3781 1599 sunt

456 1640 573 1710 Ego
603 1630 863 1692 Dominus
886 1635 1027 1690 Deus
1066 1646 1210 1694 tuus.
1233 1637 1325 1707 qui
1349 1636 1510 1690 educi
1547 1645 1597 1690 te
1624 1636 1689 1690 de
1711 1645 1854 1690 terra
1885 1636 2058 1708 digg-

451 1736 549 1805 pti,
577 1730 642 1784 de
670 1729 827 1788 domo
859 1729 1149 1784 sertu‘tsttis.
1185 1725 1310 1782 Non
1347 1727 1559 1782 habebis
1592 1728 1716 1782 deos
1746 1727 1949 1782 alienos
2006 1729 2061 1782 in

455 1833 733 1893 conspectu
757 1838 893 1876 meo.
928 1819 1054 1875 Non
1092 1820 1256 1890 facies
1278 1820 1373 1874 tibi
1412 1818 1676 1891 sculptile,
1705 1837 1797 1875 nec
1811 1819 2062 1875 similitu-

455 1912 632 1968 dinem
671 1914 907 1967 omnium
937 1928 1057 1983 qua:
1079 1912 1133 1965 in
1162 1909 1289 1966 caelo
1311 1920 1433 1965 sunt
1462 1910 1708 1982 desuper,
1736 1921 1783 1965 et
1809 1927 1929 1982 qua:
1951 1927 2063 1965 ver-

455 2014 644 2059 santur
663 2003 721 2057 in
734 2002 886 2072 aquis
901 2002 995 2056 sub
1012 2010 1175 2057 terra.
1202 2000 1327 2055 Non
1343 2000 1593 2055 adorabis
1607 2016 1688 2065 ea,
1707 2009 1872 2054 etnon
1899 1999 2058 2055 coles.

454 2095 539 2150 Ad
557 2109 677 2164 quae
700 2094 867 2148 verba
891 2096 1083 2149 beatus
1108 2091 1445 2162 Augustinus
1482 2088 1807 2144 brevissime
1834 2087 2062 2157 subjun-

454 2185 555 2256 git,
573 2186 759 2241 dicens
791 2181 1017 2256 (Homil.
1051 2184 1107 2237 in
1136 2181 1313 2236 Exod.
1340 2195 1462 2250 cap.
1485 2178 1527 2249 ι)
1552 2193 1568 2233 :
1598 2198 1619 2231 ι
1647 2178 1705 2233 In
1723 2180 1901 2250 primo
1921 2195 2064 2252 prae-

460 2284 623 2347 cepto
649 2274 971 2346 prohibetur
995 2274 1178 2344 aliqua
1209 2274 1265 2328 in
1295 2272 1569 2344 ﬁgmentis
1614 2272 1901 2330 hominum
1963 2272 2062 2329 Dei

466 2371 798 2436 similitudo;
826 2356 936 2426 non
973 2370 1099 2439 quia
1128 2383 1238 2423 non
1265 2367 1428 2424 habet
1452 2366 1743 2437 imaginem
1772 2366 1937 2434 Deus,
1966 2366 2065 2423 sed

462 2462 591 2534 quia
638 2461 786 2517 nulla
813 2460 930 2529 ejus
958 2461 1139 2531 imago
1179 2456 1282 2513 coli
1336 2456 1520 2523 debet,
1556 2457 1661 2512 nisi
1711 2456 1801 2519 illa
1858 2473 1979 2528 quae
2008 2466 2065 2512 et

459 2552 565 2608 hoc
589 2558 674 2607 est
701 2550 844 2620 quod
874 2550 1012 2618 ipse,
1045 2562 1146 2624 nec
1178 2547 1291 2615 ipsa
1318 2561 1419 2616 pro
1442 2545 1557 2610 illo,
1589 2545 1686 2600 sed
1729 2561 1856 2601 cum
1893 2546 2004 2603 illo.
2037 2565 2056 2599 ›

462 2642 591 2699 Hrcc
622 2641 809 2696 dicens
859 2640 1052 2695 beatus
1087 2636 1423 2708 Augustinus
1474 2624 1654 2692 docet'
1673 2651 1771 2692 nos
1822 2636 2065 2691 breviter

461 2734 698 2806 qualiter
718 2741 776 2788 et
828 2740 1023 2788 cmtera
1072 2729 1382 2799 huiusmodi
1427 2738 1700 2801 prmeepta
1754 2729 2063 2801 intelligere

460 2826 776 2883 debeamus.
805 2822 942 2879 Nam
967 2838 1092 2880 cum
1116 2822 1373 2877 distincte
1399 2823 1735 2877 dieaturnon
1750 2820 2061 2877 faciendam

2169 1650 2331 1705 super
2358 1642 2573 1697 terram,
2600 1632 2676 1687 vel
2702 1633 2877 1686 avium
2912 1631 3008 1685 sub
3064 1630 3189 1685 caele
3239 1630 3556 1699 volantium,
3616 1642 3780 1705 atque

2166 1726 2431 1798 reptilium
2454 1742 2572 1796 qua:
2598 1718 2872 1779 moventur
2890 1724 2947 1777 in
2966 1718 3155 1790 "terra,
3177 1725 3284 1778 sive
3312 1726 3539 1796 piscium
3566 1728 3662 1795 qui
3676 1725 3777 1779 sub

2167 1829 2310 1874 terra
2335 1829 2614 1872 morantur
2636 1818 2692 1870 in
2726 1818 2918 1889 aquis;
2950 1834 3013 1871 ne
3036 1816 3171 1884 forte
3219 1817 3385 1872 oculis
3435 1818 3657 1873 elevatis
3702 1822 3774 1873 ad

2173 1910 2383 1976 cmlum,
2413 1909 2588 1965 videas
2616 1907 2778 1963 solem
2808 1917 2857 1962 et
2889 1909 3066 1962 omnia
3107 1916 3255 1961 astra
3303 1907 3439 1972 coeli,
3486 1918 3535 1961 et
3591 1925 3778 1962 errore

2167 2003 2413 2073 deceptus
2436 2001 2624 2055 adores
2652 2016 2714 2054 ea
2741 2008 2788 2054 et
2813 1997 2978 2054 colas.
3005 1998 3064 2053 ln
3095 1999 3293 2070 quibus
3322 2000 3507 2055 verbis
3527 2016 3779 2057 summo-

2164 2109 2298 2165 pere
2318 2094 2621 2149 notandum
2644 2101 2751 2158 est,
2777 2092 2907 2163 quia
2936 2092 2982 2147 si
3029 2107 3195 2162 opera
3222 2107 3482 2145 manuum
3512 2093 3613 2147 Dei
3662 2108 3777 2147 non

2165 2194 2293 2240 sunt
2323 2184 2602 2252 adoranda
2626 2191 2682 2238 et
2702 2182 2950 2245 colenda,
2977 2196 3077 2236 nec
3098 2184 3156 2238 in
3198 2184 3405 2238 honore
3428 2182 3524 2236 Dei
3564 2191 3778 2253 quanto

2165 2278 2343 2347 magis
2376 2291 2543 2348 opera
2574 2290 2835 2330 manuum
2856 2274 3139 2330 hominum
3161 2291 3268 2330 non
3298 2284 3424 2330 sunt
3484 2277 3775 2331 adoranda

2167 2378 2222 2424 et
2243 2368 2490 2433 colenda,
2519 2382 2622 2423 nec
2648 2366 2703 2421 in
2732 2367 2940 2421 honore
2971 2381 3162 2421 eorum
3185 2380 3415 2437 quorum
3447 2366 3776 2423 similitudi-

2166 2479 2266 2520 nes
2291 2480 2413 2520 esse
2445 2465 2723 2519 dicuntur.

2235 2554 2299 2610 ll.
2332 2555 2415 2610 Ex
2447 2555 2587 2611 libro
2607 2552 3084 2625 sanctiAugustini
3112 2551 3540 2609 deCivitateDei
3565 2569 3603 2607 ι
3626 2552 3776 2623 (cap.

2166 2646 2221 2720 1)
2251 2647 2451 2718 quibus
2475 2646 2652 2703 modis
2681 2645 2861 2701 cultus
2887 2646 3098 2700 dicatur
3136 2662 3149 2698 :
3182 2662 3201 2695 ι
3234 2642 3542 2699 Videndum
3576 2660 3643 2699 ac
3662 2645 3780 2700 dis—

2167 2739 2460 2793 serendum
2509 2746 2614 2803 est,
2651 2746 2915 2805 quantum
2982 2736 3126 2791 Deus
3182 2736 3368 2799 donat,
3427 2734 3780 2790 immortales

2169 2845 2236 2891 ac
2260 2831 2408 2886 beati
2422 2832 2477 2885 in
2507 2830 2822 2887 caelestibus
2835 2829 3075 2894 sedibus,
3100 2826 3588 2893 dominationibus,
3616 2828 3781 2896 prin-

462 2917 876 2975 similitudinem
896 2915 1141 2971 omnium
1169 2928 1290 2983 qua:
1318 2913 1373 2967 in
1402 2914 1542 2968 caelo
1573 2890 1719 2979 sunt,
1740 2915 1844 2967 "aut
1865 2928 1986 2983 quae
2001 2912 2058 2966 in

2170 2922 2459 2992 cipatibus,
2496 2923 2861 2993 potestatibus
2890 2920 3195 2985 constituti,
3219 2935 3357 2990 quos
3400 2920 3490 2974 isti
3516 2920 3674 2985 deos,
3721 2930 3781 2974 et

461 3016 632 3071 terra,
670 3022 778 3062 non
792 3006 859 3061 de
885 3004 1015 3060 solis
1040 3000 1486 3058 similitudinibus
1507 3002 1808 3058 alienorum
1834 3001 2061 3057 deorum

464 3097 787 3169 intelligitur
816 3085 1045 3161 dictum,
1073 3095 1167 3151 sed
1211 3101 1266 3149 et
1294 3094 1363 3151 de
1410 3094 1723 3150 coelestibus
1769 3095 2059 3161 creaturis,

459 3196 555 3242 aut
578 3204 698 3257 quze
733 3190 783 3242 in
818 3189 1026 3243 honore
1053 3178 1322 3244 creatoris.
1338 3188 1609 3243 humanus
1638 3201 1833 3241 sensus
1883 3186 2064 3257 potuit

461 3282 792 3353 excogitare.
820 3281 1051 3353 PrOpter
1083 3283 1230 3354 quod
1258 3288 1312 3338 et
1349 3291 1538 3353 aperte
1573 3282 1785 3353 Moyses
1820 3280 2061 3352 loquitur

464 3372 531 3428 ad
559 3372 837 3443 p0pulum,
863 3372 1052 3427 dicens
1086 3391 1099 3427 :
1130 3372 1363 3428 Locutus
1414 3382 1490 3428 est
1536 3373 1796 3431 Dominus
1849 3375 1918 3428 ad
1968 3390 2060 3429 vos

460 3461 527 3517 de
545 3462 715 3516 medio
740 3463 898 3532 ignis.
939 3460 1130 3517 Vocem
1160 3464 1437 3518 verborum
1461 3463 1580 3535 ejus
1609 3464 1856 3529 audistis,
1884 3473 1932 3517 et
1949 3463 2064 3533 for-

464 3571 607 3609 mam
636 3558 845 3625 penitus
874 3571 979 3609 non
1011 3556 1235 3610 vidistis.
1269 3555 1338 3610 Et
1372 3564 1495 3626 post
1518 3572 1689 3626 pauca
1720 3573 1733 3609 :
1792 3553 2064 3610 Custodite

459 3646 628 3716 igitur
652 3645 875 3699 sollicite
907 3646 1114 3700 animas
1141 3656 1361 3700 vestras.
1398 3644 1524 3700 Non
1574 3646 1781 3699 vidistis
1825 3646 2063 3717 aliquam

466 3736 868 3791 similitudinem
894 3738 948 3791 in
969 3736 1054 3791 die
1080 3755 1187 3809 qua
1208 3737 1415 3792 locutus
1448 3746 1523 3791 est
1551 3738 1810 3793 Dominus
1837 3739 1980 3793 vobis
2006 3741 2063 3794 in

472 3825 649 3881 Πονεὸ
673 3827 737 3880 de
764 3827 936 3881 medio
965 3829 1137 3898 ignis;
1157 3845 1221 3907 ne
1247 3828 1380 3899 forte
1404 3828 1606 3900 decepti
1649 3828 1864 3899 faciatis
1915 3832 2060 3887 vobis

466 3916 727 3987 sculptam
752 3916 1175 3984 similitudinem,
1200 3927 1292 3971 aut
1313 3918 1595 3989 imaginem
1622 3917 1849 3972 masculi
1878 3919 1953 3974 vel
1983 3920 2059 3990 fe-

2169 3027 2238 3067 ex
2267 3012 2465 3083 quibus
2495 3013 2762 3082 quosdam
2787 3011 2873 3068 vel
2902 3014 3075 3066 bonos
3113 3011 3409 3075 dremones,
3452 3009 3539 3065 vel
3578 3012 3776 3065 nobis-

2170 3121 2295 3161 cum
2318 3106 2540 3177 angelos
2568 3107 2872 3171 nominant,
2899 3103 3170 3176 quomodo
3209 3104 3467 3158 credendi
3502 3105 3779 3159 sintvelle

2166 3213 2199 3253 a
2222 3199 2379 3254 nobis
2404 3198 2720 3268 religionem
2749 3200 3119 3267 pietatemque
3152 3196 3392 3261 servari;
3428 3196 3532 3275 hoc
3572 3204 3685 3262 est,
3717 3206 3779 3252 ut

2165 3292 2411 3363 apertius
2442 3291 2638 3357 dicam,
2672 3299 2855 3346 utrum
2880 3290 3042 3345 etiam
3077 3288 3203 3351 sibi,
3260 3302 3329 3342 an
3381 3296 3599 3342 tantum
3662 3288 3780 3343 Deo

2165 3398 2285 3450 suo,
2314 3384 2407 3453 qui
2436 3383 2600 3439 etiam
2631 3390 2819 3439 noster
2846 3394 2951 3448 est,
2984 3381 3200 3451 placeat
3226 3381 3308 3435 eis
3340 3388 3400 3434 ut
3424 3395 3583 3434 sacra
3604 3378 3781 3434 facia-

2168 3490 2292 3529 mus
2315 3484 2372 3529 et
2392 3474 2791 3539 sacriﬁcemus,
2822 3473 2907 3527 vel
2932 3473 3113 3542 aliqua
3139 3478 3345 3535 nostra,
3366 3486 3461 3525 seu
3491 3486 3594 3524 nos
3624 3471 3780 3540 ipsos

2172 3564 2452 3635 religionis
2486 3564 2683 3619 ritibus
2704 3578 3107 3619 consecremus.
3144 3562 3244 3617 llic
3285 3569 3369 3616 est
3391 3562 3537 3615 enim
3564 3560 3780 3615 divini—

2171 3655 2291 3719 tati,
2326 3654 2432 3721 vel,
2462 3655 2508 3710 si
2535 3654 2847 3723 expressius
2878 3654 3164 3710 dicendum
3195 3660 3301 3717 est,
3326 3652 3511 3707 deitati
3549 3651 3782 3706 debitus

2172 3745 2385 3811 cultus;
2411 3755 2634 3815 propter
2661 3758 2839 3817 quem‘
2854 3761 2962 3800 uno
2986 3745 3155 3800 verbo
3171 3743 3616 3814 signiﬁcandum,
3636 3757 3781 3811 quo-

2166 3833 2317 3888 niam
2344 3836 2478 3890 mihi
2506 3835 2640 3891 satis
2663 3835 2919 3890 idoneum
2945 3850 3051 3889 non
3069 3842 3309 3889 occurrit
3328 3833 3604 3896 Latinum,
3626 3831 3782 3888 Grae-

2163 3940 2229 3981 co
2258 3928 2349 3982 ubi
2377 3943 2601 3983 necesse
2627 3936 2713 3983 est
2739 3928 2956 3983 insinuo
2977 3927 3106 3998 quid
3125 3926 3282 3980 velim
3297 3925 3495 3980 dicere.
3518 3924 3777 3980 Latriam

1854 4009 2132 4070 BALUZII
2170 4017 2405 4073 ΝΟΤᾸΞ.

548 4097 920 4183 flnvaluerat
938 4112 1054 4154 aevo
1084 4099 1357 4183 ngbardi
1386 4099 1623 4183 pessima
1654 4100 1991 4183 superstitio,
2021 4112 2084 4158 ut
2180 4111 2861 4183 moveruntaucttn'itatem
2880 4125 3129 4183 censum
3167 4110 3473 4183 Hispanicm
3497 4112 3780 4183 secat-di-

474 4168 1984 4263 Asinetqruntﬂita
2016 4182 2078 4228 ut
2180 4180 2320 4263 nalis
2341 4178 2582 4235 Baronii.
2622 4181 2735 4263 Ego
2752 4168 3448 4263 crediderinrAgoba‘rdum
3476 4180 3779 4263 scripsisse

468 4236 687 4293 Deiﬁca:
724 4238 980 4294 Trinitati
1010 4236 1422 4294 servitinm'aut
1460 4241 1831 4295 adorationem
1861 4242 2072 4298 imoen-

816 4308 970 4392 Quod
1007 4310 1143 4391 adeo
1183 4310 1409 4392 impium
1457 4310 1639 4392 visum
1671 4319 1755 4365 est
1805 4308 2073 4392 Ecclesia;

468 4308 523 4362 di
556 4309 777 4364 debere.

471 4376 789 4452 Gallicanae,
822 4390 881 4452 ut
901 4387 958 4434 et
986 4380 1228 4452 episcopi
1257 4376 1312 4434 in
1341 4380 1549 4452 synodo
1583 4378 2067 4452 Francol‘ordiensi

468 4449 791 4520 congregati
827 4449 1206 4521 damnaverint
1249 4449 1545 4521 secundam
1592 4452 1861 4521 synodum
1891 4450 2065 4509 Nicae-

471 4533 620 4590 nam,
676 4534 797 4587 quae
822 4520 1199 4590 adorationem
1243 4520 1392 4575 illam
1443 4520 1742 4590 imaginum
1782 4520 2063 4579 videbatur

465 4588 789 4665 imperasse,
824 4596 880 4643 et
926 4588 1153 4665 Carolus
1176 4591 1313 4661 ipse,
1338 4588 1583 4665 Magnus;
1610 4591 1810 4665 stylum
1848 4608 2065 4665 quoque

472 4658 737 4732 adversus
766 4674 918 4732 eamh
938 4658 1227 4717 strinxisse
1268 4658 1523 4732 putetur.
1560 4658 1836 4717 Ludovico
1864 4658 2066 4721 deinde

469 4726 586 4787 Pio,
635 4728 817 4784 Caroli
849 4729 985 4802 ﬁlio,
1016 4726 1304 4802 regnante,
1332 4730 1557 4802 emicuit
1594 4746 1826 4802 rursum
1856 4734 1935 4797 _in
1960 4734 2065 4791 hoc

473 4808 798 4874 argumento
863 4801 1028 4874 ardor
1074 4800 1465 4874 ppiscoporum
1510 4800 1741 4857 Galliae:
1795 4803 1891 4874 qui
1938 4820 2065 4861 cum

475 4866 851 4950 adorationem
897 4870 1043 4954 illam
1073 4866 1371 4944 imaginum
1400 4871 1545 4928 ferre
1573 4886 1682 4927 non
1708 4866 1953 4996 possent,
1975 4874 2064 4930 ni-

475 4937 545 4992 hil
572 4946 901 4995 Intentatnm
933 4942 1272 4996 reliquerunt
1314 4956 1422 4996 auo
1472 4950 1683 4996 mentes
1750 4943 1952 4996 dehum
1995 4945 2064 4996 ab

465 4937 545 4992 hil
572 4938 901 4995 intentatum
933 4937 1272 5011 reliquerunt
1314 4956 1422 5012 quo
1472 4950 1683 4998 mentes
1708 4937 1952 5000 ﬁdelium
1995 4945 2066 4999 ab

466 5022 533 5063 eo
558 5023 746 5073 errore
771 5020 1117 5067 revocarent.
1146 5012 1216 5067 Et
1235 5013 1473 5077 omnino,
1505 5013 1633 5068 dum
1662 5012 1955 5071 studebant
1974 5028 2067 5069 ve-

470 5079 646 5156 ritati,
680 5079 1011 5156 videbantur
1052 5081 1234 5137 facere
1276 5082 1681 5156 contumeliam
1708 5084 2062 5156 imaginibus,

470 5149 671 5221 quibus
708 5151 963 5206 crederes
987 5166 1335 5209 asseverasse
1361 5152 1569 5207 nullum
1598 5153 1804 5208 cultum
1824 5149 2021 5211 deberi
2048 5170 2063 5219 ;

468 5220 785 5275 retinendas
798 5228 1016 5293 tamen,
1054 5230 1116 5277 ut
1142 5237 1210 5276 ex
1238 5238 1425 5278 earum
1458 5232 1679 5293 aspectu
1713 5223 1899 5281 ﬁdeles
1926 5225 2068 5280 excio

474 5297 726 5345 terentur
747 5290 815 5345 ad
830 5291 1200 5347 imitationem
1237 5290 1552 5347 sanctorum
1582 5294 1883 5349 hominum.
1915 5295 2067 5351 Unus

472 5358 771 5446 multorum
808 5360 961 5446 huic
980 5364 1135 5433 Operi
1159 5362 1774 5446 incubuitbgohardus,
1807 5367 1905 5421 sed
1929 5366 2066 5446 adeo

467 5430 849 5504 vehementer,
908 5439 968 5486 ut
1015 5430 1304 5504 propterea
1345 5430 1783 5490 existimaverint
1818 5435 2062 5492 nonnulli

467 5498 669 5553 librum
696 5501 841 5556 hunc
859 5517 965 5557 non
1005 5498 1136 5559 esse
1148 5504 1439 5559 admodum
1464 5504 1813 5559 catholicum.
1843 5506 1952 5562 Sed
1981 5515 2065 5562 ta—

469 5580 595 5651 men
621 5570 841 5651 quidam
862 5573 938 5643 pii
966 5573 1270 5643 ernditique
1289 5575 1415 5651 viri,
1449 5581 1568 5651 post
1594 5590 1707 5630 rem
1730 5575 1892 5651 istam
1914 5590 2069 5631 accu-

473 5647 597 5715 rate
610 5640 1257 5715 d‘iscussamLsenseru'nt
1283 5645 1416 5698 nihil
1450 5640 1502 5699 in
1529 5660 1594 5699 eo
1608 5659 1729 5700 esse
1752 5646 1893 5715 quod
1912 5660 2069 5715 aper-

474 5714 528 5763 te
550 5708 715 5765 violet
740 5711 900 5767 ﬁdem
932 5714 1207 5780 Ecclcsizc,
1238 5715 1481 5786 adeoque
1519 5716 1587 5770 ab
1606 5708 1895 5788 Agobftrdo
1919 5708 2066 5773 sum-

2178 4252 2321 4318 quod
2334 4265 2523 4305 omnes
2538 4259 2649 4304 tum
2678 4251 2732 4305 in
2746 4251 2942 4316 Gallia,
2960 4251 3194 4305 utetiam
3210 4267 3241 4304 a
3266 4251 3554 4305 Sirmundo
3568 4252 3777 4306 obser-

2178 4328 2363 4374 vatum
2387 4329 2485 4383 est,
2513 4321 2838 4376 sentiebant.
2860 4320 3247 4376 Saneinstituti
3265 4322 3372 4376 mei
3401 4336 3505 4374 non
3530 4327 3615 4374 est
3644 4337 3779 4390 pro-

2178 4390 2430 4444 nuntiare
2461 4391 2526 4445 de
2554 4391 2739 4446 arduis
2768 4392 2918 4446 hisce
2945 4393 3354 4460 qumstionihus.
3409 4391 3673 4444 Attamen
3700 4393 3777 4455 εἰς

2172 4460 2281 4531 lere
2303 4465 2408 4514 n‘on
2436 4476 2657 4531 possum
2700 4462 2837 4531 mihi
2859 4460 3015 4516 valde
3044 4462 3261 4531 placere
3284 4463 3501 4517 decreta
3537 4462 3777 4525 concilii

2166 4529 2579 4586 Cameracensis
2623 4530 2794 4585 habiti
2818 4547 2963 4586 anno
3014 4529 3152 4586 1565
3196 4533 3297 4587 sub
3326 4530 3773 4587 Maximilianoa

2166 4600 2377 4673 Bergis,
2399 4601 2811 4673 archiepiscopo
2838 4600 3240 4673 Cameracensi,
3264 4602 3409 4673 quod
3449 4601 3527 4673 sic
3563 4604 3775 4673 statuit

2167 4671 2222 4753 in
2246 4686 2412 4753 causa
2458 4672 2756 4753 imaginum
2783 4690 2796 4725 :
2842 4690 2861 4722 ι
2891 4672 3189 4753 _lmagines
3220 4671 3540 4753 inltemplis
3558 4672 3776 4753 "nulla:

2170 4750 2502 4808 statuantur,
2534 4738 2905 4813 nisi_episcopi
2932 4738 3203 4798 consensu
3231 4750 3288 4813 et
3302 4738 3617 4813 judicio.rSi
3641 4758 3776 4813 qua:

2170 4821 2589 4867 antemerectze
2640 4810 2869 4877 fuerint,
2910 4827 2975 4866 ac
3009 4827 3122 4881 prae
3152 4828 3211 4868 se
3258 4810 3435 4867 ferant
3458 4810 3776 4881 quidquam

2168 4883 2311 4954 quod
2332 4897 2439 4937 non
2459 4883 2669 4954 deceat,
2692 4898 2867 4954 neque
2888 4889 3178 4953 prototypo
3214 4880 3491 4954 congran
3509 4880 3643 4954 tolli
3673 4897 3778 4939 eas

2168 4950 2264 5008 aut
2290 4952 2489 5023 mutari
2531 4951 2741 5023 jubeto.
2770 4950 3039 5023 Doceatur
3062 4950 3341 5023 praeterea
3361 4950 3593 5021 populus
3623 4952 3776 5008 ima-

2167 5023 2279 5093 gini
2334 5022 2539 5077 nullnm
2569 5022 2779 5093 cultum
2814 5022 3001 5077 deberi
3055 5022 3149 5077 aut
3185 5032 3405 5093 propter
3443 5023 3771 5085 materiam,

2168 5091 2265 5174 aut
2292 5101 2519 5164 propter
2536 5091 2891 5174 elegantiam,
2920 5100 3016 5174 aut
3035 5091 3257 5174 propter
3286 5091 3527 5174 pretium
3543 5094 3769 5174 operis.

2168 5171 2265 5218 aut
2290 5160 2527 5234 propter
2556 5160 2768 5234 quidvis
2823 5162 2970 5217 aliud
3011 5160 3157 5232 quod
3186 5164 3258 5217 sit
3286 5160 3356 5218 'in
3387 5160 3620 5234 artiﬁcio
3675 5172 3773 5217 aut

2169 5230 2422 5305 imaginis
2450 5230 2756 5305 substantia
2782 5249 2796 5297 ;
2827 5234 2923 5305 sed
2956 5230 3181 5303 propter
3224 5250 3338 5305 rem
3368 5230 3771 5305 signiﬁcatam,

2170 5300 2423 5386 adquam
2454 5304 2542 5359 hic
2568 5302 2745 5386 cultus
2768 5311 2827 5386 et
2866 5300 3037 5385 honos
3061 5300 3353 5386 praecipue
3397 5300 3670 5386 refertur.
3701 5304 3774 5386 Et

2170 5375 2249 5429 sic
2286 5374 2658 5429 admonendus
2699 5384 2783 5441 est
2818 5374 3059 5429 animum
3081 5374 3292 5429 orantis
3322 5381 3415 5427 aut
3442 5375 3773 5429 venerantis

2171 5445 2224 5498 in
2251 5460 2366 5501 rem
2396 5445 2664 5516 signatam
2689 5443 2902 5509 referri,
2929 5455 2984 5499 et
3003 5458 3107 5498 non
3125 5444 3187 5516 in
3214 5442 3623 5516 signum,_quod
3654 5457 3770 5516 pec

2170 5516 2338 5578 audit,
2372 5512 2473 5569 nec
2494 5514 2662 5580 videt,
2712 5531 2815 5571 nec
2858 5516 3041 5570 sentit.
3079 5532 3096 5565 ι
3125 5512 3620 5571 γιδεουιιωωυω
3654 5512 3773 5567 Du.

2172 5586 2326 5658 randi
2360 5585 2411 5639 in
2448 5585 2600 5658 libro
2630 5585 2868 5658 secpndo
2912 5585 2978 5641 de
3025 5585 3187 5640 modo
3227 5584 3498 5658 generalis
3536 5583 3771 5640 conettii

2170 5655 2504 5722 celebrandi,
2522 5670 2641 5727 cap.
2668 5655 2757 5711 57.
