3930 6324
175 315 272 372 ea:

1186 319 1379 375 [λὶῖῖεῆ
1424 321 1508 374 ΠΕ
1549 316 1945 373 lMAGlt‘vlliiLS
1986 315 2428 371 SANCTORUM.

3344 307 3449 365 292

174 437 375 506 Quippe
409 437 602 499 nostri,
666 439 865 493 ubicun
889 457 974 509 ευρ
1027 461 1306 500 sacrarum
1355 445 1762 514 Scripturarurn
1793 449 1841 506 Α
1869 449 2052 510 patur,
2086 447 2141 492 et
2171 437 2360 492 Latine
2392 436 2782 504 interpretatur
2817 432 3075 496 servitus,
3107 433 3199 488 scd
3251 446 3311 486 ea
3344 449 3449 502 qua

177 525 418 593 positum
449 535 551 590 est,
583 527 926 596 interpretati
961 543 1090 587 sunt
1135 536 1471 588 servitutem.
1535 533 1643 587 Sed
1703 548 1766 586 ca

175 614 426 677 servitus,
461 601 581 683 quae
608 618 837 671 debetur
881 620 1210 688 hominibus,
1266 624 1560 678 secundum
1606 637 1766 690 quam

173 707 423 775 praecipit
451 707 740 776 Apostolus
769 725 954 767 servos
975 714 1208 768 dominis
1239 716 1352 770 suis
1384 715 1629 769 subditos
1650 727 1769 768 esse

174 795 396 858 debere,
424 798 530 850 alio
563 799 783 853 nomine
813 800 1000 857 Graece
1032 805 1330 873 nuncupari
1382 804 1537 859 solet.
1576 803 1762 857 Latria

171 899 308 940 vero
336 898 632 941 secundum
659 893 1104 948 consuetudinem
1145 910 1252 964 qua
1293 895 1460 950 locuti
1503 904 1630 949 sunt
1677 896 1769 964 qui

173 976 337 1028 nobis
379 976 560 1030 divina
589 979 803 1049 eloquia
850 984 1232 1050 condiderunt,
1272 993 1366 1039 aut
1419 1000 1634 1055 semper
1676 995 1769 1040 aut

175 1072 290 1118 tam
313 1065 629 1136 frequenter
654 1081 712 1124 ut
749 1086 888 1139 pene
916 1089 1146 1145 semper,
1183 1091 1248 1131 ea
1273 1076 1469 1131 dicitur
1514 1077 1766 1142 servitus,

174 1171 301 1226 quae
329 1159 564 1226 pertinet
608 1161 674 1214 ad
705 1161 992 1218 colendum
1032 1165 1226 1221 Deum.
1274 1166 1507 1221 Proinde
1559 1167 1604 1221 si
1651 1174 1770 1220 tan-

176 1247 458 1301 tummodo
495 1249 676 1304 cultus
729 1251 844 1319 ipse
891 1253 1126 1320 dicatur,
1158 1271 1265 1310 non
1302 1255 1403 1310 soli
1441 1257 1552 1310 Dco
1583 1257 1768 1311 deberi

172 1336 415 1390 videtur.
450 1339 692 1395 Dicimur
719 1344 865 1397 enim
892 1345 1058 1399 etiam
1091 1347 1270 1402 colere
1315 1348 1584 1410 homines,
1635 1363 1770 1417 quos

174 1428 479 1485 honoriﬁca
505 1433 589 1486 vel
614 1436 989 1492 recordatione
1011 1439 1095 1493 vel
1136 1441 1423 1509 praesentia
1464 1439 1770 1510 frequenta-

176 1534 322 1572 mus.
354 1520 465 1576 Nec
494 1523 669 1578 solum
694 1541 756 1580 ea
787 1528 982 1596 quibus
1023 1544 1123 1584 nos
1163 1531 1420 1602 religiosa
1465 1531 1770 1587 humilitate

173 1613 522 1682 subjicimus,
555 1618 648 1674 sed
690 1621 938 1688 quaedam
981 1623 1147 1676 etiam
1198 1639 1318 1693 quae
1360 1622 1600 1692 subjecta
1643 1633 1768 1678 sunt

172 1705 335 1760 nobis
379 1709 737 1777 perhibentur
763 1713 886 1767 coli.
927 1713 1064 1769 Nam
1087 1732 1153 1771 ex
1184 1717 1288 1771 hoc
1315 1719 1480 1772 verbo
1529 1725 1585 1773 et
1623 1718 1767 1788 agri-

1871 533 2099 586 colimus
2133 531 2298 584 Dcmn
2343 548 2353 582 :
2405 528 2489 583 vel
2537 545 2657 598 quce
2712 531 2952 604 θρησκεία
3002 526 3208 590 Grmce,
3261 525 3452 581 Latine

1871 633 2051 676 autem
2075 621 2262 689 religio
2290 620 2508 682 dicitur,
2559 621 2652 673 sed
2703 635 2765 672 ea
2811 633 2930 688 qua:
2985 617 3142 672 nobis
3190 626 3275 672 cst
3325 633 3452 689 erga

1871 699 2041 765 Deum
2075 711 2197 776 ;vel
2227 725 2388 778 quam
2417 709 2493 763 illi
2520 709 2832 772 οεοσέϐειαν,
2863 722 2961 761 nos
3008 721 3138 761 vero
3195 723 3301 761 non
3347 723 3455 761 uno

1871 804 2037 857 verbo
2062 800 2386 871 exprimere,
2417 800 2512 854 sed
2568 799 2662 854 Dei
2709 798 2914 854 cultum
2945 813 3234 867 possumus
3274 798 3456 868 appel-

1870 896 1984 950 lare
2023 914 2034 948 :
2069 897 2211 950 hanc
2233 895 2283 949 ci
2307 901 2516 948 tantum
2543 893 2655 946 Deo
2681 891 2864 947 deberi
2904 891 3135 944 dicimus
3172 890 3263 959 qui
3294 905 3456 944 verus

1868 995 1953 1043 est
1979 988 2142 1052 Deus,
2167 986 2401 1054 facitque
2433 1000 2559 1038 suos
2589 983 2825 1038 cultores
2849 980 3329 1050 deos.Qnicunque
3357 981 3458 1050 igi-

1870 1087 1961 1133 tur
1987 1087 2115 1133 sunt
2169 1079 2220 1132 in
2272 1076 2584 1132 cmlcstibus
2637 1074 3061 1130 habitationibus
3125 1072 3458 1128 immortales

1869 1177 1924 1222 et
1956 1169 2117 1231 beati,
2148 1168 2193 1221 si
2218 1184 2314 1222 nos
2353 1183 2458 1220 non
2492 1173 2694 1229 amant,
2728 1180 2827 1219 nec
2876 1167 3066 1219 hcatos
3101 1178 3220 1219 esse
3242 1180 3341 1219 nos
3362 1181 3459 1219 vo-

1869 1257 2005 1322 lunt,
2037 1256 2246 1310 colendi
2286 1255 2472 1323 utique
2519 1269 2624 1308 non
2657 1263 2811 1317 sunt;
2864 1255 2908 1307 si
2947 1261 3126 1307 autem
3177 1262 3364 1306 amant
3401 1265 3466 1306 et

1869 1348 2058 1403 beatos
2079 1363 2200 1402 esse
2231 1347 2435 1410 volunt,
2465 1344 2710 1414 profecto
2738 1345 2860 1399 inde
2888 1345 3096 1398 volunt.
3130 1343 3269 1397 unde
3285 1343 3437 1413 etips
3462 1363 3472 1396 ι

1871 1447 2015 1492 sunt.
2043 1458 2059 1489 ι

1940 1529 1998 1582 ln
2026 1528 2215 1583 eodem
2248 1529 2386 1583 libro
2429 1535 2553 1597 post
2594 1541 2763 1596 pauca
2816 1524 2967 1595 (Cap.
2990 1525 3045 1596 4)
3080 1544 3090 1577 :
3131 1543 3148 1575 ι
3184 1524 3322 1578 lluic
3361 1539 3461 1578 nos

1868 1619 2206 1681 servitutem,
2241 1616 2535 1688 qumlatria
2561 1615 2746 1670 Griece
2777 1613 3122 1678 dicitur,sive
3152 1614 3204 1666 in
3233 1613 3459 1682 quibus-

1869 1725 1974 1778 que
2006 1708 2385 1770 sacramentis,
2422 1709 2534 1760 sive
2570 1707 2621 1760 in
2646 1706 2800 1760 nobis
2829 1705 2958 1774 ipsis
2987 1705 3266 1759 debemus.
3288 1703 3460 1773 llujus

171 1795 308 1858 σοιω
330 1806 384 1852 ει
404 1799 580 1853 εοιοηί
605 1809 661 1856 ει
693 1803 883 1858 incolit}
904 1814 1188 1860 vocantur.
1212 1806 1279 1860 Et
1307 1808 1450 1877 ipsos
1477 1809 1606 1863 deos
1655 1821 1760 1861 non
1792 1796 1836 1855 B
1865 1801 2008 1853 enim
2039 1798 2294 1867 templum
2324 1797 2481 1851 simul
2503 1805 2783 1860 omnes,et
2809 1795 3001 1864 singuli
3017 1795 3212 1865 templa
3241 1810 3456 1850 sumus:

171 1887 411 1944 ob-aliud
442 1892 715 1962 appellant
735 1895 1029 1964 caelicolas,
1050 1898 1155 1952 nisi
1178 1899 1322 1968 quod
1349 1899 1544 1954 coelum
1560 1899 1768 1964 colant;

169 1993 281 2033 non
319 1981 507 2049 utique
559 1986 888 2051 venerando,
934 1989 1028 2042 sed
1077 1988 1458 2054 inhabitando,
1513 2000 1772 2059 tanquam

171 2069 298 2123 coeli
331 2071 602 2138 quosdam
625 2073 876 2144 colonos;
897 2092 1003 2132 non
1034 2079 1176 2132 sicut
1204 2079 1546 2149 appellantur
1571 2081 1768 2143 coloni,

171 2160 266 2230 qui
295 2163 666 2218 conditionem
709 2166 909 2222 debent
935 2170 1157 2238 genitali
1189 2170 1305 2225 solo
1355 2179 1578 2241 propter
1625 2172 1770 2242 agri-

170 2251 448 2306 culturam
477 2257 576 2309 sub
609 2256 849 2313 dominio
892 2274 1289 2329 possessorum,
1330 2262 1443 2324 sed,
1498 2261 1638 2316 sicut
1697 2263 1774 2316 ait

171 2341 399 2410 quidam
433 2343 612 2401 Latini
635 2346 836 2416 eloquii
867 2364 1098 2418 magnus
1124 2358 1316 2406 auctor
1347 2351 1522 2424 (Virg.
1564 2351 1696 2406 ἉΕη.
1731 2369 1769 2418 ι,

176 2428 303 2496 l6):

339 2538 468 2588 Urbs
490 2543 686 2605 antiqua
716 2542 825 2605 fuit,
849 2543 987 2608 Tyrii
1013 2554 1226 2598 tenuere
1255 2547 1432 2599 coloni.

173 2641 255 2695 Ab
282 2641 572 2698 incolenuo
601 2647 822 2702 colonos
847 2651 1090 2714 vocavit,
1141 2667 1247 2705 non
1292 2653 1360 2707 ab
1408 2653 1767 2724 agricultura.

176 2728 318 2784 Hinc
348 2740 404 2785 et
435 2733 686 2789 civitates
715 2751 746 2789 a
773 2736 1066 2805 majoribus
1088 2740 1405 2795 civitatibus
1430 2742 1580 2796 velut
1603 2757 1774 2812 popu-

173 2815 355 2874 lorum
390 2822 734 2879 examinibus
788 2826 1036 2890 conditae,
1094 2828 1322 2883 colonia:
1367 2840 1766 2901 nuncupantur.

169 2909 242 2964 At
264 2925 368 2980 per
393 2912 498 2966 hoc
517 2913 722 2968 cultum
751 2916 971 2985 quidem
1003 2933 1110 2972 non
1146 2920 1332 2974 deberi
1360 2921 1463 2976 nisi
1499 2922 1632 2989 Deo,
1647 2937 1772 2994 pro-

168 3001 291 3070 pria
315 3003 552 3071 quadam
569 3005 792 3059 notione
812 3007 962 3062 verbi
991 3007 1150 3079 hujus
1178 3010 1400 3064 omnino
1425 3012 1771 3067 verissimum

169 3098 276 3145 est.
311 3091 422 3146 Sed
453 3095 579 3163 quia
608 3103 662 3149 et
692 3097 923 3151 aliarum
951 3113 1137 3154 rerum
1163 3099 1365 3155 dicitur
1406 3102 1606 3170 cultus,
1651 3105 1773 3161 ideo

168 3179 367 3237 Latine
405 3199 513 3239 uno
535 3187 701 3240 verbo
727 3187 1022 3258 signiﬁcari
1054 3191 1232 3246 cultus
1257 3191 1370 3247 Deo
1395 3193 1614 3250 debitus
1661 3212 1771 3252 non

167 3281 374 3342 potest.
410 3275 543 3329 Nam
574 3285 628 3332 et
657 3278 773 3347 ipsa
807 3278 1018 3346 religio,
1045 3281 1296 3351 quamvis
1335 3283 1645 3341 distinctius
1660 3303 1767 3342 non

166 3364 490 3431 quemlibet,
525 3367 620 3420 sed
636 3366 727 3420 Dei
757 3365 960 3421 cultum
989 3367 1299 3438 signiﬁcare
1325 3371 1572 3426 videatur
1606 3371 1771 3444 (unde

169 3453 280 3507 isto
316 3455 535 3510 nomine
564 3456 907 3527 interpretati
946 3469 1072 3513 sunt
1091 3459 1266 3514 nostri
1291 3476 1409 3516 eam
1439 3478 1559 3532 qua:
1584 3462 1771 3520 Graece

164 3546 420 3614 θρησκεία
450 3545 695 3617 dicitur),
727 3554 908 3602 tamen
932 3549 1058 3618 quia
1089 3547 1283 3604 Latina
1333 3550 1585 3620 loquendi
1642 3568 1772 3609 con-

167 3637 468 3693 suetudine
506 3653 615 3691 non
652 3637 828 3692 solum
896 3638 1297 3708 imperitorum,
1353 3657 1542 3695 verum
1604 3643 1768 3696 etiam

165 3727 619 3781 doctissimorum
647 3735 702 3800 et
726 3728 1141 3795 cognationibus
1158 3729 1432 3795 humanis,
1460 3740 1624 3801 atque
1655 3732 1768 3786 ani-

162 3815 466 3880 nitatibus,
493 3823 549 3870 et
584 3817 888 3886 quibusque
916 3818 1410 3874 necessitudinibus
1441 3821 1640 3875 dicitur
1674 3838 1768 3877 ex-

163 3906 410 3962 hibenda
437 3907 647 3978 religio,
680 3923 787 3962 non
810 3922 875 3963 eo
906 3909 1172 3964 vocabulo
1199 3910 1401 3964 vitatur
1432 3911 1767 3983 ambiguum,

164 4013 295 4052 cum
326 3997 394 4051 de
419 3997 568 4050 cultu
598 3997 817 4052 deitatis
858 3999 1093 4052 vertitur
1128 3999 1378 4068 quazstio,
1430 4009 1490 4054 ut
1541 4001 1770 4056 ﬁdenter

165 4087 358 4142 dicere
385 4087 664 4141 valeamus
710 4088 1029 4158 religionem
1085 4103 1193 4142 non
1240 4103 1361 4143 esse
1411 4089 1514 4144 nisi
1563 4090 1766 4145 cultum

171 4179 272 4234 Dei
302 4195 316 4232 :
359 4196 376 4228 ‹
406 4180 666 4247 quoniam
695 4179 910 4233 videtur
943 4181 1045 4234 hoc
1067 4179 1291 4233 verbum
1327 4195 1359 4234 a
1417 4180 1768 4250 signiﬁcanda

162 4273 520 4328 observantia
564 4273 988 4344 pr0pinquitatis
1019 4275 1270 4330 humana:
1326 4275 1622 4331 insolenter
1667 4292 1766 4331 au-

163 4362 324 4418 ferri.
353 4362 535 4417 Pietas
557 4380 773 4433 quoque
806 4367 1024 4434 proprie
1056 4365 1150 4420 Dei
1177 4367 1357 4420 cultus
1402 4365 1630 4437 intelligi
1681 4381 1768 4421 so-

161 4453 262 4517 let,
291 4469 460 4522 quam
475 4451 648 4507 Grzeci
672 4455 934 4508 εὐσέϐειαν
962 4462 1176 4508 vocant.
1210 4454 1335 4508 Hzec
1361 4462 1542 4508 tamen
1559 4463 1613 4510 et
1638 4471 1766 4526 erga

159 4553 426 4613 parentes
447 4542 684 4598 oﬁiciose
706 4544 894 4598 haberi
926 4545 1144 4599 dicitur.
1179 4545 1325 4599 More
1383 4554 1561 4600 autem
1619 4547 1764 4617 vulgi

161 4638 272 4690 hoc
303 4650 504 4690 nomen
533 4635 696 4689 etiam
729 4635 783 4688 in
809 4636 1066 4706 operibus
1096 4638 1488 4692 misericordia:
1511 4638 1763 4709 frequen-

159 4731 338 4779 tatur.
367 4725 522 4790 Quod
552 4725 672 4780 ideo
703 4727 942 4780 arbitror
966 4727 1234 4791 evenisse,
1288 4728 1415 4796 quia
1473 4728 1590 4782 haec
1647 4727 1762 4782 ﬁeri

156 4818 441 4888 praecipue
471 4819 694 4872 mandat
719 4820 878 4881 Deus,
904 4834 1076 4888 eaque
1109 4818 1210 4874 sibi
1238 4819 1320 4873 vel
1352 4833 1451 4888 pro
1479 4818 1765 4874 sacriﬁciis

161 4907 250 4960 vel
277 4922 396 4977 pm
421 4907 706 4962 sacriﬁciis
743 4908 961 4977 placere
985 4916 1235 4963 testatur.
1267 4909 1344 4962 Ex
1369 4924 1474 4978 qua
1511 4909 1765 4979 loquendi

159 5001 564 5058 consuetudine
595 5000 796 5055 factum
835 5011 937 5064 est,
993 5011 1052 5056 ut
1101 5011 1155 5056 et
1194 5003 1336 5058 Deus
1387 5003 1502 5072 ipse
1553 5003 1766 5058 dicatur

156 5092 287 5164 pius
335 5107 547 5162 :quem
590 5107 720 5146 sane
768 5091 942 5147 Graeci
997 5094 1144 5148 nullo
1199 5109 1299 5148 suo
1345 5095 1612 5148 sermonis
1663 5109 1761 5147 usu

156 5183 395 5238 εὐσεϐεῖν
422 5190 636 5248 vocant,
663 5184 911 5252 quamvis
938 5185 1205 5240 εὐσέϐειαν
1234 5200 1332 5253 pro
1386 5185 1760 5239 misericordia

160 5274 389 5329 illorum
418 5275 583 5328 etiam
608 5274 800 5346 vulgus
836 5285 1086 5346 usurpet.
1142 5275 1295 5331 Unde
1337 5277 1391 5330 in
1437 5276 1762 5346 quibusdam

161 5365 582 5433 Scripturarum
622 5365 776 5430 locis,
808 5367 1170 5422 utdistinctio
1198 5368 1400 5422 certior
1449 5377 1758 5438 appareret,

160 5471 272 5510 non
293 5455 582 5518 εὐσέϐειαν,
600 5457 743 5524 quod
757 5472 823 5512 ex
838 5458 980 5513 bono
992 5458 1158 5522 cultu,
1179 5460 1274 5513 sed
1286 5460 1592 5524 θεοσέϐειαν,
1616 5462 1762 5529 quod

157 5567 227 5606 ex
256 5551 351 5606 Dei
387 5551 536 5607 cultu
564 5554 920 5621 compositum
950 5563 1190 5618 resonat,
1223 5555 1405 5609 dicere
1425 5554 1754 5610 maluerunt.

162 5643 506 5700 Utrumlibet
540 5653 720 5697 autem
759 5645 953 5698 horum
987 5661 1084 5701 nos
1112 5662 1220 5700 uno
1268 5648 1432 5701 verbo
1476 5648 1760 5701 enuntiare

161 5748 271 5787 ncn
300 5748 611 5804 possumus.
665 5733 796 5800 Qua:
855 5735 1039 5790 itaque
1091 5738 1295 5810 λιτρεῇ
1331 5738 1515 5794 Graece
1552 5755 1759 5793 nuncu-

576 5828 847 5888 l’araoa.
906 5824 1069 5886 CIV.

1876 1892 2002 1961 quia
2024 1899 2080 1944 et
2106 1890 2348 1964 omnium
2385 1889 2753 1951 concordiam,
2801 1886 3114 1957 etsingulos
3158 1885 3462 1940 inhabitare

1876 1985 2158 2054 dignatur;
2185 1998 2290 2036 non
2318 1983 2371 2035 in
2405 1981 2675 2044 onmibus,
2705 1997 2866 2050 quam
2891 1981 2942 2034 in
2968 1979 3196 2050 singulis
3243 1977 3414 2047 major
3446 1999 3456 2032 :

1875 2076 2129 2145 quoniam
2161 2089 2260 2128 nec
2283 2073 2422 2127 mole
2451 2073 2798 2136 distenditur,
2831 2087 2929 2126 nec
2955 2072 3245 2140 partitione
3263 2070 3458 2123 minui-

1875 2174 1981 2220 tur.
2011 2165 2144 2220 Cum
2175 2165 2242 2218 ad
2279 2164 2427 2218 illum
2470 2178 2686 2217 sursum
2714 2171 2815 2227 est,
2869 2163 2985 2232 ejus
3033 2169 3115 2215 est
3152 2160 3323 2215 altare
3365 2173 3462 2215 cor

1876 2266 2154 2322 nostrum;
2179 2255 2295 2325 ejus
2319 2253 2597 2325 unigenito
2627 2267 2752 2306 cum
2803 2253 3089 2306 sacerdote
3146 2251 3457 2322 placamus;

1875 2351 1923 2404 ei
1949 2358 2202 2404 cruentas
2230 2348 2476 2403 victimas
2503 2346 2784 2408 credimus,
2816 2344 3030 2413 quando
3052 2359 3222 2413 usque
3252 2344 3318 2398 ad
3333 2359 3458 2398 san-

1875 2439 2091 2507 guinem
2113 2454 2212 2508 pro
2237 2437 2357 2506 ejus
2382 2438 2616 2490 veritate
2640 2445 2946 2499 certamus;
2977 2450 3100 2489 cum
3139 2435 3461 2490 suavissimo

1876 2529 2153 2583 adolemus
2179 2529 2421 2592 incensu,
2454 2543 2577 2580 cum
2608 2527 2658 2579 in
2683 2525 2798 2592 ejus
2821 2533 3112 2593 conspectu
3140 2527 3227 2594 pio
3243 2535 3462 2579 sancto‘

1875 2633 1983 2689 que
2013 2633 2199 2673 amore
2229 2617 2540 2687 ﬁagramus.
2573 2616 2630 2669 Ei
2669 2615 2809 2668 dona
2835 2614 2951 2682 ejus
2977 2616 3028 2668 in
3052 2616 3226 2679 nobis,
3257 2630 3462 2685 nosque

1877 2712 2022 2782 ipsos
2051 2726 2307 2766 vovemus
2329 2719 2383 2764 et
2407 2709 2713 2771 reddimus;
2742 2707 2792 2761 ei
2821 2707 3208 2761 beneﬁciorum
3234 2707 3350 2776 ejus
3375 2723 3464 2761 so.

1876 2801 2246 2857 lemnitatibus
2275 2799 2429 2854 festis
2451 2807 2505 2853 et
2534 2798 2724 2852 diebus
2754 2797 2974 2851 statutis
2989 2798 3232 2851 dicamus
3245 2812 3457 2852 sacram

1876 2907 2048 2961 usque
2077 2891 2420 2954 memoriam,
2454 2905 2520 2943 ne
2559 2888 2834 2942 volumine
2887 2895 3191 2957 temporum
3248 2888 3460 2958 ingrata

1877 2985 2136 3052 subrepat
2156 2984 2390 3049 oblivio;
2420 2983 2470 3036 ci
2503 2980 2875 3036 sacriﬁcamus
2888 2979 3120 3034 hostiam
3138 2979 3460 3034 humilitatis

1876 3086 1932 3132 et
1955 3075 2131 3132 laudis
2167 3077 2222 3130 in
2255 3091 2347 3130 ara
2381 3073 2561 3130 cordis
2595 3073 2717 3141 igne
2748 3071 2970 3127 fervidae
3023 3072 3326 3126 charitatis.
3376 3064 3463 3125 Ad

1799 3153 1844 3214 Ο
1879 3169 2021 3222 hunc
2041 3167 2350 3230 videndum,
2381 3165 2521 3218 sicut
2543 3163 2713 3218 videri
2743 3162 2962 3230 poterit,
2993 3162 3150 3230 eique
3172 3162 3453 3216 coha'ren-

1873 3259 2025 3322 dum,
2051 3258 2118 3312 ab
2145 3257 2293 3311 otnni
2323 3263 2670 3326 peccatorum
2715 3261 2771 3306 et
2797 3253 3152 3322 cupiditatum
3197 3253 3460 3308 malarum

1873 3349 1996 3405 labe
2021 3349 2364 3412 mundamur,
2392 3355 2448 3401 et
2469 3345 2586 3415 ejus
2612 3345 2831 3399 nomine
2885 3359 3288 3399 consceramur.
3340 3345 3457 3416 lpse

1872 3443 2018 3496 enim
2047 3440 2168 3495 fons
2196 3448 2395 3494 nostra:
2437 3436 2810 3498 beatitudinis,
2873 3436 2984 3504 ipse
3036 3436 3212 3489 omnis
3252 3437 3458 3506 appeti-

1873 3534 2038 3589 tionis
2066 3542 2149 3588 est
2172 3532 2312 3587 ﬁnis.
2342 3530 2498 3585 llunc
2523 3530 2783 3599 eligentes
2829 3526 2913 3582 vel
2934 3527 3112 3596 potius
3140 3527 3461 3597 religentes.

1873 3627 2234 3680 amiseramus
2259 3623 2407 3679 enim
2439 3621 2801 3693 negligentes;
2829 3621 2973 3674 hunc
3002 3634 3132 3690 ergo
3150 3619 3457 3691 religcutes,

1871 3717 2014 3771 unde
2043 3724 2097 3771 et
2124 3713 2314 3786 religio
2335 3713 2478 3768 dicta
2502 3712 2839 3782 perhibetur,
2879 3711 2945 3764 ad
2985 3727 3107 3764 eum
3163 3712 3454 3766 dilectione

1872 3806 2164 3869 tendimus,
2194 3812 2254 3858 ut
2291 3803 2656 3873 perveniendo
2693 3801 3067 3868 quiescamus;
3120 3800 3238 3855 ideo
3291 3802 3459 3867 beati,

1873 3899 1999 3969 quia
2029 3897 2117 3952 illo
2150 3896 2255 3949 ﬁne
2287 3893 2536 3965 perfecti.
2581 3913 2599 3946 ›

1942 3989 2025 4042 lll.
2066 3987 2218 4055 Quod
2249 3988 2392 4041 inter
2422 3985 2590 4040 Deum
2615 3992 2670 4038 et
2692 3984 2940 4038 homines
2979 3983 3155 4037 nullus
3205 3992 3276 4037 sit
3321 3983 3464 4040 alius

1871 4081 2138 4135 mediator
2159 4077 2504 4149 quaerendus,
2535 4076 2639 4130 nisi
2673 4076 2761 4130 ille
2789 4076 2878 4144 qui
2907 4076 3047 4130 Deus
3070 4084 3124 4131 et
3153 4077 3315 4131 homo
3350 4087 3454 4144 est,

1871 4190 1938 4228 ex
1961 4173 2055 4226 lib.
2087 4188 2141 4225 rx
2172 4169 2345 4226 sancti
2369 4169 2653 4239 Augustini
2698 4169 2750 4222 in
2791 4183 2952 4237 opere
2982 4170 3229 4239 superius
3249 4186 3456 4226 memo-

1871 4274 1990 4319 rato
2020 4263 2170 4336 (Cap.
2200 4262 2286 4333 l5)
2324 4279 2336 4314 :
2371 4279 2389 4310 ‹
2429 4260 2713 4314 Multitudo
2768 4275 2887 4328 quzc
2941 4261 3098 4314 beata
3145 4271 3244 4325 est,
3296 4264 3458 4318 unius

1872 4357 1967 4411 Dei
2013 4353 2432 4424 participatione
2462 4350 2521 4404 ﬁt
2576 4352 2754 4405 beata.
2794 4349 2958 4418 Cujus
3015 4353 3451 4422 partiripationis

1873 4445 2174 4517 privatione
2213 4443 2409 4496 misera
2467 4441 2752 4495 multitudo
2803 4442 3068 4495 malorum
3118 4444 3453 4514 angelorum,

1872 4553 1990 4607 qure
2029 4551 2086 4590 se
2117 4534 2340 4604 opponit
2362 4534 2546 4603 potius
2583 4533 2650 4587 ad
2685 4533 3129 4602 impedimentum
3179 4552 3340 4604 quam
3373 4539 3457 4592 in-

1871 4637 2106 4707 terponit
2131 4635 2198 4690 ad
2226 4633 2575 4690 beatitudinis
2601 4632 2948 4701 adiutorium,
2977 4634 3138 4688 etiam
3171 4636 3282 4705 ipsa
3320 4637 3456 4691 mul-

1872 4729 2102 4784 titudine
2143 4727 2409 4797 obstrepit
2447 4725 2873 4795 quodammodo,
2906 4739 2974 4778 ne
2997 4727 3167 4792 possit
3210 4727 3277 4781 ad
3324 4727 3455 4782 illud

1872 4836 2038 4876 unum
2076 4817 2384 4873 beatiticum
2412 4814 2708 4885 perveniri,
2747 4815 2817 4869 ad
2845 4815 2986 4883 quod
3017 4823 3078 4868 ut
3130 4818 3454 4885 perducere-

1872 4929 2015 4976 mur,
2047 4926 2152 4965 non
2184 4910 2388 4974 multis,
2418 4910 2510 4964 sed
2534 4903 2644 4964 uno
2693 4910 2991 4964 mediatore
3033 4925 3168 4981 opus
3217 4921 3356 4979 erat,
3399 4925 3454 4969 et

1870 5005 1972 5058 hoc
1995 5018 2060 5057 eo
2084 5003 2200 5071 ipso
2217 5000 2370 5070 cujus
2396 5001 2810 5072 participatione
2836 5001 3006 5055 simus
3031 5001 3196 5067 beati,
3227 5003 3329 5058 hoc
3345 5013 3448 5063 est.

1871 5095 2048 5148 Verbo
2079 5095 2194 5157 Dei,
2224 5109 2331 5147 non
2368 5092 2533 5156 facto,
2559 5092 2653 5146 sed
2695 5107 2793 5160 per
2820 5092 2962 5160 quod
2994 5093 3134 5148 facta
3168 5105 3294 5150 sunt
3333 5112 3450 5152 om-

1868 5186 1976 5239 nia.
2002 5185 2111 5240 Nec
2136 5194 2314 5238 tamen
2345 5184 2414 5237 ob
2437 5183 2540 5237 hoc
2567 5183 2829 5237 mediator
2877 5191 2980 5248 est,
3006 5185 3129 5253 quia
3178 5187 3406 5242 Verbum
3432 5206 3446 5248 :

1869 5277 2124 5348 (maxime
2149 5276 2347 5346 quippe
2378 5275 2683 5328 immortale
2709 5283 2764 5329 et
2796 5276 3029 5330 maxime
3053 5277 3268 5333 beatum
3325 5282 3450 5336 Ver-

1870 5369 1997 5422 bum
2029 5367 2184 5436 longe
2212 5375 2295 5421 est
2328 5381 2357 5419 a
2401 5365 2716 5419 mortalibus
2763 5363 3020 5437 miseris),
3046 5368 3139 5422 sed
3184 5371 3451 5426 mediator

1871 5476 1969 5531 per
1997 5459 2139 5529 quod
2169 5459 2348 5521 homo,
2391 5473 2455 5511 eo
2487 5457 2605 5526 ipso
2630 5456 2818 5526 utique
2871 5458 3162 5513 ostendens
3201 5460 3265 5513 ad
3318 5460 3446 5515 illud

1869 5568 1975 5608 non
2007 5551 2179 5606 solum
2211 5551 2448 5612 beatum,
2474 5563 2659 5602 verum
2689 5549 2850 5601 etiam
2893 5548 3196 5603 beatiticum
3245 5550 3446 5606 bonum

1870 5661 1974 5698 non
2011 5652 2260 5712 oportere
2287 5642 2452 5711 qutcri
2480 5641 2614 5695 alios
2643 5641 2967 5695 mediatores
3011 5655 3108 5710 per
3135 5658 3270 5710 quos
3303 5645 3447 5697 arti-

1871 5747 2076 5791 tremur
2103 5736 2258 5790 nobis
2302 5735 2668 5792 oewcntionis
2712 5735 2909 5805 gradus
2952 5749 3072 5788 esse
3113 5736 3436 5804 moliendae,

3012 5830 3048 5883 7
