3930 6314
508 271 614 331 905

1462 276 1521 333 S.
1560 275 1911 335 AGOBARDI
1949 277 2259 337 EPISCOPI
2292 280 2780 345 LUGDUNENSIS

3708 298 3801 353 ΞΜ

507 392 630 459 quia
658 389 846 443 beatus
867 394 922 440 et
953 384 1213 454 paciﬁcus
1227 385 1389 445 Deus.
1411 386 1873 458 factuSpartice‘ps
1900 390 2093 444 huma-
2120 397 2170 455 Α
2269 393 2333 448 V.
2366 394 2499 450 Item
2525 413 2591 452 ex
2624 398 2760 454 libro
2785 402 2997 470 prtcl‘ati
3024 407 3204 477 operis
3235 422 3265 461 ι
3295 419 3439 479 quon
3469 412 3804 469 nuliacrca-

506 480 940 543 nitatisnostraa,
994 475 1377 548 compendium
1423 472 1657 548 praebuit
1707 482 2099 552 participandre

503 568 805 625 divinitatis
844 583 973 624 sum.
1024 566 1212 638 Neque
1256 570 1402 622 enim
1436 584 1534 625 nos
1575 584 1606 623 a
1666 572 1997 627 mortalitate
2043 579 2099 626 et

502 660 720 717 miseria
752 658 1007 724 liberans,
1050 658 1116 714 ad
1144 657 1366 729 angelos
1422 660 1760 717 immortales
1799 662 2097 732 beatosque

501 750 574 805 ita
599 750 927 820 perducitut
951 764 1141 804 eorum
1181 748 1599 820 participatione
1626 752 1793 806 etiam
1844 770 1946 809 nos
1992 753 2095 809 im-

502 840 761 895 mortales
784 847 841 895 et
861 839 1005 894 beati
1033 837 1223 902 simus,
1275 839 1369 893 sed
1420 840 1489 894 ad
1548 839 1696 895 illam
1742 841 2092 909 Trinitatem,

497 929 654 1000 cujus
678 937 734 987 et
759 930 934 1003 angeli
951 929 1366 1000 participatione
1388 930 1533 985 beati
1553 939 1699 986 sunt.
1735 931 1861 989 Ideo
1878 936 2094 1004 quando

498 1023 553 1076 in
585 1020 758 1079 forma
780 1019 945 1087 servi,
974 1028 1035 1074 ut
1063 1019 1337 1074 mediator
1359 1029 1526 1087 esset,
1550 1020 1692 1076 infra
1718 1023 1938 1095 angelos
1972 1039 2093 1080 esse

495 1113 683 1181 voluit,
724 1113 779 1169 in
800 1111 973 1169 forma
1024 1111 1124 1167 Dei
1174 1126 1339 1181 super
1382 1112 1605 1183 angelos
1648 1115 1892 1170 mansit:
1946 1116 2089 1171 idem

498 1203 551 1257 in
613 1190 964 1259 inferioribus
1028 1202 1115 1256 via
1177 1201 1348 1265 vitae,

500 1300 632 1353 vita.
684 1318 701 1352 ι

565 1389 654 1444 ιγ.
686 1387 763 1443 Ex
796 1386 937 1443 libro
959 1402 993 1441 χ
1014 1385 1257 1454 ejusdem
1291 1395 1495 1457 operis,
1542 1386 1634 1444 ubi
1682 1390 2089 1447 evidentissimc

492 1478 742 1552 exemplo
773 1478 986 1543 Domini
1024 1477 1153 1533 Jesu
1182 1479 1385 1535 Christi
1416 1480 1576 1536 docet
1602 1481 1800 1536 beatus
1833 1482 2089 1553 Angusti-

493 1586 598 1627 nus
629 1568 762 1627 nulli
786 1576 1051 1625 creaturze
1083 1569 1527 1637 sacriﬁcandum,
1560 1572 1635 1626 ita
1659 1572 1862 1629 docens
1893 1575 2081 1647 (Capp.

495 1663 580 1729 19,
614 1661 704 1733 ‘20)
733 1677 749 1717 :
780 1680 797 1713 ι
834 1660 937 1729 Qui
974 1670 1156 1716 autem
1185 1670 1377 1732 putant
1398 1662 1515 1718 haac
1560 1664 1793 1720 visibilia
1818 1666 2086 1722 sacriﬁcia

492 1755 599 1812 diis
621 1754 743 1811 aliis
764 1769 1088 1827 congruere,
1124 1769 1338 1809 summo
1362 1769 1492 1810 vero
1513 1756 1625 1811 Deo
1656 1766 1915 1829 tanquam
1948 1759 2086 1815 invi-
2114 1744 2168 1803 Β

492 1848 635 1905 sibili
652 1848 947 1905 invisibilia
963 1856 1018 1905 et
1035 1845 1243 1917 majora
1260 1846 1476 1918 majori,
1502 1851 1823 1923 meliorique
1838 1855 2087 1924 meliora,

492 1943 673 2015 qualia
693 1953 817 2001 sunt
828 1959 979 2015 parte
992 1944 1190 2000 mentis
1202 1954 1255 2001 et
1269 1944 1425 2000 bona:
1445 1946 1742 2006 voluntatis
1756 1950 1948 2016 ollicia,
1964 1968 2091 2023 pro-

493 2033 633 2092 fecto
656 2035 904 2093 nesciunt
927 2041 1042 2091 haec
1064 2035 1137 2090 ita
1168 2036 1320 2107 signa
1346 2051 1466 2092 esse
1488 2037 1727 2105 illorum,
1759 2042 1901 2096 sicut
1922 2045 2087 2100 verba

490 2131 739 2187 sonantia
779 2132 933 2202 signa
988 2138 1115 2185 sunt
1160 2143 1363 2185 rerum.
1403 2129 1669 2198 Quocirca
1699 2134 1844 2190 sicut
1870 2145 2090 2193 orantes

489 2231 653 2293 atque
719 2212 1004 2277 laudantes
1050 2220 1120 2275 ad
1173 2234 1298 2288 eum
1359 2221 1645 2293 dirigimus
1716 2224 2088 2295 signiﬁcantes

487 2327 673 2375 voces,
705 2311 793 2367 cui
815 2324 905 2366 res
932 2311 1080 2381 ipsas
1102 2310 1156 2364 in
1186 2310 1351 2366 corde
1371 2326 1509 2380 quas
1540 2312 1915 2382 signiﬁcamus
1957 2315 2089 2370 oﬁ‘e-

487 2404 689 2469 rimus;
709 2403 782 2457 ita
820 2400 1192 2477 sacriﬁcantes
1217 2417 1325 2457 non
1345 2401 1505 2457 alteri
1520 2402 1731 2459 visibile
1758 2406 2087 2463 sacriﬁcium

488 2494 823 2550 offerendum
843 2508 964 2549 esse
988 2492 1304 2548 noverimus
1329 2509 1493 2563 quam
1520 2493 1623 2561 illi,
1652 2494 1812 2565 cujus
1862 2497 1915 2551 in
1970 2514 2089 2553 cor-

485 2588 645 2644 dibus
671 2585 872 2643 nostris
910 2584 1181 2641 invisibile
1202 2585 1533 2641 sacriﬁcium
1562 2586 1662 2643 nos
1714 2587 1819 2658 ipsi
1842 2604 1963 2644 esse
1993 2590 2087 2644 de-

486 2682 695 2736 bemus.
749 2678 905 2734 Tunc
955 2678 1111 2733 nobis
1164 2677 1367 2744 favent,
1420 2678 1686 2749 nobisque
1719 2681 2084 2752 congaudent,

487 2771 871 2841 atque'azlhoc
902 2769 1078 2839 ipsum
1125 2783 1225 2824 nos
1249 2784 1349 2841 pro
1404 2769 1518 2825 suis
1563 2770 1774 2826 viribus
1825 2770 2087 2841 adjuvant

484 2862 659 2933 angeli
684 2861 887 2933 quique
907 2858 1250 2929 virtutesque
1262 2859 1599 2929 superiores,
1626 2868 1682 2914 et
1710 2860 1824 2930 ipsa
1843 2861 2086 2929 bonitate

485 2968 551 3007 ac
577 2951 779 3022 pietate
806 2950 1163 3021 potentiores.
1191 2948 1250 3003 Si
1279 2958 1464 3003 autem
1502 2948 1607 3004 illis
1648 2950 1763 3005 haec
1826 2951 2084 3006 exhibere

487 3041 835 3104 voluerimus,
866 3055 973 3095 non
1002 3040 1237 3094 libenter
1256 3038 1561 3119 accipiunt;
1586 3047 1790 3095 etcum
1817 3041 1885 3094 ad
1912 3041 2086 3095 homi-

486 3148 584 3189 nes
631 3133 706 3187 ita
743 3132 1039 3187 mittuntur
1086 3137 1147 3184 ut
1193 3145 1382 3185 eorum
1432 3130 1721 3200 praesentia
1780 3132 2080 3198 sentiatur,

485 3226 832 3298 apertissime
853 3233 1060 3281 vetant.
1095 3223 1235 3279 Sunt
1261 3224 1330 3279 de
1357 3225 1441 3280 his
1479 3224 1725 3297 exempla
1752 3224 1838 3280 ’in
1884 3226 2083 3284 litteris

484 3318 709 3374 sanctis.
736 3315 1071 3372 Putaverunt
1094 3315 1316 3386 quidam
1340 3314 1695 3371 deferendum
1742 3316 1951 3387 angelis
1980 3318 2081 3373 ho-

486 3428 699 3477 norem,
725 3411 811 3468 vel
840 3410 1139 3477 adoranda,
1178 3409 1266 3464 vel
1292 3408 1674 3473 sacriﬁcando,
1707 3410 1800 3480 qui
1855 3409 2084 3469 debetur

487 3507 632 3571 Dem;
660 3516 717 3559 et
742 3518 931 3559 eorum
959 3510 1086 3556 sunt
1113 3500 1483 3555 admonitione
1512 3500 1799 3570 prohibiti,
1834 3498 2085 3571 jussique

484 3607 610 3652 sunt
664 3596 767 3650 hoc
811 3594 862 3649 ei
916 3589 1150 3657 deferre,
1205 3590 1293 3645 cui
1342 3590 1436 3645 uni
1480 3589 1562 3645 fas
1615 3604 1737 3645 esse
1791 3598 2080 3645 noverunt.

488 3689 687 3743 lmitati
717 3696 843 3742 sunt
865 3683 1090 3755 angelos
1137 3690 1357 3737 sanctos
1391 3682 1558 3739 etiam
1614 3682 1789 3738 sancti
1835 3683 2084 3739 homines

495 3781 611 3838 Dei.
666 3780 801 3834 Nam
848 3777 1054 3834 Paulus
1094 3783 1149 3832 et
1185 3774 1470 3831 Barnabas
1511 3774 1565 3829 in
1613 3774 1889 3849 Lycaonia
1937 3775 2086 3831 facto

487 3874 724 3945 quodam
758 3869 1024 3926 miraculo
1073 3867 1352 3932 sanitatis,
1372 3866 1555 3936 putati
1580 3874 1708 3922 sunt
1738 3868 1840 3934 dii,
1895 3868 2082 3951 eisque

487 3966 745 4040 Lycaonii
775 3963 1033 4019 victimas
1056 3961 1341 4017 immolare
1385 3959 1674 4016 voluerunt
1706 3975 1720 4015 :
1750 3961 1894 4032 quod
1935 3978 1965 4018 a
2023 3977 2082 4018 se

488 4057 677 4113 humili
702 4056 910 4127 pietate
934 4059 1305 4118 removentes,
1348 4051 1432 4106 eis
1472 4052 1527 4106 in
1577 4067 1741 4122 quem
1794 4053 2082 4108 crederent

487 4148 945 4204 anmmtiaverunt
967 4144 1160 4199 Deum.
1201 4142 1313 4199 Nec
1349 4143 1427 4199 ob.
1442 4143 1590 4199 aliud
1621 4144 1849 4201 fallaces
1879 4146 1957 4201 illi
1996 4161 2082 4201 su-

487 4239 656 4309 perbe
682 4235 783 4292 sibi
810 4235 917 4291 hoc
937 4234 1186 4305 exigunt,
1218 4233 1321 4288 nisi
1368 4232 1497 4303 quia
1544 4249 1676 4289 vero
1735 4236 1848 4291 Deo
1896 4235 2081 4291 deberi

489 4330 689 4386 sciunt.
716 4325 835 4383 Non
864 4326 1013 4381 enim
1040 4338 1232 4379 revera
1255 4324 1340 4397 (ut
1359 4323 1437 4378 ait
1464 4324 1827 4395 Porphyrius,
1860 4334 1915 4381 et
1946 4341 2079 4382 non-

1438 1204 1532 1272 qui
1584 1204 1639 1258 in
1718 1206 2107 1277 superioribus

2201 490 2321 538 tura
2352 487 2534 543 colens
2564 489 2735 545 Deum
2766 494 2896 547 velit
2922 510 3021 564 pro
3052 496 3142 553 illo
3169 500 3272 554 coli
3304 502 3391 555 cui
3440 510 3497 558 et
3535 504 3657 574 ipsa
3687 516 3808 562 suti-

2199 575 2311 631 dita
2357 587 2441 633 est
2486 578 2653 652 (Cap.
2681 583 2787 653 4):
2825 603 2843 635 ί
2874 586 3220 658 Qumcunque
3268 593 3436 662 igitur
3481 595 3809 655 immortalis

2196 674 2440 734 potestas
2482 672 2823 741 quantalibet
2861 677 3066 733 virtute
3104 682 3363 749 praedita,
3410 684 3457 738 si
3500 700 3603 741 nos
3634 687 3807 759 diligit

2197 755 2338 810 sicut
2366 759 2631 828 seipsam,
2666 763 2717 817 ei
2744 764 2860 817 vult
2890 780 3011 820 esse
3038 768 3309 837 subditos,
3342 780 3401 825 ut
3431 773 3577 828 beati
3609 755 3805 842 simus,

2195 851 2281 905 cui
2310 860 2364 906 et
2391 854 2505 923 ipsa
2534 857 2746 913 subdita
2774 861 2934 915 beata
2956 847 3060 918 est.
3087 864 3143 920 Si
3166 881 3297 937 ergo
3323 886 3432 925 non
3454 872 3583 928 colit
3607 873 3803 937 Deum,

2196 942 2396 998 misera
2436 956 2548 1026 est,
2592 951 2719 1019 quia
2760 954 3007 1022 privatur
3046 956 3178 1013 Deo.
3223 959 3305 1015 Illi
3332 963 3476 1017 enim
3507 966 3701 1034 potius
3729 968 3804 1020 di-

2193 1033 2334 1090 vinae
2361 1042 2643 1097 sententia:
2671 1042 3027 1117 suﬁ‘ragatur,
3059 1059 3115 1106 et
3140 1052 3451 1111 dilectionis
3476 1033 3700 1116 viribus
3724 1060 3802 1115 l‘a-

2198 1138 2321 1195 vet,
2352 1148 2459 1202 qua
2490 1136 2753 1207 scriptum
2784 1149 2893 1196 est:
2924 1143 3251 1217 Sacriﬁcam
3280 1151 3383 1206 diis
3411 1155 3801 1220 eradicabitur,

2193 1219 2296 1295 nisi
2336 1220 2562 1278 Domino
2604 1227 2723 1283 soli.
2768 1230 2940 1299 Nam,
2986 1244 3045 1290 ut
3088 1239 3195 1293 alia
3238 1258 3381 1297 nunc
3428 1254 3646 1301 taceam
3688 1264 3807 1319 qua:

2190 1312 2466 1379 pertinent
2492 1317 2558 1371 ad
2591 1318 2869 1391 religionis
2898 1326 3221 1398 obsequium
3251 1346 3357 1401 quo
3388 1335 3590 1391 colitur
3620 1312 3802 1403 Deus,

2190 1407 2519 1472 sacriﬁcium
2552 1424 2701 1469 certe
2726 1416 2913 1473 nullus
2941 1419 3223 1478 hominum
3254 1435 3338 1481 est
3366 1429 3459 1497 qui
3490 1432 3700 1488 audeat
3731 1434 3806 1487 di-

2190 1516 2315 1555 cere
2343 1502 2563 1570 deberi,
2589 1507 2693 1561 nisi
2722 1510 2851 1564 Deo.
2883 1511 3051 1569 Multa
3077 1516 3313 1588 denique
3342 1522 3408 1575 de
3436 1522 3587 1578 cultu
3615 1525 3806 1581 divino

2191 1601 2454 1661 usurpata
2486 1604 2645 1663 sunt,
2679 1614 2801 1669 qua:
2830 1602 3133 1661 honoribus
3160 1608 3481 1667 deferuntur
3510 1616 3801 1678 humanis.

2191 1680 2305 1735 sive
2333 1682 2641 1742 humilitate
2668 1689 2837 1744 nimia
2859 1733 2872 1756 ,
2905 1695 3019 1749 sive
3051 1698 3360 1756 adulatione
3390 1704 3657 1773 pestifera
3685 1724 3700 1771 ;
3734 1708 3804 1763 ita

2198 1781 2377 1828 tamen
2406 1783 2464 1829 ut
2489 1777 2688 1846 quibus
2714 1796 2777 1836 ea
2804 1783 3142 1853 deferuntur,
3169 1791 3417 1847 homines
3441 1795 3804 1864 haberentur,

2194 1864 2285 1933 qui
2311 1865 2567 1921 dicuntur
2590 1869 2801 1926 colendi
2831 1881 2888 1929 et
2914 1870 3209 1933 venerandi
3235 1896 3249 1945 ;
3278 1882 3323 1935 si
3354 1891 3535 1938 autem
3569 1887 3803 1945 multum

2194 1956 2275 2009 eis
2311 1956 2550 2023 additur,
2595 1967 2650 2013 et
2692 1961 2979 2019 adorandi.
3026 1965 3161 2033 Quis
3207 1985 3333 2025 vero
3372 1973 3803 2034 sacriﬁcandum

2192 2046 2437 2112 censuit,
2470 2048 2572 2103 nisi
2605 2050 2653 2105 ei
2686 2066 2845 2121 quem
2876 2063 2970 2109 aut
3002 2058 3162 2114 scivit
3196 2059 3363 2115 Deum
3385 2102 3399 2129 ,
3428 2072 3522 2117 aut
3552 2068 3801 2134 putavit,

2194 2147 2287 2192 aut
2319 2137 2517 2194 ﬁnxit?
2549 2162 2565 2195 ι

2264 2228 2351 2285 Vl.
2394 2232 2474 2285 Ex
2520 2231 2658 2288 libro
2699 2237 2872 2291 sancti
2915 2237 3207 2308 Augustini
3237 2242 3303 2297 de
3330 2257 3459 2298 vera
3490 2244 3800 2317 Religioae,

2192 2323 2334 2392 apud
2380 2339 2518 2392 quos
2557 2327 2899 2395 potissimum
2953 2330 3096 2387 Deus
3144 2348 3309 2388 verus
3353 2338 3688 2404 qurerendus
3736 2340 3804 2394 sit

2190 2412 2359 2486 (Cap.
2396 2414 2496 2487 l5)
2525 2434 2536 2468 :
2567 2434 2585 2466 ι
2618 2417 2775 2473 Prius
2804 2433 2932 2489 ergo
2966 2423 3228 2491 sequendi
3270 2433 3428 2491 sunt,
3462 2426 3675 2497 inquit,
3710 2430 3800 2499 qui

2188 2519 2355 2559 unum
2394 2520 2667 2561 summum
2698 2508 2872 2563 solum
2903 2524 3091 2565 verum
3123 2513 3297 2567 Deum
3325 2522 3382 2568 et
3407 2515 3587 2570 solum
3619 2518 3803 2573 colen-

2189 2593 2316 2648 dum
2347 2609 2468 2650 esse
2498 2596 2704 2651 dicunt.
2749 2596 2808 2652 Si
2836 2599 2979 2668 apud
3011 2601 3112 2655 hos
3143 2602 3347 2658 veritas
3378 2620 3487 2658 non
3520 2605 3800 2673 eluserit,

2189 2691 2302 2739 tum
2333 2685 2553 2753 demum
2589 2689 2933 2760 migrandum
2974 2701 3077 2747 est.
3111 2692 3266 2749 Sicut
3296 2697 3440 2751 enim
3474 2698 3529 2752 in
3562 2700 3684 2768 ipsa
3719 2716 3801 2756 re-

2190 2791 2309 2829 rum
2340 2786 2531 2832 natura
2562 2779 2735 2851 major
2762 2791 2849 2836 est
2874 2784 3170 2840 auctoritas
3201 2787 3359 2842 unius
3383 2789 3450 2845 ad
3480 2806 3653 2846 unum
3683 2808 3803 2847 om.

2190 2867 2278 2921 nia
2311 2869 2608 2940 redigentis
2628 2912 2640 2932 .
2673 2888 2775 2927 nec
2806 2874 2859 2927 in
2906 2890 3106 2945 genere
3145 2877 3384 2933 humano
3426 2880 3801 2937 multitudinis

2190 2956 2297 3009 ulla
2328 2958 2569 3027 potentia
2597 2970 2685 3015 est
2710 2962 2812 3016 nisi
2846 2964 3278 3031 consentientis;
3319 2968 3392 3022 ita
3434 2969 3492 3022 in
3531 2970 3802 3042 religione

2192 3047 2284 3115 qui
2314 3047 2380 3101 ad
2407 3064 2574 3102 unmn
2619 3059 2848 3117 vocant,
2889 3068 3078 3108 eorum
3119 3055 3295 3125 major
3335 3066 3391 3112 et
3431 3057 3536 3115 ﬁde
3582 3061 3801 3131 dignior

2186 3151 2305 3192 esse
2334 3138 2493 3193 debet
2519 3142 2836 3197 auctoritas.
2872 3164 2889 3195 ι

2260 3230 2368 3285 Vll.
2406 3230 2485 3284 Ex
2531 3231 2751 3298 homilia
2796 3229 2900 3289 xxv
2940 3238 3112 3294 sancti
3160 3238 3410 3312 Gregorii
3439 3259 3602 3314 papa:
3630 3260 3801 3316 super

2188 3320 2512 3391 Evangelia,
2545 3324 2781 3393 qualiter
2822 3328 2989 3381 etiam
3030 3329 3173 3399 apud
3212 3342 3433 3389 sanctos
3472 3336 3623 3391 Deus
3649 3353 3801 3406 qua:-

2187 3413 2389 3468 rendus
2418 3414 2486 3467 sit
2515 3432 2527 3465 :
2555 3434 2571 3464 ι
2604 3414 2919 3481 Quaerentes
2946 3430 3131 3475 autem
3159 3438 3259 3478 nos
3284 3425 3478 3495 vigiles
3508 3428 3801 3486 inveniunt

2188 3502 2282 3572 qui
2323 3503 2641 3558 custodiunt
2686 3507 3001 3587 civitatem;
3043 3511 3169 3579 quia
3208 3514 3384 3567 sancti
3423 3514 3655 3581 Patres,
3702 3520 3799 3589 qui

2186 3593 2445 3649 Ecclesiae
2490 3603 2690 3650 statum
2739 3580 3090 3667 custodiunt,
3136 3601 3294 3657 bonis
3348 3605 3555 3661 nostris.
3598 3580 3801 3666 stud-iis

2186 3694 2501 3751 occurrunt,
2534 3696 2594 3742 ut
2626 3704 2725 3744 suo
2752 3690 2840 3745 vel
2865 3693 3032 3747 ver‘Lo
3053 3693 3139 3749 vel
3162 3694 3366 3765 scripto
3388 3712 3489 3751 nos
3519 3700 3759 3757 doceant
3779 3719 3792 3733 ·

2185 3783 2324 3846 quos
2348 3791 2469 3831 cum
2494 3777 2772 3848 paululum
2811 3782 3243 3851 pertransimus,
3277 3785 3591 3843 invenimus
3626 3804 3794 3858 quem

2186 3869 2479 3941 diligimus.
2525 3870 2664 3938 Quia
2708 3872 3037 3945 Redemptor
3080 3884 3287 3943 noster,
3330 3879 3433 3933 etsi
3478 3880 3795 3938 humilitate

2184 3966 2347 4020 homo
2372 3966 2514 4020 inter
2543 3968 2791 4024 homines
2814 4009 2827 4034 ,
2862 3954 3144 4025 divinitate
3187 3980 3368 4028 tamen
3409 3970 3575 4045 supra
3616 3978 3795 4035 hami.

2184 4070 2282 4110 nes
2311 4054 2431 4109 fuit.
2464 4056 2597 4111 Cum
2628 4073 2758 4128 ergo
2792 4068 3140 4115 transeuntur
3178 4064 3399 4133 vigiles,
3432 4066 3667 4123 dilectus
3709 4073 3794 4127 in.

2183 4147 2435 4201 venitur:
2461 4148 2587 4218 quia
2610 4163 2733 4203 cmn
2755 4151 3050 4221 pr0phctas
3070 4161 3125 4207 et
3146 4156 3421 4225 apostolos
3442 4158 3587 4213 infra
3613 4162 3789 4233 ipsum

2182 4257 2303 4298 esse
2333 4244 2700 4315 conspicimus
2719 4286 2732 4307 ,
2766 4246 2914 4299 illum
2945 4249 3039 4318 qui
3070 4257 3265 4303 natura
3296 4251 3441 4305 Deus
3470 4262 3593 4317 est,
3622 4270 3788 4326 supra

2184 4336 2434 4391 homines
2462 4338 2891 4394 consideramus.
2926 4358 2945 4391 ι

492 4422 619 4479 nulli
647 4418 860 4492 putant)
891 4418 1232 4475 cadaverinis
1258 4418 1561 4482 nidoribus,
1596 4418 1692 4473 sed
1720 4419 1922 4474 divinis
1972 4422 2076 4476 bo-
2104 4448 2157 4511 D
2255 4428 2351 4483 His
2375 4430 2498 4484 inde
2522 4432 2786 4485 sententia
2808 4430 3017 4486 Cantici
3037 4432 3384 4489 Canticorum
3409 4434 3539 4505 (ubi
3567 4452 3634 4491 cx
3666 4453 3785 4507 per-

492 4514 717 4569 norihus
742 4511 997 4584 gaudent.
1028 4507 1252 4580 Cepiam
1267 4524 1397 4564 vero
1428 4508 1680 4564 nidorum
1710 4525 1960 4580 magnam
1976 4512 2079 4566 ha-

493 4606 623 4661 bent
652 4603 909 4672 undique,
938 4600 1050 4657 etsi
1080 4600 1545 4671 ampliusvellent,
1566 4601 1665 4672 ipsi
1698 4602 1801 4656 sibi
1832 4611 2083 4671 poterant

490 4698 765 4755 exhibere.
796 4695 902 4764 Qui
924 4711 1053 4767 ergo
1083 4694 1422 4751 divinitatem
1465 4694 1567 4749 siLi
1600 4706 1863 4764 arrogant
1922 4697 2083 4768 spiri-

496 4800 606 4850 tus.
644 4804 747 4843 non
783 4786 1070 4856 cujuslibet
1096 4787 1343 4856 corporis
1367 4786 1535 4852 fumo,
1576 4788 1673 4842 sed
1724 4788 2081 4858 supplicantis

489 4882 674 4937 animo
711 4879 1073 4943 delectantur,
1106 4878 1192 4932 cui
1240 4877 1471 4948 decepto
1509 4877 2081 4948 subjectoque‘domi-

488 4980 709 5036 nentur,
741 4968 1164 5025 intercludentes
1190 4966 1293 5023 iter
1317 4967 1384 5023 ad
1429 4967 1599 5023 Deum
1628 4984 1839 5037 verum,
1892 4987 1960 5026 ne
2009 4972 2081 5026 sit

491 5067 654 5121 homo
682 5064 826 5118 illius
867 5060 1220 5128 sacriﬁcium,
1275 5061 1402 5116 dum
1452 5061 1795 5116 sacriﬁcatur
1843 5064 2078 5133 cuipiam

489 5166 689 5225 praeter
719 5155 888 5209 illum.
924 5152 1076 5209 Unde
1100 5167 1260 5207 verus
1298 5152 1390 5207 ille
1415 5152 1700 5217 mediator,
1734 5154 1787 5207 in
1815 5162 2077 5224 quantum

492 5249 723 5300 formam
752 5244 895 5301 servi
926 5244 1220 5322 accipiens,
1263 5244 1530 5298 mediator
1558 5243 1785 5300 eﬁectus
1805 5256 1889 5301 est
1915 5246 2007 5301 Dei
2026 5256 2082 5301 et

492 5339 773 5394 hominum
814 5339 977 5393 homo
1003 5335 1256 5392 ChriStus
1285 5334 1466 5402 Iesus,
1510 5353 1633 5392 cum
1664 5339 1717 5393 in
1761 5338 1933 5396 forma
1980 5342 2077 5398 Dei

491 5430 818 5486 sacriﬁcium
853 5443 975 5484 cum
1003 5426 1164 5481 Patre
1187 5436 1387 5494 sumat,
1418 5443 1540 5482 cum
1569 5443 1677 5498 quo
1720 5438 1775 5485 et
1801 5447 1943 5487 unus
1995 5442 2081 5489 est

490 5522 658 5587 Deus,
683 5531 862 5575 tamen
887 5520 1133 5575 informa
1163 5518 1307 5575 servi
1349 5517 1680 5575 sacriﬁcium
1725 5522 1914 5577 maluit
1958 5540 2079 5581 esse

490 5629 654 5683 quam
685 5627 922 5678 sumere,
949 5626 1018 5667 ne
1042 5611 1127 5666 vel
1158 5611 1259 5666 hac
1278 5611 1566 5666 occasione
1599 5612 1885 5681 quisquam
1935 5617 2077 5672 exis-

490 5705 706 5763 timaret
739 5704 956 5759 tirilil-et
985 5702 1403 5759 sacriﬁcandum
1432 5718 1552 5758 esse
1579 5713 1863 5760 creaturae.
1918 5728 1933 5758 ι

2186 4533 2319 4574 sona
2349 4530 2553 4575 sancta:
2582 4517 2839 4577 Ecclesiae
2868 4524 3068 4580 dicitur
3094 4543 3106 4577 :
3141 4524 3459 4580 Invenerunt
3492 4545 3574 4582 me
3606 4531 3786 4600 rigiles

2183 4612 2274 4683 qui
2303 4612 2603 4666 custodiunt
2655 4613 2938 4668 civitatem.
2996 4615 3143 4669 Num
3181 4633 3334 4687 quem
3380 4616 3569 4671 dilexit
3599 4620 3782 4673 animo

2183 4720 2298 4758 mea
2321 4704 2524 4757 vidistis
2544 4705 2567 4757 7
2590 4700 2881 4758 Paululum
2906 4722 3024 4760 cum
3048 4710 3449 4777 pertransissem
3471 4726 3580 4774 cos,
3607 4710 3783 4765 int-eui

2180 4811 2332 4865 quem
2361 4793 2534 4865 diligit
2559 4795 2739 4849 anima
2764 4812 2879 4850 mea
2904 4795 2958 4868 :)
2989 4812 3056 4855 ex
3100 4797 3359 4867 pnndicta
3399 4799 3625 4855 homilia
3660 4802 3785 4859 bre-

2183 4886 2323 4939 viter
2364 4886 2658 4950 adnotatis,
2719 4903 2864 4943 nunc
2896 4887 3177 4942 videamus
3206 4889 3335 4958 quid
3361 4889 3504 4944 idem
3533 4890 3701 4948 Pater
3726 4894 3782 4949 iu

2182 4978 2321 5033 libro
2348 4995 2482 5033 xvm
2513 4979 2909 5049 explanationis
2942 4980 2996 5033 in
3024 4978 3124 5034 Job
3152 4981 3217 5035 de
3242 4980 3448 5036 eisdem
3478 4982 3666 5038 verbis
3696 4984 3779 5038 di-

2182 5079 2289 5125 cat.
2318 5071 2409 5124 Ait
2434 5085 2562 5141 ergo
2590 5070 2759 5142 (Cap.
2788 5071 2895 5140 55)
2926 5088 2938 5122 :
2972 5089 2990 5119 ι
3021 5069 3155 5125 Cum
3187 5072 3583 5141 redemptorem
3616 5089 3780 5129 suum

2182 5159 2423 5215 Ecclesia
2466 5168 2735 5229 quazreret
2756 5199 2770 5224 ,
2805 5160 2860 5214 in
2892 5159 3023 5230 ipsis
3055 5160 3294 5231 antiquis
3325 5162 3779 5231 praedicatoribus

2181 5266 2329 5321 spem
2362 5251 2529 5322 ﬁgere
2566 5251 2770 5317 noluit,
2814 5266 2935 5320 quae
2975 5251 3144 5305 dicit:
3191 5250 3482 5305 Paululum
3509 5268 3630 5305 cum
3658 5272 3780 5325 per-

2180 5343 2624 5408 transissemgeos,
2655 5341 2827 5395 inveni
2854 5357 3005 5412 quem
3036 5340 3207 5411 diligit
3238 5340 3419 5409 anima
3449 5358 3585 5397 mea.
3619 5343 3774 5399 Illum

2180 5431 2381 5502 quippe
2410 5431 2655 5485 invenire
2686 5446 2791 5486 non
2820 5440 3035 5500 posset,
3061 5432 3114 5494 si
3144 5432 3277 5487 istos
3306 5435 3541 5489 transire
3572 5436 3779 5491 noluis-

2180 5533 2282 5579 set.
2316 5545 2332 5575 ›
2361 5523 2611 5578 Consona
2654 5523 2779 5578 huic
2810 5523 3103 5579 intellectui
3133 5525 3326 5581 beatus
3352 5526 3691 5596 Augustinus
3721 5528 3775 5583 in

2181 5614 2397 5670 homilia
2424 5615 2595 5684 prima
2618 5614 2895 5684 Evangelii
2922 5615 3214 5669 secundum
3240 5615 3503 5670 Joannem
3532 5617 3775 5687 loquitur

2185 5708 2371 5762 dicens
2401 5707 2605 5777 (Tract.
2638 5705 2677 5777 ι)
2706 5725 2718 5760 :
2753 5724 2768 5758 ι
2797 5707 2871 5760 De
2902 5707 3032 5774 ipsis
3061 5709 3334 5764 montibus
3373 5719 3454 5763 est
3492 5708 3764 5767 Joannes:
