3930 6318
160 336 272 403 eos

1177 332 1373 387 Liliiili
1420 330 1507 385 DE.
1545 325 1943 383 liiAGiNiBUS
1980 320 2424 380 SANCTO‘RUM.

3345 314 3452 375 206

164 453 232 508 de
269 452 472 523 quibus
502 444 661 521 paulo
690 456 814 501 ante
844 444 1212 507 enatavimus,
1244 445 1486 499 dcentes
1513 460 1524 493 :
1574 436 1759 492 Levavi
1788 444 1832 501 Α
1866 453 1987 490 nem
2017 452 2101 491 me
2126 436 2290 491 vultis
2314 451 2455 502 esse,
2486 445 2542 489 ut
2567 435 2757 505 loquar
2783 438 2972 489 contra
3004 430 3305 488 veritatem.
3332 433 3449 487 Non

164 543 347 598 oculos
378 559 518 597 meos
548 541 615 594 ad
647 548 880 603 montes,
927 538 1067 591 unde
1108 536 1273 590 veniet
1314 534 1575 588 auxilium
1616 531 1762 585 mihi.

166 635 337 706 Ergo,
372 634 566 688 fratres
596 630 904 685 charissimi
925 670 939 695 ,
971 628 1017 683 si
1046 627 1212 681 vultis
1242 624 1562 694 intelligere,
1594 622 1769 675 levate

164 724 357 780 oculos
406 722 475 777 ad
527 722 692 775 istum
740 727 1017 782 montem,
1064 717 1117 771 id
1163 723 1278 780 est,
1315 713 1510 784 erigite
1557 726 1653 765 vos
1698 711 1769 764 ad

164 819 589 889 evangelistam,
622 814 814 885 erigite
841 827 940 867 vos
970 812 1039 864 ad
1068 807 1185 876 ejus
1215 819 1455 861 sensum.
1502 802 1609 856 Sed
1640 802 1767 869 quia

164 919 385 967 montes
430 908 521 965 isti
573 922 764 978 pacem
816 903 1153 974 suscipiunt,
1204 913 1311 953 non
1359 904 1537 967 potest
1584 902 1765 947 autem

165 1017 290 1059 esse
334 1001 392 1055 in
434 1013 568 1070 pace
612 997 705 1067 qui
750 1009 902 1065 spem
938 992 1092 1063 ponit
1121 991 1175 1044 in
1204 988 1461 1050 homine;
1496 982 1660 1038 nolite
1688 983 1769 1036 sic

166 1093 383 1162 erigere
429 1089 617 1145 oculos
664 1088 718 1141 in
762 1092 1037 1148 montem,
1088 1090 1148 1135 ut
1195 1080 1399 1150 putetis
1442 1078 1496 1130 in
1551 1075 1768 1130 homine

166 1198 324 1254 spem
353 1188 592 1236 vestram
622 1191 744 1233 esse
768 1171 1170 1251 collocandam,
1212 1180 1267 1225 et
1307 1169 1386 1224 sic
1426 1166 1627 1222 dicite:
1670 1163 1768 1217 Le-

166 1276 284 1331 vavi
329 1272 507 1327 oculos
548 1286 689 1324 meos
728 1268 783 1320 in
824 1274 1062 1327 montes,
1109 1262 1249 1316 unde
1297 1261 1461 1315 veniet
1503 1255 1766 1310 auxilium

166 1366 322 1430 mihi,
372 1373 432 1418 ut
459 1363 641 1418 statim
670 1358 1007 1428 subjungatis
1031 1374 1044 1409 :
1092 1354 1367 1409 Auxilium
1394 1366 1567 1404 meum
1594 1366 1625 1402 a
1658 1347 1767 1401 Do:-

169 1459 312 1511 mino
338 1456 428 1526 qui
456 1454 575 1525 fecit
604 1451 787 1506 caelum
818 1460 863 1503 et
897 1458 1112 1502 terram.
1146 1446 1287 1515 Ergo
1316 1444 1559 1496 levemus
1582 1438 1767 1493 oculos

169 1549 226 1602 in
272 1554 519 1608 montes,
565 1544 708 1597 unde
747 1539 929 1594 veniet
972 1537 1231 1591 auxilium
1275 1532 1450 1587 nobis.
1490 1531 1558 1585 Et
1584 1537 1766 1583 tamen

168 1654 279 1691 non
307 1636 409 1706 ipsi
435 1642 648 1688 montes
671 1639 825 1695 sunt,
856 1630 908 1682 in
932 1627 1128 1697 quibus
1153 1638 1274 1695 spes
1302 1629 1488 1676 nostra
1516 1617 1764 1690 ponenda

168 1737 273 1784 est.
306 1725 595 1795 Accipiunt
620 1722 764 1777 enim
805 1729 1020 1774 montes
1063 1714 1207 1787 quod
1240 1713 1391 1768 vobis
1432 1710 1760 1779 ministrent.

1867 537 2045 600 potest
2089 529 2250 583 homo
2296 528 2540 597 accipere
2581 527 2906 597 quidquam,
2942 524 3046 578 nisi
3075 524 3257 579 datum
3288 523 3454 578 fuerit

1867 618 1919 674 ei
1961 619 2027 673 de
2070 618 2227 673 coelo.
2275 618 2379 689 ipsi
2427 633 2522 672 vos
2566 617 2695 671 mihi
2744 615 3113 671 testimonium
3157 615 3456 684 perhibetis

1868 712 2011 781 quod
2057 712 2325 766 dixerim:
2372 710 2485 781 Ego
2530 727 2632 764 non
2679 726 2794 764 sum
2838 706 3099 763 Christus.
3151 707 3267 762 Non
3308 722 3368 763 cs
3398 717 3453 760 tu

1867 800 2120 854 Christus
2148 801 2160 852 ἰ
2195 799 2299 854 Sed
2329 799 2459 869 quid
2488 799 2535 853 si
2566 797 2739 866 major
2778 796 2901 861 illo,
2929 798 3055 866 quia
3087 805 3144 851 tu
3174 796 3325 851 illum
3365 797 3457 849 ira-

1868 891 2130 962 ptizasti?
2177 891 2374 946 Missus
2419 907 2559 945 sum.
2610 891 2723 961 Ego
2752 903 2932 959 praeco
2960 904 3115 955 sum,
3160 889 3251 944 ille
3287 889 3453 960 judex

1868 991 1970 1037 est.
2001 983 2069 1036 Et
2096 983 2220 1037 audi
2251 981 2620 1038 testimonium
2648 979 2820 1035 multo
2848 980 3244 1045 vehementius,
3285 979 3457 1034 multo

1868 1072 2197 1143 expressius.
2255 1072 2445 1127 Videte
2495 1070 2624 1138 quid
2673 1068 2955 1123 nobiscum
3010 1067 3208 1137 agitur.
3265 1066 3457 1123 Videte

1868 1165 1998 1235 quid
2043 1179 2228 1218 amare
2278 1162 2589 1217 debeamus.
2625 1160 2813 1215 Videte
2842 1159 2968 1229 quia
3010 1158 3245 1228 aliquem
3286 1156 3457 1212 homi-

1868 1270 1993 1309 nem
2023 1264 2209 1308 amare
2236 1269 2348 1323 pra:
2379 1251 2624 1318 Christo,
2657 1250 2983 1305 adulterium
3012 1263 3112 1305 est.
3147 1248 3325 1316 Quare
3353 1249 3457 1302 hoc

1868 1344 2023 1408 dico,
2052 1345 2392 1398 attendamus
2420 1357 2610 1396 vocem
2640 1340 2885 1395 Joannis.
2919 1339 3138 1396 Poterat
3169 1341 3222 1393 in
3254 1339 3345 1393 illo
3370 1356 3455 1393 er-

1871 1435 1980 1487 rari
2010 1452 2023 1499 ;
2052 1443 2265 1504 poterat
2293 1435 2408 1503 ipse
2434 1432 2616 1502 putari
2646 1432 2739 1500 qui
2779 1446 2893 1493 non
2915 1440 3031 1485 erat
3056 1449 3068 1483 :
3100 1431 3307 1500 respuit
3335 1446 3364 1484 a
3396 1445 3455 1485 se

1869 1526 2061 1580 falsum
2112 1527 2407 1590 honorem,
2456 1532 2516 1578 ut
2562 1530 2743 1578 teneat
2769 1522 2997 1577 solidam
3024 1522 3330 1577 veritatem.
3364 1520 3456 1575 Vi-

1867 1615 1990 1670 dete
2017 1616 2145 1686 quid
2174 1616 2320 1670 dicat
2349 1614 2627 1670 Christum
2645 1654 2660 1679 ,
2690 1613 2821 1682 quid
2848 1628 2945 1679 se;
2983 1611 3088 1678 Qui
3112 1611 3266 1666 habet
3292 1627 3452 1681 spon-

1867 1724 2011 1772 sam,
2041 1723 2260 1777 sponsus
2288 1715 2380 1771 est.
2409 1706 2558 1761 Casti
2581 1712 2783 1785 estote,
2808 1719 3064 1774 sponsum
3090 1711 3285 1757 amate.
3316 1701 3453 1770 Quid

170 1818 328 1875 Unde
353 1825 408 1871 et
434 1794 649 1868 montes
672 1810 945 1879 accipiunt
968 1807 1060 1862 ubi
1084 1820 1209 1876 spes
1228 1801 1477 1873 ponenda
1504 1809 1617 1865 est,
1642 1814 1765 1852 cum
1794 1800 1840 1857 Β
1870 1808 2051 1852 autem
2084 1806 2138 1851 tu
2169 1798 2269 1852 es?
2298 1798 2436 1864 Quid
2463 1796 2619 1851 nobis
2647 1794 2822 1851 dicis?
2854 1794 2957 1862 Qui
2982 1794 3136 1848 habet
3172 1809 3417 1865 sponsam
3435 1832 3448 1853 ,

168 1908 358 1965 oculos
388 1914 604 1961 nostros
632 1903 877 1957 levamus
909 1900 977 1953 ad
1005 1898 1318 1967 Seripturas
1338 1935 1352 1960 ,
1384 1894 1511 1963 quia
1538 1907 1637 1962 per
1667 1891 1762 1945 ho—

170 2000 349 2054 mines
377 1996 698 2051 ministrata:
724 1999 851 2046 sunt
881 1990 1195 2059 Scripturas.
1225 1986 1550 2042 Levavimus
1577 1982 1764 2038 oculos

169 2099 387 2146 nostros
416 2088 485 2142 ad
512 2094 723 2140 montes
752 2083 896 2137 unde
923 2081 1182 2135 auxilium
1211 2078 1410 2133 veniet.
1446 2075 1553 2131 Sed
1583 2085 1761 2130 tamen

169 2182 296 2252 quia
340 2179 441 2249 ipsi
486 2176 731 2231 homines
772 2175 862 2242 qui
910 2172 1246 2240 scripserunt
1285 2167 1624 2237 Seripturas,
1657 2180 1763 2220 non

170 2273 237 2328 de
268 2286 328 2326 se
355 2262 648 2332 lucebunt;
684 2265 817 2336 (sed
845 2264 933 2318 ille
962 2271 1081 2317 erat
1107 2261 1287 2314 lumen
1316 2259 1530 2312 illorum
1562 2258 1653 2327 qui
1694 2257 1764 2310 il-

170 2362 398 2415 luminat
442 2358 706 2411 hominem
752 2369 958 2408 onmcm
1006 2352 1293 2405 venientem
1337 2349 1392 2401 in
1434 2347 1572 2401 hunc
1612 2364 1765 2401 mun-

169 2454 294 2505 dum
320 2469 337 2517 ;
368 2461 425 2506 et
454 2464 612 2503 mons
640 2456 760 2501 erat
792 2445 879 2499 ille
905 2442 1139 2499 Joannes
1164 2441 1405 2512 Baptista
1427 2479 1440 2503 ,
1471 2439 1563 2509 qui
1594 2439 1761 2502 dixit,

171 2542 296 2598 Non
324 2552 441 2595 sunt
470 2556 562 2609 ego
588 2538 831 2592 Christus
855 2577 868 2602 ,
900 2550 967 2589 ne
993 2534 1281 2604 quisquam
1316 2532 1369 2585 in
1398 2538 1582 2585 monte
1612 2546 1764 2600 spem

170 2646 379 2706 ponens
398 2671 412 2696 ,
444 2631 663 2685 caderet
692 2629 761 2682 ab
789 2626 879 2681 illo
905 2624 996 2694 qui
1029 2632 1242 2677 montes
1270 2621 1523 2675 illustrat.
1554 2620 1623 2673 Et
1652 2621 1766 2690 ipse

170 2725 489 2784 confessus,
519 2722 633 2774 ait:
683 2717 945 2784 Quoniam
984 2716 1049 2768 de
1087 2713 1413 2785 plenitudine
1441 2712 1555 2781 ejus
1586 2726 1763 2765 omnes

172 2815 488 2885 accepimus,
516 2809 534 2883 )
565 2811 640 2864 ita
671 2808 836 2862 debes
866 2806 1081 2861 dicere':
1116 2801 1301 2856 Levavi
1332 2799 1509 2854 oculos
1539 2815 1679 2853 meos
1708 2800 1764 2854 in

172 2918 395 2971 montes,
418 2903 557 2958 unde
582 2903 743 2956 veniet
772 2898 1030 2953 auxilium
1049 2896 1203 2961 “mihi.
1230 2893 1308 2949 Ne
1334 2893 1594 2947 auxilium
1621 2892 1765 2963 quod

171 3001 269 3055 tibi
298 3000 479 3061 venit,
525 2995 798 3050 montibus
848 2991 1115 3061 imputes,
1156 2987 1250 3042 sed
1293 2984 1542 3054 sequaris
1577 2992 1633 3038 et
1685 2983 1766 3037 di-

172 3108 304 3146 eas:
347 3086 621 3141 Auxilium
659 3098 833 3135 meum
875 3099 907 3133 a
950 3079 1177 3133 Domino
1220 3076 1313 3146 qui
1340 3075 1461 3145 fecit
1491 3072 1676 3128 cmlum
1716 3081 1765 3125 et

172 3193 389 3237 terram.
439 3178 614 3245 Ergo,
663 3173 897 3235 fratres,
941 3170 1009 3223 ad
1050 3170 1154 3223 hoc
1195 3168 1298 3221 ista
1336 3165 1670 3228 monuerim,
1702 3171 1763 3217 ut
1790 3151 1832 3212 C

170 3273 390 3345 quando
433 3268 685 3325 erexistis
724 3280 819 3320 cor
862 3263 932 3317 ad
972 3261 1322 3331 Scripturas,
1368 3272 1492 3312 cum
1538 3263 1761 3310 sonaret

170 3342 524 3432 Cvangeiium
553 3376 564 3409 :
598 3346 665 3409 In
704 3353 962 3425 principio
1001 3358 1113 3404 erat
1156 3346 1415 3410 Verbum,
1442 3352 1493 3398 et
1533 3342 1761 3396 Verbum

168 3463 283 3509 erat
330 3448 472 3520 apud
511 3446 681 3500 Deum
705 3483 719 3509 ,
748 3452 796 3496 et
822 3440 964 3495 Deus
1006 3446 1118 3491 erat
1173 3434 1428 3497 Verbum,
1458 3442 1514 3488 et
1542 3439 1759 3486 etetera.

168 3544 301 3612 Qua:
345 3541 483 3595 lecta
531 3545 657 3592 sunt
697 3542 770 3589 nt'
799 3529 1112 3600 intelligatis
1136 3541 1233 3581 vos
1262 3525 1470 3580 levasse
1499 3523 1683 3578 oculos
1709 3522 1763 3576 in
1788 3594 1792 3598 Δ

169 3642 407 3691 montes.
441 3630 557 3685 Nisi
586 3629 730 3683 enim
761 3626 865 3679 ista
896 3623 1172 3684 dicerent,
1204 3619 1348 3673 unde
1372 3617 1595 3671 omnino
1625 3614 1767 3685 cogi-

168 3725 386 3789 taretis,
407 3736 517 3776 non
538 3715 876 3772 inveniretis.
900 3712 1040 3779 Ergo
1059 3724 1127 3763 ex
1149 3707 1422 3761 montibus
1444 3705 1592 3759 venit
1611 3704 1764 3759 vobis

168 3815 465 3878 auxilium,
496 3819 557 3864 ut
582 3810 697 3863 hate
726 3804 812 3860 vel
839 3802 1137 3857 audiretis:
1173 3800 1219 3854 si
1257 3798 1494 3853 nomium
1538 3797 1765 3866 potestis

169 3905 479 3974 intelligere
519 3898 663 3969 quod
688 3894 947 3957 audistis,
997 3892 1243 3945 invocate
1282 3888 1540 3942 auxilium
1584 3904 1617 3939 a
1656 3887 1764 3940 Do-

166 4000 315 4054 mino
343 3995 433 4065 qui
463 3992 582 4061 fecit
614 3987 798 4043 uelum
828 3995 875 4039 et
902 3995 1135 4046 terram,
1167 3981 1293 4050 quia
1325 3988 1536 4033 montes
1567 3978 1645 4032 sic
1671 3993 1766 4047 po-

171 4094 395 4145 tuerunt
421 4082 565 4151 loQui
588 4121 603 4145 ,
633 4088 692 4134 ut
721 4094 827 4133 non
856 4075 1065 4147 possint
1108 4072 1205 4142 ipsi
1251 4070 1556 4125 illuminare
1578 4109 1591 4133 ,
1635 4069 1764 4138 quia

167 4192 226 4239 et
254 4178 358 4250 ipsi
404 4171 693 4231 iiluminati
730 4177 857 4223 sunt
885 4166 1171 4221 audiendo.
1205 4164 1333 4217 inde
1363 4162 1454 4231 qui
1487 4161 1599 4216 haec
1630 4162 1766 4216 dixit

167 4270 413 4339 accepit,
446 4264 681 4320 Joannes
720 4261 835 4322 ille,
880 4257 1112 4319 fratres,
1142 4254 1233 4324 qui
1273 4253 1648 4308 discumbebat
1679 4268 1764 4306 su-

165 4378 269 4435 per
311 4366 505 4430 pectus
546 4352 794 4416 Domini,
839 4356 893 4404 et
933 4347 1001 4401 de
1045 4356 1266 4416 pectore
1299 4344 1515 4399 Domini
1546 4343 1763 4399 bibebat

166 4433 316 4524 quod
344 4448 503 4503 nobis
542 4444 872 4515 propinaret.
906 4437 1012 4492 Sed
1038 4435 1346 4506 propinavit
1374 4436 1559 4495 verba.
1596 4433 1761 4489 intel-

166 4543 371 4599 lectum
403 4546 585 4592 autem
613 4534 737 4589 inde
764 4532 928 4586 debes
957 4543 1150 4598 capere
1171 4568 1185 4591 ,
1219 4528 1361 4581 unde
1389 4535 1443 4581 et
1472 4528 1586 4597 ipse
1617 4527 1761 4582 bihc-
1785 4530 1838 4589 D

167 4640 283 4703 rat,
314 4630 408 4699 qui
440 4628 536 4682 tibi
568 4622 891 4695 propinavit.
932 4640 948 4671 ι
973 4619 1094 4674 istis
1121 4620 1283 4673 etiam
1312 4618 1464 4688 paria
1496 4618 1586 4671 hic
1614 4618 1757 4673 idem

166 4724 361 4778 doctor
376 4721 429 4773 in
453 4716 695 4788 pnedieti
721 4712 900 4783 operis
924 4710 1144 4766 homiiia
1169 4708 1484 4764 duodecima
1502 4708 1760 4777 loquitur,

165 4829 291 4869 cum
325 4810 493 4865 verba
526 4807 747 4861 Joannis
776 4805 1029 4875 Baptista:
1059 4808 1349 4864 tractaret,
1382 4801 1473 4869 qui
1504 4802 1570 4855 ad
1600 4802 1759 4854 disci—

164 4902 325 4974 pulos
356 4913 484 4953 suos
513 4897 751 4951 Joannes
780 4893 1090 4964 respondit,
1124 4891 1308 4946 dicens
1339 4908 1351 4943 :
1383 4909 1401 4940 ι
1437 4890 1551 4944 Non
1584 4899 1761 4959 potest

166 4995 335 5049 homo
381 4990 628 5059 accipere
674 4986 1001 5055 quidquam,
1027 4982 1155 5051 _nisi
1199 4982 1381 5037 datum
1423 4978 1586 5034 fuerit
1615 4981 1662 5035 ei
1694 4982 1761 5034 de

165 5086 334 5142 cmlo.
370 5083 475 5154 ipsi
504 5096 603 5136 vos
628 5078 760 5133 mihi
789 5076 1158 5132 testimonium
1186 5072 1484 5143 perhibetis
1510 5072 1651 5141 quod
1682 5072 1761 5127 di¢

170 5176 392 5231 xerim:
437 5172 553 5242 Ego
603 5186 705 5224 non
750 5184 866 5222 sum
912 5164 1173 5219 Christus.
1206 5163 1485 5233 Tanquam
1530 5162 1757 5216 dicens:

168 5265 310 5333 Quid
342 5279 443 5319 vos
470 5259 698 5316 fallitis?
733 5259 836 5313 Vos
866 5258 965 5326 ipsi
997 5256 1129 5309 mihi
1170 5254 1442 5325 quomodo
1481 5253 1765 5322 proposui-

168 5358 267 5414 stis
300 5357 466 5410 istam
493 5349 886 5422 qumstionem?
913 5347 1051 5415 Quid
1087 5345 1219 5399 mihi
1262 5344 1513 5398 dixistis?
1560 5342 1762 5409 Rabbi,

168 5449 257 5521 qui
286 5455 404 5501 erat
436 5455 607 5497 tecum
640 5453 786 5495 trans
808 5438 1129 5502 Iordanem,
1159 5438 1243 5490 cui
1271 5436 1621 5490 testimonium
1648 5452 1765 5504 per-

169 5535 384 5592 hibuisti
410 5534 435 5587 .9
464 5532 645 5586 Nostis
674 5545 804 5599 ergo
830 5529 989 5600 quale
1015 5526 1380 5582 testimonium
1412 5525 1485 5579 illi
1514 5523 1765 5595 perhibui

173 5626 377 5683 modo?
406 5624 664 5679 Dicturus
701 5636 817 5674 sum
848 5636 953 5675 non
986 5634 1103 5673 esse
1134 5618 1283 5672 illum
1316 5632 1476 5686 quem
1506 5616 1617 5670 dixi
1648 5630 1767 5671 esse

172 5733 287 5789 (go,
309 5718 402 5787 qui
429 5714 639 5784 aliquid
663 5711 843 5781 accepi
868 5711 932 5766 de
955 5711 1110 5776 cado,
1144 5719 1203 5763 ut
1220 5708 1420 5778 aliquid
1435 5724 1629 5763 CSSC-lli.
1652 5708 1770 5762 ina-

1863 1906 2084 1961 sponsus
2120 1899 2230 1955 est;
2274 1889 2474 1943 amicus
2520 1899 2692 1942 autem
2734 1888 2943 1959 sponsi,
2974 1888 3063 1958 qui
3090 1895 3195 1941 stat
3224 1894 3271 1939 et
3302 1885 3452 1939 audit

1863 2000 1980 2037 eum
2001 2024 2014 2049 ,
2045 1982 2239 2054 gaudio
2278 1982 2468 2052 gaudet
2498 1990 2723 2053 propter
2760 1997 2935 2035 vocem
2961 1980 3156 2050 sponsi.
3190 1997 3208 2031 ι
3236 1977 3305 2032 Et
3330 1984 3457 2047 post

1864 2090 2032 2145 pauca
2059 2090 2072 2129 :
2103 2095 2121 2126 ‹
2151 2074 2311 2139 Vide,
2344 2074 2548 2144 inquit,
2582 2084 2817 2131 stantem
2847 2072 2902 2127 in
2930 2071 3139 2127 solido:
3174 2068 3299 2123 Non
3338 2085 3453 2123 sum

1864 2165 2053 2235 dignus
2099 2165 2380 2235 corrigiam
2423 2164 2753 2219 calciamenti
2797 2164 2912 2234 ejus
2958 2160 3172 2217 solvere.
3214 2160 3360 2215 Bene
3402 2171 3455 2214 te

1866 2257 2120 2313 humilias
2142 2298 2157 2323 ,
2188 2258 2383 2312 merito
2412 2266 2547 2323 stas,
2578 2258 2775 2313 merito
2803 2272 2907 2312 non
2936 2257 3106 2321 cadis,
3140 2256 3337 2311 merito
3365 2270 3459 2309 au-

1866 2350 1976 2415 dis,
2009 2357 2063 2405 et
2093 2349 2290 2421 gaudio
2320 2352 2524 2420 gaudes
2552 2346 2774 2420 propter
2803 2358 2988 2402 vocem
3022 2346 3227 2417 sponsi.
3269 2344 3362 2400 Sic
3401 2352 3459 2399 et

1863 2440 2155 2511 Apostolus
2185 2442 2392 2496 amicus
2421 2441 2604 2511 sponsi
2634 2442 2805 2506 zelat,
2832 2448 2887 2494 ‘et
2916 2439 3031 2509 ipse
3060 2452 3164 2493 non
3192 2437 3325 2501 sibi,
3361 2439 3458 2491 sed

1867 2548 2083 2602 sponso.
2114 2532 2311 2588 Audiat
2342 2547 2526 2587 vocem
2556 2532 2781 2587 zelantis
2807 2531 2926 2586 zelo
2955 2530 3070 2586 Dei.
3101 2530 3210 2585 Vos
3236 2528 3352 2584 zelo
3378 2529 3460 2585 di-

1868 2625 1975 2690 xit,
2009 2640 2114 2679 non
2146 2639 2267 2680 meo
2287 2665 2302 2691 ,
2335 2640 2440 2679 non
2473 2625 2603 2678 mihi
2625 2666 2639 2691 ,
2672 2624 2766 2679 sed
2795 2624 2910 2679 zelo
2942 2623 3057 2678 Dei.
3094 2622 3292 2679 Unde?
3320 2620 3458 2689 Quo-

1867 2716 2071 2771 modo?
2101 2715 2268 2783 Quem
2298 2716 2443 2771 zelas
2464 2757 2478 2781 ,
2512 2716 2597 2771 cui
2628 2715 2809 2770 zelas?
2850 2714 3171 2785 Desponsavi
3200 2709 3339 2767 enim
3370 2729 3457 2768 vos

1866 2813 1958 2901 uni
1986 2813 2116 2875 viro,
2143 2810 2392 2880 virginem
2420 2820 2620 2864 castam
2646 2794 2884 2864 tea/libere
2910 2808 3137 2863 Christo.
3164 2807 3303 2874 Quid
3327 2822 3459 2877 ergo

1866 2896 2072 2955 times?
2098 2899 2275 2966 Quare
2304 2899 2491 2954 zeias?
2526 2897 2723 2963 Timeo,
2757 2897 2962 2967 inquit,
2995 2909 3057 2950 ne
3086 2896 3219 2949 sicut
3247 2911 3457 2966 serpens

1870 2989 2035 3045 Evam
2061 2989 2269 3043 seduxit
2292 2991 2487 3043 astutia
2511 3002 2628 3055 sua,
2653 2989 2728 3043 sic
2752 2998 2800 3041 et
2826 2989 2980 3048 vestri
3006 3003 3191 3042 sensus
3220 3004 3459 3041 corrum-

1867 3092 2065 3152 pantur
2088 3098 2118 3134 a
2150 3082 2390 3135 castitate
2410 3121 2424 3145 ,
2454 3094 2570 3150 quia
2597 3090 2670 3136 est
2702 3081 2756 3133 in
2787 3078 3016 3133 Christo.
3049 3077 3237 3134 Omnis
3265 3078 3457 3140 Eccle-

1864 3174 1945 3228 sia
1969 3213 1983 3238 ,
2014 3174 2165 3243 virgo
2190 3173 2454 3243 appellata
2494 3180 2597 3227 est.
2645 3172 2865 3227 Diversa
2903 3184 3025 3226 esse
3066 3169 3308 3225 membra
3353 3169 3459 3225 Ec-

1865 3265 2065 3330 clesice,
2102 3266 2331 3320 ditersis
2352 3265 2558 3335 pollere
2582 3264 2736 3319 donis
2763 3262 2957 3319 videtis
2994 3271 3158 3333 atque
3185 3262 3454 3334 gaudetis.

1862 3357 1967 3412 Alii
1997 3356 2269 3429 conjugati
2289 3398 2302 3422 ,
2336 3357 2455 3412 aliae
2484 3357 2787 3429 conjugatae
2814 3373 2830 3424 ;
2859 3355 2953 3411 alii
2994 3356 3193 3411 viduali
3213 3395 3229 3421 ,
3257 3369 3458 3411 uxores

1865 3448 2006 3502 ultra
2033 3464 2141 3503 non
2170 3457 2419 3517 quaerunt
2443 3465 2457 3513 ;
2488 3447 2605 3501 alia:
2633 3448 2865 3502 viduataa
2883 3487 2898 3512 ,
2929 3443 3154 3499 maritos
3179 3444 3319 3498 ultra
3349 3457 3456 3497 non

1865 3547 2151 3610 quaerunt;
2184 3541 2274 3595 alii
2304 3542 2670 3611 integritatem
2702 3541 2770 3595 ab
2800 3542 3018 3595 ineunte
3045 3547 3203 3595 aetate
3239 3555 3458 3596 conser-

1867 3638 1994 3683 vant
2017 3646 2030 3694 ;
2065 3630 2183 3685 alia:
2210 3631 2579 3700 virginimtem
2604 3646 2757 3685 suam
2783 3630 2894 3685 Deo
2919 3640 3202 3685 voverunt.
3232 3632 3456 3687 Diversa

1866 3730 1993 3777 sunt
2016 3736 2239 3776 munera
2264 3739 2278 3788 ;
2307 3723 2401 3777 sed
2424 3738 2613 3777 onmes
2635 3706 2752 3785 isti,
2780 3738 2887 3775 una
2912 3722 3064 3793 virgo
3087 3730 3189 3779 est.
3222 3722 3324 3779 Ubi
3352 3724 3455 3780 ista

1837 3815 2189 3888 virginitas?
2219 3813 2335 3869 Non
2381 3815 2525 3869 enim
2565 3814 2619 3868 in
2663 3828 2912 3884 corpore.
2955 3815 3012 3869 in
3056 3831 3284 3886 corpore
3324 3821 3456 3887 pst-

1865 3912 2053 3961 earum
2094 3904 2441 3961 feminarum.
2491 3905 2607 3960 Etsi
2650 3906 2758 3961 dici
2799 3905 3084 3976 virginitas
3112 3907 3165 3961 in
3195 3907 3328 3963 viris
3368 3925 3458 3979 po-

1869 4005 2005 4061 test,
2034 4011 2331 4067 paucorum
2362 3996 2644 4051 sanctitas.
2689 3995 2978 4068 integritas
3015 3998 3181 4052 etiam
3211 3999 3457 4070 corporis

1865 4100 1949 4145 est
1977 4091 2031 4144 in
2063 4089 2334 4157 Ecclesia,
2368 4093 2423 4144 et
2449 4088 2817 4145 honorabilius
2843 4091 3147 4144 membrum
3186 4100 3289 4146 est.
3334 4091 3455 4146 Alia

1865 4190 2047 4237 autem
2075 4186 2201 4236 sunt
2224 4182 2466 4237 membra
2491 4181 2545 4237 in
2573 4197 2799 4251 corpore
2824 4201 2837 4235 :
2867 4183 2963 4237 sed
2988 4184 3171 4239 omnia
3196 4184 3250 4238 in
3274 4194 3458 4242 mente

1864 4284 2086 4329 servant
2111 4273 2498 4345 virginitatem.
2531 4275 2662 4342 Quae
2687 4288 2771 4329 est
2797 4276 3084 4347 virginitas
3111 4279 3351 4334 mentis?
3374 4278 3456 4334 in-

1865 4376 2015 4437 tegra
2046 4367 2209 4431 ﬁdes,
2241 4366 2415 4422 solida
2447 4378 2601 4437 Spes,
2633 4367 2843 4423 sincera
2873 4370 3133 4425 Charitas.
3167 4369 3317 4427 lianc
3345 4373 3456 4427 vir-

1865 4458 2148 4528 ginitatem
2180 4456 2405 4513 timebat
2434 4458 2526 4513 ille
2553 4461 2645 4528 qui
2676 4459 2889 4515 zelabat
2915 4476 3113 4531 sponso
3143 4477 3173 4516 a
3203 4472 3456 4533 serpente

1864 4551 2160 4621 corrumpi.
2194 4550 2347 4606 Sicut
2374 4547 2518 4606 enim
2546 4551 2847 4607 membrum
2874 4555 3117 4623 corporis
3142 4555 3376 4611 violatur
3400 4557 3454 4611 in

1863 4645 2097 4714 quodam
2143 4646 2290 4712 loco,
2334 4646 2413 4700 sie
2453 4647 2697 4701 seductio
2736 4646 2932 4717 lingua:
2969 4647 3136 4703 violat
3175 4648 3455 4719 virginita-

1868 4743 1975 4789 tem
2003 4734 2202 4791 cordis.
2238 4755 2255 4787 ι

1935 4826 2068 4881 Vili.
2107 4828 2184 4882 Ex
2215 4820 2353 4884 libro
2381 4829 2445 4884 de
2476 4828 2708 4885 Civitate
2736 4828 2831 4884 Dei
2864 4845 2917 4885 Ix
2948 4829 3116 4901 (Cap.
3139 4831 3248 4903 25)
3280 4833 3452 4888 sancti

1863 4916 2188 4989 Augustini:
2233 4920 2384 4986 Quod
2420 4916 2549 4975 licet
2584 4922 2757 4976 sancti
2796 4922 2970 4991 angeli
3008 4931 3171 4993 atque
3207 4925 3456 4981 homines

1866 5019 2245 5080 nuncupentur
2274 5012 2385 5077 dii,
2422 5028 2763 5083 nequaquam
2810 5021 2991 5068 tamen
3036 5015 3246 5084 possint
3291 5016 3451 5071 iidem

1868 5103 2038 5159 sancti
2070 5103 2244 5173 angeli
2273 5104 2530 5173 appellari
2556 5104 2631 5157 dii
2659 5106 2878 5159 deo-um
2898 5146 2912 5169 ,
2943 5109 2997 5158 td
3028 5113 3143 5170 est,
3174 5106 3451 5161 hominum

1869 5207 2202 5254 sanctorum.
2235 5198 2313 5251 Ex
2346 5213 2450 5266 qua
2477 5198 2908 5252 consideratione
2935 5198 3228 5269 colligitur,
3252 5199 3377 5268 quia
3406 5199 3450 5253 si

1870 5288 2045 5360 angeli
2086 5291 2259 5344 sancti
2300 5306 2403 5343 non
2436 5297 2663 5357 possunt
2701 5288 2804 5343 dici
2833 5290 2906 5342 dii
2937 5289 3248 5353 hominum,
3282 5289 3452 5343 multo

1871 5382 2048 5435 minus
2077 5381 2342 5435 homines.
2374 5379 2461 5433 Ait
2491 5382 2671 5449 itaque
2703 5380 2843 5434 idem
2874 5379 3101 5434 doctor:
3127 5398 3144 5430 ι
3171 5381 3453 5434 Verumta-

1870 5489 1993 5528 men
2017 5489 2139 5528 cum
2164 5490 2194 5528 a
2219 5474 2372 5528 nobis
2395 5475 2676 5543 quaeritur,
2701 5475 2743 5527 si
2769 5473 3017 5528 homines
3041 5472 3169 5525 dicti
3197 5480 3322 5525 sunt
3342 5473 3413 5525 dii
3434 5513 3450 5540 ,

1872 5564 2015 5634 quod
2044 5565 2096 5617 in
2129 5564 2321 5634 p0puio
2352 5566 2421 5619 dii
2460 5573 2617 5620 sunt.
2648 5580 2812 5633 quem
2849 5578 2946 5633 per
2987 5562 3208 5632 angelos
3246 5563 3323 5615 vel
3355 5577 3454 5631 per

1872 5654 2121 5711 homines
2160 5656 2451 5725 alloquitur
2478 5656 2649 5719 Deus;
2687 5664 2889 5725 quanto
2916 5654 3091 5722 magis
3119 5654 3453 5709 immortales

1870 5763 1934 5801 eo
1966 5748 2178 5800 nurnine
2208 5747 2351 5812 (ligni
2390 5755 2535 5819 sunt,
2580 5748 2664 5815 qui
2700 5762 2761 5799 ea
2793 5744 3043 5799 fruuntur
3086 5746 3447 5810 Leatituiiuc,
