3930 6354
170 389 279 447 209

1184 381 1386 437 LIBER
1424 380 1512 435 DE
1552 376 1954 433 ιλιΑςιΝιΒυε
1994 372 2439 431 SANCTORUM.

3346 360 3457 418 910

169 523 316 581 quas
345 522 469 561 cum
497 506 849 576 apposuerint
886 509 1047 558 orant
1083 510 1138 557 et
1167 500 1420 557 auferunt
1458 511 1517 557 ut
1544 519 1769 558 vescan-
1799 506 1847 565 Α
1873 510 1967 557 aut
1992 500 2083 555 illo
2108 499 2273 554 etiam
2303 512 2464 569 quem
2496 503 2715 565 propter
2744 508 2802 548 se
2838 496 3195 559 acceperunt.
3237 500 3457 555 accepe~

173 612 285 661 tur,
312 598 401 653 vel
428 614 496 653 ex
527 599 607 652 eis
637 598 804 651 etiam
832 594 1201 665 indigentibus
1230 593 1546 665 largiantur,
1573 595 1772 650 sancti-

174 690 331 745 ﬁcari
358 690 433 744 ibi
457 705 552 743 eas
576 689 765 743 volunt
790 701 889 756 per
914 686 1109 740 merita
1136 693 1436 756 martyrum
1468 685 1525 738 in
1553 685 1771 741 nomine

174 780 397 835 Domini
434 765 753 850 martyrum.
809 775 926 831 Non
965 784 1147 832 autem
1187 791 1309 831 esse
1355 776 1457 830 ista
1503 774 1769 830 sacriﬁcia

176 882 485 946 martyrum
516 872 699 936 novit,
746 871 838 939 qui
869 870 1021 925 novit
1049 886 1215 925 unum
1235 911 1249 935 ,
1293 868 1438 939 quod
1464 869 1629 922 etiam
1662 867 1771 921 illic

174 964 410 1019 oll‘ertur
437 961 765 1019 sacriﬁcium
789 960 1245 1016 Christianorum.
1278 959 1388 1014 Nos
1417 959 1599 1027 itaque
1626 973 1770 1012 mar-

176 1067 331 1130 tyres
358 1067 596 1117 nostros.
632 1070 731 1110 nec
759 1056 957 1110 divinis
986 1055 1288 1110 honoribus
1308 1095 1324 1120 ,
1373 1069 1474 1109 nec
1516 1054 1772 1108 humanis

174 1147 505 1202 criminibus
532 1146 789 1209 colimus,
829 1145 970 1199 sicut
997 1143 1182 1198 colunt
1208 1144 1402 1215 pagani
1440 1143 1571 1199 deos
1602 1157 1730 1198 suos
1755 1160 1768 1208 ;

176 1256 282 1297 nec
309 1239 581 1295 sacriﬁcia
614 1238 721 1292 illis
756 1236 1064 1301 oll'erimus,
1110 1250 1212 1290 nec
1240 1250 1429 1290 eorum
1474 1235 1669 1305 probra
1716 1235 1771 1287 in

176 1348 369 1387 eorum
398 1346 555 1386 sacra
579 1329 967 1385 convertimus.
1003 1347 1022 1380 ι

251 1427 394 1480 Dicit
438 1426 604 1480 etiam
651 1423 707 1477 in
751 1423 891 1477 libro
932 1436 1093 1490 quem
1126 1421 1191 1475 de
1224 1435 1317 1475 sex
1359 1421 1570 1476 dierum
1611 1434 1773 1489 opere

182 1518 409 1588 scripsit
440 1516 663 1587 (Quzest.
694 1516 748 1570 in
774 1514 909 1570 Gen.
941 1514 1034 1569 lib.
1061 1530 1102 1579 ι,
1127 1530 1245 1583 cap.
1270 1513 1384 1585 84),
1412 1512 1555 1582 quod
1586 1514 1776 1568 statuit

181 1607 417 1677 lapidem
445 1605 634 1671 Iacob,
666 1620 825 1675 quem
852 1593 955 1659 sibi
984 1604 1050 1658 ad
1075 1612 1239 1673 caput
1266 1612 1539 1672 posuerat,
1568 1610 1623 1656 et
1646 1617 1773 1657 con-

178 1698 361 1753 stituit
402 1712 529 1752 eum
572 1696 808 1760 titulum,
834 1704 888 1749 et
922 1694 1159 1765 perfudit
1190 1694 1337 1749 illum
1368 1693 1507 1757 oleo,
1542 1708 1647 1747 non
1678 1692 1774 1747 ali-

178 1789 310 1858 quid
338 1788 659 1843 idololatria:
690 1787 866 1841 simile
901 1785 1048 1840 fecit.
1095 1783 1213 1839 Non
1246 1785 1390 1837 enim
1420 1782 1503 1838 vel
1535 1790 1662 1837 tunc
1690 1782 1774 1837 vel

1874 605 2003 651 runt
2048 602 2263 658 tamen,
2315 600 2479 661 atque
2522 591 2597 644 ita
2647 586 2878 643 refectos
2918 586 2971 639 in
3016 582 3162 637 illum
3200 581 3280 633 ire
3311 593 3455 632 com-

1873 688 2110 759 pellunt,
2157 700 2266 754 quo
2307 682 2550 737 fruentes
2591 680 2799 750 pariter
2828 676 2974 732 beati
3002 674 3193 729 simus.
3238 667 3371 722 Nam
3403 678 3456 721 et

1871 778 2160 849 Apostolus
2193 775 2501 831 exclamat:
2542 771 2798 841 Nunquid
2832 767 3035 822 Paulus
3062 761 3349 831 cruciﬁxus
3383 768 3456 813 est

1871 848 1964 939 pro
1995 866 2181 921 vobis?
2216 866 2317 919 Aut
2345 864 2398 916 in
2427 862 2634 915 nomine
2664 858 2823 913 Pauli
2856 856 3106 926 baptizati
3133 850 3303 906 estis?
3347 848 3413 905 Et
3443 865 3453 900 :

1876 956 2058 1027 Neque
2102 956 2191 1025 qui
2236 952 2439 1025 plantat
2482 960 2558 1005 est
2602 948 2822 1019 aliquid,
2864 963 3026 1017 neque
3050 946 3141 1017 qui
3169 944 3326 1013 rigat,
3366 940 3458 993 sed

1873 1048 1961 1118 qui
1989 1048 2367 1100 incrementum
2392 1042 2484 1118 dat
2514 1040 2674 1094 Deus.
2734 1038 2803 1092 Et
2839 1036 3060 1108 angelus
3088 1032 3365 1088 hominem
3398 1044 3457 1082 se

1873 1116 2185 1193 adorantem
2218 1116 2453 1196 monet,~
2473 1139 2535 1186 ut
2562 1130 2709 1184 illum
2740 1128 2921 1199 potius
2957 1128 3174 1189 adoret,
3216 1123 3317 1178 sub
3350 1133 3457 1187 quo

1873 1230 1923 1285 ei
1975 1228 2203 1283 Domino
2249 1227 2412 1281 etiam
2447 1225 2561 1294 ipse
2592 1233 2891 1277 conservus
2933 1226 3032 1272 est.
3096 1216 3229 1271 Cum
3278 1222 3457 1269 autem

1874 1321 2092 1375 homine
2136 1318 2191 1371 in
2236 1317 2347 1372 Deo
2395 1314 2621 1378 frueris,
2668 1312 2780 1367 Deo
2820 1311 3003 1381 potius
3040 1323 3203 1377 quam
3240 1307 3460 1361 homine

1875 1407 2090 1461 frueris.
2122 1404 2215 1459 lllo
2241 1405 2386 1458 enim
2418 1401 2615 1457 frueris
2641 1415 2747 1470 quo
2772 1398 3029 1454 efﬁcicris
3056 1397 3276 1459 beatus;
3313 1403 3361 1449 et
3394 1396 3458 1448 ad

1874 1518 1996 1557 eum
2029 1509 2082 1555 te
2114 1500 2428 1571 pervenisse
2458 1498 2752 1561 lmtaberis,
2794 1496 2849 1549 in
2884 1510 2993 1565 quo
3021 1508 3173 1562 spem
3212 1492 3367 1562 ponis
3405 1501 3464 1543 ut

1877 1594 2080 1647 venias.
2138 1591 2266 1645 Inde
2312 1590 2379 1644 ad
2429 1589 2798 1644 Philemonem
2838 1585 3073 1639 Paulus:
3121 1583 3228 1648 Ita,
3272 1582 3459 1651 frater,

1877 1684 2084 1752 inquit,
2125 1665 2218 1753 ego
2252 1691 2299 1736 te
2337 1682 2488 1749 fruar
2518 1680 2573 1733 in
2604 1678 2851 1731 Domino.
2895 1674 3049 1741 Quod
3078 1675 3124 1729 si
3155 1689 3263 1729 non
3303 1673 3459 1727 addi-

1876 1777 2059 1835 disset.
2091 1777 2145 1828 in
2171 1774 2422 1836 Domino,
2453 1780 2509 1826 et
2536 1785 2584 1825 te
2613 1769 2767 1840 fruar
2801 1777 3008 1823 tantum
3039 1766 3286 1830 dixisset,
3317 1766 3367 1819 in
3397 1780 3463 1820 eo

178 1885 372 1947 postea
406 1878 777 1948 frequentavit
803 1877 1036 1947 lapidem
1070 1874 1369 1938 adorando,
1398 1882 1492 1928 aut
1518 1873 1567 1927 ei
1599 1873 1769 1927 sacri-
1799 1867 1844 1925 B
1872 1867 2247 1923 constituisset
2275 1880 2426 1935 spem
2456 1860 2810 1917 beatitudinis
2838 1875 2968 1915 suae.
3004 1878 3023 1911 ι

180 1968 426 2031 tit-anile;
465 1966 560 2023 sed
596 1967 807 2037 signum
836 1965 936 2019 fuit
969 1966 1021 2018 in
1052 1964 1335 2034 prophetia
1364 1962 1771 2017 evidentissima

177 2059 538 2119 constitutum
565 2099 579 2121 ,
632 2074 752 2128 qua:
796 2057 1074 2127 pertinent
1113 2056 1181 2110 ad
1227 2056 1560 2110 unctionem.
1620 2054 1771 2109 Unde

174 2150 383 2204 Christi
434 2165 631 2204 nomen
680 2164 711 2203 a
754 2149 1049 2203 chrismate
1090 2155 1192 2202 est.
1247 2144 1365 2200 Non
1411 2145 1585 2200 solum
1627 2144 1769 2200 enim

176 2239 346 2310 lapidi
379 2239 800 2295 sacriﬁcandum
831 2254 937 2293 non
967 2246 1082 2303 est,
1121 2237 1215 2292 sed
1246 2252 1346 2291 nec
1374 2236 1468 2291 ulli
1505 2236 1770 2307 corporali

176 2330 577 2400 incorporalive
606 2338 872 2385 creaturae
895 2369 909 2393 ,
957 2339 985 2369 ι
1024 2343 1128 2382 nec
1164 2327 1219 2381 in
1247 2326 1477 2395 alicujus
1506 2328 1771 2382 honorem

176 2428 378 2489 praeter
405 2418 574 2473 solius
598 2418 705 2472 vivi
732 2417 827 2471 Dei
857 2416 1115 2485 templum
1144 2415 1589 2470 construendum.
1616 2414 1771 2481 Quod

175 2528 302 2566 cum
333 2512 390 2565 in
416 2510 559 2573 aliis,
590 2517 702 2563 tum
733 2510 787 2564 in
812 2508 1177 2577 disputatione
1200 2522 1363 2577 quam
1388 2522 1511 2573 cum
1537 2505 1770 2560 Maximo

176 2602 481 2656 Manichaee
511 2601 874 2654 incomminus
906 2599 1115 2663 habuit,
1148 2599 1345 2668 prohat
1372 2598 1562 2652 beatus
1585 2596 1771 2667 Augu-

175 2696 357 2751 stinus
400 2695 489 2748 his
532 2693 749 2748 verbis:
793 2711 812 2743 ι
852 2691 911 2746 Si
944 2692 1088 2746 Deus
1124 2689 1359 2759 Spiritus
1402 2697 1622 2743 sanctus
1662 2703 1770 2742 non

176 2793 359 2851 esset,
392 2784 652 2853 templum
682 2784 869 2852 utique
899 2797 999 2837 nos
1030 2783 1174 2852 ipsos
1206 2796 1313 2835 non
1340 2780 1584 2834 haberet.
1626 2777 1772 2833 Scri—

172 2887 328 2950 ptum
359 2885 447 2932 est
475 2878 672 2947 quippe
700 2877 754 2929 in
784 2874 1043 2944 Apostolo
1066 2893 1078 2927 :
1119 2874 1346 2928 Nescitis
1370 2873 1494 2943 quia
1521 2869 1769 2941 templum

174 2969 275 3024 Dei
298 2968 445 3032 estis,
469 2976 517 3021 et
546 2965 777 3036 Spiritus
801 2965 896 3019 Dei
920 2965 1121 3018 habitat
1148 2965 1204 3018 in
1232 2963 1419 3018 vobis?
1449 2962 1517 3017 Et
1538 2963 1765 3017 iterum:

178 3060 412 3115 Nescitis
440 3060 566 3131 quin
596 3074 816 3128 corpora
840 3066 1007 3111 vestra
1036 3055 1284 3126 templum
1306 3056 1361 3110 in
1384 3056 1527 3111 vobis
1552 3066 1625 3110 est
1654 3055 1770 3127 Spi-

174 3151 312 3209 ritus
339 3149 534 3213 sancti,
562 3164 711 3216 quem
740 3147 940 3201 habetis
966 3165 996 3199 a
1026 3146 1181 3214 Deo?
1208 3144 1398 3201 Nonne
1429 3147 1473 3201 si
1507 3146 1765 3217 templum

172 3240 340 3299 alicui
369 3248 562 3296 sancto
592 3238 785 3311 angelo
819 3237 1278 3293 excellentissimo
1307 3236 1375 3293 de
1400 3237 1559 3308 lignis
1598 3246 1653 3291 et
1688 3237 1765 3291 la-
1793 3230 1836 3290 C

172 3333 397 3404 pidibus
444 3331 784 3395 faceremus,
832 3328 1418 3385 anathematizaremur
1462 3343 1491 3381 a
1536 3329 1767 3383 veritate

172 3423 405 3487 Christi,
445 3432 499 3476 et
524 3422 591 3475 ad
618 3420 860 3475 Ecclesia
892 3419 1008 3483 Dei,
1041 3416 1298 3488 quoniam
1324 3423 1587 3471 creatura:
1613 3417 1765 3486 exhi-

172 3513 431 3567 beremus
467 3526 587 3565 eam
623 3510 967 3572 servitutem,
1004 3522 1125 3577 qua:
1154 3507 1248 3561 uni
1286 3512 1497 3560 tantum
1535 3506 1765 3561 debetur

172 3603 383 3657 Deo?»

244 3708 363 3764 ΧΠ.
406 3710 548 3764 Deus
595 3709 758 3777 igitur
805 3708 952 3763 salus
997 3714 1118 3771 est,
1174 3707 1313 3761 sicut
1355 3704 1467 3775 jam
1516 3709 1765 3776 superius

171 3800 456 3855 multoties
489 3799 847 3863 ostendimus,
887 3799 942 3851 in
973 3813 1081 3867 quo
1109 3812 1258 3868 spem
1296 3805 1497 3852 nostra}
1529 3798 1766 3852 beatitu—

172 3890 319 3944 dinis
347 3888 617 3943 collocare
646 3887 932 3950 debemus,
972 3886 1114 3941 sicut
1153 3887 1292 3941 idem
1332 3887 1494 3941 Pater
1532 3887 1586 3941 in
1627 3886 1766 3942 libro

170 3980 239 4034 de
280 3979 539 4033 Doctrina
568 3977 876 4032 Christiana
920 3978 1098 4045 primo
1140 3978 1226 4031 his
1262 3977 1440 4032 verbis
1486 3977 1761 4042 insinuat,

172 4069 367 4125 dicens
390 4068 530 4141 (Lib.
556 4085 598 4131 ι,
624 4083 742 4138 eap.
768 4068 860 4133 δῦ,
884 4069 1010 4137 55);
1047 4087 1065 4118 ι
1095 4067 1259 4136 Cujus
1290 4085 1388 4124 nos
1419 4069 1762 4135 miseremur,

170 4168 229 4217 et
275 4160 368 4216 cui
417 4160 791 4219 consulimus,
845 4159 913 4213 ad
961 4157 1078 4225 ejus
1122 4158 1339 4227 quidem
1382 4159 1672 4214 utilitatem
1712 4159 1766 4214 id

170 4250 438 4316 facimus,
484 4265 713 4320 eamque
758 4251 1052 4305 intuemur.
1112 4249 1219 4306 Sed
1265 4253 1449 4307 nescio
1497 4252 1765 4322 quomodo

171 4344 344 4399 etiam
382 4352 565 4398 nostra
612 4344 683 4397 sit
729 4358 1105 4413 consequens,
1154 4360 1276 4398 eum
1308 4360 1427 4399 eam
1456 4345 1766 4399 misericor—

172 4426 323 4489 diam
368 4449 532 4503 quam
576 4433 937 4503 impendimus
980 4435 1158 4495 egenti
1205 4434 1616 4504 sineqmetfcet'e
1657 4450 1769 4489 non

172 4527 440 4596 relinquit
477 4526 640 4581 Deus.
691 4525 816 4580 Haec
851 4534 1032 4579 autem
1064 4542 1272 4581 merces
1303 4542 1514 4581 summa
1543 4536 1657 4592 est,
1703 4536 1762 4581 ut

169 4615 291 4687 ipso
331 4614 699 4684 perfruamur,
745 4623 800 4669 et
843 4630 1034 4669 omnes
1074 4616 1166 4684 qui
1210 4630 1276 4670 eo
1323 4614 1571 4678 fruimur,
1603 4615 1759 4671 nobis

167 4706 342 4761 etiam
372 4703 605 4783 invicem
636 4705 689 4758 in
727 4704 845 4773 ipso
871 4702 1236 4773 perfruamur.
1277 4703 1413 4757 Nam
1443 4705 1487 4758 si
1518 4704 1573 4758 in
1602 4706 1759 4761 nobis

168 4797 223 4852 id
254 4796 513 4860 facimus,
544 4810 891 4851 remanemus
920 4796 973 4849 in
1000 4795 1110 4857 via,
1143 4802 1200 4850 ct
1226 4811 1375 4865 spem
1406 4796 1759 4852 beatitudinis

170 4896 378 4956 nostras
410 4886 463 4939 in
494 4886 709 4940 homine
753 4895 846 4941 aut
885 4887 941 4941 in
982 4887 1173 4957 angelo
1198 4888 1565 4951 collocamus:
1614 4890 1757 4959 quod

168 4983 222 5029 et
270 4978 443 5030 homo
482 4976 756 5045 superbus
804 4983 861 5030 et
908 4976 1133 5046 angelus
1185 4978 1450 5045 superbus
1500 4987 1761 5048 arrogant

168 5066 313 5127 sibi,
369 5074 534 5134 atque
571 5068 627 5119 in
666 5081 726 5121 se
762 5065 988 5120 aliorum
1022 5082 1169 5137 spem
1202 5068 1439 5136 gaudent
1476 5070 1752 5123 constitui.

140 5155 411 5235 Sanctus
442 5164 621 5211 autem
654 5157 815 5210 homo
853 5166 907 5211 et
946 5166 1167 5212 sanctus
1201 5158 1425 5227 angelus
1457 5159 1620 5212 etiam
1649 5158 1757 5215 fes-

171 5262 258 5301 s03
285 5262 392 5299 nos
420 5256 582 5315 atque
613 5247 667 5300 in
698 5261 755 5301 se
783 5249 1062 5316 quiescere
1088 5256 1144 5301 et
1169 5262 1451 5302 remanere
1476 5244 1754 5317 cupientes

169 5335 429 5393 reﬁciunt
460 5336 672 5406 potius,
714 5344 807 5391 aut
837 5352 903 5392 eo
931 5345 1145 5407 sumptu
1184 5351 1341 5406 quem
1377 5347 1598 5407 propter
1632 5353 1749 5400 nos,

1787 4573 1839 4631 D

1945 1981 2081 2036 Xlll.
2121 1979 2273 2048 Quod
2305 1985 2485 2033 autem
2524 1975 2637 2031 sola
2672 1972 2954 2028 rationalis
2999 1979 3246 2026 creatura
3292 1968 3460 2039 possit

1872 2072 2013 2128 efﬁci
2044 2074 2224 2137 beata,
2264 2078 2319 2125 et
2348 2070 2450 2124 hoc
2476 2068 2652 2138 ipsum
2690 2066 2891 2121 bonum
2923 2079 3030 2118 non
3057 2063 3258 2118 habeat
3286 2061 3392 2116 nisi
3430 2076 3460 2114 a

1873 2163 2002 2229 Deo,
2033 2163 2176 2219 idem
2205 2163 2396 2217 doctor
2418 2167 2647 2215 testatur
2670 2159 2724 2211 in
2761 2157 2901 2211 libro
2922 2156 2989 2210 de
3010 2154 3237 2209 Civitate
3264 2153 3360 2208 Dei
3383 2168 3461 2208 xu

1872 2252 2024 2325 (Cap.
2056 2253 2131 2324 l),
2157 2255 2231 2308 ita
2267 2251 2494 2321 loquens
2520 2267 2532 2303 :
2567 2269 2586 2300 ι
2617 2248 2734 2304 Non
2765 2255 2852 2303 est
2881 2253 3145 2302 creaturas
3176 2243 3457 2299 rationalis

1874 2344 1955 2398 vel
1992 2340 2376 2398 intellectualis
2404 2341 2640 2405 bonum,
2677 2354 2784 2409 quo
2828 2338 2996 2391 beata~
3030 2336 3130 2401 sit,
3161 2336 3267 2391 nisi
3294 2334 3457 2389 Deus.

1870 2435 2056 2505 itaque
2087 2436 2333 2504 quamvis
2377 2450 2485 2489 non
2533 2433 2712 2488 omnis
2754 2430 2915 2486 beata
2961 2429 3131 2500 possit
3159 2444 3280 2484 esse
3307 2443 3461 2483 crea-

1872 2535 1992 2581 tura
2044 2525 2242 2596 (neque
2296 2523 2443 2579 enim
2513 2524 2617 2577 hoc
2692 2536 2887 2576 munus
2940 2519 3313 2588 adipiscuntur
3365 2526 3460 2572 aut

1870 2619 2093 2685 capiunt
2119 2614 2276 2680 form,
2305 2614 2479 2685 ligna,
2510 2630 2639 2669 saxa
2658 2655 2672 2679 ,
2712 2619 2766 2667 et
2796 2612 2840 2667 si
2869 2611 2999 2681 quid
3028 2608 3295 2678 ejusmodi
3325 2610 3453 2679 est),

1870 2723 1932 2762 ea
1964 2716 2144 2763 tamen
2172 2724 2292 2778 qum
2320 2715 2543 2778 potest,
2590 2723 2700 2762 non
2731 2719 2796 2759 ex
2837 2719 2895 2760 se
2935 2705 3052 2774 ipsa
3087 2710 3294 2773 potest,
3330 2701 3457 2772 quia

1871 2814 1939 2854 ex
1970 2798 2139 2853 nihilo
2169 2805 2485 2862 creataest,
2528 2797 2624 2852 sed
2662 2811 2729 2851 ex
2766 2796 2879 2861 illo,
2926 2811 2955 2849 a
3002 2810 3111 2866 quo
3143 2801 3324 2851 creata
3352 2803 3455 2849 εει.

1872 2894 1988 2949 lloc
2014 2894 2158 2948 enim
2189 2893 2385 2963 adepto
2415 2894 2571 2948 beata
2604 2900 2706 2957 est,
2735 2904 2844 2960 quo
2869 2890 3091 2953 amisso,
3118 2888 3319 2943 misera
3346 2896 3451 2941 est.

1868 2986 1963 3042 Ille
1992 3002 2122 3042 vero
2149 2987 2241 3056 qui
2274 3002 2379 3041 non
2412 2985 2537 3051 alio,
2574 2984 2667 3039 sed
2709 2999 2769 3039 se
2810 2984 2929 3054 ipso
2955 2983 3098 3037 bono
3127 2982 3317 3035 beatus
3346 2988 3451 3043 est,

1870 3077 1993 3133 ideo
2041 3078 2205 3132 miser
2250 3092 2357 3132 non
2404 3083 2585 3145 potest
2627 3089 2787 3138 esse,
2848 3072 2974 3142 quia
3020 3086 3129 3126 non
3170 3084 3229 3125 se
3271 3077 3452 3139 potest

1871 3172 2141 3227 amittere.
2201 3170 2441 3225 Dicimus
2496 3168 2676 3237 itaque
2723 3149 3060 3221 immutabile
3098 3165 3299 3221 bonum
3341 3177 3448 3218 non

1869 3278 2013 3328 esse,
2045 3263 2149 3317 nisi
2178 3277 2344 3316 unum
2373 3275 2559 3316 verum
2590 3259 2808 3314 beatum
2839 3256 3043 3312 Deum:
3078 3270 3143 3311 ea
3171 3269 3302 3310 vero
3331 3268 3452 3324 quae

1870 3356 2028 3421 fecit,
2073 3354 2213 3409 bona
2244 3352 2462 3422 quidem
2504 3365 2624 3406 esse
2660 3350 2802 3418 quod
2835 3348 3041 3412 abillo,
3080 3354 3455 3402 verumtamen

1870 3446 2170 3509 mutabilia,
2197 3444 2338 3513 quod
2364 3458 2471 3497 non
2495 3442 2560 3497 de
2588 3440 2697 3506 illo,
2722 3440 2817 3495 sed
2846 3440 2910 3494 de
2938 3439 3107 3493 nihilo
3135 3438 3279 3493 facta
3305 3447 3454 3493 sunt.

1868 3535 2187 3605 Quanquam
2230 3547 2360 3604 ergo
2401 3547 2612 3586 summa
2656 3547 2764 3586 non
2806 3530 2916 3585 sint
2952 3530 3147 3599 quibus
3188 3536 3273 3584 est
3313 3529 3457 3585 Deus

1869 3627 2045 3695 majus
2072 3625 2301 3689 bonum;
2334 3638 2530 3694 mt‘gna
2560 3630 2686 3678 sunt
2714 3629 2893 3675 tamen
2921 3635 2983 3675 ea
3012 3619 3291 3675 mutabilia
3315 3620 3455 3676 bona

1870 3729 1990 3784 qure
2030 3714 2307 3769 adlimrere
2351 3720 2599 3783 possunt,
2646 3718 2705 3766 ut
2744 3712 2903 3766 beata
2944 3710 3082 3773 sint,
3130 3709 3455 3765 immutabiﬁ

1870 3807 2034 3870 bono,
2077 3805 2221 3875 quod
2248 3819 2422 3876 usque
2449 3804 2585 3861 adeo
2612 3801 2817 3859 bonum
2852 3816 3040 3857 eorum
3080 3810 3193 3866 est,
3238 3808 3299 3856 ut
3337 3801 3455 3857 sine

1869 3896 1961 3952 illo
1997 3896 2193 3950 misera
2236 3909 2359 3949 esse
2396 3908 2623 3949 necesse
2662 3894 2753 3948 sit.
2789 3914 2806 3946 ι

1938 3988 2014 4042 Ex
2057 3987 2196 4042 libro
2237 3985 2304 4041 de
2329 4000 2456 4041 vera
2498 3984 2776 4053 Religione
2811 3982 2962 4055 (Cap.
2991 3982 3080 4053 55)
3112 4002 3123 4035 :
3160 4000 3178 4033 ι
3215 3980 3329 4037 Non
3372 3982 3446 4037 sit

1866 4093 1997 4147 ergo
2024 4076 2180 4131 nobis
2211 4074 2398 4144 religio
2428 4072 2606 4128 cultus
2635 4086 2921 4140 corporum
2961 4071 3322 4125 aethereorum
3360 4076 3444 4123 at—

1865 4184 1972 4238 que
2000 4166 2323 4230 cmlestinm,
2368 4164 2463 4219 sed
2489 4164 2607 4234 ejus
2634 4161 2788 4231 cujus
2815 4162 3269 4231 contemplatione
3306 4162 3447 4217 beati

1868 4266 2014 4314 sunt.
2048 4255 2232 4324 Neque
2262 4254 2409 4308 enim
2438 4260 2493 4306 et
2521 4267 2619 4306 nos
2646 4250 2877 4306 videndo
2907 4250 3156 4319 angelum
3185 4249 3330 4304 beati
3359 4265 3449 4304 su—

1866 4366 2008 4415 mus,
2041 4348 2137 4403 sed
2164 4345 2395 4401 videndo
2424 4345 2729 4408 veritatem,
2763 4357 2869 4411 qua
2898 4343 3059 4397 etiam
3092 4342 3237 4410 ipsos
3267 4339 3443 4410 diligi-

1865 4458 1986 4497 mus
2017 4439 2270 4510 angelos,
2305 4446 2363 4493 et
2387 4437 2469 4492 eis
2496 4434 2953 4507 eorigvatulasnur.
2999 4434 3109 4489 Nec
3141 4433 3443 4488 invidemus

1868 4533 2012 4604 quod
2042 4546 2107 4586 eo
2134 4530 2439 4600 paratiores
2475 4535 2530 4581 et
2555 4527 2717 4580 nullis
2745 4526 3010 4581 molestiis
3043 4525 3447 4594 interpedienti-

1866 4622 1968 4676 bus
1993 4617 2345 4690 perfruuntur
2369 4635 2381 4669 :
2421 4615 2517 4671 sed
2546 4615 2720 4686 magis
2744 4630 2838 4669 eos
2869 4614 3160 4685 diligimus,
3187 4614 3443 4684 quoniam

1867 4722 1923 4768 et
1950 4730 2048 4769 nos
2078 4714 2185 4768 tale
2212 4712 2415 4783 aliquid
2441 4726 2668 4782 sperare
2695 4728 2726 4764 a
2754 4710 3027 4764 communi
3055 4708 3284 4764 Domino
3306 4707 3444 4777 jussi

1865 4822 2070 4862 sumus.
2114 4806 2291 4872 Quare
2317 4806 2651 4859 honoramus
2675 4818 2769 4857 eos
2799 4802 3089 4864 charitate,
3134 4815 3238 4861 non
3280 4802 3446 4855 servi-

1866 4907 1999 4953 tute.
2045 4898 2156 4953 Nee
2183 4898 2264 4952 eis
2296 4896 2493 4966 templa
2520 4894 2921 4951 constituimus.
2968 4892 3170 4947 Nolunt
3199 4893 3346 4948 enim
3381 4907 3440 4945 se

1861 4989 1941 5043 sic
1980 4989 2234 5042 honorari
2277 5003 2307 5041 a
2349 4988 2526 5050 nobis,
2562 4987 2688 5056 quia
2719 5001 2819 5039 nos
2849 4985 3014 5054 ipsos,
3046 4998 3169 5038 cum
3199 4984 3322 5036 boni
3352 4998 3442 5037 su-

1862 5093 1999 5141 mus,
2032 5077 2228 5146 templa
2256 5077 2452 5132 summi
2484 5076 2575 5130 Dei
2604 5091 2726 5129 esse
2752 5080 3039 5127 noverunt.
3073 5090 3091 5122 ι

1928 5167 2061 5220 Nam
2093 5176 2296 5222 etcum
2328 5167 2626 5222 exaudiunt
2661 5164 2864 5236 angeli,
2897 5162 3039 5217 Deus
3068 5156 3289 5217 exaudit
3322 5173 3438 5215 tan-

1853 5270 2012 5323 quam
2050 5258 2103 5309 in
2134 5272 2261 5311 vero
2298 5272 2398 5310 nec
2442 5254 2757 5310 manufacto
2797 5252 2996 5322 templo
3036 5267 3153 5314 suo,
3200 5256 3341 5305 sicut
3382 5252 3435 5304 in

1854 5343 2107 5397 omnibus
2155 5345 2360 5400 sanctis
2409 5344 2561 5405 suis,
2613 5343 2837 5412 ejusque
2889 5341 3257 5411 temporalitcr
3300 5340 3437 5393 ﬁunt

1566 5446 1839 5503 BALUle
1876 5449 2103 5506 ΝΟΤᾸΞ.

305 5559 421 5627 Nec
444 5559 497 5611 in
521 5556 750 5627 alicujus
779 5559 1046 5611 honorem.
1083 5556 1171 5611 Sic
1198 5559 1274 5611 ait
1296 5555 1624 5627 Agobardus
1638 5570 1747 5611 non

172 5631 333 5684 licere
361 5626 620 5697 cuiquam
650 5626 895 5680 dedicare
923 5627 1178 5697 templum
1208 5628 1261 5680 in
1291 5629 1550 5697 honorem
1579 5626 1753 5679 alicu-

166 5702 251 5769 jus
275 5695 483 5769 sancti,
502 5697 596 5751 sed
625 5705 831 5769 tantum
860 5696 1029 5769 solius
1064 5696 1176 5750 Dei.
1211 5696 1316 5749 Sed
1351 5695 1544 5769 opinor
1570 5704 1748 5769 muta-

175 5764 347 5823 turum
374 5768 540 5821 fuisse
564 5766 909 5827 sententiam,
940 5766 982 5818 si
1012 5766 1110 5818 hoc
1144 5775 1328 5818 nostro
1353 5764 1546 5819 smculo
1586 5764 1747 5819 vixis-

1855 5572 1965 5624 set,
2000 5578 2107 5632 quo
2139 5573 2413 5633 receptum
2451 5572 2531 5617 est
2573 5561 2830 5633 ecclesias
2872 5560 3107 5633 dedicari
3144 5563 3195 5633 in
3227 5562 3432 5618 honore

1853 5644 2185 5687 sanctorum.
2211 5632 2349 5686 Olim
2382 5632 2624 5687 ecclesiae
2654 5632 3046 5686 dedicabantur
3087 5632 3139 5685 in
3168 5632 3431 5694 honorem

1854 5702 1948 5755 Dei
1985 5720 1996 5767 ;
2033 5712 2085 5756 et
2113 5704 2162 5755 in
2190 5704 2267 5757 eis
2291 5710 2449 5757 erant
2478 5702 2750 5754 memoriae
2788 5713 3103 5769 martyrum.
