3930 6322
436 331 540 389 911

1382 340 1440 400 S.
1482 344 1838 405 AGOBARDI
1875 346 2188 407 EPISCOPI
2226 350 2718 416 LUGDUNENSIS

3634 369 3744 426 ΞΒ

435 454 589 522 jussu
612 460 814 509 aeterna
843 455 961 525 sine
990 455 1107 528 lege
1129 468 1447 529 conspecta.
1480 462 1594 518 Nec
1618 479 1839 521 movere
1859 467 2040 533 debet,
2071 470 2124 527 Α
2149 466 2463 528 Paracletus
2492 491 2596 531 non
2622 478 2787 532 veniet
2826 477 2895 533 ad
2932 496 3039 534 vos.
3081 480 3144 537 Si
3172 490 3347 537 autem
3378 484 3580 550 abiero,
3620 492 3739 543 mit-

439 543 587 613 quod
613 558 737 598 cum
762 545 835 600 sit
856 546 1172 614 invisibilis,
1198 566 1343 620 saepe
1368 551 1659 609 visibiliter
1681 556 1930 625 patribus
1953 573 2045 628 ap-
2145 572 2396 626 tameum
2420 567 2491 620 ad
2515 584 2603 623 vos
2627 568 2810 639 (Joan.
2834 588 2942 635 xvi,
2968 573 3042 645 7).
3081 573 3139 628 ln
3167 575 3362 645 quibus
3384 543 3578 633 verbis
3595 579 3746 637 hunc

438 634 692 704 paruisse
722 646 1080 693 memoratur.
1121 640 1278 696 Sicut
1302 642 1448 697 enim
1478 658 1649 701 sonus
1675 646 1771 716 qui
1800 647 2039 713 auditur,

442 726 715 782 sententia
746 727 802 783 in
828 729 1051 786 silentio
1077 732 1450 803 intelligentiae
1475 736 1796 802 constituta,
1820 753 1930 793 non
1957 748 2043 795 est

450 818 555 873 hoc
585 821 731 888 quod
766 820 882 891 ipsa
901 862 915 886 ,
955 822 1029 877 ita
1056 831 1113 879 et
1137 825 1349 895 species
1376 842 1481 895 qua
1511 826 1663 882 visus
1697 837 1782 885 est
1806 830 1949 885 Deus
1984 831 2040 886 in

446 918 641 964 natura
680 909 945 967 invisibili
986 915 1344 983 constitutus,
1387 933 1496 973 non
1538 928 1659 974 erat
1704 920 1851 991 quod
1900 922 2035 992 ipse.

442 1000 833 1059 Verumtamen
860 1004 977 1075 ipse
1001 1005 1056 1060 in
1082 1008 1271 1063 eadem
1295 1011 1478 1080 specie
1502 1013 1771 1082 corporali
1802 1014 2033 1081 videtur;

438 1092 580 1177 sicut
609 1093 697 1148 illa
725 1098 999 1151 sententia
1037 1098 1156 1170 ipsa
1192 1101 1249 1154 in
1288 1118 1427 1158 sono
1454 1105 1604 1159 vocis
1637 1106 1889 1173 auditur;
1930 1124 2038 1163 nec

438 1186 513 1241 illi
541 1188 867 1259 ignorabant
893 1190 1225 1248 invisibilem
1258 1194 1515 1255 Deumin
1540 1198 1721 1267 specie
1745 1199 2031 1268 corporali,

436 1279 583 1351 quod
615 1278 731 1355 ipse
760 1296 870 1336 non
911 1290 1063 1349 erat,
1103 1299 1163 1340 se
1188 1286 1399 1341 videre.
1439 1286 1576 1342 Nam
1620 1297 1677 1342 et
1714 1288 2038 1359 loquebatur

436 1384 564 1425 cum
594 1369 849 1442 loquente
875 1372 1110 1445 Moyses,
1134 1384 1190 1431 et
1212 1376 1260 1431 ei
1288 1369 1477 1433 tamen
1498 1379 1747 1435 diccbat:
1778 1379 1839 1436 Si
1863 1382 2036 1438 inveni

433 1463 666 1533 gratiam
691 1475 813 1520 ante
836 1476 910 1534 re,
940 1467 1154 1523 ostende
1176 1468 1305 1523 mihi
1329 1470 1659 1543 temetipsum
1685 1472 1930 1539 scienter,
1978 1482 2036 1527 ut

435 1551 641 1607 rideam
675 1561 747 1610 te.

504 1665 644 1724 ΧΠ.
684 1668 817 1736 item
841 1670 1183 1744 Augustinus
1216 1673 1271 1728 in
1300 1673 1444 1731 libro
1469 1676 1665 1747 quinto
1696 1677 1850 1752 (Cap.
1880 1678 1935 1751 1)
1966 1679 2033 1736 de

435 1757 705 1815 Trinitate
749 1760 920 1816 dicit:
954 1780 973 1814 ι
1006 1756 1082 1818 Ea
1115 1780 1238 1835 qua:
1274 1767 1342 1822 de
1370 1775 1569 1823 natura
1600 1769 2029 1828 incommutabili

2143 670 2362 710 sensum
2390 672 2513 713 esse
2548 675 2691 731 saepe
2724 662 3039 718 nominatus
3072 672 3229 735 pater
3251 664 3593 736 Augustinus
3615 668 3744 741 (do-

2143 746 2492 822 cet)r(Tract.
2525 767 2627 807 xcv
2664 754 2719 807 in
2748 753 2905 808 Joan.
2937 770 3059 825 cap.
3087 755 3203 827 xvr)
3232 774 3245 810 :
3279 774 3297 809 ι
3328 756 3561 828 Expedit
3585 761 3745 817 vobis

2142 851 2203 894 ut
2228 841 2346 896 hzcc
2372 842 2545 897 forma
2577 845 2720 899 servi
2747 845 3031 903 auferatur
3057 864 3089 903 a
3115 851 3288 905 vobis.
3337 851 3480 907 Caro
3516 855 3743 923 quidem

2140 927 2345 986 factum
2372 932 2609 988 Verbum
2640 936 2828 993 habito
2856 939 2911 993 in
2939 941 3127 1007 vobis;
3165 945 3261 997 sed
3289 943 3415 999 nolo
3440 945 3622 1002 adhuc
3648 962 3746 1003 me

2141 1023 2434 1078 carnaliter
2463 1025 2700 1097 diligatis
2721 1066 2735 1090 ,
2786 1036 2841 1082 et
2880 1029 2985 1085 isto
3016 1030 3156 1086 laete
3185 1034 3432 1089 contenti
3459 1076 3474 1100 ,
3521 1051 3747 1107 semper

2141 1112 2379 1171 infantes
2405 1132 2527 1172 esse
2555 1119 2806 1189 cupiatis.
2869 1121 2928 1178 Si
2974 1123 3246 1179 alimenta
3264 1135 3486 1193 tenera,
3536 1131 3745 1200 quibus

2140 1224 2236 1263 vos
2265 1209 2373 1264 alui
2400 1252 2415 1277 ,
2465 1228 2577 1267 non
2607 1202 2954 1282 subtraxero,
2989 1217 3220 1273 solidum
3254 1220 3435 1276 cibum
3466 1238 3574 1277 non
3606 1238 3743 1279 esu-

2141 1299 2325 1360 rietis;
2362 1301 2407 1356 si
2433 1303 2728 1359 carnaliter
2753 1308 2966 1363 esurire
2993 1326 3101 1363 non
3134 1310 3479 1379 destiteritis,
3502 1330 3745 1385 capaces

2139 1389 2378 1462 Spiritus
2406 1409 2513 1449 non
2543 1396 2714 1453 eritis.
2763 1398 2900 1454 Nam
2939 1403 3067 1470 quid
3102 1412 3221 1469 est,
3266 1404 3328 1460 Si
3370 1423 3472 1460 non
3521 1407 3742 1473 abiero,

2139 1480 2449 1539 Paracletus
2480 1503 2585 1542 non
2612 1490 2777 1544 veniet
2804 1492 2875 1545 ad
2904 1509 2987 1546 ros
3014 1495 3038 1546 ἒ)
3082 1487 3335 1566 Nunquid
3373 1498 3462 1553 hic
3499 1501 3741 1569 positus,

2136 1588 2259 1629 eum
2292 1590 2399 1630 non
2430 1586 2647 1646 poterat
2677 1582 2937 1657 mittere?
2976 1584 3108 1652 Quis
3133 1587 3238 1643 hoc
3264 1588 3506 1645 dixerit?
3544 1591 3743 1663 Neque

2136 1665 2281 1720 enim
2314 1667 2402 1721 ubi
2431 1668 2520 1725 ille
2548 1680 2688 1735 erat,
2721 1674 2825 1729 iste
2854 1675 2981 1731 inde
3013 1680 3258 1734 recessit.
3299 1679 3439 1748 Quid
3468 1691 3554 1738 est
3582 1699 3740 1756 ergo,

2138 1756 2201 1811 Si
2238 1773 2342 1811 non
2378 1759 2580 1826 abiero,
2617 1759 2932 1819 Paracletus
2971 1785 3075 1821 non
3104 1771 3270 1824 ueniet
3299 1772 3369 1825 ad
3404 1775 3540 1828 vos?
3589 1776 3737 1835 nisi.

436 1858 493 1905 et
522 1851 803 1919 invisibili,
837 1834 1163 1927 summoque
1191 1858 1431 1926 vivente,
1470 1867 1525 1915 et
1562 1861 1665 1917 sibi
1697 1863 2029 1931 sufficiente,
2064 1834 2107 1892 Β
2138 1846 2253 1903 Non
2291 1846 2521 1919 potestis
2550 1868 2749 1921 capere
2781 1854 3091 1924 Spiritum,
3121 1860 3228 1915 nisi
3267 1863 3565 1919 carnaliter
3591 1867 3743 1921 desi-

434 1942 694 1999 dicuntur
731 1960 839 2002 non
881 1962 1006 2002 esse
1048 1951 1452 2009 consuetudine
1489 1953 1788 2009 visibilium
1811 1996 1824 2021 ,
1869 1963 2034 2027 atque

431 2034 799 2103 mutabilium,
824 2046 881 2094 et
905 2041 1247 2110 mortalium,
1277 2042 1362 2099 vel
1388 2057 1689 2116 egenamm
1715 2060 1895 2103 rerum
1925 2066 2035 2107 me-

433 2125 654 2193 tienda,
685 2128 783 2184 sed
813 2129 979 2185 etiam
1011 2130 1069 2187 in
1102 2132 1208 2201 his,
1238 2134 1447 2205 inquit,
1482 2137 1647 2193 etiam
1679 2154 1802 2209 qua:
1830 2145 2034 2199 nostris

429 2219 808 2291 corporalibus
842 2221 1097 2293 adjacent
1131 2227 1421 2295 sensibus,
1463 2229 1553 2286 vel
1595 2232 1743 2303 quod
1786 2248 1886 2289 nos
1927 2235 2029 2305 ipsi

432 2313 487 2367 in
517 2311 782 2372 interiore
810 2316 1031 2373 homine
1062 2334 1276 2387 sumus,
1310 2321 1539 2377 scientia
1567 2325 2032 2394 comprehendere

429 2404 763 2472 laboremus,
798 2408 1293 2478 necsufllciamus,
1324 2427 1433 2467 non
1467 2421 1651 2469 tamen
1687 2415 2033 2485 impudenter

428 2494 485 2551 in
522 2495 612 2553 illa
653 2513 775 2568 qua:
814 2513 981 2575 supra
1018 2510 1147 2557 sunt
1191 2502 1375 2558 divina
1422 2513 1478 2561 et
1519 2505 1811 2562 ineffabilia
1854 2509 2031 2578 pietas

428 2584 607 2643 fidelis
652 2588 927 2657 ardescit,
980 2607 1089 2648 non
1140 2609 1303 2665 quam
1354 2610 1579 2651 suarum
1630 2598 1836 2653 virium
1876 2600 2030 2655 inflat

426 2678 765 2748 arrogantia,
791 2681 887 2737 sed
921 2696 1084 2752 quam
1111 2685 1289 2755 gratia
1329 2686 1502 2756 ipsius
1524 2686 1805 2744 Creatoris
1830 2698 1886 2745 et
1911 2688 2029 2745 Sal-

424 2769 633 2825 vatoris
656 2769 977 2827 inﬂammat.
1028 2772 1166 2830 Nam
1196 2791 1306 2847 quo
1335 2777 1614 2835 intellectu
1654 2779 1818 2837 homo
1854 2781 2027 2837 Deum

428 2860 610 2931 capit,
655 2863 751 2933 qui
791 2863 972 2935 ipsum
1003 2866 1342 2923 intellectum
1374 2885 1533 2924 suum
1555 2911 1569 2937 ,
1616 2886 1725 2940 quo
1756 2887 1880 2927 cum
1911 2872 2031 2928 vult

425 2963 643 3022 capere,
676 2954 917 3009 nondum
949 2955 1141 3026 capit?
1191 2954 1249 3012 Si
1280 2965 1466 3019 autem
1508 2960 1658 3017 hunc
1690 2959 1807 3029 jam
1848 2962 2025 3033 capit,

425 3042 674 3098 attendat
697 3042 991 3115 diligenter
1018 3046 1154 3100 nihil
1180 3061 1248 3102 eo
1275 3063 1400 3103 esse
1438 3048 1497 3103 in
1539 3064 1639 3105 sua
1678 3058 1874 3107 natura
1913 3068 2029 3110 me-

2135 1938 2277 1993 natis
2311 1938 2533 2011 diligere
2559 1941 2862 1997 Christum.
2916 1946 3071 2002 Unde
3108 1949 3199 2005 ille
3232 1951 3325 2020 qui
3360 1950 3473 2020 jam
3511 1965 3744 2023 ceperat

2134 2031 2435 2103 Spiritum:
2470 2035 2586 2089 Etsi
2618 2053 2927 2092 noveramus
2958 2038 3246 2107 Christum,
3293 2044 3490 2114 inquit,
3536 2063 3738 2100 set-uno

2132 2124 2259 2177 dum
2308 2142 2552 2193 carnem,
2603 2130 2693 2196 sed
2742 2147 2880 2185 nunc
2923 2132 3040 2202 jam
3086 2150 3188 2188 non
3236 2137 3493 2191 novimus.
3552 2136 3739 2207 Ipsam

2121 2204 2330 2286 'quippe
2358 2232 2579 2273 carnem
2607 2218 2836 2287 Christi,
2862 2238 2966 2277 non
2995 2225 3292 2280 secundum
3321 2241 3543 2281 carnem
3568 2242 3741 2282 voca-

2130 2308 2246 2372 vit,
2275 2310 2388 2382 .qni
2420 2310 2659 2366 Verbum
2699 2328 2922 2369 carnem
2964 2314 3164 2370 factum
3197 2316 3518 2386 spiritaliter
3551 2319 3733 2373 novit.

2132 2397 2246 2453 Hoc
2277 2400 2532 2456 nimirum
2568 2403 2880 2474 signiﬁcare
2913 2406 3080 2461 voluit
3112 2410 3370 2478 magister
3397 2410 3595 2476 bonus,
3654 2412 3738 2466 ὥς

2130 2490 2337 2545 cendo:
2384 2490 2443 2547 Si
2482 2494 2620 2547 enim
2666 2512 2771 2548 non
2811 2496 3006 2559 abiero,
3044 2494 3359 2553 Paraclotus
3394 2515 3502 2553 non
3537 2500 3731 2554 ueniet.

2132 2580 2195 2637 Si
2223 2594 2397 2637 autem
2428 2585 2627 2652 abiero,
2658 2587 2864 2640 mittam
2895 2602 3014 2642 eum
3044 2589 3114 2642 ad
3141 2572 3249 2644 ros.
3294 2589 3513 2646 Christo
3541 2603 3735 2646 autem

2129 2674 2493 2731 descendente
2523 2677 2900 2747 corporaliter,
2950 2694 3059 2733 non
3088 2680 3266 2735 solum
3310 2680 3552 2752 Spiritus
3598 2698 3731 2737 sau-

2129 2780 2271 2833 ctus,
2303 2770 2401 2825 sed
2430 2777 2487 2825 et
2509 2769 2697 2837 Pater,
2724 2779 2780 2826 et
2804 2770 2975 2826 Filius
3000 2772 3107 2827 illis
3137 2771 3310 2827 adfuit
3338 2773 3727 2843 spiritualiter.

2125 2862 2205 2917 Ac
2234 2877 2333 2931 per
2357 2862 2485 2926 hoc,
2519 2878 2643 2917 cum
2673 2879 2744 2917 ex
2775 2863 3087 2918 carnalibus
3114 2872 3302 2918 essent
3338 2864 3615 2933 spiritales
3648 2863 3733 2918 fu-

2130 2952 2261 3017 turi,
2287 2950 2530 3022 profccto
2561 2961 2616 3007 et
2648 2951 2868 3008 Patrem
2897 2959 2953 3007 et
2978 2952 3175 3008 Filium
3212 2964 3268 3008 et
3303 2952 3567 3025 Spiritum
3603 2971 3733 3010 san-

2128 3050 2275 3097 ctum
2304 3042 2560 3111 capacius
2587 3040 2807 3098 fuerant
2829 3042 3092 3098 habituri.
3123 3062 3147 3094 ι

426 3131 568 3199 lius,
619 3142 678 3189 et
719 3135 903 3191 videat
949 3144 1136 3247 utrum
1179 3138 1365 3194 videat
1413 3139 1488 3196 ibi
1538 3140 1646 3196 ulla
1696 3141 2026 3200 lineamenta
2054 3185 2098 3247 Ο
2161 3174 2169 3185 ι
2202 3150 2343 3206 XVI.
2385 3149 2569 3247 Nemo
2586 3152 2752 3247 igitur
2777 3152 3079 3247 sapientum
3109 3154 3345 3247 ignorat,
3378 3154 3524 3224 quod
3556 3154 3728 3247 homo

425 3230 746 3296 turmarum,
775 3229 985 3285 uitores
1007 3229 1280 3297 colorum,
1309 3233 1606 3303 spatiosum
1633 3236 2024 3307 granditatem,

424 3320 660 3391 partium
681 3320 1021 3387 distaut'am,
1044 3322 1206 3378 molis
1227 3324 1656 3392 distinctionem,
1689 3327 1902 3398 aliquas
1928 3344 2027 3399 per

423 3409 668 3466 locorum
719 3411 1009 3468 intervalla
1056 3413 1365 3481 motiones,
1420 3415 1512 3471 vel
1556 3417 1685 3487 quid
1734 3419 2021 3490 ejusmodi.

424 3500 569 3556 Nihil
602 3510 754 3558 certe
784 3502 1013 3559 istorum
1054 3506 1365 3562 invenimus
1400 3507 1457 3563 in
1493 3522 1559 3563 eo
1593 3524 1703 3579 quo
1738 3510 1793 3564 in
1829 3519 2023 3566 natura

424 3600 612 3648 nostra
638 3592 775 3649 nihil
805 3595 1002 3651 melius
1031 3596 1365 3663 invenimus,
1395 3598 1449 3652 id
1474 3606 1585 3664 est,
1631 3600 1685 3654 in
1722 3609 1911 3656 nostro
1943 3601 2023 3655 in-

425 3681 665 3750 tellectu,
696 3698 807 3754 quo
838 3686 1164 3756 sapientiam
1197 3688 1464 3757 capimus,
1498 3698 1765 3761 quantum
1794 3706 2024 3761 capaces

423 3788 633 3830 sumus.
660 3774 816 3842 Quod
844 3790 980 3848 ergo
1002 3791 1110 3832 non
1139 3778 1444 3835 invenimus
1469 3781 1523 3836 in
1550 3782 1780 3839 meliore
1810 3792 2019 3850 nostro,

424 3881 531 3921 non
559 3867 822 3923 debemus
851 3868 905 3923 in
938 3868 1030 3924 illo
1062 3884 1307 3939 quarrcre
1337 3872 1483 3942 quod
1520 3873 1680 3944 longe
1716 3872 1909 3931 melius
1938 3885 2022 3930 est

425 3957 653 4014 meliore
682 3968 893 4015 nostro.
947 3959 1017 4016 Ut
1045 3960 1127 4016 sic
1155 3960 1526 4031 intelligamus
1556 3962 1726 4016 Deum
1756 3963 1801 4017 si
1833 3978 2021 4031 possu-

424 4062 568 4113 mus,
599 4056 865 4118 quantum
893 4065 1205 4121 possumus,
1244 4049 1363 4105 Sine
1392 4051 1699 4120 quantitate
1731 4068 2015 4124 magnum,

422 4138 543 4194 sine
571 4139 865 4210 indigentia
892 4150 1222 4205 creatorem,
1249 4143 1368 4197 sine
1391 4143 1498 4197 situ
1524 4153 1872 4213 praesentem,
1901 4146 2019 4201 sine

424 4231 613 4287 habitu
643 4232 829 4286 omnia
859 4233 1254 4299 continentem,
1287 4233 1407 4289 sine
1438 4233 1558 4289 loco
1589 4234 1789 4305 ubique
1820 4243 2016 4303 totum,

422 4323 542 4379 sine
575 4330 817 4394 tempore
851 4325 1276 4395 sempiternum,
1315 4325 1435 4379 sine
1463 4323 1572 4378 ulla
1604 4324 1688 4379 sui
1719 4326 2018 4381 mutatione

424 4414 701 4469 mutahiiia
742 4413 1065 4483 facientem,
1114 4415 1356 4485 nihilque
1395 4416 1709 4485 patientem.
1761 4416 2019 4487 Quisquis

425 4511 594 4564 Deum
625 4510 701 4563 ita
729 4510 961 4581 cogitat,
993 4511 1096 4566 etsi
1123 4510 1365 4565 nondum
1390 4517 1570 4580 potest
1596 4510 1908 4567 omnimodo
1934 4512 2017 4567 in-

417 4601 608 4656 venire
635 4600 765 4671 quid
795 4601 897 4665 sit,
937 4600 1025 4671 pie
1054 4609 1239 4656 tamen
1266 4610 1456 4665 cavet,
1494 4610 1760 4671 quantum
1798 4609 2011 4673 potest,

418 4693 622 4763 aliquid
647 4692 713 4747 de
741 4685 830 4747 illo
857 4692 1060 4746 sentire
1085 4692 1232 4761 quod
1258 4706 1367 4746 non
1395 4691 1484 4745 sit.
1518 4711 1537 4744 ι

486 4807 606 4863 XV.
647 4806 923 4875 Quantum
954 4814 1135 4861 autem
1162 4804 1393 4860 visibilia
1422 4812 1656 4861 noceant
1680 4804 1746 4860 ad
1774 4805 2017 4861 invisibi-

417 4898 493 4953 lia
514 4897 803 4969 capienda,
832 4905 889 4951 et
915 4905 1181 4967 quantum
1210 4912 1365 4952 amor
1386 4912 1776 4966 corporearum
1802 4912 2009 4963 rerum,

416 4990 582 5045 etiam
624 4992 923 5054 bonarum,
969 4990 1036 5044 ad
1083 4989 1351 5059 spiritalia
1394 4990 1847 5061 contemplanda,
1894 4992 2011 5061 ipse

420 5080 678 5138 lnnninus
719 5080 1097 5148 demonstrat,
1143 5081 1368 5137 dicens:
1416 5080 1531 5152 Ego
1575 5082 1845 5136 veritatem
1888 5082 2006 5135 dico

417 5169 578 5229 rubis.
603 5170 830 5243 Expedit
850 5168 995 5226 vobis
1016 5180 1072 5227 ut
1094 5186 1188 5243 ego
1209 5170 1419 5227 cadam.
1446 5169 1507 5226 Si
1526 5172 1664 5226 enim
1688 5187 1792 5225 non
1814 5170 2011 5235 abiero,

2040 4560 2094 4620 D

2132 3240 2325 3305 fidelis,
2350 3252 2409 3295 ut
2434 3240 2685 3311 proﬁciat
2707 3242 2774 3297 ab
2794 3242 3176 3310 exterioribus,
3203 3244 3475 3299 introrsus
3504 3245 3734 3299 trahen-

2129 3332 2229 3388 dus
2256 3343 2370 3396 cst,
2419 3348 2523 3386 non
2563 3332 2632 3386 ab
2669 3332 3021 3389 interioribus
3059 3334 3303 3390 exterius
3332 3334 3727 3405 projicicnius,

2126 3430 2187 3477 ut
2209 3420 2419 3477 deficiat
2433 3462 2445 3475 .
2472 3421 2731 3477 Transire
2754 3423 2899 3478 enim
2921 3424 3079 3478 debet
3097 3423 3164 3479 de
3185 3440 3349 3480 carne
3370 3425 3439 3479 ad
3458 3425 3727 3492 animam,

2126 3513 2193 3569 de
2220 3528 2449 3583 torpore
2476 3514 2543 3568 ad
2573 3514 2843 3582 spiritum.
2879 3515 2945 3569 de
2970 3515 3276 3571 visibilibus
3305 3515 3372 3583 ad
3402 3516 3727 3587 invisibilia,

2126 3604 2195 3660 de
2216 3603 2418 3659 mundo
2446 3604 2513 3657 ad
2536 3603 2727 3658 Deum.
2767 3604 2835 3657 Et
2859 3604 2959 3659 iste
2985 3605 3185 3658 dicitur
3208 3602 3503 3674 profectus,
3535 3606 3581 3661 si
3605 3618 3633 3647 ι
3657 3607 3730 3661 ad

2126 3696 2352 3755 meliora
2377 3698 2501 3767 quis
2532 3703 2790 3761 transeat,
2819 3710 2926 3749 non
2955 3694 3022 3749 ad
3048 3695 3341 3750 deteriora.
3376 3682 3572 3751 Melius
3591 3712 3731 3750 vero

2125 3808 2246 3849 esse
2274 3793 2540 3858 animum,
2567 3792 2805 3847 deterius
2832 3806 3047 3861 corpus,
3078 3790 3408 3846 eminentius
3438 3791 3725 3861 spiritum,

2126 3886 2369 3942 inﬁmam
2398 3900 2652 3951 carnem,
2686 3885 2840 3941 novit
2881 3884 2972 3954 qui
3015 3900 3076 3939 ea
3114 3898 3235 3955 qua:
3264 3882 3425 3953 paulo
3467 3884 3727 3954 superius

2124 3985 2250 4033 sunt
2272 3978 2449 4048 posita
2475 3976 2654 4032 sancti
2682 3975 2971 4046 Augustini
3013 3976 3181 4029 verba
3207 3973 3338 4042 legit
3358 3982 3412 4028 et
3438 3972 3720 4045 intelligit.

2126 4068 2292 4123 Multo
2323 4078 2506 4123 autem
2538 4067 2625 4122 his
2652 4066 2925 4121 deteriora
2950 4080 3071 4120 esse
3099 4079 3221 4135 quae
3246 4063 3485 4118 humana
3514 4072 3571 4118 et
3600 4079 3728 4119 car-

2122 4160 2262 4215 nalis
2290 4158 2640 4232 praesumptio
2672 4157 2843 4229 fingit,
2875 4158 3041 4229 etiam
3070 4155 3221 4210 stulti
3253 4155 3625 4210 consentiunt.
3662 4154 3722 4208 In

2121 4266 2230 4323 quo
2259 4265 2459 4322 genere
2488 4251 2603 4305 ista:
2629 4263 2844 4321 quoque
2875 4247 3246 4325 inveniuntur,
3279 4261 3416 4317 quas
3442 4246 3469 4285 δ
3492 4255 3721 4301 sanctas

2122 4341 2393 4412 appellant
2429 4340 2692 4410 imagines
2720 4348 2829 4392 nun
2858 4336 3032 4391 solum
3064 4334 3341 4406 sacrilegi,
3378 4349 3445 4389 ex
3475 4349 3541 4390 eo
3570 4336 3718 4403 quod

2121 4432 2364 4486 divinum
2394 4428 2593 4485 cultum
2616 4426 2874 4496 operibus
2893 4436 3151 4479 manuum
3176 4439 3398 4480 suarum
3418 4423 3716 4489 exhibent;

2121 4524 2217 4580 sed
2258 4530 2313 4577 et
2354 4520 2694 4589 insipientes,
2739 4516 3084 4571 sanctitatem
3119 4513 3199 4569 eis
3229 4528 3351 4584 qua:
3378 4513 3498 4567 sine
3528 4513 3718 4567 anima

2122 4622 2250 4669 sunt
2274 4610 2602 4682 imaginibus
2632 4606 2916 4662 tribuendo
2940 4623 2952 4658 :
2987 4619 3089 4659 nec
3116 4605 3221 4659 hoc
3247 4602 3441 4669 solum,
3471 4601 3568 4657 sed
3594 4590 3728 4656 san:

2124 4703 2505 4760 ctilieationem
2536 4706 2781 4770 quoque,
2834 4711 2998 4767 quam
3042 4711 3141 4766 per
3168 4695 3407 4751 Verbum
3452 4692 3551 4747 Dei
3591 4692 3714 4748 fieri

2120 4803 2353 4852 testatur
2383 4790 2703 4861 Apostolus,
2750 4789 2830 4844 eis
2874 4804 2993 4859 qua:
3035 4802 3313 4857 nunquam
3359 4785 3539 4840 locuta
3583 4798 3718 4841 sunt

2118 4888 2425 4947 simulacris
2456 4887 2738 4942 dementer
2765 4884 3133 4939 concedendo.
3186 4884 3427 4952 Denique
3462 4880 3710 4946 Gedeon,

2117 4982 2245 5055 qui,
2277 4987 2415 5036 teste
2458 4976 2671 5048 angelo,
2717 4977 2960 5030 virorum
3000 4972 3331 5028 fortissimus
3359 4973 3605 5038 exstitit,
3654 4981 3716 5027 et

2115 5084 2360 5129 uinrtuus
2402 5070 2603 5125 dicitur
2639 5069 2692 5122 in
2735 5073 3014 5122 senectute
3043 5066 3219 5130 bona,
3267 5065 3596 5135 postulavit,
3650 5074 3714 5119 ut

2123 5172 2311 5223 narrat
2336 5161 2619 5231 Scriptura
2649 5159 2862 5225 divina,
2903 5171 2935 5211 a
2965 5158 3129 5213 sociis
3158 5156 3224 5212 de
3259 5158 3439 5224 praeda
3484 5157 3710 5213 inaures

1816 5256 2092 5314 BALUZII
2129 5253 2358 5310 ΝΟΤᾹΞ.

489 5354 618 5409 ιΑά
656 5355 878 5431 meliora
913 5357 1030 5426 quis
1053 5363 1306 5431 transeat.
1351 5351 1444 5409 Sic
1460 5352 1826 5431 __Polycarpus
1856 5350 1999 5431 apud
2091 5357 2146 5402 et
2159 5346 2376 5431 merito,
2400 5338 3707 5431 quod‘sancgsimaginesdicereut,sancutatem

416 5426 707 5484 Eusebium
736 5424 833 5480 lib.
864 5411 941 5491 ινξ
970 5441 1089 5496 cap.
1125 5424 1211 5491 15,
1251 5425 1329 5479 ait
1352 5414 1646 5496 :V¢V_Neque
1674 5411 1815 5476 enim
1846 5411 2002 5496 nobis
2096 5418 2261 5473 rebus
2302 5411 2615 5496 inanimatis
2653 5412 2989 5496 tribuentes,
3044 5411 3404 5496 etmoperibqs
3438 5425 3705 5496 manuum

420 5477 883 5553 ﬁant-“imm
903 5477 1495 5551 deterioramutabilis
1520 5477 1694 5547 mens
1726 5502 1858 5565 es_t._
1876 5490 2004 5565 Pul-_-
2100 5502 2342 5565 suarum.
2370 5484 2707 5565 Nihiltamen
2736 5480 3024 5565 vetatquin
3054 5477 3235 5565 aliquo
3253 5477 3413 5565 modo
3438 5479 3551 5565 dici
3568 5477 3704 5565 pos—

418 5557 613 5633 ehrum
644 5566 861 5636 quidem
892 5574 1055 5635 atque
1094 5567 1380 5651 hon‘estum
1407 5565 1655 5645 ducimus
1677 5580 1713 5645 ἐι
1744 5562 1893 5651 vitiis
2103 5554 3709 5651 npfrsgl'ffglthtl‘lﬁllﬂgf

418 5618 1125 5693 virtutemtranscurrere.
1151 5656 1167 5687 ›
1200 5618 1279 5690 lis
1309 5634 1561 5690 versione
1590 5633 1690 5688 viri
1719 5630 2005 5687 clarissimi
2103 5626 2242 5681 bulis
2266 5626 2372 5680 illis
2407 5626 2573 5698 pictae
2592 5630 2740 5685 sunh
2798 5618 3071 5701 Vt'l‘ﬁﬁlmé-
3102 5620 3275 5701 Λξςιιιβ
3301 5618 3371 5700 0,”
3409 5634 3529 5701 ea?!
3571 5636 3707 5701 (7³⁸³·

426 5707 650 5775 licurici
676 5706 895 5762 Valcsii.

492 5780 518 5826 ι»
538 5777 766 5835 Sancta:
780 5776 1042 5849 appellant
1058 5777 1329 5849 imagines.
1347 5773 1711 5846 lndignaturA
1722 5771 2011 5838 gobardus,

2108 5713 2224 5750 sam
2256 5711 2347 5750 eas
2390 5684 2607 5748 sanet-is
2656 5684 2814 5745 vocat
2867 5689 3008 5743 Beda
3040 5689 3092 5742 in
3146 5684 3383 5745 Historia
3437 5690 3702 5748 abbatqu

2112 5764 2634 5828 Wircmutbensium
2664 5774 2834 5829 nuper
2856 5758 3022 5812 edita.
