3930 6328
450 380 555 440 Elii

1381 382 1441 437 S.
1482 379 1835 438 AGOBARDI
1875 379 2188 434 EPISCOPI
2228 379 2713 437 LUGDUNENSIS

3622 377 3730 438 9.!8

445 508 741 552 conversos
782 492 1158 559 inﬂammavit,
1205 502 1266 548 ut
1301 495 1672 566 unusquisque
1715 495 1894 552 crucis
1932 494 2038 549 Do-
2064 494 2116 553 A
2141 509 2311 563 usque
2353 497 2422 550 ad
2466 511 2705 566 praesens
2751 505 2960 566 tempus
3001 497 3146 552 sedis
3187 496 3328 551 illius
3367 497 3729 554 sacerdotium

451 583 664 640 minlcte
698 584 911 655 signum
947 585 1002 640 in
1034 585 1301 656 postibus,
1332 586 1385 642 in
1417 586 1769 658 ingressibus,
1802 587 1856 641 in
1891 586 2040 642 fene-

446 674 616 738 stris,
675 675 736 755 in
787 675 1087 745 parietibus
1116 718 1131 742 ,
1194 675 1568 746 columnisque
1615 677 1948 749 depingeret.
1996 674 2040 732 Ο

447 778 613 833 quam
650 764 862 821 sincera
903 765 1126 835 religio!
1166 763 1357 820 Crucis
1396 765 1653 820 vexillum
1686 767 1881 835 ubique
1920 766 2040 835 pirr-

446 858 695 927 gebatur,
736 875 845 915 non
884 859 1065 929 aliqua
1101 859 1280 914 vultus
1308 859 1528 913 humani
1556 858 1883 924 similitudo;
1926 857 2039 913 Deo

447 949 656 1006 scilicet
701 951 817 1005 haec
860 950 1202 1014 mirabiliter,
1251 949 1416 1004 etiam
1472 948 1604 1018 ipsis
1659 947 1891 1004 forsitan
1944 962 2040 1002 ne-

448 1041 767 1105 scientibus,
799 1042 1141 1113 disponente.
1181 1040 1238 1096 Si
1265 1041 1410 1097 enim
1437 1050 1746 1096 sanctorum
1774 1040 2038 1108 imagines

446 1131 502 1187 hi
529 1131 621 1202 qui
649 1132 954 1188 daemonum
987 1132 1191 1188 cultum
1230 1132 1566 1201 reliquerant
1596 1131 1845 1187 venerari
1880 1131 2038 1202 jube-

445 1232 654 1288 rcutur,
681 1233 813 1293 puto
841 1222 986 1287 quod
1013 1222 1292 1277 videretur
1329 1223 1408 1276 eis
1445 1237 1552 1275 nou
1591 1230 1698 1274 tam
1730 1221 1874 1277 idola
1912 1221 2040 1276 reli-

446 1317 652 1386 quisse,
680 1331 846 1386 quam
883 1315 1174 1370 simulacra
1205 1324 1467 1376 mutasse,

517 1407 635 1463 XX.
679 1407 832 1475 Quod
862 1416 1044 1462 autem
1089 1407 1353 1478 imagines
1381 1405 1747 1476 apestolorum
1787 1412 1842 1460 et
1869 1404 2037 1474 ipsius

433 1499 658 1554 Domini
697 1500 767 1554 ob
802 1513 1042 1555 amorem
1074 1499 1255 1568 potius
1297 1505 1350 1552 et
1390 1496 1840 1560 recordationem,
1872 1510 2035 1565 quam

441 1591 513 1646 ob
555 1591 836 1662 religionis
880 1591 1163 1656 honorem,
1212 1597 1306 1644 aut
1351 1589 1585 1660 aliquam
1632 1587 2035 1642 venerationem

440 1695 596 1736 more
643 1678 949 1752 gentilium,
989 1679 1058 1734 ab
1100 1679 1341 1751 antiquis
1385 1693 1652 1749 expressae
1691 1677 1774 1731 vel
1817 1691 2036 1731 conser-

440 1781 580 1828 vatae
621 1774 753 1838 sint,
802 1771 1073 1826 Eusebius
1101 1770 1453 1825 Caesariensis
1507 1769 1562 1822 in
1614 1768 1754 1822 libro
1805 1766 2035 1837 septimo

440 1865 594 1938 (Cap.
625 1865 713 1935 18)
751 1864 1148 1920 Ecelesiasticce
1192 1863 1444 1920 Historia:
1492 1863 1752 1928 ostendit,
1805 1861 2035 1917 interse-

441 1974 568 2015 rens
598 1958 904 2028 hujusmodi
940 1957 1333 2022 narrationem,
1374 1972 1498 2011 cum
1539 1955 1605 2010 de
1637 1955 1722 2010 his
1751 1969 1872 2024 quae
1898 1952 2036 2023 apud

440 2051 746 2107 Caesaream
794 2051 1026 2123 Philippi
1087 2057 1238 2119 gesta
1293 2055 1632 2116 compererat
1685 2045 1863 2115 aliqua
1914 2058 2037 2113 per-

441 2147 772 2203 strinxisset.
805 2145 894 2199 Ait
925 2159 1055 2213 ergo
1084 2157 1098 2196 :
1138 2161 1155 2192 ι
1191 2143 1391 2196 Verum
1429 2139 1555 2208 quia
1585 2138 1736 2193 urbis
1763 2137 1924 2206 hujus
1950 2135 2032 2189 fe-

442 2238 618 2292 cimus
666 2235 1033 2298 mentionem,
1087 2231 1292 2300 justum
1343 2231 1559 2285 videtur
1607 2240 2036 2283 commemorare

439 2331 603 2383 etiam
645 2326 775 2381 illud
811 2326 865 2380 in
895 2339 958 2381 ea
989 2333 1222 2396 gestum,
1252 2321 1395 2391 quod
1422 2319 1649 2374 historia
1686 2318 1906 2387 dignum
1935 2314 2035 2371 du-

443 2423 640 2476 ximus.
674 2418 954 2472 Mulierem
982 2430 1146 2485 quam
1175 2411 1453 2483 sanguinis
1481 2408 1742 2480 proﬂuvio
1785 2407 2035 2462 laborau-

444 2509 550 2553 tcm
596 2512 626 2552 a
675 2496 971 2552 Salvatore
1010 2502 1254 2549 curatam
1308 2489 1605 2560 Evangelia
1661 2486 2030 2547 tradiderunt.

448 2590 610 2659 hujus
638 2588 790 2642 urbis
817 2587 991 2642 civem
1021 2593 1236 2640 constat
1266 2582 1462 2648 fuisse;
1491 2581 1801 2649 domusque
1830 2578 1951 2646 ejus
1977 2578 2029 2631 iu

446 2701 509 2738 ea
550 2683 715 2738 etiam
766 2696 909 2735 nunc
949 2678 1278 2734 ostenditur.
1307 2675 1414 2730 Pro
1438 2675 1650 2728 foribus
1681 2689 1810 2730 vero
1839 2675 2033 2730 domus

449 2775 622 2843 ipsius
654 2773 804 2828 basis
833 2772 1082 2841 quasdam
1111 2771 1165 2825 in
1198 2770 1316 2824 loco
1345 2762 1559 2824 editiori
1586 2768 1851 2823 collocata
1875 2783 2030 2821 mon-

449 2875 675 2930 stratur,
704 2865 758 2919 in
800 2878 911 2934 qua
965 2861 1212 2916 mulieris
1246 2861 1420 2931 ipsius
1453 2861 1618 2914 veluti
1646 2860 1874 2930 genibus
1904 2873 2031 2929 pro-

449 2963 649 3017 volutae
681 2961 1003 3030 palmasque
1037 2957 1362 3028 suppliciter
1400 2956 1679 3009 tendentis
1710 2955 1890 3023 imago
1925 2967 2034 3008 mre

453 3055 669 3108 Vit't'llﬂ'
712 3068 993 3123 expressa.
1025 3052 1182 3106 Astat
1219 3065 1347 3106 vero
1383 3050 1486 3103 alia
1528 3063 1635 3103 aere
1678 3047 2034 3100 nihilominus

455 3149 571 3205 fusa
606 3159 810 3212 statua,
857 3147 1049 3201 habitu
1082 3145 1201 3208 viri,
1256 3145 1392 3200 stola
1432 3153 1648 3210 compte
1686 3139 2032 3202 circitmdati,

453 3251 508 3295 ct
535 3242 816 3295 dexteram
868 3239 1082 3292 mulieri
1141 3237 1488 3305 porrigentis.
1525 3233 1695 3300 llnjus
1739 3233 1805 3285 ad
1847 3232 2034 3300 pedem

453 3343 669 3395 statuae,
702 3349 732 3385 e
766 3331 884 3385 basi
917 3332 1080 3384 herba
1115 3327 1364 3395 quaédam
1394 3341 1531 3379 nova
1562 3325 1741 3393 specie
1765 3321 2032 3383 nascitur;

456 3439 580 3490 qum
611 3439 733 3478 cum
768 3435 960 3477 exorta
1004 3421 1187 3483 fuerit,
1223 3431 1539 3472 excrescerc
1574 3429 1748 3483 usque
1787 3411 1854 3467 ad
1889 3411 2040 3466 stolae

459 3516 610 3570 illius
643 3514 770 3568 a‘rei
830 3513 1134 3567 indumenti
1187 3509 1454 3563 liu'briam
1505 3506 1675 3568 solet;
1707 3519 1867 3574 quam
1908 3517 2034 3558 cum

441 3611 658 3652 summo
684 3597 886 3651 vertice
915 3605 1167 3646 crescens
1193 3590 1364 3643 'nerba
1398 3587 1709 3654 contigerit,
1741 3585 1886 3637 vires
1913 3583 2038 3636 inde

444 3689 514 3744 ad
543 3685 886 3756 depellendos
909 3695 1097 3737 omnes
1125 3679 1342 3733 morbos
1383 3677 1782 3747 languoresquc
1811 3671 2038 3741 conqui-

450 3781 549 3844 rit;
586 3779 661 3835 ita
688 3785 748 3832 ut
771 3790 1104 3846 qumcunque
1134 3772 1223 3826 illa
1255 3770 1419 3828 fuerit
1447 3767 1736 3823 inﬁrmitas
1766 3765 2037 3834 corporis,

448 3875 645 3927 haustu
680 3870 874 3940 exiguo
903 3863 1187 3922 madefacti
1233 3862 1489 3918 salutaris
1519 3859 1779 3931 graminis
1805 3857 2039 3925 depella-

448 3975 556 4027 tur,
599 3960 734 4016 nihil
762 3960 985 4016 omnino
1013 3958 1204 4012 virium
1233 3971 1446 4028 gerens,
1479 3955 1524 4008 si
1561 3960 1850 4020 antequam
1885 3963 2038 4004 mrem

451 4055 676 4110 ﬁmbrias
722 4051 1092 4108 summitatem
1135 4045 1432 4102 crescendo
1477 4041 1804 4112 contigerit,
1854 4040 2040 4094 decer-

448 4155 625 4215 pautr.
683 4143 834 4197 lianc
866 4149 1100 4195 statuam
1147 4138 1215 4192 ad
1255 4134 1663 4190 similitudinem
1696 4131 1874 4184 vultus
1908 4129 2039 4185 Jesu

448 4236 733 4290 formatam
763 4233 1048 4288 tradebant
1081 4248 1093 4283 :
1124 4243 1243 4298 qua:
1273 4225 1576 4296 permansit
1621 4224 1689 4277 ad
1719 4229 1904 4276 nostra
1951 4236 2040 4275 us—

451 4347 555 4398 que
587 4339 852 4399 tempora,
900 4327 1040 4382 sicut
1081 4324 1253 4381 oculis
1294 4323 1497 4377 nostris
1546 4320 1646 4389 ipsi
1681 4319 2034 4388 inspeximus.

453 4425 518 4478 Et
550 4423 681 4478 nihil
735 4420 951 4482 mirum,
1003 4417 1132 4474 sibi
1164 4416 1254 4486 qui
1287 4429 1353 4469 ex
1402 4412 1650 4484 gentibus
1698 4407 2040 4464 crediderant

2141 588 2460 640 sortiuntur.
2493 606 2512 640 ι
2555 585 2831 642 Hactenus
2859 586 3141 642 Eusebius.

2211 676 2351 731 XXI.
2409 677 2551 732 Beda
2596 692 2832 746 quoque,
2877 677 3172 749 Anglorum
3223 678 3400 748 gentis
3446 678 3630 744 homo,
3677 686 3732 735 et

2139 783 2238 822 suo
2265 777 2509 837 tempore
2542 768 2741 822 divinis
2783 767 2977 822 litteris
3022 783 3132 822 non
3158 768 3509 822 mediocriter
3556 768 3732 822 imbu-

2140 867 2389 924 tus,cum
2414 861 2480 912 de
2503 858 2638 912 mari
2665 858 2807 928 quod
2837 858 2890 911 iu
2921 858 3119 927 templo
3139 858 3349 912 Domini
3375 873 3406 911 a
3435 856 3729 913 Salomone

2139 948 2343 1003 factum
2388 957 2473 1003 est
2521 956 2914 1019 pertractaret,
2967 948 3152 1003 intulit
3200 957 3324 1020 post
3364 950 3480 1004 haec
3525 951 3727 1004 verba:

2143 1057 2161 1090 ‹
2204 1037 2504 1092 Notandum
2560 1053 2691 1092 sane
2736 1039 2860 1108 quia
2911 1046 3038 1092 sunt
3084 1038 3173 1106 qui
3222 1047 3414 1108 putant
3460 1040 3578 1111 lege
3636 1040 3730 1096 Dei

2137 1130 2486 1201 prohibitum,
2535 1145 2603 1183 ne
2643 1129 2728 1201 vel
2755 1130 3032 1183 hominum
3081 1129 3163 1184 vel
3207 1131 3574 1199 quorumlibet
3615 1131 3731 1184 ani-

2138 1225 2358 1280 malium
2388 1225 2502 1278 sive
2535 1239 2712 1278 rerum
2741 1221 3124 1277 similitudines
3153 1221 3483 1292 sculpamus,
3513 1230 3609 1275 aut
3635 1221 3731 1276 de-

2137 1318 2423 1389 pingamus
2471 1316 2523 1370 in
2571 1316 2838 1380 Ecclesia,
2890 1314 2976 1368 vel
3026 1314 3133 1369 alio
3176 1315 3418 1384 quolibet
3461 1314 3615 1380 loco;
3665 1331 3730 1371 eo

2137 1411 2281 1479 quod
2311 1409 2364 1463 in
2394 1408 2657 1478 Decalogo
2683 1407 2820 1478 legis
2847 1408 3048 1462 dixerit
3074 1424 3086 1460 :
3117 1406 3241 1460 Non
3274 1408 3435 1476 facies
3467 1408 3561 1461 tibi
3589 1407 3732 1462 scut.

2135 1504 2288 1577 ptile,
2333 1520 2496 1574 neque
2541 1519 2747 1556 omnem
2796 1501 3197 1555 similitudinem
3236 1517 3354 1571 qua:
3389 1509 3464 1554 est
3506 1501 3562 1554 in
3604 1500 3732 1556 casio

2136 1601 2376 1670 desuper,
2401 1607 2449 1652 et
2470 1613 2587 1668 qum
2614 1597 2667 1650 in
2691 1605 2832 1649 terra
2855 1595 3123 1658 deorsum,
3151 1609 3242 1647 nec
3265 1608 3447 1646 eorum
3469 1609 3588 1662 qua:
3608 1600 3732 1647 sunt

2136 1691 2191 1743 in
2223 1689 2374 1758 aquis
2423 1687 2517 1742 sub
2565 1696 2725 1740 terra.
2770 1684 2870 1751 Qui
2919 1699 3261 1753 nequaquam
3303 1684 3408 1738 hoc
3452 1691 3730 1752 putarent,

2138 1779 2183 1833 si
2227 1777 2311 1832 vel
2349 1776 2653 1831 Salomonis
2697 1790 2834 1843 opus
2878 1775 2946 1828 ad
2984 1774 3303 1828 memoriam
3355 1785 3726 1838 revocasseut,

2139 1883 2245 1938 quo
2285 1874 2338 1921 et
2375 1866 2428 1919 in
2473 1864 2672 1932 templo
2725 1864 2869 1917 intus
2907 1863 3113 1933 palmas
3158 1861 3282 1917 f-c't
3329 1873 3383 1918 et
3420 1851 3726 1924 cherubim,

2137 1975 2256 2015 cum
2303 1957 2472 2012 variis
2520 1954 2831 2019 ctelaturis,
2895 1963 2950 2008 et
2993 1953 3050 2007 in
3090 1953 3355 2008 columnis
3404 1954 3545 2008 illius
3591 1954 3728 2007 mala

2137 2059 2360 2122 grauata
2397 2059 2451 2103 et
2480 2056 2648 2112 rctes,
2701 2047 2754 2100 in
2804 2045 2942 2099 mari
2989 2060 3205 2114 quoque
3244 2059 3394 2099 aeneo
3444 2043 3731 2098 duodecim

2136 2143 2324 2204 boves,
2376 2148 2432 2194 et
2479 2139 2784 2208 sculpturas
2834 2137 3136 2200 histriatas,
3185 2135 3279 2190 sed
3327 2144 3380 2190 et
3427 2135 3481 2190 in
3510 2134 3732 2189 vasibus

2137 2233 2386 2294 laterum,
2424 2239 2483 2283 ut
2517 2231 2570 2282 in
2602 2228 2955 2296 sequentibus
2995 2227 3214 2297 legitur,
3247 2225 3430 2280 leones
3465 2240 3588 2280 cum
3638 2225 3733 2278 bo-

2136 2321 2254 2384 bus,
2289 2320 2513 2390 palmas,
2545 2332 2674 2372 axes
2710 2325 2766 2372 et
2810 2325 2980 2384 rotas,
3014 2331 3138 2372 cum
3169 2316 3452 2370 cherubim
3494 2324 3550 2370 et
3577 2317 3733 2368 vario

2135 2414 2472 2484 picturarum
2521 2425 2718 2480 genere
2766 2407 2935 2473 fecit;
3011 2407 3096 2461 vel
3144 2415 3292 2461 certe
3343 2407 3512 2476 ipsius
3561 2406 3732 2476 Moysi

2135 2519 2296 2574 opera
2330 2502 2790 2565 eonsiderassent,
2819 2499 2933 2569 qui,
2962 2499 3188 2569 jubente
3220 2498 3469 2562 Domino,
3507 2507 3562 2552 et
3604 2498 3732 2552 che-

2135 2597 2312 2651 rubim
2359 2594 2509 2663 prius
2552 2593 2606 2645 in
2637 2591 3036 2661 propitiatorio,
3087 2598 3142 2644 et
3186 2597 3374 2658 postea
3423 2596 3732 2656 serpentem

2134 2685 2264 2740 fecit
2301 2698 2510 2739 aeneum
2557 2684 2612 2736 in
2653 2697 2856 2745 eremo,
2894 2681 3049 2750 cujus
3094 2679 3294 2733 intuitu
3333 2678 3561 2747 populus
3599 2693 3629 2731 a
3659 2676 3733 2732 fe-

2136 2793 2320 2832 rarum
2352 2777 2685 2847 serpentium
2717 2789 2926 2829 veneno
2955 2773 3276 2830 salvaretur.
3321 2772 3378 2826 Si
3416 2773 3563 2826 enim
3607 2772 3735 2827 lice-

2134 2864 2228 2923 bat
2263 2875 2569 2938 serpentem
2608 2865 2835 2921 exaltari
2865 2880 3073 2918 aeneum
3119 2865 3172 2918 in
3203 2863 3369 2932 ligno,
3395 2878 3558 2932 quem
3591 2864 3737 2932 aspi-

2137 2961 2343 3015 cientes
2373 2959 2467 3012 lilii
2498 2957 2662 3012 Israel
2691 2957 2967 3019 viverent;
3012 2971 3109 3009 cur
3147 2970 3253 3008 non
3281 2953 3408 3008 licet
3435 2953 3731 3007 exaltatio-

2139 3068 2263 3107 nem
2293 3051 2504 3106 Domini
2534 3049 2835 3105 Salvatoris
2874 3047 2930 3100 in
2961 3061 3147 3110 cruce,
3178 3060 3282 3115 qua
3320 3055 3552 3099 mortem
3576 3044 3730 3105 vicit.

2063 3174 2107 3234 ρ
2141 3143 2208 3195 ad
2250 3140 2568 3194 memoriam
2614 3137 2867 3193 fidelibus
2909 3136 3244 3205 depingendo
3283 3135 3499 3199 redurti;
3550 3134 3631 3188 vel
3671 3135 3736 3189 ad

2140 3234 2244 3287 alia
2288 3231 2405 3300 ejus
2448 3230 2710 3285 miracula
2758 3238 2813 3284 et
2843 3228 3179 3292 sanationes,
3223 3227 3418 3295 quibus
3453 3227 3520 3281 de
3545 3226 3737 3281 eodem

2141 3323 2329 3378 mortis
2359 3330 2579 3375 auctore
2603 3319 2923 3373 mirabiliter
2952 3318 3336 3387 triumphavit;
3387 3333 3512 3372 cum
3539 3319 3736 3372 horum

2142 3423 2394 3484 aspectus
2440 3412 2669 3467 multum
2704 3424 2846 3481 saepe
2893 3410 3330 3479 compunctionis
3377 3409 3551 3464 soleat
3594 3424 3736 3480 pra:-

2141 3513 2287 3559 starc
2318 3503 2717 3566 contnentibus,
2749 3509 2804 3556 et
2845 3500 2925 3555 eis
2953 3516 3168 3569 quoque
3201 3501 3294 3569 qui
3328 3500 3540 3555 litteras
3583 3501 3737 3570 igno-

2145 3607 2294 3663 rant,
2338 3597 2492 3667 quasi
2536 3597 2715 3649 vivam
2749 3594 3046 3649 Dominica:
3093 3594 3338 3648 historiae
3381 3594 3622 3663 pandere
3666 3594 3738 3648 lc-

2143 3688 2414 3743 ctiouem?
2465 3685 2598 3738 Nam
2629 3693 2682 3740 et
2726 3685 2937 3755 pictura
2979 3683 3167 3739 Grmce
3217 3687 3500 3760 ζωγραφία,
3550 3683 3603 3737 id
3655 3693 3741 3738 est

2143 3782 2264 3834 viva
2314 3779 2580 3847 scriptura
2625 3785 2869 3832 vocatur.
2922 3775 2981 3830 Si
3030 3775 3184 3829 licuit
3230 3776 3514 3829 duodecim
3569 3777 3740 3830 boves

2143 3886 2322 3926 amcos
2376 3869 2592 3934 facere,
2661 3867 2755 3937 qui
2815 3882 2964 3920 mare
3035 3865 3432 3937 superpositum
3497 3865 3740 3922 ferentes

2143 3976 2374 4036 quatuor
2402 3964 2588 4018 mundi
2617 3963 2806 4033 plagas
2851 3963 2989 4016 terni
3021 3963 3388 4032 respicerent;
3438 3964 3567 4032 quid
3612 3980 3740 4032 pro-

2145 4056 2291 4110 hibet
2318 4054 2600 4109 duodecim
2639 4054 2911 4122 apostolos
2947 4054 3190 4123 pingere,
3216 4054 3487 4122 quomodo
3521 4066 3737 4118 euntes,

2143 4160 2332 4199 «irrines
2377 4152 2563 4215 gentes
2609 4145 2947 4213 baptizantes
2995 4158 3090 4197 eos
3133 4144 3188 4196 in
3226 4143 3443 4198 nomine
3472 4143 3654 4198 Patris
3686 4154 3740 4199 et

2145 4234 2263 4288 Filii
2303 4243 2357 4288 et
2387 4233 2619 4302 Spiritus
2657 4233 2850 4296 sancti,
2889 4232 3012 4285 vlva
3055 4241 3117 4285 ut
3155 4232 3382 4287 dixerim
3425 4247 3538 4300 prae
3565 4234 3740 4288 oculis

2144 4324 2385 4379 omnium
2412 4322 2684 4393 designari
2727 4322 3032 4392 scriptura?
3077 4321 3134 4375 Si
3179 4331 3372 4376 contra
3414 4321 3588 4393 legem
3628 4339 3738 4378 non

2145 4414 2245 4468 fuit
2282 4415 2339 4467 in
2375 4413 2565 4467 eodem
2608 4411 2742 4469 mari
2795 4410 3100 4480 sculpturas
3149 4411 3465 4464 historiatas
3510 4412 3564 4465 in
3605 4427 3740 4482 gyro

453 4530 550 4573 ιιι-ο
578 4510 860 4568 beneﬁciis
909 4524 1029 4578 quae
1081 4523 1110 4562 a
1152 4505 1432 4560 Salvatore
1480 4500 1695 4555 fuerant
1737 4499 2034 4562 consecuti,
2063 4517 2117 4578 Ι)
2144 4505 2330 4558 decem
2373 4502 2678 4557 cubitorum
2723 4499 2873 4564 ﬁeri;
2926 4501 3196 4568 quomodo
3244 4499 3346 4570 legi
3397 4501 3738 4555 contrarium

455 4602 764 4673 huiusmodi
793 4601 939 4655 velut
965 4611 1160 4652 munus
1188 4595 1508 4648 videbantur
1530 4590 1756 4655 offerre;
1807 4605 1930 4642 cum
1960 4589 2039 4642 vi-

454 4695 681 4748 deamus
724 4691 890 4747 etiam
937 4702 1082 4742 nunc
1118 4695 1172 4741 et
1193 4682 1560 4754 apostolorum
1591 4680 1734 4733 Petri
1779 4679 1860 4733 vel
1885 4677 2041 4732 Pauli

454 4796 508 4840 et
553 4784 722 4853 ipsius
748 4779 1047 4836 Salvatoris
1091 4775 1355 4846 imagines
1400 4771 1693 4840 designari,
1725 4769 2043 4836 tabulasque

456 4875 706 4946 depingi;
756 4874 851 4928 sed
879 4880 935 4924 et
961 4870 1212 4936 antiquas
1260 4865 1499 4934 ipsorum
1545 4862 1805 4930 imagines
1853 4875 1882 4912 a
1925 4857 2045 4926 qui—

457 4968 682 5022 busdam
706 4973 1056 5019 conservatas
1084 4974 1183 5015 nos
1210 4957 1460 5012 vidimus.
1494 4952 1645 5021 Quod
1678 4951 1808 5009 mihi
1834 4950 2044 5003 videtur

457 5076 525 5114 cx
575 5056 762 5130 gentili
805 5050 1196 5108 consuetudine
1255 5046 1627 5101 indifferenter
1674 5044 2038 5101 observatum,

460 5148 601 5216 quod
633 5148 706 5202 ita
734 5133 944 5201 soleant
967 5143 1235 5196 honorare
1257 5152 1393 5207 quos
1425 5137 1628 5190 honore
1653 5134 1844 5204 dignos
1879 5133 2047 5186 duxe~

462 5241 570 5292 rint
597 5256 608 5289 :
645 5236 872 5305 insignia
894 5232 1094 5288 etenim
1118 5238 1364 5284 veterum
1393 5225 1658 5279 reservari
1707 5225 1772 5277 al
1808 5232 2044 5293 postero-

467 5344 583 5382 rum
627 5325 964 5387 memoriam,
995 5322 1206 5376 illorum
1233 5319 1474 5381 honoris,
1501 5317 1693 5370 horum
1724 5330 1851 5370 vero
1897 5330 2047 5368 amo-

466 5424 540 5475 ris
586 5419 843 5473 indicium
885 5422 988 5469 est.
1033 5412 1276 5481 Denique
1323 5419 1374 5464 et
1415 5407 1599 5462 Jacobi
1647 5407 1923 5470 cathedra,
1956 5406 2049 5474 qui

465 5515 674 5583 primus
696 5510 749 5563 iu
774 5508 940 5567 terris
972 5506 1256 5573 episcopus
1306 5500 1374 5554 ab
1402 5501 1516 5569 ipso
1561 5497 1844 5551 Salvatore
1891 5506 1940 5550 et
1983 5497 2050 5550 ab

467 5602 722 5673 apostolis
764 5601 816 5654 in
848 5595 1234 5666 Hierosolymis
1265 5601 1345 5646 est
1372 5591 1598 5651 electus,
1642 5603 1909 5657 quemque
1946 5587 2052 5640 fra-

469 5707 609 5749 trem
636 5690 838 5746 Christi
870 5688 1139 5742 volumina
1185 5683 1491 5749 designant,
1527 5695 1694 5746 usque
1751 5679 1800 5730 in
1836 5679 2053 5732 hodier-

469 5801 599 5847 num
640 5783 769 5845 inibi
812 5790 1182 5836 conservatur.
1228 5778 1300 5831 Ita
1349 5777 1400 5828 in
1429 5790 1490 5825 ea
1529 5772 1714 5824 sedent
1743 5785 1930 5824 omnes
1963 5770 2052 5836 qui

2145 4595 2442 4664 putabitur,
2474 4591 2517 4646 si
2546 4591 2804 4646 historias
2833 4599 3142 4644 sanctorum
3172 4605 3236 4643 ac
3263 4598 3563 4660 martyrum
3585 4591 3740 4645 Chri-

2144 4686 2212 4741 sti
2258 4683 2565 4751 sculpamus
2593 4681 2706 4735 sive
2733 4680 3021 4750 piugamus
3059 4681 3110 4733 in
3143 4679 3360 4742 tabulis,
3390 4680 3482 4749 qui
3516 4695 3614 4748 per
3645 4697 3740 4732 cu-

2145 4774 2375 4829 stodiam
2403 4772 2598 4826 divinas
2637 4771 2770 4840 legis
2811 4771 2876 4822 ad
2904 4771 3127 4840 gloriam
3159 4778 3477 4824 meruerunt
3515 4780 3738 4824 asternzc

2148 4861 2517 4917 retributionis
2557 4859 2856 4929 attingere?
2906 4859 3104 4912 Verum
3139 4859 3184 4912 si
3222 4859 3532 4928 diligentius
3572 4861 3739 4913 verba

2146 4953 2281 5023 legis
2341 4949 2682 5005 attendamus
2713 4989 2726 5012 ,
2787 4947 2922 5002 forte
2971 4947 3175 5016 patebit
3225 4962 3332 5001 non
3387 4948 3738 5003 interdictum

2148 5041 2409 5111 imagines
2443 5053 2622 5092 rerum
2649 5047 2742 5091 aut
2768 5037 3079 5090 animalium
3121 5034 3320 5099 facere,
3352 5036 3445 5090 sed
3475 5038 3592 5091 htcc
3624 5036 3740 5091 ἱιξοο

2148 5133 2372 5187 lolatriae
2413 5129 2585 5200 gratia
2622 5127 2801 5182 facere
2841 5127 3168 5180 omnimodis
3215 5142 3336 5181 esse
3379 5127 3735 5198 prohibitum.

2151 5224 2390 5290 Denique
2437 5221 2680 5276 dicturus
2728 5218 2780 5270 iu
2829 5227 3008 5271 monte
3060 5226 3249 5272 saneto
3276 5219 3575 5271 Dominus:
3615 5217 3739 5269 Non

2153 5312 2312 5380 facies
2357 5311 2448 5363 tibi
2494 5309 2772 5378 sculptiic,
2823 5324 2983 5376 neque
3039 5324 3240 5361 omnem
3307 5307 3736 5366 similitudinem.

2157 5399 2444 5471 praemisit:
2470 5398 2589 5452 Non
2613 5396 2820 5450 habebis
2844 5397 2965 5449 deos
2989 5396 3186 5449 alienos
3209 5412 3384 5448 coram
3410 5411 3508 5448 me.
3536 5395 3744 5449 Deinde

2159 5489 2432 5558 su‘jauxit
2469 5505 2480 5539 :
2525 5487 2647 5540 Non
2685 5486 2846 5554 facies
2887 5486 2981 5538 tibi
3021 5485 3278 5554 θεωρίης,
3326 5501 3485 5553 neque
3533 5500 3740 5538 omnem

2158 5579 2553 5634 sfiniiitndiucm
2595 5593 2710 5645 qua!
2757 5586 2827 5628 est
2877 5577 2928 5628 in
2974 5574 3099 5627 crrlo
3144 5574 3385 5641 desuper,
3427 5584 3471 5626 et
3518 5589 3636 5642 qua:
3688 5576 3742 5628 in

2159 5684 2296 5726 terra
2337 5672 2614 5729 deorsum,
2660 5683 2749 5718 nec
2791 5681 2970 5718 eorum
3019 5681 3133 5733 (μίξι-
3183 5673 3301 5716 sum
3351 5664 3404 5714 in
3453 5663 3604 5731 aquis
3646 5666 3740 5715 sub

2161 5775 2316 5815 ιςἰκη.
2353 5761 2523 5826 Atque
2569 5760 2636 5808 ita
2681 5755 2940 5808 conclusit
2974 5773 2982 5803 :
3021 5753 3135 5824 Non
3163 5753 3406 5808 adorabis
3451 5769 3532 5814 ra,
3577 5768 3743 5816 neque
