3930 6362
198 417 298 476 2η

1192 422 1394 477 LIBER
1435 424 1523 477 DE
1563 423 1966 482 lMAGlNlBE-S
2009 425 2448 487 SANCTORL'M.

3367 433 3475 492 2l8

195 537 339 598 coles
367 534 541 609 (Deut.
565 552 620 600 v,
649 536 701 597 8,
729 535 802 607 9).
837 534 1040 601 Quibus
1065 537 1241 590 verbis
1271 545 1452 606 aperte
1482 536 1789 591 declaratur
1815 546 1866 603 Α
1891 537 2106 606 legitur,
2140 541 2259 596 ideo
2293 545 2435 612 quod
2476 544 2739 615 imagines
2765 549 3126 617 apostolorum
3156 555 3220 608 de
3247 569 3342 609 sua
3367 557 3471 613 ba~

196 631 346 702 quod
389 630 490 684 illa:
536 629 918 685 similitudines
967 629 1081 683 ﬁeri
1127 630 1485 698 prohibentur
1519 630 1586 683 ab
1615 630 1788 684 homi-

201 722 380 782 nibus,
414 734 535 789 qua:
571 719 629 773 in
654 719 1054 773 venerationem
1094 719 1319 773 deorum
1363 720 1663 775 alienorum
1708 719 1786 774 fa-

198 826 328 866 cere
358 811 532 866 solent
563 811 747 881 impii,
788 826 1014 880 qumque
1043 811 1112 865 ad
1137 810 1420 865 colendum
1459 821 1619 881 atque
1654 813 1782 866 adoo

202 902 432 955 randum
462 901 738 971 gentilitas
765 902 1071 956 errabunda
1098 902 1320 972 reperit.
1361 901 1627 957 Czcterum
1657 904 1788 957 sim-

199 992 414 1061 pliciter
442 993 556 1045 haac
585 990 700 1046 fieri
735 991 902 1056 nulla,
933 1001 993 1045 ut
1030 1007 1172 1056 reor,
1206 992 1337 1062 legis
1369 993 1560 1047 divina:
1602 994 1784 1049 littera

198 1091 368 1136 vetat.
400 1082 652 1151 Alioquin
683 1092 736 1137 et
764 1083 1023 1138 Dominus
1052 1086 1384 1139 tentantibus
1410 1101 1468 1140 se
1497 1085 1785 1141 Phariszeis

197 1171 264 1226 de
297 1173 498 1226 tributo
528 1174 726 1227 Cazsari
770 1173 1062 1250 reddendo,
1104 1174 1157 1227 in
1188 1189 1294 1242 quo
1321 1190 1516 1228 nomen
1557 1185 1612 1229 et
1652 1177 1785 1230 ima-

197 1266 380 1334 ginem
429 1264 658 1319 Caesaris
703 1279 1017 1334 expressam
1072 1280 1192 1320 esse
1240 1267 1529 1331 dicebant,
1584 1284 1784 1337 nequa-

195 1369 361 1423 quam
412 1355 486 1408 ita
518 1356 866 1424 responderet
912 1372 924 1407 :
979 1354 1196 1409 Reddite
1241 1373 1358 1426 qua:
1398 1368 1517 1410 sunt
1557 1356 1782 1412 Ca’saris

196 1443 421 1510 Ca'sari,
472 1455 522 1499 et
572 1462 690 1517 qua
735 1455 857 1498 sunt
899 1445 997 1499 Dei
1043 1445 1172 1500 Deo.
1221 1446 1328 1501 Sed
1371 1447 1550 1516 potius
1575 1463 1780 1524 .eorum

195 1537 496 1608 corrigeret
555 1551 835 1600 errorem,
886 1536 1074 1591 dicens
1116 1551 1130 1590 :
1182 1535 1301 1590 Non
1349 1536 1475 1591 licet
1520 1537 1670 1592 vobis
1726 1537 1779 1590 in

193 1645 521 1700 percussum
571 1630 687 1683 auri
733 1630 902 1684 vestri
957 1629 1247 1700 imaginem
1298 1629 1478 1685 facere
1526 1629 1777 1697 Cmsaris,

193 1726 323 1795 quia
371 1724 526 1778 talem
577 1723 906 1791 sculpturam
953 1723 1039 1777 lex
1080 1724 1260 1777 divina
1307 1725 1576 1794 prohibet.
1622 1724 1780 1779 Esset

191 1829 431 1882 namque
468 1813 620 1867 locus
644 1820 702 1867 ut
725 1820 941 1867 ostenso
968 1813 1068 1868 sibi
1097 1815 1421 1870 numismate
1450 1831 1642 1869 census
1671 1816 1774 1870 hoc

1893 629 2042 682 silica
2082 643 2324 687 eraserat
2369 635 2438 688 ob
2476 638 2928 704 superstitionem
2967 641 3108 712 vulgi
3147 659 3240 698 eas
3279 657 3470 702 contra

1890 721 2129 790 regulam
2174 722 2296 777 ﬁdei
2347 726 2642 790 adorantis,
2690 743 2754 782 ac
2789 745 2895 784 non
2941 733 3121 800 potius
3162 737 3471 796 rationabili

1888 811 2214 891 auctoritate
2257 811 2520 880 ejusmodi
2556 831 2795 872 errorem
2843 821 3105 887 correxit,
3145 824 3352 891 pictura
3406 826 3471 882 il-

1887 901 2014 956 laesa
2057 903 2124 958 ad
2152 912 2493 974 posterorum
2531 911 2846 963 memoriam
2873 924 3245 980 permanente.

1957 993 2141 1048 XXIII.
2186 995 2384 1050 Beatus
2425 1013 2552 1051 vero
2601 999 2930 1069 Augustinus
2965 1004 3019 1058 in
3054 1005 3193 1062 libro
3228 1009 3294 1064 de
3323 1007 3471 1066 Civi—

1888 1091 1998 1136 tate
2023 1083 2117 1138 Dei
2147 1102 2181 1138 x
2219 1084 2370 1156 (Cap.
2412 1087 2466 1158 8)
2513 1087 2648 1142 dixit
2678 1089 2817 1143 inter
2863 1101 3097 1148 cetera:
3155 1116 3172 1147 ι
3216 1098 3472 1169 Legimus

1885 1177 2153 1242 serpentis
2176 1192 2391 1231 morsus
2420 1177 2754 1245 mortiferos,
2780 1181 2846 1234 ad
2869 1198 3085 1252 pmnam
3107 1184 3468 1254 justissimam

1876 1274 2253 1334 peccatorum,
2285 1268 2340 1321 in
2366 1268 2511 1338 ligno
2537 1270 2774 1325 exaltato
2805 1281 2967 1342 atque
2990 1288 3278 1346 prospecto
3315 1297 3469 1336 aeneo

1885 1367 2133 1426 serpente
2163 1367 2409 1424 sanatos,
2449 1371 2510 1415 ut
2534 1369 2589 1414 et
2615 1363 2812 1430 populo
2838 1365 3217 1422 subveniretur
3242 1370 3467 1436 afﬂicto,

1883 1455 1938 1500 et
1977 1462 2122 1502 mors
2150 1457 2323 1503 morte
2358 1451 2656 1516 destructa,
2700 1453 2847 1507 velut
2875 1454 3147 1511 crucifixae
3176 1460 3368 1515 mortis
3393 1461 3469 1515 si-

1882 1536 2182 1592 militudine
2217 1538 2562 1607 signaretur:
2604 1555 2763 1608 quem
2806 1558 2938 1598 sane
2980 1558 3311 1614 serpentem,
3341 1565 3471 1618 pro-

1880 1633 2002 1696 pter
2026 1627 2153 1682 facti
2183 1631 2500 1683 memoriam
2538 1641 2894 1698 reservatum,
2933 1649 3054 1688 cum
3082 1646 3268 1705 postea
3293 1654 3468 1709 popu-

1879 1717 1963 1774 lus
1995 1734 2185 1774 errans
2226 1726 2485 1789 tanquam
2531 1720 2736 1774 idolum
2778 1723 2959 1777 colere
2999 1727 3286 1794 coepisset,
3333 1729 3469 1785 Eze-

1880 1811 2030 1864 chias
2077 1827 2170 1865 rex
2224 1811 2477 1881 religiosa
2526 1820 2792 1881 potestate
2838 1814 2950 1868 Deo
3001 1817 3286 1884 serviens,
3342 1834 3466 1873 cum

195 1904 423 1968 diceret,
463 1905 507 1957 si
551 1903 603 1956 in
650 1918 714 1957 eo
743 1903 974 1958 Casaris
1015 1905 1212 1975 imago,
1251 1905 1771 1976 cujus-idololatria,
1805 1886 1851 1944 Β
1881 1916 2072 1970 magna
2103 1903 2323 1970 pietatis
2353 1902 2509 1956 laude
2550 1904 2824 1958 contrivit.
2865 1924 2883 1956 ι
2917 1904 3063 1960 idem
3101 1909 3265 1962 etiam
3303 1908 3468 1965 Pater

190 2004 249 2048 et
277 2011 384 2049 non
419 1996 483 2050 ad
504 1994 768 2063 judicium
806 1997 980 2066 magis
1010 1997 1172 2066 regire
1196 1999 1470 2067 potentize,
1501 2006 1646 2052 esset
1669 1997 1777 2053 for-

189 2095 359 2140 mata.
392 2106 413 2139 ι
465 2087 590 2141 Haec
616 2087 681 2140 de
709 2085 920 2156 przrfati
949 2077 1049 2141 viri
1100 2087 1279 2142 libello
1308 2089 1603 2157 sumpsisse
1632 2086 1774 2143 sufli-

185 2176 317 2230 ciat.

260 2268 421 2322 XXII.
463 2268 715 2340 Legimus
760 2283 892 2323 vero
937 2281 961 2308 ο
1005 2269 1060 2322 in
1108 2268 1286 2324 Gestis
1332 2270 1474 2324 beati
1527 2269 1773 2325 Silvestri

183 2374 340 2430 papae
371 2399 385 2424 ,
438 2360 851 2414 Constantinum
909 2361 1288 2430 imperatorem
1341 2361 1569 2416 necdum
1626 2362 1773 2418 fonte

159 2451 310 2520 (vita:
340 2458 607 2514 renatum,
635 2461 949 2505 sanctorum
978 2450 1341 2519 apostolorum
1366 2449 1510 2504 Petri
1538 2459 1594 2504 et
1619 2451 1770 2504 Pauli

181 2541 366 2595 vultus
412 2540 647 2594 ostensis
690 2556 718 2594 a
750 2540 1008 2610 prredicto
1049 2555 1186 2609 papa
1230 2540 1445 2604 tabulis,
1493 2540 1546 2593 in
1576 2540 1771 2609 quibus

179 2632 464 2700 utriusque
499 2630 727 2700 apostoli
768 2629 973 2700 efﬁgies
1014 2631 1309 2699 antiquitus
1340 2632 1405 2684 ad
1452 2631 1769 2685 memoriam

180 2737 441 2793 expressa
497 2723 837 2787 servabatur,
894 2713 1035 2777 sicut
1084 2722 1291 2776 visione
1347 2729 1611 2776 nocturna
1663 2723 1765 2777 sibi

176 2815 382 2869 ostensi
418 2813 651 2878 fuerant,
685 2813 1002 2883 cognovisse
1056 2824 1112 2867 et
1152 2813 1296 2867 illico
1336 2813 1608 2867 adorasse.
1659 2811 1767 2868 Sed

177 2906 424 2975 nunquid
462 2906 566 2960 hac
597 2904 920 2959 auctoritate
945 2902 1280 2959 Constantini
1324 2904 1553 2958 adorare
1590 2905 1763 2959 sancti

176 2996 408 3066 alicujus
453 2996 745 3067 imaginem
790 2994 1066 3060 debemus,
1112 3009 1234 3048 cum
1278 2995 1416 3048 idem
1468 2996 1763 3065 imperator

175 3089 350 3159 magis
403 3088 508 3143 hoc
556 3103 626 3142 ex
680 3086 1072 3142 consuetudine
1137 3086 1456 3141 idololatriae
1505 3087 1759 3156 pestifera

175 3177 387 3244 fecerit,
420 3195 580 3249 quam
621 3194 686 3232 ex
719 3177 1154 3233 consideratione
1182 3177 1477 3231 verissimae
1509 3179 1757 3244 rationis,

1877 1992 1928 2045 in
1959 1993 2096 2047 libro
2130 1993 2309 2061 primo
2350 1992 2501 2064 (Cap.
2536 1991 2623 2064 10)
2661 1993 2729 2048 de
2766 1993 3066 2048 Concordia
3098 1995 3467 2068 Evangelista-

1875 2097 2015 2145 rum,
2063 2097 2223 2150 quem
2251 2090 2439 2136 contra
2473 2097 2713 2152 paganos
2757 2083 2948 2148 edidit,
2990 2084 3229 2154 disputat
3257 2087 3324 2142 de
3360 2089 3465 2144 illis

1873 2173 1964 2243 qui
2010 2171 2298 2226 Dominum
2341 2171 2528 2226 Jesum
2564 2172 2838 2227 Christum
2891 2175 3141 2229 dicebant
3182 2177 3464 2246 epistolari

1873 2263 2122 2319 sermone
2150 2263 2346 2318 librum
2373 2265 2674 2333 scripsisse,
2720 2273 2776 2319 et
2803 2265 2964 2323 Petro
2991 2283 3054 2323 ac
3095 2268 3262 2324 Paulo
3301 2272 3466 2328 tradi-

1872 2357 2034 2419 disse,
2075 2364 2131 2410 et
2169 2356 2338 2410 dicit:
2378 2374 2401 2407 ο
2433 2356 2566 2411 Cum
2590 2359 2734 2411 enim
2765 2358 2967 2413 vellent
3001 2358 3106 2415 tale
3132 2360 3333 2430 aliquid
3363 2362 3465 2422 fin-

1871 2462 1999 2517 gere
2034 2446 2309 2501 Christum
2338 2447 2624 2516 scripsisse
2655 2447 2721 2501 ad
2749 2448 3042 2517 discipulos
3073 2464 3221 2516 suos,
3255 2453 3461 2522 cogita-

1869 2545 2066 2592 verunt
2086 2537 2152 2590 ad
2181 2552 2319 2605 quos
2360 2537 2703 2606 potissimum
2740 2537 2978 2593 scribere
3017 2541 3260 2610 potuisse
3304 2541 3464 2598 facile

1868 2625 2196 2693 crederetur,
2237 2635 2497 2696 tanquam
2526 2626 2592 2681 ad
2635 2626 2759 2682 illos
2802 2628 2894 2697 qui
2923 2628 2974 2684 ei
3009 2628 3334 2686 familiarius
3360 2633 3460 2688 ad-

1867 2719 2171 2782 haesissent,
2221 2717 2419 2786 quibus
2443 2717 2573 2772 illud
2614 2719 2769 2786 quasi
2807 2728 3078 2792 secretum
3114 2723 3276 2791 digne
3310 2739 3461 2780 com-

1867 2812 2192 2866 mitteretur.
2234 2811 2302 2864 Et
2327 2811 2570 2865 occurrit
2593 2811 2673 2866 eis
2701 2809 2898 2867 Petrus
2930 2820 2984 2867 et
3013 2813 3233 2871 Paulus.
3281 2817 3457 2875 Credo

1865 2902 2006 2972 quod
2032 2900 2275 2971 pluribus
2318 2901 2452 2956 locis
2490 2901 2649 2956 simul
2678 2917 2772 2956 eos
2819 2918 2942 2957 cum
2983 2904 3075 2960 illo
3107 2907 3281 2974 pictos
3310 2911 3460 2966 vide-

1864 2998 2006 3055 rent,
2044 2991 2170 3059 quia
2205 2990 2402 3043 merita
2431 2988 2576 3043 Petri
2612 2998 2669 3044 et
2691 2989 2844 3044 Pauli
2874 2992 3038 3045 etiam
3064 3004 3286 3064 propter
3310 3011 3459 3055 eum-

1863 3080 1986 3134 dem
2013 3079 2285 3148 passionis
2311 3079 2455 3132 diem
2481 3077 2746 3133 celebrius
2773 3078 3093 3136 solemniter
3117 3082 3286 3138 Roma
3312 3101 3460 3142 com-

1862 3169 2114 3224 mendat:
2146 3176 2201 3222 et
2237 3169 2318 3222 sic
2352 3169 2574 3223 omnino
2609 3183 2796 3223 errare
2827 3180 3147 3225 meruerunt
3185 3175 3275 3242 qui
3299 3173 3460 3232 Chri-

172 3287 334 3340 quam
384 3227 617 3325 agedum
651 3271 765 3339 ipse
813 3268 1178 3339 cognoverat?
1223 3268 1289 3321 Et
1318 3284 1385 3322 ne
1421 3268 1474 3322 id
1501 3285 1762 3338 prmsum-
1788 3227 1831 3289 C
1864 3269 2010 3314 stum
2035 3270 2090 3314 et
2113 3259 2390 3328 apostolos
2419 3260 2537 3329 ejus
2562 3275 2670 3313 non
2700 3260 2754 3314 in
2777 3261 2981 3316 sanctis
3028 3263 3328 3346 codicibus,
3357 3267 3455 3326 sed

174 3361 318 3428 ptive
370 3368 620 3413 astruere
676 3360 977 3424 videamur,
1018 3358 1161 3413 beati
1197 3358 1468 3412 Ambrosii
1507 3358 1759 3413 Mediola-

173 3450 354 3504 nensis
383 3449 643 3519 episcopi,
687 3449 791 3502 viri
839 3450 1086 3504 doctrina
1137 3457 1192 3503 et
1238 3449 1759 3518 sanctitate‘prazci-

171 3546 291 3616 pui,
345 3545 731 3599 auctoritatem
782 3544 1072 3598 inserimus
1118 3560 1129 3596 :
1180 3543 1270 3613 qui
1331 3543 1386 3597 in
1433 3542 1757 3598 revelatione

172 3649 288 3702 qua:
338 3633 390 3686 ei
431 3641 742 3687 sanctorum
791 3641 1088 3702 martyrum
1133 3630 1378 3686 Getvasii
1425 3639 1480 3685 et
1526 3633 1757 3686 Protasii

172 3722 270 3777 fuit
303 3732 544 3786 ostensa,
587 3723 753 3776 refert
791 3728 1007 3777 beatum
1037 3721 1265 3775 Paulum
1313 3720 1634 3788 apostolum,
1666 3722 1757 3791 qui

173 3813 274 3867 illis
313 3814 526 3868 duobus
564 3813 869 3867 tacentibus
907 3811 1250 3881 loquebatur,
1281 3826 1348 3865 ex
1383 3812 1757 3868 recordatione

172 3903 396 3969 pictura:
431 3903 599 3972 ipsius
634 3903 947 3972 agnovisse;
991 3916 1090 3954 nec
1133 3909 1310 3956 tamen
1351 3917 1580 3970 usquam
1621 3904 1758 3957 scri~

171 3993 264 4056 hit,
309 4008 419 4047 non
458 3991 633 4046 dicam
670 3992 938 4061 picturam
985 3990 1158 4056 illius,
1203 3993 1294 4046 sed
1339 4009 1406 4047 ne
1435 4002 1752 4061 prtesentem

173 4084 387 4152 quidem
433 4082 760 4152 apostolum,
794 4098 858 4136 ac
892 4097 1076 4138 secum
1125 4083 1453 4151 loquentem,
1486 4083 1754 4139 ullatenus

173 4174 442 4228 adorasse.
496 4174 524 4213 δ
551 4173 847 4239 Quemdam
894 4189 1107 4244 quoque
1150 4175 1524 4245 presbyterum
1565 4176 1754 4230 beatus

175 4261 423 4316 Paulinus
467 4277 564 4332 per
609 4261 892 4330 epistolam
928 4263 1130 4317 acriter
1182 4262 1446 4331 increpat,
1497 4265 1752 4334 quoniam

171 4363 492 4424 poposcerat
540 4363 601 4408 ut
646 4355 694 4408 ei
759 4370 912 4408 suam
965 4362 1021 4408 et
1072 4355 1258 4408 uxoris
1311 4370 1421 4408 suze
1484 4355 1750 4423 picturam

174 4445 580 4511 transmitteret,
609 4454 670 4500 ut
709 4447 827 4511 hos,
860 4461 996 4515 quos
1039 4448 1295 4501 absentes
1339 4447 1585 4511 amabat,
1618 4463 1751 4515 pra:-

1864 3350 1919 3404 in
1971 3351 2132 3421 pietis
2189 3351 2488 3420 parietibus
2539 3352 2925 3419 quaesiverunt.
2973 3373 2991 3405 ι
3050 3354 3177 3411 Haec
3231 3367 3455 3416 sanctus

1857 3443 2210 3515 Augustinus.
2261 3443 2339 3498 Ex
2367 3443 2563 3514 quibus
2599 3444 2888 3500 manifeste
2925 3446 3213 3517 colligitur,
3246 3454 3373 3521 quia
3405 3455 3453 3510 si

1859 3543 2170 3602 serpentem
2212 3549 2420 3590 aeneum
2464 3551 2624 3605 quem
2655 3537 2798 3593 Deus
2845 3538 2962 3594 fieri
2991 3543 3271 3613 praecepit,
3316 3561 3453 3615 quo-

1860 3628 2005 3680 niam
2031 3643 2224 3682 errans
2265 3629 2493 3699 populus
2533 3638 2792 3700 tanquam
2818 3632 3020 3688 idolum
3050 3635 3232 3693 colere
3260 3642 3448 3710 cmpit,

1858 3716 2120 3773 Ezechias
2169 3718 2452 3788 religiosus
2496 3735 2595 3776 rex
2637 3736 2758 3776 cum
2792 3738 2992 3794 magna
3037 3726 3256 3795 pietatis
3286 3730 3447 3787 laude

1857 3808 2147 3874 contrivit;
2219 3810 2388 3865 multo
2445 3811 2753 3880 religiosius
2795 3823 3111 3870 sanctorum
3180 3819 3448 3891 imagines

1858 3896 2011 3966 (ipsis
2036 3913 2251 3967 quoque
2278 3901 2482 3955 sanctis
2504 3900 2828 3968 faventibus,
2856 3905 2946 3973 qui
2976 3906 3044 3959 ob
3076 3909 3158 3961 sui
3185 3909 3445 3968 honorem

1856 4002 1979 4042 cum
2011 3988 2207 4043 divinae
2237 3990 2512 4060 religionis
2536 4000 2847 4061 contemptu
2867 4034 2882 4059 ,
2931 4010 3024 4050 eas
3051 3998 3266 4054 adorari
3295 4017 3446 4058 more

1856 4078 2119 4134 idolorum
2152 4081 2625 4150 indignantissime
2657 4083 2862 4156 ferunt)
2899 4090 3048 4142 omni
3080 4105 3277 4160 genere
3314 4109 3436 4150 con-

1855 4169 2094 4224 terenda:
2156 4178 2212 4224 et
2277 4186 2449 4241 usque
2501 4174 2569 4228 ad
2616 4175 2891 4242 pulverem
2941 4187 3067 4232 sunt
3112 4182 3436 4243 eradendae:

1854 4260 2156 4328 praesertim
2187 4276 2312 4315 cum
2342 4278 2446 4316 non
2479 4263 2598 4318 illas
2632 4263 2748 4318 fieri
2780 4265 2920 4320 Deus
2940 4266 3184 4335 jusserit,
3218 4273 3312 4328 sed
3341 4275 3438 4330 hu-

1855 4366 2046 4406 manus
2074 4367 2270 4406 sensus
2293 4354 2700 4424 excogitaverit.

1921 4440 2109 4496 XXIV.
2152 4443 2304 4509 Quod
2324 4454 2516 4498 autem
2552 4445 2693 4501 Deus
2727 4449 2927 4502 castius
2975 4449 3179 4518 absque
3220 4453 3442 4511 simula-

171 4543 344 4589 sentes
394 4551 461 4590 eo
511 4537 670 4590 modo
717 4552 930 4606 semper
973 4535 1216 4590 haberet.
1269 4547 1290 4574 ο
1321 4536 1745 4606 Forojuliensem
1770 4568 1823 4627 D
1851 4533 1961 4588 cris
2004 4544 2333 4600 veneretur,
2387 4536 2539 4590 testis
2582 4547 2666 4592 est
2709 4539 2874 4592 etiam
2923 4540 3154 4606 Quintus
3199 4543 3438 4603 Lucilius

170 4626 326 4679 etiam
376 4627 689 4697 episcopum
740 4628 928 4681 beatus
974 4641 1108 4695 papa
1157 4625 1450 4697 Gregorius
1498 4627 1743 4698 arguisse

1850 4625 2047 4681 Balbus
2085 4627 2300 4696 gentilis
2334 4626 2722 4697 philosophus;
2774 4630 2915 4685 sicut
2957 4631 3216 4700 praefatus
3247 4637 3437 4694 doctor

1540 4735 1814 4793 BALUZII
1852 4737 2082 4793 NOTAE.

236 4842 259 4867 α
288 4828 350 4881 1η
375 4827 547 4882 ϐεδιὶε
565 4827 698 4880 beati
726 4826 993 4896 Sylrcstri.
1022 4826 1174 4880 Hune
1191 4840 1403 4894 quoque
1424 4825 1600 4879 locum
1628 4825 1744 4878 lau-

171 4900 255 4950 dat
281 4897 511 4952 Carolus
543 4898 764 4966 Magnus
797 4898 846 4949 in
878 4896 1173 4964 Capitulari
1206 4897 1271 4949 de
1293 4911 1400 4949 non
1451 4896 1744 4966 aderandis

171 4968 590 5036 iinaginibuslib.
619 4965 679 5028 ii,
699 4982 816 5034 cap.
846 4967 928 5027 l5,
957 4967 1193 5034 itemque
1217 4966 1453 5036 synodus
1469 4965 1740 5036 Parisien-

170 5039 238 5090 sis
270 5034 452 5091 habita
488 5054 628 5091 anno
667 5038 792 5099 8-2.4,
818 5047 873 5090 et
901 5036 1231 5089 Walafridus
1253 5034 1452 5089 Strabo
1475 5035 1529 5087 in
1560 5036 1739 5103 capite

168 5115 349 5160 nctavo
393 5109 516 5161 libri
549 5109 616 5161 de
663 5109 823 5161 rebus
854 5108 918 5160 ad
976 5106 1272 5161 Ecclesium
1319 5104 1732 5172 pertinentibus.

171 5175 356 5247 Yerum
384 5177 614 5232 Carolus
645 5178 863 5247 Magnus
886 5175 1293 5247 censetlibrum
1333 5175 1475 5227 illum
1500 5174 1730 5247 Actuum

168 5243 301 5299 l‘eati
339 5246 606 5306 Silvestri,
640 5243 837 5300 uhi'de
867 5245 1192 5315 imaginibus
1240 5243 1594 5315 Constantino
1631 5243 1732 5315 im-

169 5319 392 5370 r-eratori
429 5318 625 5372 delatis
671 5319 946 5378 scribitur,
975 5313 1175 5368 nullius
1222 5329 1342 5368 esse
1377 5313 1730 5376 auctoritatis,

169 5403 227 5457 gn
249 5387 383 5453 quozl
414 5389 556 5442 inter
577 5388 871 5441 catholicos
899 5385 1396 5457 librosrecensitus
1437 5398 1543 5437 non
1571 5382 1642 5436 sit
1679 5383 1732 5438 in

170 5452 418 5509 itec’retali
450 5457 673 5512 Gelasii.

237 5525 575 5597 '{Quemdam
603 5526 974 5597 presbyterum.
1010 5523 1297 5593 Sulpitium
1334 5524 1592 5597 Severum
1617 5521 1732 5576 Pri--

171 5593 542 5650 muliacensem
570 5593 938 5665 presbyterum
970 5635 984 5658 ,
1017 5602 1074 5646 ut
1100 5602 1249 5662 patet
1274 5609 1340 5647 ex
1376 5593 1602 5662 epistola
1635 5609 1727 5646 oc-

169 5671 280 5716 tava
301 5665 509 5719 Paulini
547 5668 612 5719 ad
642 5666 899 5720 Severum
920 5706 933 5727 ,
981 5665 1032 5717 in
1062 5679 1167 5732 qua
1202 5665 1278 5717 sic
1325 5665 1583 5732 scriptum
1614 5671 1722 5715 est:

176 5750 192 5782 ι
227 5735 355 5798 Quid
392 5736 536 5788 enim
569 5736 664 5790 tibi
701 5737 765 5789 de
806 5734 890 5787 illa
925 5735 1179 5802 petitione
1217 5734 1585 5802 respondeam.
1623 5747 1724 5799 qua

176 5803 415 5875 imagines
460 5815 674 5860 nostras
697 5805 841 5874 pingi
876 5806 970 5858 tibi
1017 5805 1260 5871 mittique
1285 5803 1491 5872 jussisti
1518 5802 1539 5854 ?
1563 5802 1719 5855 Obse-

1847 4843 1940 4904 cro
1965 4829 2143 4904 itaque
2177 4837 2226 4904 te
2255 4833 2582 4904 perviscera
2615 4834 2918 4897 charitatis,
2948 4851 3067 4904 qua:
3088 4838 3288 4892 amoris
3317 4842 3431 4897 veri

1844 4899 2034 4973 solatia
2082 4900 2146 4973 de
2198 4900 2449 4973 inanibus
2500 4901 2688 4957 formis
2739 4899 2981 4973 petisti;
3041 4907 3240 4961 Verum
3287 4909 3432 4965 istud

1845 4969 1977 5022 nihil
2005 4968 2135 5044 facit
2184 4970 2442 5044 adversus
2474 4968 2790 5044 adoratorés
2818 4975 3136 5044 imaginum.
3168 4975 3299 5030 Nam
3327 4978 3426 5033 Sc-

1843 5053 2004 5092 vcrus
2055 5039 2316 5109 imagines
2357 5040 2563 5114 Paulini
2604 5052 2658 5095 et
2714 5039 2986 5114 Therasiu:
3035 5046 3425 5114 postulaverat,

1840 5119 2245 5183 nongtanquam
2305 5111 2664 5176 adoraturus,
2723 5113 2818 5166 sed
2885 5123 2943 5166 ut
2993 5111 3127 5183 quos
3178 5111 3428 5173 absentes

1839 5179 2076 5251 amabat,
2102 5189 2397 5251 praesentes
2428 5196 2490 5234 eo
2515 5184 2673 5236 modo
2694 5198 2908 5251 semper
2934 5179 3152 5238 haberet
3184 5188 3425 5242 utetiam

1839 5250 2080 5325 agnoscit
2119 5249 2693 5325 Agobardus.__l\'eque
2743 5249 2871 5306 vero
2919 5261 3049 5322 puto
3095 5270 3423 5325 quemquam

1837 5320 1973 5373 velle
1997 5319 2216 5387 culpare
2241 5319 2385 5373 hunc
2427 5321 2699 5375 affectum.

1913 5401 1934 5427 ε
1955 5388 2382 5464 _For_oju!iensem
2415 5391 2729 5464 episeopum.
2763 5391 2899 5464 Puto
2921 5396 3182 5464 memoria
3208 5394 3420 5464 lapsum

1838 5459 2201 5534 Agobardum,
2269 5474 2472 5534 proque
2520 5459 2724 5534 Sereno
2776 5461 3092 5534 Massiliensi
3143 5459 3423 5534 episeopo,

1837 5544 1997 5597 quem
2039 5529 2202 5600 variis
2233 5529 2477 5600 epistolis
2508 5528 2814 5600 objurgavit
2850 5530 3145 5600 Gregorius
3176 5528 3244 5587 ob
3269 5528 3412 5588 frac-

1840 5611 1922 5652 Ias
1939 5598 2222 5670 imagines,
2251 5597 3001 5670 [forojuliensem'cpiscopuin
3026 5603 3249 5657 dixisse.
3281 5602 3417 5660 Vide

1840 5672 1894 5721 δ.
1925 5668 2237 5740 Gregorium
2262 5667 2352 5740 lib.
2390 5684 2481 5740 vn,
2509 5667 3048 5740 inaiictione2,epist.
3082 5674 3203 5734 100.
3240 5682 3293 5728 ct
3317 5673 3416 5727 lib.

1839 5755 1910 5800 tv,
1938 5739 2119 5792 indici.
2151 5737 2198 5798 Δ,
2226 5737 2379 5805 epist.
2421 5737 2471 5790 9.
