3930 6326
434 386 539 446 219

1369 390 1430 447 S.
1469 382 1823 449 AGOBARD]
1858 380 2170 447 EPlSCOPl
2210 389 2699 449 LUGDUNENSIS

3625 399 3735 455 23.0

438 504 494 559 lu
522 510 718 573 quarto
753 502 819 558 de
848 501 1080 558 Civitate
1105 504 1199 558 Dei
1227 502 1366 559 libro
1392 503 1545 575 (Cap.
1574 503 1665 577 ὅθ)
1693 520 1817 560 eum
1844 503 2028 573 dispu-
2056 501 2105 560 A
2132 516 2259 555 vera
2311 502 2595 573 Rcligione
2619 546 2634 570 ,
2688 505 2755 560 ad
2795 506 3200 578 percipiendam
3262 486 3553 569 veritatem
3595 514 3735 570 nihil

440 604 650 651 tantem
692 594 885 650 inserit
926 595 1013 651 bis
1053 595 1237 651 verbis
1270 614 1283 649 :
1324 614 1343 648 ι
1378 598 1660 653 Videtisne
1706 597 1872 669 igitur
1913 606 2035 653 uta

437 686 683 760 physicis
712 686 874 741 rebus
903 686 1041 741 bene
1085 696 1252 757 atque
1294 688 1498 744 utiliter
1532 690 1767 745 inventis
1795 689 1937 744 ratio
1966 690 2037 745 sit

439 786 616 835 tracta
653 778 721 833 ad
750 778 1152 835 com'mentitios
1188 788 1243 835 et
1271 780 1427 837 fictos
1457 769 1633 837 deoS?
1668 782 1799 851 Quae
1828 799 1917 839 res
1946 797 2038 854 ge-

438 868 561 925 nuit
590 868 757 923 falsas
785 869 1089 939 opiniones,
1114 861 1439 941 erroresque
1471 873 1838 939 turbulentos,
1863 882 1920 928 et
1945 889 2037 929 su-

437 960 791 1030 perstitiones
826 975 967 1029 pene
1003 961 1194 1015 aniles.
1226 960 1294 1016 Et
1318 960 1509 1018 formae
1536 964 1684 1019 enim
1710 964 1869 1020 nobis
1908 965 2037 1019 deo-

437 1066 585 1115 rum,
630 1058 686 1105 et
733 1058 883 1113 aetas,
936 1060 991 1105 et
1028 1052 1291 1119 vestitus,
1337 1063 1674 1125 ornatusque
1708 1056 1824 1111 noti
1866 1062 2032 1123 sunt;

435 1157 637 1215 genera
662 1152 946 1214 praeterea,
999 1145 1270 1214 conjugia,
1319 1147 1693 1217 cognationes,
1742 1147 2035 1217 omniaque

437 1234 686 1289 traducta
733 1233 801 1289 ad
856 1234 1271 1290 similitudinem
1322 1237 1710 1293 imbecillitatis
1759 1240 2029 1295 humanae.

436 1323 575 1381 Nam
608 1334 665 1382 et
708 1327 1043 1397 perturbatis
1074 1329 1275 1385 animis
1305 1329 1664 1385 inducuntur.
1707 1330 2034 1401 Accepimus

434 1417 603 1472 etiam
627 1416 853 1472 deorum
898 1418 1246 1487 cupiditates,
1277 1421 1648 1492 azgritudines,
1698 1421 2029 1477 iracundias.

435 1506 549 1563 Nec
569 1522 722 1575 vero,
765 1517 825 1563 ut
851 1509 1047 1565 fabulas
1076 1510 1277 1576 ferunt,
1309 1512 1385 1568 dii
1418 1512 1572 1569 hellis
1607 1514 1917 1584 praeliisque
1943 1531 2035 1570 ca-

437 1609 682 1655 ruerunt.
730 1599 843 1657 Nec
877 1600 1073 1667 solum,
1116 1610 1177 1657 ut
1207 1603 1350 1673 apud
1376 1603 1690 1670 Homerum,
1736 1619 1861 1660 cum
1899 1607 2034 1662 duos

434 1691 712 1748 exercitus
759 1692 1068 1748 contrarios
1097 1693 1188 1748 alii
1227 1693 1302 1749 dii
1350 1710 1417 1749 ex
1449 1695 1553 1749 alia
1598 1705 1754 1766 parte
1780 1696 2036 1753 defende-

438 1790 578 1847 rent,
623 1783 719 1838 sed
744 1783 909 1837 etiam
935 1792 995 1838 ut
1023 1798 1148 1840 cum
1178 1785 1389 1840 Titanis
1417 1795 1512 1840 aut
1547 1802 1671 1842 cum
1712 1784 2033 1859 Gigantibus

434 1886 532 1927 sua
558 1874 779 1942 propria
806 1873 948 1929 bella
978 1884 1285 1946 gesserunt.
1313 1875 1441 1933 Haec
1479 1886 1535 1932 et
1561 1879 1816 1935 dicuntur
1840 1889 1896 1935 et
1919 1896 2034 1936 cre-

432 1963 637 2018 duntur
669 1964 1013 2033 stultissime,
1048 1974 1105 2021 et
1130 1967 1290 2037 plena
1316 1977 1445 2026 sunt
1468 1971 1747 2038 vanitatis,
1782 1987 2033 2028 summae-

432 2069 539 2123 que
582 2055 841 2111 levitatis.
892 2058 1032 2114 Ecce
1058 2059 1277 2114 interim
1303 2075 1424 2129 quae
1463 2062 1792 2118 confitentur
1819 2066 1911 2134 qui
1939 2066 2032 2121 de-

432 2143 662 2200 fendunt
707 2145 840 2203 deos
888 2148 1149 2220 gentium.
1200 2149 1405 2205 Deinde
1431 2167 1556 2206 cum
1584 2154 1701 2208 haec
1743 2155 1811 2209 ad
1843 2170 2031 2225 super-

431 2236 711 2293 stitionem
733 2240 1015 2308 pertinere
1041 2240 1220 2305 dicat,
1270 2242 1338 2295 ad
1368 2241 1684 2313 religionem
1711 2259 1840 2300 vero
1867 2261 2031 2315 quam

431 2324 867 2395 ipsesecundum
897 2326 1113 2385 Stoicos
1138 2330 1353 2386 videtur
1375 2331 1578 2387 dicere.
1607 2331 1726 2387 Non
1748 2334 1894 2389 enim
1909 2335 2034 2406 phi-

431 2413 643 2485 losophi
690 2416 887 2484 solum,
937 2420 1132 2489 inquit,
1168 2435 1358 2475 verum
1390 2421 1554 2475 etiam
1588 2423 1821 2493 majores
1856 2424 2028 2479 nostri

429 2496 872 2578 superstitionem
914 2525 946 2564 a
994 2510 1252 2580 religione
1303 2523 1716 2581 separaverunt.
1774 2513 1908 2568 Nam
1939 2515 2029 2584 qui

431 2606 573 2653 totos
598 2599 716 2653 dies
740 2599 1121 2671 precabantur,
1151 2602 1346 2672 inquit,
1377 2610 1434 2657 et
1454 2603 1827 2669 immolabant,
1858 2614 1919 2659 ut
1946 2606 2031 2660 sui

427 2689 531 2745 sibi
571 2689 728 2744 liberi
767 2692 1093 2761 superstites
1121 2701 1335 2758 essent,
1375 2696 1738 2768 superstitiosi
1775 2706 1903 2751 sunt
1932 2714 2029 2768 ap-

428 2781 637 2851 pellati.
689 2782 821 2850 Quis
854 2798 962 2839 non
994 2784 1259 2855 intelligat
1302 2801 1427 2840 eum
1468 2766 1685 2851 conari,
1737 2788 1865 2842 dum
1901 2766 2031 2844 cono

427 2878 771 2933 suetudinem
794 2878 1036 2934 civitatis
1066 2879 1244 2945 timet,
1278 2880 1592 2953 religionem
1621 2882 1843 2937 laudare
1866 2883 2033 2953 majo-

427 2985 549 3024 rum
574 3010 588 3035 ,
639 2985 869 3039 eamque
912 2986 941 3025 a
980 2960 1366 3041 Superstitione
1405 2972 1689 3045 seiungere
1716 2975 1856 3031 velle
1881 3017 1897 3041 ,
1934 2977 2030 3032 sed

425 3063 699 3131 quomodo
730 3063 783 3119 id
812 3065 988 3135 possit
1015 3079 1123 3118 non
1148 3063 1435 3120 invenire?
1478 3065 1537 3120 Si
1567 3066 1713 3121 enim
1743 3082 1772 3119 a
1804 3066 2027 3134 majori-

426 3156 530 3211 bus
566 3156 645 3210 illi
688 3163 816 3211 sunt
859 3154 1113 3226 appellati
1154 3157 1518 3227 superstitiosi
1542 3198 1556 3222 ,
1606 3158 1698 3227 qui
1734 3166 1877 3213 totos
1915 3160 2030 3215 dies

425 3248 795 3317 precabantur
829 3256 884 3303 et
917 3247 1293 3313 immolabant,
1342 3248 1587 3319 nunquid
1636 3256 1691 3303 et
1718 3248 1793 3302 illi
1823 3250 1917 3319 qui
1950 3250 2031 3305 in-

425 3341 724 3395 stituerunt
752 3341 896 3409 quod
921 3340 1027 3395 iste
1065 3341 1434 3410 reprehendit,
1478 3342 1706 3397 deorum
1737 3342 2030 3399 simulacra

426 3430 643 3486 diversa
689 3439 850 3486 :etate
897 3439 952 3487 et
996 3438 1148 3487 veste
1190 3432 1483 3498 distincta,
1532 3433 1758 3488 deorum
1808 3450 2032 3504 genera,

425 3521 715 3593 coniugia,
770 3523 1165 3594 cognationes?
1212 3522 1338 3577 llaec
1376 3525 1564 3593 utique
1615 3541 1739 3579 cum
1773 3533 2031 3595 tanquam

426 3608 804 3685 superstitiosa
850 3617 1157 3688 culpantur,
1196 3618 1441 3687 implicat
1482 3620 1586 3674 ista
1618 3619 1775 3689 culpa
1799 3620 2033 3689 majores

428 3705 621 3760 talium
670 3705 1095 3761 simulacrorum
1149 3708 1490 3764 institutores
1520 3718 1686 3780 atque
1722 3711 1976 3766 cultores.
2007 3732 2027 3764 ι

426 3795 497 3850 Et
516 3804 637 3865 post
663 3811 834 3865 pauca
866 3796 1021 3868 (Cap.
1052 3797 1143 3869 5|)
1172 3817 1183 3852 :
1224 3818 1243 3850 ς
1273 3798 1418 3854 Dicit
1445 3800 1632 3866 etiam,
1666 3801 1862 3871 inquit,
1888 3803 2031 3857 idem

356 3941 363 3948 .
427 3898 622 3945 auctor
646 3890 996 3945 acutissimus
1022 3899 1185 3960 atque
1212 3892 1580 3957 doctissimus,
1612 3894 1755 3962 quod
1788 3893 1826 3948 ii
1858 3894 1955 3949 soli
1981 3896 2031 3950 ei

425 3986 714 4042 videantur
751 3985 1202 4039 animadvertisse
1247 3985 1374 4053 quid
1402 3993 1548 4040 esset
1588 3986 1753 4050 Deus,
1790 3988 1881 4056 qui
1912 4003 2031 4042 cre—

425 4078 680 4133 diderunt
707 4091 828 4130 eum
857 4090 978 4130 esse
1000 4075 1237 4129 animam
1267 4084 1415 4130 motu
1443 4091 1507 4130 ac
1534 4077 1744 4132 ratione
1769 4078 2025 4133 mundum

425 4167 821 4239 gubernantem
848 4183 862 4232 ;
893 4181 958 4220 ac
985 4181 1083 4235 per
1110 4165 1225 4220 hoc
1245 4166 1348 4221 etsi
1373 4167 1613 4221 nondum
1646 4167 1868 4222 tenebat
1886 4169 2029 4238 quod

423 4257 630 4312 veritas
676 4255 842 4311 habet
894 4254 1060 4327 (Deus
1104 4256 1249 4310 enim
1288 4270 1487 4320 verus,
1536 4273 1644 4311 non
1675 4256 1877 4321 anima,
1932 4258 2030 4313 sed

425 4348 622 4401 animae
648 4360 863 4416 quoque
897 4354 981 4400 est
1026 4344 1272 4409 effector,
1322 4353 1377 4399 et
1421 4346 1715 4417 conditor),
1750 4355 1933 4402 tamen
1981 4348 2027 4402 si

424 4446 616 4493 contra
660 4434 971 4505 przejudicia
1008 4436 1417 4491 consuetudinis
1464 4434 1602 4490 liber
1650 4451 1770 4492 esse
1818 4446 2025 4506 posset,

420 4542 592 4585 unum
636 4524 808 4580 Deum
856 4523 1145 4579 colendum
1192 4516 1486 4585 fateretur.
1536 4534 1701 4594 atque
1745 4525 2022 4589 suaderet,
2050 4533 2102 4593 1)

424 4626 573 4674 motu
601 4632 665 4673 ac
691 4617 903 4672 ratione
936 4616 1196 4671 mundum
1227 4616 1646 4685 gubernantem,
1694 4624 1753 4670 ut
1798 4632 1863 4671 ea
1904 4632 2029 4672 cum

369 4737 371 4740 ⁴
424 4710 514 4768 illo
534 4710 601 4764 de
628 4711 733 4764 hac
762 4725 820 4763 re
846 4708 1073 4781 quaestio
1104 4716 1437 4772 remaneret,
1479 4708 1625 4777 quod
1660 4724 1788 4763 eum
1823 4709 2030 4766 diceret

421 4813 542 4854 esse
570 4799 832 4863 animam,
864 4813 969 4851 non
1002 4797 1184 4866 potius
1212 4804 1268 4851 et
1302 4797 1497 4875 animm
1522 4806 1849 4852 creatorem.
1885 4798 2028 4853 Dicit

420 4891 586 4944 etiam
614 4890 868 4957 antiquos
899 4887 1174 4942 Romanos
1222 4888 1345 4957 plus
1392 4903 1555 4957 quam
1599 4904 1771 4943 annos
1800 4895 2022 4944 centum

420 4990 476 5034 et
518 4979 863 5050 septuaginta
895 4979 1025 5033 deos
1074 4978 1195 5032 sine
1230 4977 1523 5033 simulacro
1560 4978 1813 5033 coluisse.
1870 4977 2025 5044 Quod

419 5072 468 5129 si
495 5071 672 5127 adhuc
697 5070 1075 5135 remansisset,
1101 5071 1307 5125 castius
1346 5070 1417 5125 dii
1447 5070 1888 5126 observarentur.
1920 5069 2025 5125 Cu-

413 5159 847 5233 jusseutentiae
895 5173 1006 5215 sua:
1052 5166 1248 5213 testem
1298 5159 1582 5214 adhiberet
1634 5159 1778 5213 inter
1822 5168 2021 5213 caetera

418 5251 584 5306 etiam
614 5256 833 5321 gentem
859 5246 1121 5302 Judaaam.
1176 5246 1285 5302 Nec
1311 5248 1523 5303 dubitat
1569 5264 1695 5303 eum
1739 5248 1917 5303 locum
1946 5249 2021 5303 ita

420 5344 769 5407 concludere,
815 5350 875 5396 ut
921 5341 1067 5398 dicat
1110 5342 1202 5411 qui
1247 5342 1410 5413 primi
1457 5342 1747 5397 simulacra
1797 5342 2019 5397 deorum

420 5434 634 5509 populis
662 5440 985 5504 posuerunt,
1036 5449 1130 5488 eos
1158 5433 1473 5489 civitatibus
1513 5432 1627 5489 suis
1657 5441 1860 5487 metum
1891 5432 2021 5486 ade-

423 5530 607 5593 misse,
646 5536 702 5583 et
729 5540 973 5581 errorem
1015 5525 1326 5591 addidisse;
1363 5525 1660 5595 prudenter
1696 5524 2018 5578 existimans

420 5622 551 5674 deos
597 5617 757 5674 facile
786 5631 944 5687 posse
986 5615 1040 5676 in
1090 5616 1504 5671 simulacrorum
1547 5616 1841 5671 stoliditate
1888 5630 2017 5670 con-

422 5721 612 5765 tcmut.
640 5729 660 5763 ι

496 5797 658 5854 XXV.
694 5799 830 5854 Dicit
858 5799 1021 5853 ctiam
1055 5799 1240 5851 bcaius
1278 5797 1607 5867 Augustinus
1647 5797 1699 5853 in
1731 5796 1907 5850 llbcilu
1948 5796 2011 5849 de

2060 1846 2108 1905 B

2057 3193 2103 3255 C

2136 592 2309 659 magis
2336 592 2616 663 impedire,
2649 611 2811 665 quam
2834 598 2998 653 vitam
3024 599 3233 655 libidini
3259 601 3521 669 deditam,
3560 613 3615 661 et
3636 607 3739 661 fal-

2137 696 2226 735 sas
2267 681 2681 754 imaginationes
2716 702 2896 742 rerum
2925 691 3282 757 sensibilium,
3329 709 3450 763 qua:
3479 698 3635 753 nobis
3662 699 3739 755 ab

2137 767 2241 824 hoc
2271 771 2512 827 sensibili
2538 775 2740 830 mundo
2764 791 2861 845 per
2885 793 3081 849 corpus
3108 781 3390 851 impressae
3416 788 3599 841 varias
3620 789 3740 860 opio

2137 860 2328 916 niones
2356 875 2678 936 erroresque
2716 878 3016 937 generant;
3061 887 3162 927 nec
3192 888 3434 930 errorem
3465 878 3635 933 ullum
3678 881 3736 936 in

2138 951 2396 1023 religione
2436 968 2557 1010 esse
2586 958 2860 1025 potuisse,
2910 960 2952 1014 si
2984 962 3162 1016 anima
3192 979 3290 1032 pro
3330 964 3441 1021 Deo
3481 984 3581 1024 suo
3623 985 3740 1025 non

2136 1040 2340 1096 coleret
2381 1042 2637 1110 animam,
2676 1055 2769 1100 aut
2803 1062 3021 1117 corpus,
3065 1062 3159 1105 aut
3200 1054 3581 1122 phantasmata
3609 1075 3736 1127 sua,

2136 1143 2256 1198 quae
2292 1131 2427 1185 nihil
2455 1142 2593 1188 sunt
2625 1135 2790 1203 aliud,
2837 1154 2998 1208 quam
3039 1141 3105 1195 de
3131 1144 3311 1211 specie
3340 1149 3587 1217 corporis
3618 1166 3741 1205 cor-

2134 1236 2300 1291 poreo
2345 1238 2506 1279 sensu
2552 1236 2782 1283 attracta
2828 1231 3105 1302 ﬁgmenta.
3152 1234 3267 1289 Non
3306 1251 3436 1308 ergo
3467 1250 3742 1295 creatura:

2133 1312 2315 1380 potius
2358 1329 2520 1383 quam
2553 1320 2788 1376 creatori
2828 1324 3159 1392 serviamus,
3200 1342 3301 1382 nec
3340 1345 3740 1389 evanescamus

2136 1401 2190 1455 in
2236 1405 2652 1472 cogitationibus
2693 1414 2917 1469 nostris.
2970 1415 3096 1471 Haec
3123 1417 3367 1488 perfecta
3404 1422 3597 1494 religio
3625 1434 3737 1481 est.

2134 1490 2225 1546 Ait
2251 1494 2417 1549 etiam
2440 1496 2591 1569 (Cap.
2621 1499 2731 1570 25).
2789 1522 2807 1553 ‹
2838 1505 2971 1561 Cum
3000 1510 3147 1563 enim
3188 1511 3432 1570 Ecclesia
3461 1490 3739 1574 catholica

2134 1601 2234 1656 per
2264 1596 2434 1644 totum
2464 1592 2653 1649 orbem
2682 1594 3076 1676 dilfusa_atque
3106 1601 3327 1660 fundata
3357 1608 3449 1676 sit,
3500 1625 3604 1665 nec
3624 1612 3741 1671 mi-

2138 1680 2317 1735 racula
2350 1682 2437 1736 illa
2468 1684 2522 1739 in
2570 1695 2750 1742 nostra
2784 1672 3028 1763 tempora
3060 1693 3255 1751 durare
3281 1701 3550 1767 permissa
3578 1714 3735 1768 sunt,

2138 1786 2207 1825 ne
2236 1772 2414 1827 anima
2447 1791 2663 1847 semper
2688 1781 2919 1837 visibilia
2950 1796 3245 1855 quzcreret,
3292 1799 3347 1845 et
3377 1806 3566 1848 eorum
3595 1812 3734 1851 con-

2136 1866 2418 1921 suetudine
2447 1867 2765 1941 frigesccret
2803 1890 2971 1946 genus
2996 1878 3323 1945 humanum,
3366 1902 3599 1955 quorum
3638 1906 3739 1945 no.

2134 1952 2301 2009 vitate
2326 1953 2591 2027 flagravit.
2630 1980 2648 2011 ι
2683 1962 2815 2016 [tem
2854 1965 2928 2019 ibi
2972 1966 3124 2038 (Cap.
3156 1971 3250 2035 55,
3280 1952 3405 2045 5ιῇ
3445 1995 3461 2025 ι
3498 1976 3739 2034 Animus

2134 2059 2391 2114 perverse
2428 2046 2640 2117 judicat
2686 2054 2772 2108 cui
2825 2056 2892 2109 ad
2942 2061 3414 2132 contemplandam
3456 2082 3737 2124 summam

2132 2137 2589 2205 pulchritudinem
2618 2158 2772 2201 mens
2801 2162 2908 2202 non
2938 2150 3127 2207 oculus
3157 2151 3333 2211 factus
3361 2166 3464 2212 cst.
3496 2158 3591 2215 Ille
3619 2162 3741 2217 vult

2134 2234 2370 2280 mentem
2418 2242 2737 2289 convertere
2785 2237 2853 2291 ad
2904 2253 3153 2311 corpora,
3203 2244 3389 2300 oculos
3424 2248 3492 2303 ad
3535 2249 3735 2304 Deum.

2133 2314 2337 2384 Quzcrit
2362 2320 2507 2374 enim
2548 2322 2851 2397 intelligere
2883 2330 3121 2385 carnalia
3142 2373 3156 2396 ,
3204 2341 3259 2389 et
3290 2336 3473 2405 videre
3504 2340 3754 2413 spirita:

2133 2405 2244 2461 lia:
2297 2411 2440 2480 quod
2488 2412 2604 2467 fieri
2651 2431 2757 2470 non
2798 2428 2994 2485 potest.
3047 2421 3226 2488 Quare
3263 2425 3364 2480 ista
3400 2405 3740 2496 perversitas

2134 2502 2451 2572 corrigenda
2495 2514 2613 2569 est,
2663 2510 2787 2577 quia
2837 2512 2943 2566 nisi
2986 2512 3176 2570 fecerit
3216 2520 3361 2587 quod
3400 2536 3621 2577 sursum
3655 2536 3743 2578 est

2134 2592 2409 2661 deorsum,
2443 2605 2498 2652 et
2525 2602 2667 2668 quod
2697 2602 2952 2659 deorsum
2980 2617 3064 2662 est
3090 2624 3330 2677 sursum,
3373 2630 3541 2687 regno
3568 2618 3773 2679 eadm.

2132 2699 2251 2737 rum
2284 2698 2441 2756 aptus
2472 2704 2577 2745 non
2609 2693 2735 2747 erit.
2783 2693 2899 2749 Non
2926 2712 3058 2769 ergo
3082 2715 3294 2756 summa
3322 2720 3635 2772 qumramus
3682 2711 3739 2764 in

2133 2773 2353 2841 infimis,
2411 2794 2512 2834 nec
2555 2780 2689 2850 ipsis
2734 2784 2935 2841 infimis
2982 2788 3364 2849 inhmreamus.
3418 2794 3745 2857 Iudicemus

2132 2880 2215 2930 ea,
2251 2882 2318 2921 ne
2346 2884 2467 2923 cum
2497 2871 2630 2940 ipsis
2659 2872 3010 2944 iudicemur;
3063 2880 3115 2935 id
3154 2891 3258 2949 est,
3294 2892 3503 2940 tantum
3533 2890 3617 2944 eis
3644 2892 3747 2946 tri—

2130 2956 2377 3023 buamus,
2413 2971 2672 3029 quantum
2698 2968 2907 3035 Species
2943 2980 3185 3027 meretur
3213 2983 3455 3032 extrema
3480 2995 3495 3044 ;
3524 2995 3592 3036 ne
3613 2997 3743 3039 cum

2130 3046 2184 3100 in
2232 3050 2543 3106 novissimis
2580 3055 2755 3123 prima
2794 3059 3109 3128 qumrimus,
3160 3080 3191 3117 a
3234 3067 3430 3134 primis
3462 3070 3611 3125 inter
3641 3088 3746 3127 no-

2134 3138 2355 3194 vissima
2386 3158 2753 3200 numeremur.
2791 3167 2810 3199 ›
2859 3149 2992 3204 item
3038 3152 3153 3223 ipse
3183 3155 3336 3227 (Cap.
3374 3159 3465 3231 55)
3497 3180 3510 3215 :
3564 3180 3582 3211 α
3620 3161 3743 3221 Non

2136 3226 2209 3282 sit
2246 3229 2401 3285 nobis
2424 3231 2636 3302 religio,
2666 3235 2842 3293 cultus
2870 3238 3150 3298 hominum
3189 3226 3528 3305 mortuorum
3559 3271 3572 3306 :
3608 3256 3743 3324 quia

2135 3316 2181 3370 si
2212 3318 2298 3387 pie
2339 3318 2607 3388 vixerunt,
2642 3340 2750 3379 non
2782 3327 2862 3382 sic
2903 3328 3175 3387 habentur
3218 3344 3273 3389 ut
3319 3339 3455 3395 tales
3486 3316 3747 3411 quanam

2133 3407 2407 3477 honores;
2453 3413 2548 3469 sed
2585 3414 2737 3471 illum
2774 3433 2805 3473 a
2832 3421 2990 3476 nobis
3018 3424 3121 3479 coli
3149 3427 3366 3494 volunt,
3398 3407 3747 3503 quovillumi-

2135 3508 2300 3555 nante
2324 3501 2577 3559 Iactantur
2602 3507 2781 3562 meriti
2818 3510 2900 3565 sui
2930 3528 3029 3567 nos
3058 3530 3179 3571 esse
3217 3501 3520 3577 consortes.
3556 3524 3745 3581 Hono-

2134 3592 2289 3646 randi
2335 3609 2464 3668 ergo
2494 3606 2621 3651 sunt
2646 3608 2867 3668 propter
2893 3602 3251 3663 imitationem
3272 3652 3286 3676 ,
3336 3628 3442 3667 non
3471 3616 3743 3675 adorandi

2132 3695 2355 3754 propter
2388 3687 2725 3759 religionem.
2776 3692 2892 3749 Non
2922 3695 2994 3751 sit
3031 3699 3186 3755 nobis
3239 3703 3431 3775 religio
3477 3708 3742 3768 humano-

2133 3792 2254 3830 rum
2277 3793 2501 3847 Operum
2524 3783 2719 3839 cultus.
2753 3785 3004 3845 Meliores
3025 3794 3171 3847 enim
3195 3808 3321 3851 sunt
3345 3798 3450 3871 ipsi
3472 3804 3740 3874 artifices,

2133 3868 2225 3937 qui
2266 3869 2390 3923 talia
2420 3870 2778 3941 fabricantur,
2826 3893 2963 3947 quos
2999 3888 3183 3939 tamen
3229 3868 3410 3944 colere
3442 3907 3550 3947 non
3577 3868 3743 3952 debe;

2131 3976 2272 4017 ntus.
2317 3960 2431 4018 Non
2460 3964 2531 4018 sit
2557 3967 2711 4022 nobis
2753 3970 2942 4041 religio
2967 3974 3023 4026 in
3064 3975 3464 4044 phantasmatis
3505 3986 3737 4042 nostris.

2134 4052 2323 4110 Melius
2361 4064 2446 4111 est
2478 4057 2623 4112 enim
2663 4061 3039 4134 qualecunque
3079 4082 3267 4123 verum
3295 4110 3309 4137 ,
3357 4088 3525 4141 quam
3571 4091 3740 4134 omne

2130 4146 2391 4218 quidquid
2419 4165 2517 4219 pro
2544 4153 2774 4209 arbitrio
2795 4154 2922 4226 fingi
2954 4166 3148 4227 potest.
3184 4160 3253 4214 Et
3279 4170 3461 4219 tamen
3489 4168 3738 4226 animam

2130 4236 2325 4307 ipsam,
2369 4242 2617 4307 quamvis
2646 4246 2827 4300 anima
2857 4262 2984 4301 vera
3012 4249 3105 4315 sit,
3148 4267 3271 4307 cum
3302 4252 3435 4311 falsa
3471 4258 3742 4331 imagina-

2132 4337 2241 4395 tur,
2291 4330 2470 4386 colere
2513 4349 2619 4390 non
2662 4334 2943 4393 debemus.
2987 4339 3176 4397 Melior
3219 4355 3303 4400 est
3349 4362 3478 4403 vera
3506 4330 3735 4421 stipula,

2130 4433 2294 4487 quam
2320 4418 2412 4474 lux
2440 4421 2587 4476 inani
2612 4425 2941 4496 cogitatione
2961 4445 3061 4499 pro
3096 4436 3424 4503 suspicantis
3451 4418 3735 4500 voluntate

2128 4507 2381 4566 formata.
2421 4512 2491 4567 Et
2525 4522 2704 4571 tamen
2736 4518 2989 4589 stipulam
3018 4540 3177 4594 quam
3221 4532 3486 4590 sentimus
3526 4544 3583 4590 et
3616 4547 3737 4593 tan-

2130 4597 2327 4668 gimus,
2364 4602 2632 4661 dementis
2679 4616 2763 4663 est
2809 4611 3033 4668 credere
3076 4616 3380 4678 colendam.
3420 4644 3438 4675 ι
3489 4625 3640 4683 Idem
3677 4631 3731 4687 in

2127 4692 2355 4759 epistola
2384 4695 2451 4747 ad
2481 4694 2832 4753 Consentium
2868 4701 3003 4757 dicit
3034 4691 3241 4776 (Epist.
3272 4710 3361 4782 85)
3388 4728 3402 4765 :
3457 4734 3476 4764 ‹
3511 4716 3734 4788 Cogita-

2128 4779 2290 4835 tionis
2318 4783 2556 4839 carnalis
2596 4790 3043 4856 compositionem
3067 4779 3373 4869 vanumque
3403 4779 3730 4872 flgmenvtum

2128 4870 2218 4924 ubi
2259 4874 2537 4928 veneratio
2562 4874 2891 4935 labefactare
2922 4882 3133 4952 incipit,
3172 4890 3429 4945 continuo
3450 4870 3553 4949 illo
3581 4896 3731 4953 intus

2127 4957 2417 5028 adjuvante
2458 4972 2623 5034 atque
2670 4967 3011 5027 illuminante
3038 4976 3131 5043 qui
3165 4990 3288 5031 cum
3326 4978 3525 5035 talibus
3566 4983 3729 5041 idolis

2124 5050 2179 5103 in
2211 5052 2376 5107 corde
2400 5063 2589 5110 nostro
2615 5056 2865 5115 habitare
2894 5077 3001 5117 non
3031 5065 3178 5131 vult,
3232 5067 3305 5120 ita
3349 5069 3449 5123 ista
3481 5072 3728 5128 confrin-

2124 5156 2251 5213 gere
2278 5150 2440 5213 atque
2465 5160 2495 5198 a
2523 5145 2627 5201 fide
2661 5157 2845 5205 nostra
2872 5154 3269 5222 quodammodo
3295 5170 3548 5217 excutere
3572 5162 3731 5220 festi-

2117 5248 2337 5299 nemus,
2374 5242 2434 5289 ut
2460 5251 2530 5291 ne
2553 5236 2829 5305 pulverem
2868 5242 3087 5311 quidem
3115 5244 3283 5300 ullum
3322 5249 3511 5305 talium
3539 5252 3725 5321 phan-

2122 5332 2413 5380 tasmatum
2440 5327 2551 5382 illic
2573 5343 2857 5388 remanere
2886 5336 3176 5403 patiamur.
3211 5358 3227 5390 ι

2192 5416 2377 5471 XXVI.
2408 5418 2561 5485 Quod
2602 5436 2744 5476 verae
2781 5426 3102 5481 temeritatis
3146 5428 3407 5485 offensam
3448 5433 3722 5501 incurrat,

2120 5509 2212 5578 qui
2241 5508 2445 5579 aliquid
2490 5510 2729 5566 divinum
2775 5514 2828 5568 in
2862 5516 3153 5587 sacrilegos
3183 5520 3316 5574 ritus
3348 5533 3606 5593 usurpat,
3642 5535 3725 5581 le-

2119 5610 2293 5658 statur
2321 5603 2463 5657 idem
2490 5602 2679 5660 doctor
2712 5606 2765 5659 in
2794 5609 3019 5676 epistola
3052 5610 3119 5665 ad
3156 5610 3499 5681 Januarium,
3528 5617 3605 5670 ita
3635 5620 3725 5671 di-

2118 5708 2247 5745 cens
2278 5692 2471 5763 (Epist.
2522 5694 2639 5758 ll9,
2687 5711 2805 5766 cap.
2836 5696 2925 5766 ‘20)
2959 5716 2971 5752 :
3029 5718 3047 5749 ‹
3087 5698 3186 5767 Qui
3228 5703 3293 5756 de
3320 5704 3531 5775 paginis
3555 5721 3726 5761 cvan-

2117 5785 2306 5856 ςετιὶςίε
2347 5793 2521 5839 sortes
2548 5784 2748 5861 legunt,
2795 5789 2893 5842 ctsi
2932 5790 3227 5857 optandum
3257 5801 3339 5851 cst
3370 5804 3427 5849 ut
3461 5794 3579 5851 lucc
3622 5812 3720 5868 pu-
