3930 6318
178 377 278 434 εξι

1186 373 1388 429 LIBER
1432 375 1521 430 DE
1559 374 1962 432 lMAGlNlBUS
2000 375 2437 438 SANCTORUM.
3364 379 3473 436 22:}

3369 418 3474 436 -..Δ

182 496 290 552 tius
330 493 550 554 faciant,
598 505 759 560 quam
798 488 864 542 ad
902 487 1165 542 d;eruro:1ia
1194 486 1520 541 consulenda
1549 502 1775 539 eoneur—
1804 488 1853 544 Λ
1883 493 2030 538 tuum
2075 487 2227 554 signa
2266 488 2573 554 manifesta,
2623 498 2678 546 ct
2707 504 2877 544 annos
2905 487 2984 544 sol
3013 489 3378 558 concluderet,
3417 502 3475 550 et

180 595 342 645 rant,
390 593 572 636 tamen
617 582 780 634 etiam
811 579 911 633 ista
958 577 1090 632 mihi
1126 578 1374 648 displicet
1420 576 1773 639 consuetudo,

181 677 248 730 ad
303 673 515 743 negotia
560 669 841 725 smeularia
893 675 948 722 et
989 666 1055 720 ad
1101 666 1227 722 vitae
1272 667 1432 736 hujus
1483 666 1775 719 vanitatem

179 777 404 841 propter
435 766 598 818 aliam
644 764 808 816 vitam
841 761 1118 830 loquentia
1165 759 1382 815 oracula
1431 759 1613 812 divina
1638 758 1775 813 velle

179 864 525 913 convertere.
565 874 582 906 ›
647 851 738 906 Sic
774 849 1054 906 consimile
1097 850 1226 919 quid
1273 849 1464 904 beatus
1511 848 1776 918 Hierony-

180 963 303 1002 mus
337 945 593 1012 loquitur,
626 957 748 996 cum
773 941 937 994 verba
973 940 1184 994 Domini
1225 939 1314 993 illa
1345 948 1625 1003 tractaret,
1656 954 1775 1008 qua:

181 1037 259 1090 ita
307 1052 363 1090 se
394 1035 632 1090 habent:
686 1051 702 1082 ι
742 1031 979 1085 Dilatant
1008 1030 1153 1084 enim
1183 1029 1519 1098 phylacteria
1559 1043 1679 1092 sua,
1721 1035 1776 1082 et

181 1126 539 1201 magnillcant
570 1103 829 1177 fimbrias.
880 1120 1185 1185 Pittaciola,
1239 1120 1432 1188 inquit,
1482 1119 1570 1172 illa
1617 1120 1775 1174 deca-

179 1217 286 1289 logi
317 1215 649 1286 phylacteria
682 1213 987 1267 vocabant:
1039 1209 1180 1280 quod
1210 1211 1518 1278 quicunque
1553 1210 1776 1263 habuis-

179 1317 265 1364 set
306 1323 392 1372 ea,
438 1307 592 1376 quasi
625 1305 692 1360 ob
720 1300 1020 1358 custodiam
1052 1312 1105 1356 et
1145 1301 1542 1355 munimentum
1569 1301 1652 1355 sui
1679 1302 1776 1354 ha-

178 1399 371 1462 beret;
419 1412 528 1451 non
570 1393 1002 1464 'intelligentibus
1051 1392 1338 1446 Pharisreis
1371 1391 1513 1460 quod
1560 1391 1673 1445 haec
1716 1393 1772 1446 in

178 1489 344 1544 corde
368 1486 630 1558 portanda
661 1487 788 1548 sint,
818 1500 925 1540 non
956 1483 1008 1536 in
1039 1498 1269 1552 corpore
1297 1497 1309 1535 :
1340 1482 1578 1551 alioquin
1611 1491 1666 1538 et
1693 1498 1774 1536 ar-

177 1580 351 1634 maria
380 1587 435 1633 et
459 1591 599 1631 arcae
628 1577 830 1635 habem
855 1575 1042 1638 libros,
1072 1581 1124 1628 et
1153 1572 1249 1628 Dei
1275 1573 1525 1627 notitiam
1550 1589 1656 1627 non
1685 1573 1774 1626 ha~

177 1669 330 1722 bent.
362 1665 475 1721 Hoc
504 1664 644 1734 apud
677 1679 776 1718 nos
793 1663 1183 1733 superstitiosa:
1217 1661 1547 1717 muliercula:
1573 1663 1624 1716 in
1653 1678 1775 1731 par-

175 1759 318 1813 vulis
344 1745 658 1828 evangeliis,
705 1756 758 1808 in
785 1754 962 1809 crucis
994 1753 1165 1823 ligno,
1197 1762 1250 1808 et
1280 1753 1333 1807 in
1366 1754 1667 1808 istiusmodi
1695 1768 1775 1807 re—

1881 589 2096 630 menses
2125 576 2250 629 luna
2278 588 2579 632 renovaret.
2619 579 2822 646 Quarto
2854 595 3108 650 namque,
3138 591 3199 636 ut
3223 582 3470 655 legimus,

1879 667 1965 721 die
1992 668 2129 722 dixit
2160 668 2338 723 Deus:
2375 667 2535 722 Fiant
2563 670 2848 726 luminaria
2892 671 2947 726 in
2976 672 3306 741 ﬁrmamento
3334 674 3466 738 caeli,

1877 766 1926 811 et
1955 755 2160 811 luceant
2192 775 2350 829 super
2375 769 2592 824 terram,
2627 771 2673 813 et
2702 761 2936 816 dividant
2966 771 3104 816 inter
3129 763 3270 817 diem
3296 774 3344 818 et
3369 782 3466 818 no-

1877 857 2028 911 ctem,
2078 857 2125 900 et
2153 849 2256 902 sint
2290 848 2343 901 in
2369 849 2519 917 signa
2550 859 2594 902 et
2624 859 2878 918 tempora,
2908 862 2954 904 et
2985 852 3038 905 in
3065 852 3175 906 dies
3202 861 3251 907 et
3283 854 3337 907 in
3365 870 3467 908 an-

1877 955 1988 1001 nos,
2016 949 2063 992 et
2093 940 2193 998 sint
2230 941 2286 993 in
2320 941 2650 1008 ﬁrmamento
2692 942 2826 1007 caeli,
2858 953 2903 996 et
2949 943 3152 999 luceant
3187 962 3346 1016 super
3372 956 3477 1000 ter~

1878 1045 2012 1081 ram.
2052 1029 2462 1101 Expergiscere,
2494 1048 2525 1086 ο
2547 1033 2730 1097 homo,
2762 1042 2817 1087 et
2837 1032 3152 1103 dignitatem
3182 1044 3286 1091 tute
3309 1053 3473 1108 agno.

1876 1133 1967 1172 see
1993 1128 2218 1174 natura).
2272 1121 2579 1178 Recordare
2613 1131 2663 1177 te
2691 1122 2888 1176 factum
2919 1125 2985 1178 ad
3013 1126 3300 1196 imaginem
3329 1127 3426 1182 Del

1875 1223 1995 1278 qua:
2022 1209 2121 1264 etsi
2156 1209 2208 1263 in
2238 1209 2408 1264 Adam
2433 1221 2706 1282 corrupta,
2739 1212 2792 1267 in
2820 1212 3037 1270 Christo
3070 1224 3247 1270 tamen
3278 1225 3362 1272 est
3390 1234 3462 1271 re.

1874 1299 2129 1355 formata.
2193 1301 2353 1356 Utere
2401 1305 2666 1371 quomodo
2719 1307 2976 1360 utendum
3029 1315 3112 1362 est
3166 1309 3467 1364 visibilibus

1875 1392 2142 1445 creaturis
2163 1431 2176 1454 ,
2210 1392 2348 1445 sicut
2374 1394 2545 1448 uteris
2576 1403 2742 1458 terra,
2769 1395 2929 1458 mari,
2968 1395 3126 1459 cmio,
3170 1411 3319 1459 aere,
3351 1397 3466 1451 fon-

1875 1477 2040 1541 tibus,
2073 1485 2239 1547 atque
2262 1477 2572 1535 fluminibus
2596 1497 2610 1537 :
2639 1481 2967 1551 etquidquid
2995 1483 3048 1536 in
3077 1484 3156 1538 eis
3181 1484 3468 1553 pulchrum

1873 1577 2034 1639 atque
2062 1569 2310 1625 mirabile
2337 1579 2442 1636 est,
2488 1569 2630 1624 refer
2657 1573 2723 1625 ad
2754 1572 2964 1627 laudem
2998 1581 3053 1628 et
3080 1574 3306 1644 gloriam
3341 1588 3470 1629 con-

1874 1664 2086 1720 ditoris.
2136 1663 2252 1720 Noli
2277 1681 2397 1720 esse
2426 1665 2638 1720 deditus
2672 1667 2722 1719 ei
2751 1665 2964 1732 lumini,
3005 1682 3110 1737 quo
3139 1667 3387 1722 volucres
3415 1677 3470 1721 et

1873 1764 2176 1825 serpentes,
2227 1761 2333 1828 'quo
2377 1755 2565 1811 bestiae
2591 1765 2646 1810 et
2671 1757 2923 1827 pecudes,
2966 1769 3072 1828 quo
3099 1773 3298 1813 muscae
3325 1757 3469 1812 dele-

173 1847 278 1902 bus
327 1847 441 1918 (qui
488 1847 691 1900 habent
736 1844 951 1914 quidem
986 1843 1159 1897 zelum
1193 1844 1310 1908 Dei,
1361 1844 1456 1898 sed
1485 1861 1589 1899 non
1615 1844 1768 1915 juxta
1802 1850 1846 1909 Β
1877 1853 2111 1909 ctantur,
2164 1855 2219 1901 et
2247 1860 2479 1914 vermes,
2526 1847 2722 1902 Lucem
2767 1863 3086 1918 corpoream
3115 1865 3279 1906 sensu
3312 1859 3471 1921 tange

175 1938 482 2008 scientiam)
514 1951 685 2005 usque
720 1935 879 1989 hodie
911 1934 1179 1989 factitant.
1217 1954 1235 1986 ι

252 2027 459 2082 XXVII.
520 2045 537 2077 ‹
572 2026 647 2080 De
697 2025 898 2079 talibus
929 2023 1193 2078 institutis
1241 2023 1322 2096 (ut
1359 2023 1504 2079 beati
1557 2040 1774 2096 quoque

175 2120 376 2176 Leonis
407 2135 556 2190 papa:
579 2117 743 2172 verba
771 2131 1035 2186 ponamus
1065 2107 1262 2179 [Serm.
1289 2117 1319 2170 7
1337 2116 1390 2169 in
1415 2115 1537 2172 Nat.
1564 2118 1769 2190 Dom.])

167 2212 338 2266 etiam
385 2209 474 2263 illa
523 2217 812 2279 generatur
859 2195 1143 2276 impietas,
1199 2215 1259 2261 ut
1299 2207 1379 2262 sol
1426 2209 1772 2264 inchoatione

169 2303 380 2356 diurnae
395 2301 530 2363 lucis
553 2313 871 2368 exsurgens,
900 2315 929 2352 a
953 2298 1273 2370 quihusdam
1301 2300 1771 2369 insipientiorihus

167 2391 236 2446 de
292 2391 428 2445 locis
478 2389 930 2444 eminentioribus
978 2390 1274 2445 adoretur:
1335 2392 1476 2460 quad
1527 2395 1768 2450 nonnulli

166 2489 336 2542 etiam
369 2484 664 2541 Christiani
709 2484 844 2538 adeo
869 2499 929 2539 se
967 2483 1218 2553 religiose
1248 2483 1429 2540 facere
1473 2496 1683 2556 putant,
1713 2495 1771 2541 ut

167 2579 489 2655 priusquam
537 2575 603 2629 ad
631 2575 780 2629 beati
831 2573 978 2629 Petri
1019 2573 1242 2644 apostoli
1278 2576 1560 2631 basilicam
1587 2614 1613 2646 η
1648 2595 1770 2649 qua:

168 2670 263 2722 uni
294 2669 409 2723 Deo
437 2682 567 2722 vero
591 2675 646 2722 et
669 2667 792 2720 vivo
824 2665 1070 2721 dedicata
1099 2673 1206 2732 est,
1230 2668 1574 2736 perveniant,
1616 2685 1772 2740 supe-

167 2761 304 2816 ratis
332 2758 620 2829 gradibus,
653 2756 850 2825 quibus
887 2756 953 2810 ad
983 2768 1297 2827 suggestum
1334 2773 1442 2813 anc
1470 2760 1767 2827 superioris

165 2851 504 2914 ascenditur,
536 2861 804 2903 converso
826 2862 1056 2916 corpore
1083 2849 1151 2902 ad
1176 2858 1489 2905 nascentem
1516 2865 1575 2904 se
1595 2849 1764 2905 solem

162 2940 487 3003 reﬂectant,
545 2947 601 2994 et
645 2939 884 2993 curvatis
933 2938 1236 2992 cervicibus
1283 2939 1338 2994 in
1390 2939 1650 2994 honorem
1705 2957 1766 2996 se

161 3032 438 3104 splendidi
465 3031 614 3086 orbis
647 3029 942 3083 inclinent:
979 3030 1121 3096 quod
1144 3029 1261 3083 lieri
1287 3031 1485 3100 partim
1517 3031 1769 3100 ignoran-

160 3125 252 3177 tia:
284 3122 440 3186 vitio,
486 3121 682 3190 partim
719 3117 1050 3189 paganitatis
1093 3118 1311 3186 spiritu,
1348 3117 1575 3172 multum
1616 3118 1767 3173 tabe-

1875 1951 2172 2006 corporeo;
2211 1945 2266 1992 et
2294 1945 2404 1992 toto
2443 1939 2641 1993 mentis
2666 1937 2860 1994 affectu
2905 1939 3034 1995 illud
3071 1955 3261 1995 verum
3288 1941 3468 1995 lumen

1875 2025 2200 2095 amplectere
2225 2027 2368 2097 quod
2396 2027 2662 2082 illuminat
2693 2043 2909 2084 omnem
2942 2030 3213 2084 hominem
3253 2031 3469 2086 venien-

1874 2124 1981 2172 tem
2031 2118 2084 2171 in
2116 2117 2257 2172 hunc
2302 2119 2583 2184 mundum,
2631 2129 2686 2174 et
2727 2120 2794 2175 de
2836 2136 2944 2190 quo
2971 2121 3100 2177 dicit
3147 2122 3464 2192 Propheta:

1872 2208 2114 2263 Accedite
2141 2211 2211 2262 ad
2235 2227 2374 2276 eum,
2405 2221 2452 2264 et
2479 2211 2874 2276 illuminamini,
2903 2223 2950 2266 et
2987 2213 3157 2268 rullus
3182 2217 3338 2268 vestri
3363 2233 3468 2270 non

1871 2299 2190 2353 erubescent.
2239 2299 2295 2355 Si
2329 2301 2476 2356 enim
2520 2301 2780 2372 templum
2811 2301 2904 2358 Dei
2936 2319 3159 2367 sumus,
3210 2313 3266 2359 et
3309 2294 3469 2376 spiri-

1873 2398 1960 2444 tus
1987 2389 2081 2444 Dei
2124 2390 2334 2445 hahitat
2357 2391 2409 2444 in
2439 2393 2592 2447 nobis
2617 2409 2630 2458 ;
2683 2393 2802 2463 plus
2831 2403 2914 2448 est
2956 2396 3095 2465 quod
3127 2395 3300 2450 ﬁdelis
3322 2397 3468 2466 quis-

1871 2493 1975 2548 que
2025 2481 2078 2533 in
2131 2495 2229 2535 suo
2276 2481 2438 2536 habet
2485 2482 2690 2547 animo,
2742 2498 2902 2552 quam
2945 2484 3086 2554 quod
3137 2486 3368 2540 miratur
3413 2487 3466 2542 in

1870 2570 2026 2626 cado.
2060 2571 2176 2627 Non
2204 2573 2386 2641 itaque
2416 2573 2591 2640 vobis,
2629 2574 2989 2642 dilectissimi,
3020 2578 3122 2632 hoc
3158 2585 3252 2632 aut
3277 2577 3466 2633 indici—

1871 2678 2012 2728 mus,
2058 2672 2150 2717 aut
2192 2665 2510 2727 suademus,
2556 2674 2616 2719 ut
2644 2665 2959 2736 despiciatis
3011 2681 3173 2738 opera
3204 2667 3321 2730 Dei,
3372 2679 3466 2722 aut

1869 2755 2200 2809 contrarium
2242 2756 2445 2826 aliquid
2474 2757 2597 2812 fidei
2630 2767 2824 2814 vestra:
2848 2758 2902 2813 in
2937 2760 3021 2814 his
3049 2775 3168 2830 qua:
3200 2762 3343 2818 Deus
3372 2764 3463 2818 bo-

1868 2859 1969 2899 nus
1996 2845 2134 2899 bona
2159 2846 2399 2900 condidit
2424 2848 2702 2902 aestimetis
2728 2864 2742 2912 ;
2792 2850 2886 2904 sed
2921 2858 2980 2903 ut
3008 2851 3154 2904 omni
3183 2861 3463 2906 creatura-

1867 2950 1987 2989 rum
2017 2936 2196 3005 specie
2223 2945 2277 2990 et
2315 2937 2567 2991 universo
2598 2939 2782 2992 mundi
2814 2932 2973 3009 hujus
2998 2949 3192 2995 ornatu
3223 2943 3454 2997 rationu-

1866 3024 2052 3080 biliter
2081 3035 2133 3080 et
2162 3033 2527 3096 temperanter
2557 3030 2804 3083 utamini.
2858 3030 2990 3098 Qua:
3026 3034 3163 3087 enim
3193 3034 3454 3097 videntur,

1867 3121 2007 3175 sicut
2036 3121 2111 3174 ait
2136 3120 2445 3191 Apostolus,
2477 3122 2786 3192 temporalia
2815 3134 2935 3179 sunt
2960 3142 2979 3189 ;
3009 3142 3124 3197 qum
3147 3135 3323 3180 autem
3352 3143 3456 3180 non

159 3216 369 3270 scimus
397 3221 452 3268 et
493 3211 758 3266 dolemus.
807 3209 944 3277 Quia
988 3209 1091 3264 etsi
1121 3209 1342 3277 quidam
1387 3208 1525 3264 forte
1551 3216 1764 3264 creato-
1791 3196 1834 3256 C
1866 3207 2122 3272 ridentur,
2169 3221 2365 3265 (eterna
2391 3222 2533 3266 sunt.
2592 3212 2742 3268 Unde
2773 3215 2898 3283 quia
2930 3215 2997 3269 ad
3023 3196 3453 3284 praisentia'sn-

159 3322 276 3361 rem
323 3307 506 3382 potius
550 3303 762 3380 pulchri
811 3302 1068 3367 luminis,
1119 3316 1280 3369 quam
1332 3301 1521 3370 ipsum,
1554 3299 1758 3365 lumen,

157 3399 307 3470 quod
336 3407 424 3452 est
461 3405 731 3460 creatura,
756 3401 1090 3449 venerantur
1116 3411 1129 3459 ;
1180 3393 1557 3449 abstinendum
1581 3401 1762 3446 tamen

157 3471 242 3544 est
267 3490 338 3544 ab
369 3491 486 3557 ipsa
517 3489 696 3558 specie
727 3485 888 3560 hujus
912 3483 1108 3548 cilicii;
1140 3498 1301 3553 quam
1328 3497 1453 3536 cum
1479 3483 1534 3536 in
1563 3482 1763 3536 nostris

158 3580 480 3649 invenitqui
495 3580 718 3634 deorum
743 3577 946 3632 cultum
975 3576 1211 3647 reliquit,
1228 3588 1407 3629 nonne
1423 3575 1562 3628 hanc
1581 3589 1761 3629 secum

154 3682 374 3743 partem
399 3671 672 3741 opinionis
696 3676 919 3724 vetustae
948 3676 1200 3738 tanquam
1226 3665 1564 3736 probabilem
1591 3674 1766 3718 reten-

155 3765 320 3828 tabit,
346 3779 512 3833 quam
529 3763 855 3818 Christianis
886 3770 940 3815 et
956 3761 1136 3830 impiis
1158 3761 1354 3817 viderit
1377 3775 1498 3814 esse
1522 3774 1763 3814 commu-

155 3855 328 3910 nem?
358 3853 660 3923 Ahjieiatur
699 3866 828 3921 ergo
859 3866 889 3904 a
917 3849 1308 3906 consuetudine
1338 3849 1578 3904 fidelium
1613 3849 1762 3904 dam-

155 3948 336 4002 nanda
362 3945 718 4015 perversitas,
746 3959 847 3999 nec
872 3943 1044 3999 honor
1063 3944 1153 3997 uni
1180 3943 1288 3998 Deo
1314 3943 1543 4006 debitus,
1575 3959 1762 3999 eorum

155 4039 379 4104 ritibus,
416 4036 784 4106 quicreaturis
812 4036 1077 4100 serviunt,
1105 4035 1419 4090 misceatur.
1454 4033 1595 4088 Dicit
1619 4033 1762 4088 enim

157 4128 452 4198 Scriptura
488 4126 670 4181 divina
720 4144 733 4180 :
791 4125 1076 4178 Dominum
1125 4123 1294 4177 Deam
1330 4131 1477 4176 tuum
1518 4121 1763 4176 adorabis

151 4227 199 4270 et
229 4216 312 4269 illi
339 4214 446 4273 soli
484 4215 695 4269 servies.
733 4214 800 4272 Et
819 4214 1005 4268 beatus
1030 4212 1152 4278 Job,
1181 4214 1344 4267 homo
1369 4211 1486 4266 sine
1516 4209 1760 4280 querela,

151 4316 209 4362 ut
234 4308 312 4362 ait
342 4307 631 4370 Dominus,
681 4314 738 4360 et
762 4306 1047 4360 continens
1093 4320 1150 4359 se
1197 4303 1266 4359 ab
1296 4304 1444 4359 omni
1492 4318 1550 4357 re
1579 4303 1758 4358 mala:

152 4397 424 4469 Nunquid
451 4397 578 4462 vidi,
621 4397 817 4466 inquit,
851 4395 1029 4459 solem,
1067 4411 1184 4449 cum
1223 4395 1467 4469 fulgeret,
1506 4402 1553 4446 et
1581 4392 1760 4446 lunam

146 4489 486 4550 incedentem
527 4487 669 4541 clare
693 4528 706 4551 ,
760 4496 807 4541 et
846 4485 1084 4539 lcetatum
1124 4495 1197 4538 est
1235 4501 1290 4538 in
1332 4482 1637 4536 abscondito
1671 4499 1763 4538 car

1863 3315 1984 3354 mus
2006 3303 2134 3362 nati,
2167 3300 2232 3356 ad
2260 3300 2439 3355 futura
2465 3311 2644 3355 autem
2675 3303 2846 3357 renati
2873 3322 2886 3368 ;
2939 3319 3045 3359 non
3071 3306 3454 3375 temporalibus

1862 3389 2018 3444 bonis
2041 3389 2228 3454 dediti,
2257 3391 2350 3446 sed
2395 3392 2613 3446 internis
2659 3393 2827 3448 simus
2857 3395 3070 3448 intenti.
3123 3396 3191 3449 Et
3217 3404 3274 3450 ut
3301 3412 3451 3466 spem

1863 3492 2103 3536 nostram
2150 3483 2420 3553 possimus
2463 3485 2684 3554 pr0pius
2727 3486 2965 3552 intueri,
3015 3487 3068 3542 in
3113 3488 3231 3557 ipso
3270 3503 3455 3544 sacra~

1863 3582 2047 3625 mento
2071 3573 2264 3628 natalis
2292 3575 2503 3628 Domini
2534 3577 2834 3646 cogitemus
2857 3579 2985 3646 quid
3017 3589 3226 3634 natura:
3255 3591 3453 3638 nostrm

1865 3662 2035 3732 gratia
2057 3663 2233 3716 divina
2263 3664 2569 3718 contulerit.
2611 3665 2906 3721 Audiamus
2932 3667 3248 3738 Apostolum
3275 3671 3452 3726 dicet:-

1867 3765 1974 3810 tcm
2001 3775 2013 3808 :
2048 3756 2248 3809 Mortai
2272 3759 2409 3810 enim
2439 3758 2580 3819 estis,
2611 3768 2658 3811 et
2699 3759 2800 3812 vita
2832 3770 3002 3813 vestra
3033 3761 3338 3816 abscondita
3379 3775 3451 3818 est

1864 3866 1980 3902 cum
2011 3847 2218 3903 Christo
2259 3850 2312 3903 in
2349 3849 2478 3903 Deo.
2529 3849 2660 3903 Cum
2699 3850 2939 3905 Christus
2967 3854 3211 3922 apparuit
3241 3855 3345 3907 vita
3369 3872 3449 3910 re—

1863 3950 1994 4001 stra,
2025 3949 2150 3991 tunc
2177 3947 2223 3992 et
2245 3955 2330 3994 nos
2355 3939 2672 4008 apparebitis
2702 3933 2818 3994 c'unt
2850 3941 2961 4010 ipso
2988 3943 3041 3994 in
3073 3942 3265 4011 gloria.
3299 3964 3316 3994 ι

1936 4027 2168 4081 XXVIII.
2191 4027 2248 4081 In
2270 4027 2465 4097 quibus
2492 4028 2634 4083 beati
2658 4045 2808 4100 papa:
2828 4039 2884 4085 et
2903 4032 3191 4087 orthodoxi
3212 4033 3450 4088 doctoris

1864 4115 2042 4174 verbis
2095 4135 2436 4190 summopere
2490 4123 2824 4191 pensandum
2872 4133 2976 4190 est,
3018 4125 3144 4193 quia
3191 4126 3236 4179 si
3283 4141 3448 4195 opera

1865 4226 2119 4265 manuum
2148 4211 2244 4266 Dei
2285 4227 2389 4266 non
2416 4222 2542 4268 sunt
2576 4213 2848 4268 adoranda
2880 4223 2937 4268 et
2966 4215 3209 4280 colenda,
3252 4231 3353 4272 nec
3387 4217 3445 4272 in

1863 4303 2124 4358 honorem
2161 4304 2311 4369 Deo;
2331 4313 2532 4372 quanto
2567 4304 2741 4375 magis
2781 4319 2944 4375 opera
2977 4322 3233 4384 manuum
3275 4307 3447 4361 homi-

1864 4411 1992 4449 num
2038 4411 2142 4450 non
2199 4405 2325 4450 sunt
2385 4396 2658 4450 adoranda
2688 4404 2743 4451 et
2780 4396 3020 4461 colenda,
3051 4413 3150 4452 nec
3178 4398 3230 4452 in
3268 4399 3440 4453 hono-

1866 4503 1979 4554 rem
2023 4501 2209 4542 eorum
2263 4501 2492 4555 quorum
2538 4487 2920 4542 similitddines
2978 4502 3099 4543 esse
3152 4489 3448 4557 dicuntur?

147 4546 348 4645 nicum,
389 4589 442 4632 et
467 4577 735 4632 osculatus
759 4594 876 4632 sum
901 4593 1114 4628 manum
1152 4592 1324 4632 meam
1343 4615 1359 4639 ,
1387 4575 1528 4644 quod
1556 4587 1630 4630 est
1659 4577 1760 4630 ini-
1784 4546 1837 4604 Β
1862 4576 1996 4630 Nam
2018 4577 2064 4631 si
2101 4576 2206 4630 ulla
2237 4577 2416 4647 imago
2436 4586 2581 4631 esset
2607 4576 2879 4631 adoranda
2908 4576 2990 4630 vel
3015 4576 3260 4641 colenda,
3285 4593 3446 4632 crea—

146 4671 324 4740 quitus
373 4662 633 4732 maxima,
682 4674 727 4719 et
759 4665 965 4734 negatio
1007 4674 1190 4718 contra
1223 4664 1392 4718 Deum
1419 4664 1754 4718 altissimum.

147 4759 288 4827 Quid
315 4769 408 4814 est
437 4766 620 4812 autem
664 4755 762 4820 sol,
805 4756 890 4810 vel
919 4755 1044 4824 quid
1091 4765 1173 4809 est
1204 4757 1351 4821 luna,
1399 4757 1503 4812 nisi
1531 4756 1758 4811 visibilis

145 4860 427 4906 creatura:
457 4857 516 4904 et
553 4863 828 4918 corporeae
862 4846 998 4901 lucis
1033 4861 1321 4912 elementa,
1358 4863 1588 4916 quorum
1617 4862 1756 4901 unus

145 4941 378 5010 majoris
417 4939 708 5003 claritatis,
745 4936 890 4990 aliud
929 4936 1154 4990 minoris
1191 4945 1276 4990 est
1312 4935 1571 4990 luminis?
1600 4935 1752 4990 Sicut

143 5032 290 5086 enim
320 5031 433 5085 alia
479 5031 695 5094 diurna,
744 5028 846 5081 alia
879 5036 1140 5081 nocturna
1189 5035 1315 5082 sunt
1360 5034 1622 5096 tempora,
1673 5026 1748 5082 ita

144 5122 427 5182 diversam
481 5120 537 5175 in
585 5118 944 5174 luminaribus
979 5117 1292 5187 qualitatem
1339 5117 1566 5172 Creator
1597 5117 1750 5171 insti—

145 5215 287 5278 tuit;
336 5227 472 5268 cum
507 5219 690 5264 tamen
719 5209 871 5279 prius
917 5225 1078 5278 quam
1117 5209 1234 5263 haec
1283 5207 1498 5272 tierent,
1539 5215 1595 5260 et
1633 5206 1750 5262 dies

141 5306 260 5361 sine
286 5301 652 5365 solis-ofﬁcio,
685 5310 743 5355 et
768 5310 952 5355 noctes
982 5301 1098 5356 sine
1119 5300 1261 5354 lunae
1287 5298 1589 5354 ministerio
1617 5313 1754 5368 prae—

143 5395 471 5450 ccssissent.
513 5391 620 5447 Sed
667 5389 1035 5445 condebantur
1079 5391 1181 5444 ista
1209 5388 1274 5443 ad
1307 5388 1609 5444 faciendam
1653 5389 1750 5444 ho-

145 5485 306 5540 minis
329 5483 656 5548 utilitatem,
684 5490 745 5535 ut
770 5479 1032 5535 rationale
1062 5480 1284 5544 animal,
1333 5495 1435 5534 nec
1463 5479 1517 5533 in
1558 5479 1750 5534 distin-

144 5577 323 5630 ctione
367 5575 672 5638 mensium,
718 5587 816 5626 nec
861 5571 910 5624 in
953 5586 1178 5625 recursu
1219 5587 1482 5626 annorum
1509 5613 1523 5636 ,
1563 5587 1663 5626 nec
1693 5572 1747 5626 in

145 5663 592 5727 dinumeratione
632 5669 935 5732 temporum
968 5659 1281 5726 falleretur;
1331 5678 1452 5714 cum
1485 5679 1580 5731 per
1623 5664 1748 5717 ina:-

146 5756 389 5825 quaiiuiu
420 5755 684 5808 horarum
717 5752 946 5820 imparts
976 5767 1173 5818 moras,
1206 5761 1260 5806 et
1291 5752 1631 5807 dissimilium
1659 5768 1746 5807 or—

1859 4668 1992 4722 toris
2028 4667 2206 4738 potius
2236 4675 2378 4721 esset
2410 4681 2573 4735 quam
2606 4674 2888 4721 creaturae.
2921 4665 3124 4735 Nempe
3165 4665 3439 4720 hominem

1855 4757 1986 4812 fecit
2016 4758 2159 4812 Deus
2188 4758 2254 4812 ad
2293 4758 2585 4828 imaginem
2615 4765 2670 4812 et
2709 4757 3117 4812 similitudinem
3169 4755 3284 4810 Dei.
3337 4754 3444 4810 Ho-

1855 4864 1945 4903 mo
1974 4857 2152 4903 autem
2189 4847 2367 4904 facere
2401 4865 2506 4903 non
2546 4857 2723 4917 p0tcst
2767 4847 3084 4916 quidquam,
3120 4847 3172 4900 in
3199 4861 3308 4915 quo
3366 4847 3438 4900 sit

1852 4941 2149 4996 similitudo
2175 4940 2410 4994 hominis
2449 4940 2501 4992 in
2539 4948 2717 4992 mente
2762 4939 2986 4992 ratione.
3017 4937 3147 4990 Nam
3179 4938 3224 4992 si
3252 4937 3437 5006 expri-

1855 5031 1954 5084 mit
1979 5038 2253 5099 utcunque
2291 5028 2585 5099 sculpendo
2609 5027 2694 5082 vel
2722 5027 2991 5098 pingendo
3019 5025 3254 5095 aliquam
3284 5025 3440 5080 simi-

1855 5120 2136 5181 litudinem
2187 5119 2432 5188 corporis
2485 5128 2578 5172 aut
2635 5119 3033 5182 membrorum;
3092 5117 3197 5170 hoc
3252 5115 3441 5184 utique

1857 5211 2110 5282 exprimit
2154 5211 2298 5281 quod
2349 5211 2633 5266 minimum
2661 5217 2745 5265 est
2789 5210 2842 5263 in
2873 5209 3111 5272 homine,
3157 5225 3265 5263 non
3293 5209 3438 5276 quod

1859 5303 2176 5356 maximum.
2216 5300 2376 5357 Certe
2404 5302 2448 5356 si
2488 5301 2747 5355 adorandi
2778 5298 3009 5354 fuissent
3045 5298 3316 5363 homines,
3363 5299 3440 5352 vi-

1857 5394 1906 5448 vi
1933 5393 2104 5461 magis
2141 5408 2300 5461 quam
2327 5392 2480 5462 picti,
2519 5394 2572 5446 id
2608 5399 2713 5456 est,
2741 5391 2832 5444 ubi
2878 5389 3288 5443 similitudinem
3339 5389 3437 5446 ha-

1849 5483 1979 5536 bent
2003 5483 2114 5543 Dei,
2149 5498 2255 5537 non
2278 5483 2368 5536 ubi
2409 5497 2685 5552 pecorum,
2731 5481 2837 5545 vel,
2879 5480 3021 5548 quod
3082 5481 3264 5534 verius
3325 5488 3434 5544 est,

1851 5574 2084 5643 lapidum
2117 5574 2232 5628 sive
2274 5573 2562 5642 lignorum,
2601 5573 2728 5634 vita,
2777 5587 2937 5625 sensu
2989 5580 3040 5624 et
3086 5570 3297 5624 ratione
3344 5586 3434 5624 ca-

1849 5665 2105 5720 rentium.
2148 5665 2287 5719 Dicit
2313 5665 2376 5718 dc
2405 5664 2488 5718 his
2522 5665 2712 5719 beatus
2758 5661 3090 5731 Augustines
3121 5661 3219 5714 hoc
3272 5661 3433 5716 modo

1853 5755 1902 5804 in
1933 5754 2066 5800 lil-rn
2106 5755 2169 5801 de
2203 5769 2324 5807 vera
2359 5751 2636 5820 Religioni.-
2662 5752 2811 5821 (Cap.
2845 5750 2898 5818 5)
2953 5766 2963 5799 ;
3019 5765 3035 5796 ‹
3075 5745 3210 5802 Justi
3247 5758 3429 5802 autem
