3930 6324
452 368 567 427 22νῖ

1403 377 1461 433 S.
1501 376 1856 435 AGOB\RDI
1895 377 2208 435 EPISCOPI
2241 379 2733 445 LUGDUNENSIS

3647 388 3745 445 ω

462 485 727 555 homines,
753 497 804 544 et
834 491 888 545 in
912 505 1021 547 uno
1049 490 1159 545 Deo
1184 491 1450 547 habentes
1475 493 1655 547 omnia
1683 494 1877 564 gaudia
1924 509 2041 559 sua,
2071 496 2123 554 Α
2150 501 2240 547 tur
2261 493 2417 563 ipsis,
2457 494 2585 565 quia
2639 497 2741 552 hoc
2788 503 2913 551 sunt
2938 505 2991 552 et
3020 496 3143 568 ipsi.
3194 518 3212 551 ι
3250 500 3529 558 Hactenus
3559 502 3747 562 beatus

458 579 678 651 quando
703 594 801 649 per
827 595 1013 635 eorum
1053 579 1196 636 facta
1223 581 1367 636 Deus
1414 582 1778 649 benedicitur,
1822 597 2052 654 congra-

461 672 705 728 tulantur
745 670 1111 727 laudantibus.
1162 671 1297 727 Cum
1343 687 1473 728 vero
1498 672 1602 744 ipsi
1649 681 1911 744 tanquam
1944 674 2087 745 ipsis

456 760 772 828 laudantur,
801 762 1081 831 corrigunt
1131 769 1379 816 errantes
1417 778 1554 832 quos
1604 771 1862 834 possunt;
1917 779 2054 834 quos

460 862 643 909 autem
674 868 782 907 non
832 860 1079 922 possunt,
1128 866 1237 907 non
1279 853 1359 907 eis
1388 853 1856 925 congratulantur,
1888 862 1945 910 et
1984 855 2053 910 ab

460 942 553 999 illo
605 944 738 999 vitio
766 945 965 1016 corrigi
1005 945 1214 999 volunt.
1266 944 1474 1013 Quibus
1512 946 1717 1002 similes
1752 946 1839 1001 vel
1884 948 2051 1002 etiam

459 1040 774 1096 mundiores
826 1049 989 1110 atque
1022 1039 1326 1096 sanctiores
1355 1040 1402 1096 si
1431 1048 1558 1095 sant
1584 1039 1710 1095 boni
1744 1039 1943 1111 angeli,
1997 1048 2053 1095 et

458 1133 640 1189 omnia
670 1142 858 1188 sancta
899 1132 997 1187 Dei
1030 1131 1358 1195 ministeria,
1388 1130 1517 1201 quid
1549 1130 1840 1184 metuimus
1863 1145 1931 1183 ne
1954 1130 2054 1184 ali-

458 1238 619 1296 quem
651 1224 867 1278 illorum
896 1221 1255 1286 olfendamus,
1278 1223 1323 1277 si
1358 1237 1464 1276 non
1493 1220 1858 1292 superstitiosi
1880 1220 2051 1276 fueri-

456 1332 601 1382 mus,
628 1331 751 1372 cum
778 1316 911 1385 ipsis
937 1314 1316 1384 adjuvantibus
1337 1314 1405 1367 ad
1430 1327 1600 1366 unum
1633 1311 1801 1366 Deum
1832 1312 2054 1367 tenden-

456 1417 562 1472 tes,
589 1415 644 1462 et
672 1407 720 1461 ei
751 1407 843 1460 ttni
869 1405 1159 1475 religantes
1184 1404 1396 1458 animas
1430 1411 1667 1467 nostras,
1692 1402 1837 1459 unde
1862 1402 2052 1474 religio

456 1499 597 1556 dicta
612 1497 870 1561 creditur,
888 1496 1035 1551 omni
1058 1494 1445 1565 superstitione
1462 1494 1781 1549 careamus?
1810 1514 1827 1546 ι
1857 1486 1925 1547 Et
1938 1495 2053 1564 qui-

452 1596 681 1654 busdam
709 1593 1083 1664 interpositis:
1115 1610 1133 1643 ‹
1165 1591 1377 1662 Religet
1404 1605 1558 1662 ergo,
1583 1590 1778 1659 inquit,
1808 1606 1907 1645 nos
1928 1590 2053 1644 reli-

453 1686 544 1758 gio
571 1686 665 1740 uni
691 1683 1052 1753 omnipotenti
1100 1682 1210 1736 Deo
1246 1699 1260 1736 :
1313 1682 1443 1752 quia
1489 1682 1632 1735 inter
1672 1690 1912 1736 mentem
1956 1697 2051 1737 no-

454 1788 648 1843 stram,
698 1791 803 1847 qua
834 1775 985 1829 illum
1016 1773 1369 1844 intelligimus
1392 1773 1611 1828 Patrem
1646 1784 1702 1828 et
1728 1775 2012 1829 veritatem
2032 1815 2048 1841 ,

2153 590 2513 662 Augustinus.

2226 682 2394 739 XXX.
2428 683 2556 742 Haec
2594 694 2680 743 est
2708 687 2920 745 sincera
2967 689 3181 759 religio,
3208 689 3301 746 hic
3350 704 3473 746 mos
3520 690 3745 746 catholi-

2154 790 2271 841 cus,
2326 776 2442 832 hare
2489 778 2715 848 antiqua
2741 778 2965 835 Patrum
3008 781 3263 847 traditio,
3306 782 3449 836 sicut
3475 783 3645 836 etiam
3681 798 3746 837 ex

2156 876 2181 904 α
2209 864 2373 921 Libro
2401 865 2901 935 Sacramentorum,
2928 886 3089 940 quem
3121 871 3364 926 Romana
3391 879 3540 926 tenet
3563 871 3749 927 Eccle-

2155 955 2258 1021 sia,
2296 953 2456 1011 facile
2496 957 2898 1027 comprobatur.
2931 959 3087 1015 Hunc
3114 961 3486 1016 venerationis
3527 962 3745 1016 modum

2154 1044 2247 1116 qui
2285 1051 2713 1119 supergreditur,
2765 1060 2859 1106 aut
2910 1052 3189 1123 relinquit,
3240 1054 3540 1108 contemnit
3588 1053 3747 1109 disci-

2153 1134 2357 1204 plinam
2402 1136 2581 1195 Patris
2616 1142 2723 1207 sui,
2772 1141 3104 1213 dimittitque
3155 1143 3329 1215 legem
3383 1144 3576 1199 matris
3616 1159 3745 1198 suae.

2152 1227 2278 1283 Ideo
2332 1244 2435 1285 nec
2479 1233 2654 1302 gratia
2700 1233 2867 1303 capiti
2920 1233 3038 1303 ejus
3066 1235 3310 1298 addetur,
3380 1250 3482 1290 nec
3513 1244 3740 1305 torques

2154 1320 2312 1376 collo.
2360 1322 2633 1378 Teneatur
2659 1324 2843 1395 itaque
2903 1326 2990 1381 via
3022 1327 3190 1397 regia.
3238 1326 3397 1382 Hanc
3446 1328 3751 1383 docuerunt

2154 1415 2404 1485 apostoli,
2433 1416 2692 1472 Ecclesiae
2741 1418 3019 1489 magistri;
3071 1419 3214 1474 hanc
3257 1411 3552 1474 tenuerunt
3609 1421 3753 1476 arie-

2156 1516 2238 1563 tes
2290 1508 2490 1578 gregis.
2542 1507 2638 1562 Dei
2704 1508 2824 1564 ovis
2875 1508 3022 1565 enim
3071 1509 3382 1579 relinquens
3433 1519 3748 1579 pastorem,

2153 1598 2417 1665 aberrans
2441 1614 2473 1653 a
2499 1599 2584 1653 via
2607 1614 2713 1669 qua
2742 1599 3001 1668 praecedit
3015 1600 3178 1665 aries,
3206 1599 3379 1654 bzeret
3399 1600 3452 1653 in
3482 1601 3751 1666 sentibus,

2155 1687 2448 1743 devoratur
2473 1704 2503 1744 a
2544 1689 2722 1759 lupis.‘
2739 1688 2852 1745 Soli
2894 1688 3124 1745 Domino
3172 1687 3471 1746 offeramus
3519 1690 3754 1762 gloriam

2154 1784 2209 1832 et
2255 1778 2540 1843 honorem,
2573 1794 2676 1835 nec
2723 1794 2847 1835 cum
2906 1778 3215 1835 simulacris
3259 1778 3617 1848 fornicemur,
3667 1782 3756 1838 his

456 1870 510 1925 id
540 1878 646 1934 cst,
689 1868 867 1923 lucem
890 1866 1230 1931 interiorem,
1274 1874 1329 1921 et
1355 1865 1529 1933 illum,
1562 1865 1707 1921 nulla
1734 1867 2055 1938 interposita
2085 1861 2132 1921 B
2160 1866 2338 1923 effecti
2387 1867 2595 1923 similes
2646 1868 2942 1939 derqnibus
2986 1868 3130 1925 Deus
3163 1869 3297 1926 dicit
3330 1890 3343 1925 :
3377 1870 3492 1942 Ego
3544 1888 3755 1943 quoque

458 1968 710 2015 creatura
748 1965 851 2012 est.
888 1976 908 2010 ι

527 2047 720 2104 XXIX.
752 2046 811 2102 In
840 2046 980 2101 libro
1020 2062 1133 2101 xm
1164 2046 1317 2118 (Cap.
1374 2044 1464 2118 10)
1514 2046 1582 2102 de
1627 2045 1862 2101 Civitate
1906 2045 2003 2101 Dei
2036 2065 2047 2099 :

462 2162 480 2196 ε
528 2141 757 2198 Faciunt
777 2149 956 2195 autem
984 2139 1255 2195 mirabilia
1277 2147 1568 2210 martyres,
1593 2138 1678 2194 vel
1698 2138 1883 2209 potius
1907 2137 2053 2194 Deus

455 2238 551 2287 aut
597 2228 1015 2298 eooperantibus
1062 2234 1157 2281 aut
1204 2226 1486 2282 orantibus
1543 2226 1644 2293 eis,
1690 2235 1751 2281 ut
1786 2225 1921 2282 ﬁdes
1961 2225 2050 2280 illa

454 2319 728 2393 proﬁciat,
763 2334 867 2388 qua
890 2333 1004 2380 eos,
1029 2333 1136 2371 non
1166 2317 1299 2371 deos
1335 2328 1553 2371 nostros
1584 2331 1723 2381 esse,
1758 2317 1854 2371 sed
1884 2332 2050 2371 unum

459 2413 627 2469 Deum
659 2411 942 2465 nobiscum
981 2408 1183 2462 habere
1225 2398 1534 2463 credamus.
1584 2397 1829 2479 Denique
1849 2410 2051 2480 pagani

458 2502 562 2558 diis
586 2500 698 2555 suis
720 2508 775 2555 et
801 2497 1000 2569 templa
1026 2505 1355 2562 statuerunt,
1386 2505 1443 2552 et
1472 2498 1883 2554 aadiﬁcaverunt
1904 2514 2051 2566 aras,

459 2600 516 2649 et
566 2592 881 2648 sacerdotes
932 2588 1305 2654 instituerunt,
1357 2595 1413 2643 et
1463 2588 1730 2644 sacriﬁcia
1782 2587 2049 2645 fecerunt.

460 2684 569 2741 Nos
601 2692 784 2739 autem
806 2679 1140 2753 martyribus
1169 2679 1370 2734 nostris
1398 2695 1506 2735 non
1530 2678 1728 2749 templa
1750 2680 1892 2753 sicut
1920 2679 2048 2746 diis,

459 2777 557 2833 sel
618 2776 911 2830 memorias
971 2774 1111 2829 sicut
1169 2774 1480 2828 hominibus
1514 2773 1765 2839 mortuis,
1817 2752 2051 2843 quorum

459 2868 603 2941 apud
663 2867 835 2923 Deum
883 2866 1074 2921 vivunt
1121 2866 1363 2936 spiritus,
1426 2864 1773 2919 fabricamus.
1818 2864 1930 2921 Nec
1978 2866 2053 2922 ibi

458 2959 721 3031 erigimus
742 2956 957 3022 altaria,
988 2957 1043 3011 in
1067 2956 1265 3025 quibus
1291 2956 1665 3011 sacriﬁcemus
1697 2956 2048 3027 martyribus,

462 3049 559 3106 sed
589 3048 680 3102 uni
717 3047 830 3102 Deo
856 3055 912 3102 et
956 3055 1259 3117 martyrum
1291 3053 1345 3101 et
1383 3046 1554 3101 nostri
1585 3047 1914 3102 sacriﬁcium
1952 3049 2053 3104 im—

461 3141 759 3211 molamus;
787 3139 857 3194 ad
897 3140 1041 3210 quod
1067 3138 1416 3204 sacriﬁcium,
1453 3139 1595 3195 sicut
1647 3139 1896 3195 homines
1929 3139 2049 3203 Dei,

460 3234 556 3307 qui
583 3233 844 3289 mundum
871 3232 925 3286 in
955 3232 1073 3302 ejus
1106 3229 1448 3286 confessione
1485 3231 1757 3295 vicerunt,
1783 3245 1882 3285 suo
1929 3230 2051 3285 loco
2081 3219 2126 3281 C

460 3333 520 3383 et
566 3324 759 3379 ordine
810 3322 1197 3385 nominantur;
1256 3335 1364 3374 non
1422 3329 1605 3375 tamen
1639 3335 1669 3374 a
1726 3319 2048 3386 sacerdote,

464 3415 559 3489 qui
605 3413 900 3478 sacriﬁcat,
945 3412 1287 3466 invocantur.
1332 3412 1443 3466 Deo
1472 3411 1692 3482 quippe,
1741 3425 1850 3466 non
1897 3411 2052 3482 ipsis,

463 3505 759 3572 sacriﬁcat,
802 3506 1053 3587 quamvis
1100 3507 1154 3560 in
1202 3504 1467 3559 memoria
1520 3502 1792 3558 sacriﬁcet
1830 3517 2053 3569 eorum;

464 3599 592 3672 quia
654 3598 750 3653 Dei
817 3598 1073 3653 sacerdos
1126 3607 1230 3663 est,
1275 3612 1381 3651 non
1433 3596 1668 3650 illorum.
1699 3594 1879 3663 lpsum
1925 3610 2057 3650 vero

466 3690 817 3760 sacriﬁcium,
871 3704 1067 3763 corpus
1107 3698 1191 3745 est
1230 3688 1463 3754 Christi,
1528 3686 1671 3757 quod
1724 3702 1832 3741 non
1898 3686 2061 3743 oll‘er-

2154 1958 2375 2012 contrivi
2416 1973 2507 2012 cor
2548 1975 2730 2013 eorum
2770 1958 3043 2029 fornicans
3089 1968 3138 2015 et
3195 1960 3440 2016 recedens
3468 1979 3503 2016 a
3548 1978 3652 2027 me,
3704 1972 3755 2016 et

2154 2048 2333 2105 oculos
2357 2066 2450 2121 per
2480 2065 2560 2104 res
2586 2050 2760 2104 varias
2784 2048 3126 2117 fornicantes.
3143 2050 3212 2105 Et
3224 2051 3501 2122 apostolus
3516 2051 3750 2109 Petrus:

2156 2140 2350 2196 Oculos
2377 2141 2623 2195 habentes
2648 2140 2830 2212 plenos
2846 2139 3118 2207 adulterii,
3141 2151 3190 2197 et
3205 2142 3530 2198 incessabilis
3549 2143 3752 2198 delicti.

2154 2232 2497 2289 Hierusalem
2526 2248 2741 2303 quoque
2761 2232 3035 2289 fornicata
3062 2234 3265 2289 dicitur
3282 2250 3408 2291 cum
3429 2234 3557 2291 ﬁliis
3584 2235 3753 2291 Chal-

2153 2324 2414 2387 daeorum,
2455 2323 2647 2379 videns
2673 2321 2794 2379 illos
2822 2324 2879 2378 in
2913 2324 3124 2393 pariete
3156 2324 3422 2395 depictos.
3450 2325 3752 2392 Adoretur,

2154 2417 2386 2484 colatur,
2429 2424 2718 2472 veneretur
2744 2432 2776 2470 a
2807 2416 3055 2472 ﬁdelibus
3083 2417 3254 2484 Deus;
3289 2418 3366 2473 illi
3396 2418 3495 2474 soli
3540 2419 3756 2476 sacriﬁ-

2154 2518 2328 2576 cetur,
2365 2508 2740 2580 velmysterio
2770 2509 3019 2580 corporis
3049 2516 3105 2566 et
3158 2512 3460 2581 sanguinis,
3506 2528 3616 2583 quo
3661 2529 3755 2569 su-

2155 2616 2276 2656 mus
2314 2599 2610 2670 redempti;
2667 2599 2755 2654 vel
2783 2600 2839 2653 in
2877 2600 3149 2657 sacriﬁcio
3207 2600 3389 2658 cordis
3414 2605 3639 2659 contriti
3695 2614 3751 2661 et

2154 2692 2448 2748 humiliati.
2478 2691 2670 2763 Angeli
2698 2692 2783 2750 vel
2813 2693 3060 2749 homines
3082 2695 3259 2750 sancti
3285 2704 3557 2761 amentur,
3581 2696 3751 2754 hono-

2155 2792 2373 2849 rentur,
2422 2782 2716 2847 charitate,
2779 2798 2885 2837 non
2940 2783 3221 2839 servitute.
3276 2784 3394 2840 Non
3438 2785 3521 2840 eis
3552 2801 3757 2857 corpus

2154 2874 2359 2931 Christi
2392 2872 2672 2937 oﬁ‘eratur,
2705 2889 2829 2929 cum
2864 2874 2974 2928 sint
3002 2874 3107 2929 hoc
3145 2883 3202 2929 et
3230 2875 3352 2945 ipsi.
3382 2876 3410 2916 ι’
3437 2875 3555 2931 Non
3580 2892 3755 2948 pona-

2156 2982 2278 3023 mus
2326 2981 2481 3038 spem
2512 2973 2753 3020 nostram
2782 2966 2835 3019 in
2859 2965 3098 3030 homine,
3130 2965 3224 3020 sed
3248 2966 3303 3020 in
3325 2966 3466 3033 Deo;
3495 2983 3566 3023 ne
3616 2971 3757 3025 forte

2157 3059 2419 3115 redundet
2444 3060 2500 3113 in
2520 3074 2619 3113 nos
2647 3057 2775 3112 illud
2801 3057 3180 3127 propheticum
3206 3077 3218 3114 :
3253 3058 3570 3137 Maledictus
3598 3060 3756 3117 homo

2156 3152 2245 3222 qui
2272 3148 2488 3218 conﬁdit
2512 3150 2569 3203 in
2583 3148 2809 3213 homine,
2828 3158 2875 3201 et
2890 3148 3037 3218 ponit
3051 3164 3262 3202 carnem
3279 3148 3552 3204 brachium
3571 3168 3755 3218 suum,

2158 3249 2206 3293 et
2236 3256 2267 3292 a
2299 3238 2525 3293 Domino
2550 3239 2738 3293 recedit
2765 3255 2856 3291 cor
2882 3239 3018 3309 ejus.
3047 3237 3201 3305 Quod
3224 3239 3475 3295 catholici
3502 3241 3760 3300 doctores

2160 3327 2419 3383 Ecclesia:
2453 3327 2618 3382 etiam
2655 3327 2710 3380 in
2749 3326 2870 3381 illos
2907 3325 3239 3383 redundasse
3280 3329 3631 3395 conﬁrmant,
3663 3334 3757 3403 qui

2160 3420 2447 3475 Dominum
2497 3417 2680 3474 Jesum
2709 3417 2986 3473 Christum
3015 3433 3211 3488 purum
3259 3420 3538 3476 hominem
3587 3420 3758 3478 fuisse

2160 3510 2475 3574 credebant,
2513 3524 2622 3564 non
2652 3509 2816 3563 etiam
2848 3508 3035 3573 Deum,
3069 3516 3125 3564 et
3161 3509 3363 3564 idcirco
3389 3519 3551 3567 erant
3579 3512 3755 3570 conﬁ-

2162 3602 2353 3657 dentes
2378 3601 2433 3655 in
2467 3600 2708 3665 homine,
2732 3615 2797 3654 ac
2828 3614 2926 3668 per
2954 3600 3057 3654 hoc
3092 3598 3387 3655 maledicti.

2233 3686 2427 3742 XXXI.
2466 3685 2636 3741 Nemo
2677 3702 2736 3742 se
2785 3685 2955 3751 fallat,
3009 3700 3167 3741 nemo
3208 3701 3268 3742 se
3314 3688 3559 3753 seducat,
3594 3705 3756 3747 nemo

1835 3778 2109 3834 BALUZII
2148 3777 2357 3835 ΝΟΤᾹΞ
2369 3818 2383 3832 .

543 3888 569 3918 ι
600 3874 758 3930 Libro
786 3874 1273 3945 Sacramentorum.
1300 3872 1557 3945 lntelligit
1602 3870 1824 3945 Librum
1857 3870 2049 3945 S_ac_ra-

469 3955 776 4004 mentorum
826 3946 999 3999 sancti
1034 3943 1304 4011 Gregorii,
1346 3940 1504 4010 cujus
1542 3941 1848 4011 exemplum
1885 3940 2053 3996 habe-

471 3986 592 4073 inns
622 4016 676 4069 in
699 4015 789 4069 illo
812 4030 975 4082 quem
1004 4015 1089 4068 vir
1118 3986 1329 4067 clm-iss.
1357 3986 1509 4083 llugo
1537 3986 1825 4083 Menardus
1856 4026 2049 4083 mona-

470 4087 608 4143 chus
637 4081 1025 4140 Benedi’ct‘inus
1048 4085 1217 4138 edidit
1251 4084 1302 4136 in
1341 4081 1601 4139 hac'urhe
1637 4081 1936 4136 Parisiensi
1962 4096 2052 4136 an-

476 4167 527 4212 te
549 4157 649 4211 hos
668 4155 857 4224 viginti
888 4170 1078 4224 annos.
1108 4154 1173 4208 Et
1201 4154 1313 4223 ipse
1335 4154 1553 4223 quidem
1581 4152 1912 4224 existimavit
1931 4165 2057 4224 esse

477 4235 652 4296 ipsum
679 4220 903 4296 Librum
947 4220 1425 4279 Sacramentorum
1449 4220 1928 4296 sanctiAGregorii:
1945 4220 2053 4296 sed

477 4277 980 4363 probis—longealind
1001 4277 1319 4364 persuasum
1340 4302 1442 4348 est.
1468 4292 1600 4346 Nam
1622 4293 1680 4364 in
1705 4277 1880 4364 oﬁicio
1904 4277 2056 4364 feriae

476 4376 683 4425 quartae
730 4362 853 4433 post
894 4362 1131 4427 Palmas,
1161 4372 1342 4419 exstat
1371 4364 1576 4418 mentio
1604 4363 1805 4417 diserta
1840 4362 2054 4432 imperii

2155 3880 2212 3928 to
2247 3870 2465 3929 Gelasio
2508 3886 2646 3941 papa
2686 3870 2953 3941 Romano,
2982 3872 3301 3928 emendatus
3330 3882 3385 3929 et
3412 3875 3703 3934 breviatus
3722 3898 3752 3934 a

2154 3942 2318 3997 beato
2347 3940 2609 4013 Gregorio
2630 3956 2769 4011 papa
2797 3940 2942 3995 sedis
2970 3943 3297 4013 apostolicae.
3344 3964 3362 3997 ι
3399 3944 3535 4001 Vide
3562 3950 3757 4013 prcha-

2154 4013 2354 4068 tionem
2378 4011 2616 4066 Menardi
2642 4013 2697 4066 in
2724 4025 2847 4066 eum
2868 4025 3029 4080 quem
3054 4012 3289 4067 diximus
3317 4013 3539 4070 Librum
3555 4011 3755 4075 Sacra-

2155 4091 2482 4153 tnentorum.
2542 4082 3041 4153 Sacramcnzarium
3090 4091 3322 4137 vocatur
3362 4084 3419 4139 in
3456 4085 3598 4142 libro
3650 4104 3748 4153 vn,

2160 4151 2449 4263 rlapitular.
2481 4168 2600 4224 cap.
2631 4151 2758 4207 505.

2290 4222 2403 4263 Nnn
2432 4240 2687 4263 nnnmmu
2713 4239 2758 4263 ιν

2284 4222 2405 4277 Non
2431 4220 2687 4293 ponamus
2712 4238 2855 4292 spem
2884 4239 2939 4293 n.
2961 4223 3030 4293 in
3044 4220 3185 4277 hom.
3218 4222 3397 4289 Quid?
3422 4223 3505 4279 An
3530 4224 3753 4282 damnat

2154 4290 2557 4348 invocationem
2592 4290 2948 4347 sanctorum?
2986 4290 3103 4347 Non
3133 4293 3391 4347 arbitror.
3435 4294 3572 4349 Tum
3604 4299 3752 4353 enim

2156 4378 2477 4434 persuasum
2518 4363 2773 4434 omnibus
2809 4372 2929 4417 erat
2969 4362 3209 4417 invocari
3250 4364 3451 4434 debere
3494 4376 3749 4431 sanctos,

481 4437 808 4491 Francorum
838 4435 981 4503 quod
1025 4436 1224 4489 evincit
1250 4435 1393 4489 hunc
1441 4434 1683 4489 codicem
1709 4447 1830 4487 esse
1862 4433 2052 4504 scrip-
2086 4442 2131 4498 Ι)
2158 4433 2252 4488 eos
2289 4447 2418 4489 vero
2460 4433 2755 4504 plurimum
2786 4445 2944 4504 posse
2990 4445 3094 4504 pro
3136 4433 3294 4504 nobis
3340 4434 3481 4504 apud
3530 4434 3705 4491 Deum
3735 4457 3747 4491 :

481 4518 592 4561 tam
621 4514 744 4575 post
772 4502 969 4558 annum
998 4504 1349 4575 i800,_atque
1395 4504 1529 4575 adeo
1562 4519 1667 4575 non
1712 4517 1833 4575 esse
1861 4502 2059 4557 librum

483 4573 656 4631 sancti
681 4573 947 4646 Gregorii.
980 4574 1133 4641 Quod
1156 4573 1355 4645 fugisse
1395 4574 1565 4628 miror
1601 4573 1939 4646 Henardum,
1966 4574 2059 4646 qui

482 4650 533 4726 in
563 4643 877 4726 pnefatione
911 4660 1018 4726 sua
1055 4646 1182 4726 hinc
1200 4643 1833 4726 quoque_auctoritatem
1873 4643 2058 4726 conci-

482 4713 614 4773 liare
640 4723 867 4784 conatur
911 4714 1037 4769 huic
1067 4713 1258 4772 codici.
1301 4714 1443 4784 quod
1473 4713 1706 4783 scriptus
1740 4714 1831 4784 sit,
1856 4722 1915 4766 ut
1945 4713 2060 4784 ipse

483 4787 580 4850 ait,
639 4794 766 4838 ante
793 4783 973 4839 Caroli
1023 4784 1197 4854 Magni
1236 4781 1543 4853 imperium,
1572 4781 1689 4854 eum
1717 4784 1773 4838 in
1794 4782 1886 4835 illo
1912 4781 2057 4835 nulla

480 4857 548 4909 sit
574 4856 907 4924 imperatoris
948 4851 1161 4907 mentio.
1196 4851 1347 4908 Libri
1386 4854 1543 4908 istius
1580 4851 2057 4924 Sacramentorum

482 4922 768 4992 vetusjam
789 4933 907 4978 erat
952 4938 1082 4978 usus
1112 4924 1165 4977 in
1203 4924 1441 4979 Ecclesia
1480 4924 1757 4981 Romana,
1815 4922 2058 4992 adeoque

483 4996 537 5049 in
585 4991 880 5051 Gallicana.
931 4992 1065 5047 Nam
1097 4992 1345 5048 Gelasius
1375 5008 1513 5064 papa
1568 4992 1939 5064 hujuscemodi
1990 4991 2056 5044 li-

483 5067 640 5119 brum
677 5066 990 5132 scripserat,
1036 5064 1089 5116 in
1132 5064 1409 5132 epitomen
1458 5071 1647 5132 postea
1698 5063 1980 5132 redactum
2025 5076 2055 5114 a

479 5132 742 5203 Gregorio
770 5130 994 5203 Magno,
1022 5140 1083 5186 ut
1109 5130 1266 5187 docet
1286 5130 1522 5188 Joannes
1542 5132 1823 5203 Diaconus
1854 5132 1906 5184 in
1925 5130 2055 5203 rVita

480 5202 721 5274 ejusdem
752 5202 993 5274 Gregorii
1024 5242 1039 5265 ,
1066 5213 1224 5274 prout
1249 5203 1450 5274 citatur
1470 5219 1500 5256 a
1526 5202 1773 5274 Bernone
1793 5202 2056 5274 iAugiensi

484 5271 535 5330 lii
566 5290 685 5344 cap.
735 5271 911 5344 primo
940 5272 1063 5344 libri
1092 5272 1164 5327 De
1186 5272 1504 5344 quibusdam
1537 5271 1700 5344 rebus
1738 5273 1805 5327 ad
1835 5271 2055 5344 missam

482 5341 867 5413 spectantibus,
908 5362 925 5392 ε
962 5341 1067 5413 Sed
1110 5352 1163 5396 et
1184 5341 1528 5413 Gelasianum
1566 5342 1804 5413 codicem
1843 5343 1907 5396 de
1936 5341 2057 5395 Mis-

481 5411 663 5468 surum
689 5413 989 5475 solemniis,
1020 5411 1195 5481 inquit
1232 5411 1487 5475 Joannes,
1514 5412 1681 5465 multa
1708 5412 2055 5477 subtrahens,

517 5499 651 5538 auca
689 5492 1027 5541 convertens.
1055 5482 1309 5535 nonnulla
1334 5481 1777 5551 superadjiciens,
1815 5482 1867 5534 in
1896 5481 2056 5551 unius

503 5553 641 5607 ibelli
668 5553 943 5607 volumine
986 5554 1322 5606 coarctavit:
1355 5550 1494 5621 quod
1542 5551 1793 5605 volumen
1830 5550 2054 5604 Librum

481 5624 956 5677 Sacramentorum
1001 5621 1362 5690 pnetitulavit.
1402 5643 1419 5673 ι
1455 5621 1559 5675 Sed
1598 5630 1650 5674 et
1680 5622 1731 5674 in
1757 5621 1925 5674 veteri
1969 5636 2057 5674 co-

479 5693 600 5747 dice
633 5708 730 5746 ms.
766 5692 1079 5747 monasterii
1140 5691 1518 5761 Rivipullensis
1544 5693 1596 5746 in
1656 5690 1937 5745 Catalonia
1977 5690 2055 5743 sic

480 5762 675 5833 legitur
704 5782 715 5815 :
748 5782 761 5810 ‹
787 5761 971 5831 Incipit
998 5759 1642 5826 ιιὶίηινὃνι”νίτηιίτηὲονῖεῖη,
1661 5761 1835 5815 editus
1860 5776 1887 5813 :1
1906 5776 2054 5815 sanc-

2161 4504 2305 4573 quod
2347 4512 2403 4559 et
2443 4506 2556 4573 ipse
2584 4502 2902 4573 Agohardus
2935 4502 3124 4557 scribit
3162 4503 3231 4574 in,
3257 4502 3434 4573 capite
3469 4509 3745 4574 sequenti.

2159 4574 2573 4645 lntelligitergo
2596 4583 2828 4645 sanctos
2864 4588 2973 4645 non
3012 4586 3133 4645 esse
3161 4573 3495 4645 adorandus,
3535 4573 3664 4631 cum
3694 4588 3748 4632 et

2161 4642 2535 4717 ipsighomines
2563 4644 2705 4717 sint;
2742 4642 2990 4717 exemplo
3034 4642 3178 4717 haud
3222 4642 3397 4717 dubie
3423 4643 3571 4717 Petri
3613 4663 3748 4717 apo.

2160 4712 2304 4778 s'toli,
2331 4714 2398 4769 ad
2423 4713 2579 4782 cujus
2606 4713 2770 4784 pedes
2795 4728 2917 4784 cum
2943 4712 3228 4784 Cornelius
3252 4714 3595 4784 procidisset,
3623 4712 3747 4776 e'um

2162 4785 2501 4855 adoraturus,
2537 4782 2813 4855 incanduit
2836 4783 3051 4855 Petrus,
3082 4790 3136 4836 et
3161 4783 3338 4855 dixit:
3372 4782 3594 4855 Surge:
3623 4803 3747 4842 nam

2158 4863 2206 4907 et
2241 4870 2333 4923 ego
2364 4853 2518 4906 homo
2546 4870 2682 4907 sum.
2717 4852 2885 4923 Quem
2911 4853 3086 4906 locum
3109 4852 3332 4906 adduxit
3362 4852 3526 4908 etiam
3558 4854 3749 4911 Hiero-

2158 4922 2352 4997 nymus
2383 4923 2643 4997 adversus
2679 4922 2966 4997 capitalem
3006 4932 3304 4997 martyrum
3345 4923 3557 4978 hostem
3591 4926 3745 4997 Vigi-

2158 4991 2423 5065 lantiam,
2476 4994 2695 5048 dicens:
2732 4991 2759 5043 ί
2783 4991 2914 5065 Quis
2941 4992 3123 5065 enim)
3154 4991 3204 5065 ρ
3234 4993 3498 5065 insanum
3543 4991 3744 5065 caput,

2157 5064 2453 5133 aliquando
2475 5072 2746 5133 martyres
2769 5062 3052 5133 adora_vit?
3081 5061 3212 5133 Quis
3233 5062 3505 5133 hominem
3532 5061 3746 5133 putavit

2157 5079 2447 5133 anquanuo
2475 5079 2617 5117 mart
2653 5079 2741 5117 res
2769 5079 3052 5115 aooravn!
3081 5079 3212 5128 uuis
3234 5079 3505 5117 nominem
3532 5079 3746 5133 putavit

2156 5133 2368 5204 Deum?
2409 5130 2596 5204 Nonne
2617 5079 2819 5187 Paulus
2845 5139 2899 5185 et
2924 5131 3215 5195 Barnabas,
3250 5146 3371 5204 cum
3399 5132 3746 5204 Lycaonibus

2156 5201 2368 5273 Jupiter
2388 5210 2442 5257 et
2464 5202 2760 5258 Mercurius
2779 5208 3122 5273 putarentur,
3142 5208 3196 5255 et
3215 5201 3295 5256 eis
3317 5201 3513 5257 vellent
3535 5206 3745 5261 hostias

2158 5271 2437 5327 immolare
2457 5312 2471 5335 ,
2507 5274 2785 5328 sciderunt
2807 5271 3127 5325 vestimenta
3154 5286 3279 5335 sua,
3319 5279 3375 5326 et
3407 5287 3467 5326 se
3494 5273 3745 5330 homines

2157 5358 2277 5398 esse
2305 5342 2599 5398 dixerunt?
2634 5358 2741 5396 non
2780 5342 2923 5409 quod
2960 5339 3210 5395 meliores
3250 5356 3356 5395 non
3396 5353 3584 5397 essent
3614 5346 3741 5399 olim

2157 5414 2386 5468 mortuis
2424 5412 2733 5483 hominibus
2768 5410 2899 5483 Jove
2938 5424 3113 5483 atque
3137 5410 3434 5483 M‘crcurio,
3465 5413 3563 5466 sed
3586 5410 3743 5483 quod

2154 5484 2255 5537 sub
2290 5482 2611 5554 gentilitatis
2644 5495 2831 5554 errore
2868 5480 3040 5554 honor
3067 5480 3147 5535 eis
3182 5479 3745 5554 Deodghitusgdeferc

2157 5549 2324 5607 retur'.
2364 5549 2517 5619 Quod
2546 5559 2600 5605 et
2626 5552 2691 5605 de
2721 5551 2883 5605 Petro
2919 5550 3177 5619 legimus;
3219 5549 3311 5617 qui
3345 5549 3659 5608 Cornelium
3683 5572 3739 5609 se

2156 5621 2382 5675 adorare
2406 5622 2709 5690 cupientem
2741 5635 2903 5674 manu
2930 5619 3235 5692 sublevavit
3254 5630 3308 5673 et
3331 5620 3466 5692 dixit
3494 5639 3508 5674 :
3535 5620 3740 5692 Surge:

2156 5708 2273 5743 nam
2302 5700 2347 5743 et
2376 5688 2646 5760 ego—homo
2670 5707 2805 5743 sum.
2836 5710 2853 5740 ι
2899 5690 3031 5745 Vide
3056 5688 3404 5743 Hincmarum
3422 5690 3486 5760 _in
3512 5688 3740 5760 epistola

2157 5762 2385 5813 f’l'f‘tlllfitl
2406 5758 2481 5815 ad
2511 5760 2758 5814 Caralitin
2787 5760 3005 5813 Calvum
3039 5772 3237 5827 regem,
3269 5774 3385 5827 cap.
3414 5758 3469 5812 8.
