3930 6370
422 335 527 392 227

1396 333 1456 388 S.
1498 331 1856 390 AGOBARDI
1896 330 2209 388 EPISCOPI
2250 329 2745 388 LUGDUNENSIS

3638 336 3746 392 928

422 463 644 514 nomen,
666 456 761 503 aut
786 448 995 520 aequale
1016 447 1114 504 illi.
1139 446 1247 503 Sed
1270 447 1399 519 quia
1429 447 1610 502 nullus
1638 446 1749 501 Deo
1774 445 2021 515 :equalis,
2053 426 2102 482 Α
2130 459 2297 515 super
2321 453 2482 498 (mine
2531 456 2766 508 nomen;
2800 458 2867 498 ne
2893 444 2938 499 si
2968 444 3122 500 alteri
3174 445 3319 503 hunc
3353 445 3618 501 honorem
3647 448 3747 499 tri-

424 539 604 596 nullus
629 539 769 595 alius
795 539 1162 596 essentialitcr
1198 538 1376 603 Jesus,
1402 538 1455 593 id
1475 547 1576 603 est,
1609 537 1882 599 Salvator,
1908 536 2026 592 exi-

421 632 538 698 stit,
570 632 860 688 credamus
895 632 1178 704 Apostolo,
1226 631 1483 686 cedamus
1538 631 1734 685 divina:
1785 629 2025 684 auctori-

425 722 554 790 tati;
589 721 870 779 ﬂectamus
891 738 1033 787 genu
1062 724 1116 778 in
1149 722 1367 778 nomine
1397 721 1567 777 solius
1594 718 1745 787 Jesu,
1770 720 1916 790 quod
1949 726 2035 773 est

2131 536 2365 599 buimus,
2394 533 2889 603 alieuijudicemur
2914 552 2944 589 a
2991 537 3122 603 Deo,
3156 548 3209 594 et
3256 540 3604 594 dimittamur
3656 553 3751 593 se-

2132 628 2369 683 cundum
2394 626 2667 682 desideria
2708 628 2889 683 cordis
2929 630 3111 683 nostri
3157 630 3239 685 ire
3288 630 3340 685 in
3390 630 3744 684 adiuventioc

2140 721 2303 775 nibus
2330 722 2552 775 nostris.

1493 833 1642 890 Finit
1676 835 1741 889 de
1767 832 2007 889 Picturis
2040 833 2355 904 Agobardus
2388 836 2684 906 episcopus.

1908 1066 2328 1178 LIBER

1096 1296 1199 1357 DE
1241 1290 1880 1355 DISPENSATIONE
1922 1286 2723 1350 ECCLESIASTICARUM
2773 1285 3073 1354 RERUM.

496 1500 535 1556 l.
572 1497 911 1572 Signiﬁcavit
952 1497 1083 1551 mihi
1132 1496 1309 1553 ﬁdelis
1353 1512 1419 1551 ac
1453 1496 1762 1551 veneranda
1812 1495 2033 1551 dilectio

426 1604 544 1657 tua,
575 1590 720 1661 quod
765 1588 897 1644 clari
946 1596 1001 1643 et
1039 1584 1291 1642 honorati
1326 1586 1429 1641 viri
1451 1602 1547 1656 per
1576 1599 1599 1626 ο
1633 1585 2031 1655 Septimaniam

423 1689 479 1737 et
510 1682 537 1720 δ
590 1678 938 1734 Provinciam
996 1677 1382 1741 consistentes,
1424 1676 1492 1731 de
1548 1691 1635 1731 me
1694 1678 2034 1731 incessanter

422 1772 787 1830 obtrectando
862 1769 1198 1839 loquantur;
1265 1783 1579 1838 quanquam
1649 1784 1751 1823 nec
1817 1766 2032 1823 cmteris

425 1874 677 1936 parcant,
732 1863 977 1919 dicentes
1029 1862 1267 1916 movisse
1321 1876 1442 1926 nos,
1477 1876 1542 1915 ac
1588 1862 1862 1931 prtecipue
1910 1878 2029 1925 me,

424 1956 727 2011 inauditam
758 1954 1167 2009 contentionem
1214 1959 1376 2021 atque
1420 1953 1771 2018 discordiam,
1800 1968 1900 2022 pro
1941 1969 2031 2008 ec—

425 2045 753 2105 clesiasticis
789 2045 984 2111 rebus;
1020 2044 1183 2113 idque
1227 2043 1373 2098 inter
1401 2058 1517 2108 eos,
1550 2059 1658 2097 non
1707 2043 1882 2098 solum
1931 2044 2029 2098 de-

425 2138 707 2201 trahendo,
737 2137 831 2192 sed
856 2147 912 2193 et
936 2135 1343 2200 comminando,
1382 2142 1438 2189 et
1482 2136 1856 2190 versutiarum
1902 2134 2032 2189 insi-

426 2231 546 2287 dias
566 2228 949 2294 machinando,
965 2228 1218 2282 omnibus
1242 2226 1420 2280 modis
1437 2241 1501 2280 ac
1523 2226 1641 2280 sine
1669 2224 2032 2280 intermissio-

426 2335 497 2378 ne
561 2321 777 2393 agitari.
828 2320 926 2375 Ais
970 2320 1137 2374 etiam
1191 2317 1394 2373 nullam
1449 2330 1542 2371 eos
1599 2312 2033 2371 satisfactionem

429 2411 517 2467 vel
556 2409 967 2466 excusationem
1019 2407 1157 2463 velle
1206 2408 1492 2477 recipere:
1533 2406 1628 2461 sed
1668 2407 1714 2460 si
1760 2422 1868 2476 qua
1926 2406 2032 2461 illis

429 2500 847 2568 rationabiliter,
901 2496 1277 2556 satisfaciendi
1327 2499 1533 2571 gratia,
1575 2513 1605 2552 a
1660 2500 1905 2584 quolibet
1937 2515 2035 2571 op-

428 2596 608 2668 posita
637 2594 862 2659 fuerint,
894 2606 1021 2647 sera
1048 2592 1167 2646 haec
1196 2598 1251 2645 et
1275 2606 1451 2661 nuper
1479 2589 1775 2645 adinventa
1826 2589 2033 2645 calum-

429 2688 592 2743 niari.
622 2684 789 2755 Cuius
818 2683 898 2739 rei
938 2682 1198 2754 quoniam
1235 2680 1349 2735 vult
1374 2679 1691 2736 fraternitas
1725 2688 1817 2734 tua
1836 2694 2033 2750 puram

425 2788 761 2850 cognoscere
822 2774 1146 2840 veritatem,
1215 2772 1452 2842 qualiter
1507 2771 1761 2827 videlicet
1824 2780 2033 2826 motum

431 2876 916 2939 asseveratumque
940 2867 1124 2933 fuerit,
1155 2867 1394 2921 maxime
1421 2864 1489 2919 de
1522 2880 1629 2931 me,
1663 2872 1927 2934 quantum
1950 2861 2035 2919 vel

432 2965 669 3037 qualiter
699 2964 752 3018 in
778 2963 874 3017 tali
903 2956 1311 3032 dispensatione
1345 2953 1708 3023 interfuerim,
1743 2954 2031 3023 audierim,

429 3055 516 3111 vel
565 3054 954 3127 suggesserim,
1006 3053 1186 3107 scribo
1231 3051 1348 3105 hmo
1388 3050 1486 3105 tibi
1536 3045 1830 3115 veraciter,
1875 3056 2039 3121 prout

432 3150 519 3206 vis
581 3166 612 3204 a
677 3163 786 3203 me.
848 3137 946 3202 Ac‘
966 3147 1202 3217 primum
1229 3146 1344 3216 ipse
1402 3140 1543 3200 scire
1575 3154 1751 3218 potes,
1784 3162 1872 3201 me
1898 3161 2038 3200 nun-

429 3250 595 3310 quam
618 3238 761 3293 inter
795 3235 1031 3305 majores
1061 3238 1277 3291 nostros
1304 3244 1360 3291 et
1389 3235 1647 3290 meliores
1689 3231 1849 3291 nobis
1898 3236 2036 3291 tanti

2138 1492 2385 1548 litatibus
2413 1494 2829 1549 commissorum
2863 1496 2964 1551 sibi
2995 1498 3344 1569 populorum,
3374 1502 3629 1570 pervenit
3674 1503 3749 1562 ad

2138 1587 2509 1643 sublimiorem
2565 1588 2973 1655 inquisitionem
3028 1593 3427 1659 pernecessarii
3490 1594 3745 1657 consilii,

2137 1680 2364 1748 cupiens
2386 1678 2596 1734 scilicet
2632 1680 2900 1745 invenire,
2952 1682 3188 1749 qualiter
3225 1687 3748 1755 congruentissima

2134 1770 2442 1840 profectum
2464 1769 2750 1836 doctrinm,
2804 1779 2859 1826 et
2904 1773 3252 1827 abolitionem
3283 1776 3747 1848 negligentiarum

2136 1862 2513 1917 sacerdotibus
2543 1869 2599 1916 et
2620 1863 2835 1917 cunctis
2881 1863 3164 1919 honoratis
3211 1866 3325 1920 suis
3354 1869 3751 1923 commendare

2135 1955 2440 2024 potuisset:
2473 1954 2618 2022 quod
2661 1954 2847 2023 utique
2888 1953 3235 2010 laudabiliter
3290 1958 3599 2027 inspirante
3648 1960 3751 2015 Dei

2134 2046 2306 2115 gratia
2356 2044 2623 2113 quaesivit,
2669 2045 2949 2116 eleganter
2974 2047 3203 2113 invenit,
3235 2047 3467 2103 fideliter
3496 2066 3595 2105 ore
3642 2067 3751 2106 suo

2135 2137 2495 2191 aununtiavit.
2539 2135 2671 2202 Qua:
2704 2144 2901 2191 cuncta
2937 2153 3082 2192 nunc
3112 2138 3375 2208 replicare
3425 2140 3593 2195 nimis
3618 2158 3754 2211 pro-

2136 2225 2307 2279 lixum
2363 2235 2477 2290 est;
2506 2226 2633 2295 quia
2660 2237 2717 2281 et
2739 2235 2867 2280 tunc
2909 2226 2937 2266 ἀ
2991 2228 3264 2285 distinctis
3298 2232 3553 2302 capitulis
3595 2249 3755 2289 cout-

2134 2318 2406 2387 prehensa
2445 2325 2594 2383 sunt,
2627 2326 2683 2372 et
2707 2320 2960 2374 omnibus
2988 2329 3118 2376 nota
3147 2337 3266 2376 esse
3301 2323 3525 2378 debent.

2205 2404 2291 2462 Ill.
2335 2408 2488 2462 lianc
2520 2410 2684 2479 igitur
2714 2424 2828 2464 rem
2864 2426 2988 2465 cum
3017 2412 3170 2466 miris
3198 2421 3328 2469 tunc
3358 2414 3615 2470 laudibus
3644 2416 3751 2470 ads

2136 2500 2243 2554 huc
2273 2499 2589 2554 inchoatam
2618 2501 2865 2571 magistri
2881 2502 3052 2556 nostri
3078 2501 3355 2569 efferrent,
3379 2512 3434 2559 et
3463 2506 3751 2575 praecipue

2137 2594 2485 2648 venerandus
2515 2608 2683 2648 senex
2727 2604 2751 2632 ο
2776 2593 3101 2659 Adalardus,
3130 2597 3221 2665 qui
3251 2598 3415 2652 etiam
3440 2598 3663 2653 dicebat
3688 2613 3753 2653 se

2136 2696 2416 2753 nunquam
2450 2682 2736 2739 sublimius
2764 2685 2850 2738 vel
2879 2685 3167 2755 gloriosius
3203 2702 3429 2742 causam
3460 2687 3753 2758 profectus

2135 2775 2337 2845 publici
2366 2777 2570 2831 moveri
2604 2784 2658 2831 et
2694 2778 2925 2848 cogitari
2953 2778 3153 2834 vidisse
3190 2778 3208 2817 ί
3242 2796 3273 2833 a
3303 2788 3549 2851 tempore
3600 2783 3757 2852 regis

2136 2862 2351 2937 Pippini
2371 2882 2544 2935 usque
2573 2868 2639 2921 ad
2674 2868 2818 2922 diem
2856 2869 3038 2936 illum;
3070 2878 3281 2924 tantum
3307 2887 3375 2925 ne
3408 2873 3753 2942 responden-

2139 2955 2275 3009 tium
2304 2964 2359 3009 et
2392 2956 2761 3011 obedientium
2791 2957 3117 3028 negligentia
3155 2959 3557 3025 liumiliaretur,
3588 2960 3754 3014 addi-

2138 3046 2215 3100 dit
2242 3046 2356 3115 ipse
2382 3054 2438 3100 et
2458 3047 2644 3101 caeteri
2686 3048 2971 3117 primores,
2997 3049 3254 3103 dicentes
3282 3050 3429 3103 omni
3461 3049 3699 3105 concilio
3734 3065 3747 3101 :

2139 3134 2410 3205 Quidquid
2437 3136 2570 3190 utile
2589 3139 2830 3205 potuerit
2854 3139 3096 3208 reperire
3145 3140 3417 3207 sagacitas
3449 3149 3632 3195 vestra
3671 3139 3751 3194 ad

2138 3227 2383 3282 cavenda
2409 3236 2655 3296 peccata,
2689 3228 2754 3281 ad
2786 3228 3003 3282 vitanda
3034 3229 3296 3297 pericula,
3330 3230 3395 3283 ad
3432 3230 3751 3300 crigendam

435 3305 544 3386 loci
592 3329 678 3383 vel
726 3328 953 3382 honoris
984 3326 1172 3393 fuisse,
1216 3335 1275 3380 ut
1319 3336 1413 3380 aut
1444 3322 1692 3382 incentor
1721 3327 2029 3395 discordia},
2065 3305 2109 3367 C
2144 3316 2485 3387 ι’ῡιίείοηυιη,
2514 3317 2580 3372 3d
2612 3316 2989 3371 "lustranda!"
3017 3319 3344 3382 (Ῐοοιΐίηδηὶ,
3376 3318 3445 3372 3d
3471 3320 3748 3374 COTTObO‘

434 3429 531 3477 aut
576 3419 727 3491 pacis
775 3414 1097 3474 conciliator
1142 3432 1263 3473 esse
1307 3419 1599 3487 potuerim.
1652 3418 1863 3489 Quippe
1902 3420 2030 3488 qui,

432 3520 495 3568 ut
541 3503 791 3567 insuetus
838 3516 894 3565 et
947 3508 1193 3574 timidus,
1226 3508 1371 3563 inter
1410 3502 1549 3563 tales
1591 3523 1655 3563 ac
1692 3517 1874 3564 tantos
1904 3524 2033 3565 raro

433 3602 582 3674 loqui
602 3600 835 3656 valeam.
868 3599 1099 3665 Tamen,
1148 3598 1205 3653 in
1234 3608 1501 3669 quantum
1532 3600 1812 3654 recordari
1867 3614 2029 3670 queo,

436 3695 504 3752 de
530 3693 729 3765 quibus
756 3692 1006 3763 inquiris,
1054 3699 1116 3747 ut
1142 3692 1259 3763 ipse
1286 3691 1433 3756 novi,
1463 3682 1663 3746 faciam
1683 3700 1739 3747 et
1765 3699 1818 3746 te
1840 3692 2035 3747 simili-

436 3793 522 3839 ter
540 3797 719 3839 nosse.

507 3876 570 3931 ll.
614 3875 673 3930 In
720 3874 827 3929 illis
884 3875 1107 3941 diebus,
1158 3872 1376 3943 quando
1426 3888 1582 3929 sacer
1635 3880 1691 3929 et
1745 3867 2037 3944 religiosus

436 3968 689 4023 dominus
739 3973 928 4020 noster
973 3965 1271 4037 imperator
1323 3973 1547 4020 evocato
1605 3973 1878 4020 conventu
1911 3978 1932 4005 ο
1979 3967 2035 4021 in

438 4057 714 4113 Attiniaco
735 4057 951 4127 agebat,
991 4063 1211 4112 strenue
1242 4056 1536 4125 providens
1564 4059 1631 4112 de
1652 4052 1905 4112 omnibus
1931 4059 2040 4112 uti-

2141 3413 2367 3466 randam
2419 3412 2599 3475 fidem,
2630 3411 2699 3465 ad
2744 3411 3103 3466 excolendum
3132 3412 3367 3466 studium
3400 3412 3750 3475 sanctitatis.

2141 3502 2482 3559 conﬁdenter
2517 3504 2733 3570 edicite,
2774 3512 2827 3559 et
2856 3504 2925 3559 ad
2972 3504 3235 3574 explenda
3266 3504 3573 3573 pariturum
3634 3503 3751 3558 Deo

2140 3597 2419 3652 dominum
2449 3597 2833 3665 imperatorem
2883 3598 3105 3651 minime
3139 3597 3417 3651 dubitetis.
3450 3596 3554 3663 Qui
3590 3598 3752 3667 (quos

2140 3686 2310 3752 niam,
2330 3695 2403 3741 cut
2430 3686 2727 3756 Scriptura:
2773 3702 2943 3743 sacrae
2972 3688 3169 3743 docent
3194 3727 3210 3752 ,
3270 3695 3497 3756 peccata
3526 3696 3751 3741 contra-

2146 3778 2282 3832 bunt
2328 3777 2698 3845 infelicitates,
2727 3782 3173 3850 perturbationes
3196 3821 3212 3847 ,
3252 3780 3438 3835 clades
3464 3788 3521 3835 et
3548 3780 3752 3834 sterilis-

2144 3878 2286 3926 tates
2311 3872 2365 3925 in
2394 3870 2642 3944 populos)
2674 3881 2785 3927 tota
2842 3872 3432 3947 sollicitudinecurat,
3493 3882 3556 3926 ut
3603 3874 3749 3928 bona

2143 3964 2361 4034 quidem
2387 3964 2696 4029 statuendo,
2736 3963 2878 4019 mala
2905 3980 3037 4020 vero
3061 3964 3394 4020 destruendo
3426 4005 3441 4029 ,
3492 3964 3745 4020 obtineat

2144 4072 2250 4111 uua
2292 4057 2568 4112 vobiscum
2602 4057 2741 4127 apud
2782 4058 3092 4125 Dominum,
3123 4066 3184 4112 ut
3223 4058 3451 4113 remotis
3504 4059 3751 4115 adversis

1830 4150 2102 4206 BALUZII
2136 4149 2369 4205 NOTAE.

512 4255 536 4283 ιι
565 4240 970 4312 Septimaniam.
992 4240 1342 4312 Septimanice
1360 4242 1579 4312 nomine
1599 4241 1709 4306 hic,
1737 4250 1795 4296 ut
1819 4250 1875 4296 et
1896 4244 2038 4312 apud

436 4304 646 4368 Jonam'
678 4304 1158 4384 Aurelianensein,
1212 4304 1438 4384 intelligi
1488 4322 1649 4381 puto,
1698 4304 1811 4367 non
1860 4304 2034 4367 solum

439 4384 672 4455 primam
695 4380 1125 4455 Narbonensem,
1155 4383 1249 4438 sed
1277 4380 1643 4455 Urgellensem
1666 4398 1883 4453 quoque
1906 4384 2038 4437 dioe-

438 4453 632 4515 cesim,
662 4466 783 4521 qua:
812 4461 922 4505 tum
954 4453 1055 4507 sub
1084 4453 1500 4523 metropolitano
1524 4453 1863 4523 Narbonensi
1896 4460 2034 4507 erat.

440 4523 578 4577 Nam
609 4522 663 4575 in
684 4519 978 4591 praeceptis
1010 4519 1279 4587 Ludovici
1324 4524 1405 4578 Pii
1446 4533 1501 4578 et
1529 4519 1709 4579 Caroli
1739 4524 1917 4587 Calvi,
1950 4539 2041 4579 ec-

440 4593 621 4665 clesiae
647 4600 702 4646 et
726 4594 1053 4665 monasteria
1079 4592 1223 4647 illius
1250 4601 1453 4648 tractus
1470 4604 1840 4665 gaccensentur
1864 4594 2042 4665 Septi-

442 4663 667 4728 tnauiua;
704 4673 762 4716 ut
791 4663 917 4717 alibi
944 4664 1149 4718 dictum
1178 4670 1263 4717 est
1294 4679 1324 4717 a
1356 4664 1531 4723 nobis.
1566 4665 1635 4718 Et
1660 4673 1876 4719 constat
1901 4663 2042 4719 Feli-

441 4749 561 4788 cem
611 4734 925 4802 episeopum
980 4733 1389 4803 Urgellensem,
1446 4736 1624 4788 virum
1680 4736 2041 4790 sanctissimae.

442 4804 602 4866 vitre,
649 4803 1132 4873 magislaborasse
1168 4819 1266 4873 pro
1297 4804 1610 4859 erudiendis
1648 4805 1701 4858 in
1736 4820 1861 4859 vera
1902 4805 2039 4871 fide,

444 4874 774 4959 ut‘put‘ab‘at,
801 4872 1046 4959 plebibus
1073 4872 1181 4954 sibi
1207 4873 1486 4959 subjectis,
1516 4891 1676 4959 qua'm
1707 4876 2044 4959 ueteris-po-

446 4940 585 5013 pulis
614 4940 814 5013 Gallize'
834 4942 1223 5013 Narbonensis.
1278 4940 1346 4997 Et
1386 4940 1563 4999 tamen
1603 4944 1771 4999 Jonas
1810 4946 1865 4999 in
1902 4940 2042 5000 libro

445 5010 637 5083 primo
662 5013 727 5067 de
750 5010 922 5083 :Cultu
961 5011 1259 5083 imaginum
1301 5014 1412 5067 ait:
1448 5034 1465 5064 r
1496 5015 1665 5080 Felix,
1700 5031 1823 5069 cum
1859 5016 2043 5070 multis

446 5080 590 5166 apud
616 5080 1009 5166 septimaniam
1032 5080 1284 5166 eumdem
1309 5084 1896 5166 Ilaustumpestil'erum
1919 5102 2046 5155 pro—

444 5152 883 5235 pinaverinttcum
908 5161 1089 5235 tamen
1113 5152 1298 5235 Galli-5e
1314 5152 1754 5235 ﬁerinaniieqtte,
1779 5152 2042 5235 quantum

449 5221 504 5277 in
550 5221 813 5296 illo_l‘uit,
862 5224 1155 5293 propinare
1183 5224 1370 5278 voluit.
1407 5244 1423 5277 ι
1481 5221 1662 5280 Porro
1691 5221 2043 5296 Septiruaniaz

448 5292 766 5366 vocabulum
800 5292 1009 5366 recens.
1038 5303 1095 5348 et
1129 5309 1251 5349 sero
1282 5304 1553 5364 repertum
1573 5337 1585 5356 .
1633 5292 1892 5350 nimirum
1920 5305 2045 5366 post

447 5363 634 5431 pulsos
662 5379 691 5417 a
718 5362 1236 5436 GothisRomanos,
1270 5362 1376 5419 non
1407 5382 1437 5420 a
1464 5366 1672 5420 Biterra
1705 5362 2046 5436 Septimano-

452 5449 576 5515 [ιιηιΔ
597 5434 825 5515 sumpsit
847 5434 1141 5515 originem,
1168 5445 1229 5489 ut
1252 5435 1497 5515 plerique
1522 5443 1737 5515 putant,
1763 5434 1857 5492 sed
1885 5437 1954 5492 ab
1978 5451 2044 5492 ea

450 5501 675 5575 Septem
686 5501 1111 5575 AProvinciarum
1144 5501 1391 5573 portione
1408 5501 1540 5575 ‘quze
1568 5504 1763 5562 Gothis
1799 5515 2045 5561 cesserat

442 5570 751 5644 jurebelli;
794 5590 967 5644 quam»
997 5570 1289 5641 Sidonius,
1336 5570 1496 5644 hujus
1533 5578 1683 5632 vocis
1719 5586 1933 5641 auctor,
1973 5578 2045 5632 ob

451 5643 553 5725 boc
574 5642 927 5725 ipsumﬂvocat
948 5642 1343 5725 Septimaniam
1358 5642 1679 5725 Gothorum.
1716 5644 1825 5703 Sed
1846 5660 2042 5725 novam

451 5712 593 5769 hanc
631 5714 698 5770 de
740 5712 1093 5785 Septimanite
1120 5716 1381 5772 vocabulo
1417 5716 1768 5789 opinionem,
1811 5729 1932 5789 qua:
1959 5724 2045 5772 est

2148 4241 2506 4315 illustrissimi
2532 4242 2633 4315 viri
2656 4242 2801 4315 Petri
2826 4242 2894 4298 de
2916 4242 3096 4315 M‘arca
3116 4284 3130 4309 ,
3145 4309 3153 4315 _
3168 4243 3288 4299 fuse
3313 4244 3428 4315 ipse
3454 4254 3750 4302 exsecutus

2146 4323 2233 4386 est
2258 4312 2323 4386 in
2342 4312 2481 4386 libro
2506 4309 2908 4386 primo‘Marcae
2934 4306 3261 4386 Hispanicae.

2220 4384 2247 4423 δ
2284 4382 2641 4456 Provinciam,
2689 4383 2876 4456 idest,
2914 4382 3148 4450 secunda
3190 4385 3587 4456 Narbonensis,
3628 4403 3749 4456 quze

2146 4468 2293 4508 nunc
2314 4468 2557 4527 quoque
2591 4453 2903 4527 l’rovineiaA
2928 4456 3147 4520 dicitur,
3174 4455 3331 4527 vulgo
3356 4453 3659 4527 Provence.
3686 4459 3749 4512 Et

2146 4538 2215 4577 ex
2242 4524 2470 4596 epistola
2490 4524 2557 4578 67
2581 4523 2839 4596 Cypriani
2880 4525 3129 4582 fortassis
3178 4523 3378 4581 tentari
3423 4536 3610 4596 posset
3634 4527 3747 4593 jam

2150 4603 2264 4646 tum
2295 4594 2375 4647 sic
2403 4595 2601 4648 dictam
2632 4594 2819 4648 fuisse.

2222 4674 2245 4702 ο
2273 4663 2341 4717 1η
2372 4663 2679 4734 Attim’aco.
2704 4663 2984 4734 Synodum
3024 4665 3171 4720 illam
3212 4664 3379 4720 fuisse
3415 4666 3746 4723 celebratam

2147 4749 2295 4791 anno
2317 4734 2422 4808 832
2445 4748 2641 4808 mepse
2658 4733 2901 4808 Augusto
2928 4735 3092 4790 tradit
3120 4736 3482 4807 Eginhardus,
3506 4738 3746 4808 itemque

2147 4814 2338 4861 auctor
2360 4806 2497 4858 Vitm
2527 4803 2785 4859 Ludovici
2818 4805 2919 4860 Pii.

2220 4876 2245 4914 ἀ
2274 4875 2549 4930 Distinctis
2590 4874 2834 4944 capitulis
2855 4918 2868 4941 ,
2913 4891 3140 4931 numero
3171 4874 3239 4930 28
3261 4916 3276 4942 ,
3316 4876 3482 4932 editis
3513 4877 3570 4932 in
3601 4877 3746 4932 Atti—

2148 4945 2328 5016 niaco,
2380 4961 2501 5015 qua:
2548 4958 2953 5016 nuncrquoque
2993 4956 3228 5001 exstant.
3282 4947 3571 5001 Assentior
3598 4951 3746 5003 enim

2148 5015 2463 5088 Sirmondo,
2492 5016 2586 5088 qui
2611 5015 2681 5088 de
2703 5015 2790 5088 bis
2816 5015 3065 5088 capitulis
3096 5018 3183 5072 hic
3209 5018 3295 5088 agi
3325 5025 3496 5085 putat.

2223 5085 2600 5159 °_Adalardus,
2635 5084 2804 5159 abbas
2832 5084 3206 5159 gorbeiensis;
3236 5084 3441 5159 dequo
3472 5086 3596 5141 vide
3625 5104 3744 5159 qum

2147 5155 2387 5238 diximus
2420 5154 2489 5209 ad
2515 5155 2715 5209 librum
2745 5156 2810 5210 de
2839 5155 3115 5227 Baptismo
3146 5154 3498 5213 Judaicorum
3536 5154 3744 5215 manci—

2184 5242 2379 5280 lOl’llm.

2146 5243 2572 5367 pmfrgtnlempure
2600 5296 2735 5365 regis
2760 5295 2994 5367 Pippini.
3032 5298 3167 5352 Nam
3194 5298 3249 5353 in
3278 5295 3439 5367 hujus
3464 5298 3587 5351 aula
3614 5301 3744 5353 elu-

2146 5374 2299 5420 catus
2323 5374 2407 5421 est
2426 5365 2753 5429 Adalardus,
2778 5365 2839 5421 ut
2865 5365 3031 5436 Supra
3058 5368 3311 5421 diximus.
3352 5366 3503 5422 Unde
3526 5379 3743 5423 constat

2148 5437 2494 5508 verissimum
2534 5452 2655 5508 esse
2692 5437 2837 5505 quod
2882 5438 2958 5491 ait
2994 5439 3312 5508 Agobardus
3340 5478 3375 5508 ,7
3406 5438 3740 5492 Adalardum

2150 5516 2284 5579 tunc,
2307 5506 2473 5579 fuisse
2501 5506 2654 5561 valde
2683 5522 2874 5579 senem
2904 5524 3028 5562 cum
3054 5506 3295 5579 synodus
3326 5507 3419 5579 illa
3447 5508 3632 5561 habita
3663 5519 3745 5564 est

2148 5578 2287 5646 apud
2303 5577 2654 5632 Altini-acum.
2682 5577 2815 5630 Nam
2838 5594 2958 5632 eum
2983 5576 3141 5632 vocat
3162 5576 3511 5631 venerandum
3533 5594 3745 5635 senem:

2149 5646 2292 5719 quod
2322 5648 2597 5719 epitheton
2625 5648 2785 5719 vulgo
2818 5664 2924 5702 non
2958 5649 3214 5703 tribuitur
3242 5647 3486 5709 senibus,
3519 5648 3623 5702 nisi
3653 5648 3743 5718 qui

2147 5718 2247 5771 aevi
2284 5728 2424 5843 suzrét8
2448 5718 2694 5788 longaevi.
2736 5719 2997 5789 Pippinus
3036 5733 3200 5788 porro
3240 5732 3334 5773 rex
3374 5725 3621 5774 mortuus
3666 5736 3747 5773 est

2148 5803 2293 5843 anno
2429 5826 2443 5842 .

2148 5803 2293 5844 anno
2324 5803 2443 5843 105.
