3930 6318
221 304 332 360 Ωιῖτν

1153 314 1352 369 LIBER
1395 314 1481 369 DE
1523 313 2067 371 DISPENSATIONE
2105 316 2298 372 ECCL.
2341 318 2606 374 RERUM.

3397 324 3496 376 9.ἰῦ

215 417 460 481 casibus,
495 433 715 489 regnum
757 419 859 475 sibi
896 423 1245 478 commissum
1267 441 1547 497 prospere,
1575 427 1682 480 Deo
1732 424 1811 479 fa—
1839 428 1886 485 A
1917 427 2176 482 adversus
2205 427 2396 495 Deum,
2420 439 2474 484 et
2495 431 2756 488 adversus
2787 431 2902 503 ejus
2931 429 3290 490 univcrsalem
3313 437 3502 496 Ecclu-

215 515 398 570 venle,
426 508 600 564 valeat
628 511 953 580 gubernare.

285 597 377 651 ιν.
422 598 545 655 Πωο
578 612 633 656 et
661 603 747 658 his
775 604 974 659 similia
1030 621 1152 662 cum
1203 608 1474 677 primores
1510 611 1680 664 nostri
1718 610 1808 680 ju-

210 691 547 747 cundissime
593 693 966 763 loquerentur,
997 712 1119 768 ego,
1151 707 1209 752 ut
1236 701 1444 754 scilicet
1472 701 1808 758 humillimus

208 782 454 837 omnium
486 793 542 837 et
574 794 872 850 extremus,
919 788 1058 856 ρωρὶ
1106 789 1504 856 quodammodo
1554 792 1809 861 pedeten-

211 874 332 937 tim,
361 884 422 927 ut
451 883 576 943 pote
609 877 821 946 magnis
848 879 999 942 viris,
1042 879 1114 931 ita
1167 895 1478 950 suggerere.
1517 881 1656 936 Ecce
1691 897 1805 936 om-

209 964 459 1034 nipotens
489 965 631 1020 Deus
654 968 979 1035 praeparavit
1009 968 1220 1022 animos
1264 969 1467 1023 domini
1517 970 1805 1039 imperato~

210 1055 309 1116 ris,
335 1064 394 1107 ut
424 1055 654 1111 sollicite
681 1057 810 1110 velit
836 1072 1132 1128 agnoscere
1170 1061 1431 1129 temporis
1481 1062 1642 1128 vires,
1675 1079 1805 1119 con-

206 1158 373 1200 sonas
402 1146 488 1200 vel
517 1146 766 1201 dissonas
791 1147 1055 1217 mquitati.
1087 1149 1316 1219 Expedit
1340 1166 1487 1217 vero,
1520 1160 1578 1206 ut
1600 1170 1660 1208 ca
1682 1171 1802 1225 qua:

204 1243 425 1296 dissona
450 1250 595 1302 sunt,
626 1242 670 1297 si
699 1242 1029 1311 possibilitas
1069 1245 1303 1313 suppetit
1334 1285 1348 1309 ,
1406 1249 1796 1314 emendentur;

203 1335 258 1388 in
301 1344 562 1403 quantum
594 1344 775 1389 autem
805 1335 1136 1404 possibilitas
1163 1352 1268 1391 non
1306 1337 1651 1410 suffragatur,
1675 1357 1796 1396 cum

203 1425 402 1480 timore
430 1425 525 1479 Dei
559 1426 895 1479 tolerantur:
923 1435 1190 1495 quatenus
1217 1428 1343 1482 dum
1373 1429 1620 1485 illicitum
1647 1433 1797 1503 quid-

199 1521 435 1593 piam_ex
467 1519 790 1572 necessitate
822 1518 1000 1588 agitur
1038 1521 1181 1587 quod
1237 1520 1493 1576 declinari
1541 1539 1646 1578 non
1701 1539 1797 1593 po-

201 1590 525 1672 testitimor
552 1607 744 1662 saltem
773 1606 935 1661 faciat
977 1609 1344 1665 excusabilem
1371 1625 1530 1681 quem
1571 1590 1795 1668 exsecu-

199 1699 276 1754 tio
305 1715 413 1755 nou
439 1699 720 1753 constituit
747 1698 1069 1754 absolutum.
1097 1700 1328 1758 Necesse
1349 1711 1430 1758 est
1456 1719 1586 1773 ergo
1619 1714 1678 1758 ut
1704 1721 1792 1759 ve—

1913 522 2082 588 siam;
2128 539 2304 594 neque
2330 540 2548 606 sensum
2592 537 2676 583 est
2707 543 2942 598 unquam
2975 545 3005 583 a
3039 528 3341 600 quibusque
3363 532 3494 590 fide-

1911 611 2072 679 libus,
2101 626 2160 669 ut
2187 616 2316 670 talia
2336 602 2540 672 statuta
2565 619 2767 689 absque
2806 620 3044 690 periculo
3075 622 3349 694 religionis
3379 625 3494 680 vio~

1909 701 2171 758 larentur.
2205 703 2356 771 Quod
2380 722 2513 776 ergo
2541 708 2650 762 Deo
2680 719 2898 766 auctore
2925 720 3187 767 statutum
3217 723 3321 779 est,
3353 733 3492 772 nova

1908 795 2390 866 necessitate,qu:e
2407 805 2533 852 tunc
2551 800 2809 868 temporis
2839 818 2944 856 non
2971 803 3492 870 aceidit,excusabi-

1906 882 2009 938 lem
2047 884 2223 939 facere
2247 902 2350 940 non
2381 896 2560 957 potest
2587 889 2938 944 violatorem:
2975 894 3097 960 quia
3127 897 3492 965 omnipotenti

1904 973 2016 1029 Deo
2049 978 2229 1030 omnia
2262 986 2504 1048 tempora
2553 982 2841 1050 omniaque
2870 983 3140 1040 volumina
3168 988 3487 1044 saeculorum

1901 1069 2188 1132 przesentia
2217 1075 2341 1119 sunt
2371 1109 2385 1132 ,
2439 1077 2495 1122 ct
2519 1071 2744 1136 stantia;
2781 1087 2956 1141 neque
2983 1074 3183 1142 aliquid
3227 1079 3488 1146 praeterii

1901 1162 2076 1222 potest
2121 1158 2434 1225 recordari,
2469 1176 2569 1215 nec
2613 1161 2852 1242 futurum
2913 1166 3114 1234 aliquid
3151 1183 3487 1239 exspectare.

1901 1243 2262 1310 Quamobrem
2294 1259 2315 1286 ο
2350 1250 2484 1314 ἰδίω,
2515 1268 2648 1320 quas
2674 1271 2818 1310 nunc
2873 1258 3119 1314 homines
3145 1263 3487 1331 praetendunt

1899 1336 2272 1403 necessitates,
2304 1347 2359 1392 et
2388 1356 2615 1409 quarum
2640 1359 2803 1398 causa
2831 1361 2888 1400 se
2922 1348 3135 1416 impune
3178 1359 3369 1418 putant
3395 1369 3484 1409 res

1896 1441 2082 1482 sacras
2109 1429 2162 1481 in
2190 1445 2318 1484 usus
2347 1446 2661 1488 communes
2680 1445 2911 1501 vertere,
2946 1438 3069 1492 licet
3102 1449 3228 1496 tunc
3255 1444 3490 1498 homini-

1896 1516 1995 1571 bus
2033 1517 2228 1574 futura:
2276 1531 2494 1587 essent,
2547 1521 2659 1577 Deo
2715 1535 2895 1580 tamen
2950 1540 3242 1598 praesentes
3287 1544 3482 1601 erant;

1893 1609 2146 1678 quodque
2177 1609 2378 1679 Spiritu
2410 1628 2508 1666 suo
2533 1615 2720 1667 statuit
2751 1615 3011 1683 Ecclesia,
3045 1623 3332 1691 tenendum
3360 1640 3486 1679 cun-

1892 1699 1996 1754 etis
2023 1699 2214 1756 diebus
2248 1719 2418 1771 usque
2448 1705 2500 1757 in
2532 1704 2694 1760 finem
2749 1709 2930 1762 sarculi
2987 1711 3150 1765 voluit
3199 1716 3480 1772 custodiri.

194 1799 309 1846 stra
341 1792 604 1847 industria
647 1790 1081 1861 magnanimitati
1121 1791 1236 1862 ejus
1267 1771 1786 1866 suggerat—pericula
1818 1771 1864 1828 Β
1893 1786 2000 1843 Sed
2026 1791 2279 1860 quoniam
2304 1793 2448 1861 quod
2471 1793 2538 1848 de
2563 1796 2735 1850 sacris
2771 1797 2934 1852 rebus
2985 1799 3038 1852 in
3090 1801 3306 1858 laicales
3350 1771 3483 1863 usus

193 1898 216 1924 τι
259 1887 327 1940 de
365 1886 527 1941 rebus
567 1884 984 1950 ecclesiasticis,
1033 1901 1171 1955 quas
1219 1895 1408 1940 COIlll‘l
1461 1887 1685 1941 vetitum
1733 1896 1789 1942 et

191 1985 387 2028 contra
426 1988 661 2028 canones
692 1979 928 2027 tractant
953 1979 1007 2026 et
1049 1973 1102 2028 in
1131 1989 1261 2028 usus
1308 1975 1559 2044 proprios
1586 1989 1787 2045 expen-

188 2068 329 2122 dunt
355 2064 603 2120 homines
627 2062 770 2120 laici.
813 2063 1108 2133 Postquam
1153 2065 1298 2119 enim
1336 2063 1526 2120 diffusa
1557 2073 1642 2120 est
1681 2065 1784 2121 Ec-

187 2155 359 2212 clesia
391 2156 485 2211 Dei
536 2163 648 2210 toto
677 2156 809 2209 orbe
841 2165 1130 2220 terrarum,
1163 2165 1219 2210 et
1241 2155 1407 2225 ccepit
1456 2156 1682 2210 exaltari
1719 2171 1786 2212 ac

187 2246 528 2317 magniﬁcari
555 2260 653 2315 per
683 2260 873 2300 omnes
899 2245 1150 2316 regiones
1179 2253 1234 2300 et
1273 2246 1548 2310 nationes,
1605 2260 1784 2315 cmpe-

190 2347 428 2408 runtquc
458 2335 655 2406 templa
677 2335 813 2406 erigi
841 2333 1136 2389 aiidelibus
1166 2335 1586 2403 imperatoribus
1615 2351 1677 2389 ac
1700 2351 1785 2390 re-

184 2428 346 2497 gibus
375 2435 537 2495 atque
565 2425 855 2496 episcopis,
896 2431 951 2478 et
970 2425 1183 2479 caeteris
1230 2423 1560 2494 potentibus,
1593 2425 1784 2478 ditari-

182 2534 292 2588 que
322 2519 578 2582 rebus,et
602 2516 874 2571 thesauris
899 2516 1140 2571 ordinari
1171 2557 1184 2582 ,
1239 2514 1342 2572 fuit
1388 2517 1551 2572 etiam
1593 2532 1784 2572 conse-

185 2626 389 2682 quens,
419 2619 479 2664 ut
498 2609 804 2681 principum
844 2607 1182 2678 providentia
1209 2606 1354 2677 leges
1373 2607 1782 2678 promulgaren-

185 2713 292 2770 tur,
321 2711 381 2759 et
406 2687 783 2773 episcoporum
813 2701 1174 2756 sollicitudine
1214 2716 1452 2756 canones
1476 2709 1785 2756 statueren-

184 2805 274 2851 tur
298 2796 368 2851 de
399 2796 562 2849 rebus
588 2792 966 2858 sanctiﬁcatis,
999 2793 1054 2848 id
1103 2799 1208 2857 est,
1239 2792 1411 2847 sacris
1451 2793 1585 2847 locis
1613 2793 1781 2862 depu-

183 2887 342 2951 tatis;
379 2885 614 2955 qualiter
663 2893 946 2939 tuerentur
973 2884 1042 2938 ab
1073 2881 1332 2952 improbis
1355 2924 1370 2947 ,
1426 2890 1706 2938 tuerentur
1749 2899 1789 2936 a

180 2976 666 3048 gubernatoribus,
693 2975 778 3030 vel
800 2975 1204 3045 expedirentur.
1251 2974 1635 3030 Convenerunt
1675 2977 1784 3046 epi-

179 3069 358 3140 scopi,
392 3069 493 3123 viri
535 3069 727 3133 sancti,
760 3069 959 3138 quibus
989 3075 1117 3122 tunc
1160 3067 1469 3122 abundabat
1515 3068 1774 3123 Ecclesia.

180 3159 508 3214 Statuerunt
535 3159 564 3198 δ
591 3157 823 3234 illibalos
869 3159 1180 3213 conservari
1209 3158 1410 3214 debere
1448 3175 1634 3214 sacros
1685 3176 1775 3216 ca-

178 3265 372 3313 nones,
407 3250 496 3319 qui
535 3247 734 3302 ﬁraati
780 3257 907 3303 sunt
940 3247 1146 3318 Spiritu
1172 3247 1288 3313 Dei,
1310 3265 1580 3305 consensu
1615 3253 1776 3306 totius

178 3341 394 3407 uumdi,
418 3340 723 3396 obedientia
749 3340 1441 3410 principum,consonautia
1473 3339 1776 3412 Scriptura-

176 3447 319 3486 rum.
355 3431 438 3486 Ex
490 3446 598 3500 quo
639 3437 882 3500 tempore
914 3438 1196 3500 acceptum
1251 3437 1306 3484 et
1356 3440 1631 3500 receptum
1691 3441 1774 3488 est

174 3538 288 3579 non
311 3522 466 3577 aliud
484 3537 606 3577 esse
629 3537 787 3592 agere
803 3520 1055 3592 cuiquam
1077 3521 1338 3577 adversus
1358 3535 1594 3578 cancues
1609 3541 1770 3594 quam

1891 1878 2077 1935 illicite
2100 1882 2378 1938 translatis
2398 1885 2649 1952 dicimus,
2677 1904 2782 1942 non
2807 1889 2934 1944 fecit
2961 1891 3063 1946 iste
3091 1893 3342 1950 dominus
3376 1896 3481 1953 im-

1888 1978 2108 2039 perator
2158 1973 2252 2028 sed
2277 1972 2301 2012 δ
2333 1989 2693 2043 przecessores
2707 1978 2844 2049 ejus,
2871 1990 2923 2035 et
2953 1991 3237 2052 propterea
3267 1986 3352 2040 isti
3380 1987 3482 2042 im-

1887 2061 2141 2132 possibile
2198 2071 2284 2144 est
2341 2066 2523 2119 omnia
2588 2070 2876 2123 emendare
2931 2087 3052 2140 qua:
3098 2077 3481 2135 antecedentes

1886 2152 2027 2208 male
2051 2164 2308 2224 usurpata
2331 2157 2682 2225 dimiserunt;
2723 2161 2913 2215 saltem
2939 2163 3356 2222 admonentibus
3387 2185 3481 2224 vo-

1885 2243 1972 2298 bis
2002 2245 2242 2314 eogitare
2273 2246 2523 2316 dignetur
2551 2248 2870 2316 periculum,
2903 2254 3046 2322 quod
3075 2255 3202 2310 licet
3222 2265 3276 2310 et
3305 2259 3479 2314 vitare

1886 2343 2138 2405 nequeat,
2173 2343 2350 2390 tamen
2392 2337 2518 2391 dum
2551 2349 2765 2408 pensat,
2789 2342 2941 2398 timet
2991 2360 3055 2400 ac
3085 2347 3264 2412 dolet,
3333 2350 3478 2420 apud

1887 2427 2295 2483 misericordem
2327 2428 2616 2484 Dominum
2643 2431 2735 2485 fiat
2759 2449 2858 2502 per
2888 2435 3003 2490 haec
3031 2439 3376 2495 excusabilis.
3409 2441 3478 2496 Et

1886 2531 1984 2571 vos
2009 2519 2406 2572 communicate
2430 2520 2641 2588 pondus
2666 2523 2908 2590 periculi,
2945 2527 3329 2598 sublevateque
3351 2546 3478 2600 por-

1886 2619 2112 2675 tantem,
2133 2611 2186 2664 in
2211 2621 2468 2680 quantum
2494 2612 2608 2668 fieri
2624 2624 2831 2684 potest;
2871 2625 2930 2670 ut
2951 2618 3078 2672 dum
3108 2635 3205 2674 vos
3227 2620 3302 2675 illi
3331 2637 3483 2677 com-

1885 2702 2226 2757 municantes
2250 2703 2303 2757 in
2328 2705 2600 2773 periculis,
2621 2714 2675 2760 et
2718 2706 2806 2760 ille
2836 2709 2990 2762 vobis
3014 2712 3355 2779 compatiens
3380 2727 3474 2768 ex-

1884 2794 2084 2849 stiterit
2122 2795 2181 2849 in'
2208 2795 2472 2861 tristibus,
2496 2811 2561 2850 ac
2603 2796 2854 2853 defensor
2898 2800 2951 2853 in
2986 2803 3429 2870 persuasionibus
3456 2843 3474 2870 ,

1884 2890 2119 2958 dumque
2151 2905 2315 2943 unum
2374 2891 2588 2960 sapitis,
2616 2898 2928 2961 tantumque
2977 2893 3275 2962 periculum
3325 2910 3472 2950 com-

1885 2982 2120 3035 muniter
2143 2982 2407 3045 toleratis,
2436 2991 2713 3036 avertatur
2737 2975 2803 3038 a'b
2827 2984 2917 3038 illo
2963 3000 3062 3038 nec
3087 3002 3194 3040 non
3245 2994 3300 3040 et
3325 3001 3355 3039 a
3380 3001 3476 3040 vo-

1884 3071 1968 3126 bis
1991 3070 2361 3141 hujuscemodi
2394 3073 2858 3140 przevaricationis
2889 3074 3144 3129 vindicta.
3171 3073 3303 3129 Cum
3355 3076 3475 3132 haec

1882 3163 2042 3233 igitur
2066 3179 2096 3217 a
2129 3179 2213 3218 me
2236 3163 2565 3228 dicerentur,
2590 3165 2983 3231 responderunt
3031 3166 3118 3234 pie
3145 3167 3473 3222 reverentis-

1879 3255 1999 3308 simi
2032 3255 2133 3308 viri
2185 3253 2486 3308 Adalardus
2541 3262 2597 3307 et
2636 3253 2912 3308 Hclisacar
2967 3254 3210 3310 abbates.
3276 3255 3470 3313 Utrum

1877 3359 2007 3399 vero
2039 3345 2219 3398 audita
2248 3343 2531 3398 retulerint
2562 3344 2780 3397 domino
2806 3344 3143 3414 imperatori,
3181 3347 3383 3401 nescio.

1949 3436 2012 3490 ν.
2057 3434 2314 3503 Sequenti
2349 3443 2532 3488 autem
2564 3450 2726 3497 anno,
2758 3449 2880 3488 cum
2910 3435 3162 3490 adessent
3183 3436 3319 3506 jussi
3353 3449 3374 3475 ε
3413 3437 3468 3492 in

1877 3527 2207 3598 Compendio
2236 3527 2462 3597 palatio,
2484 3534 2538 3581 et
2569 3526 2635 3580 dc
2673 3526 2756 3581 his
2780 3526 2923 3582 inter
2943 3541 3038 3582 eos
3082 3542 3262 3583 sermo
3307 3529 3472 3585 habe-

1537 3616 1808 3672 BALUZII
1847 3618 2078 3675 NOTAE.

243 3722 267 3748 ο
295 3709 384 3763 De
411 3709 562 3763 rebus
594 3708 777 3763 Eccles
855 3707 980 3762 Hcce
1019 3706 1260 3778 omnium
1299 3716 1772 3778 pcrﬁeasrtempe-

173 3789 342 3834 states
375 3779 630 3848 querela,
671 3794 834 3848 quam
873 3779 1111 3847 graviter
1146 3777 1198 3848 in
1240 3777 1343 3848 hoc
1371 3777 1508 3832 libro
1539 3777 1772 3832 inculcat

172 3845 501 3929 ago-bardus
525 3889 540 3913 ,
571 3845 704 3929 res:
727 3845 1126 3927 ecclesiasticas
1177 3845 1376 3929 injuste
1420 3848 1689 3929 possideri
1739 3863 1770 3901 a

172 3915 349 3983 laicis,
399 3935 524 3974 cum
570 3919 622 3973 id
662 3917 933 3972 vetuerint
964 3930 1214 3970 canones.
1271 3915 1512 3984 Respicit
1552 3929 1729 3971 autem
1753 3959 1768 3983 ,

172 3991 386 4058 opinor,
449 3998 648 4059 praetr
694 3987 1002 4059 Gallicanos
1051 4000 1318 4059 canones,
1374 3985 1447 4059 ad
1501 3989 1765 4059 synodum

175 4056 482 4114 Romanam
512 4060 609 4113 sub
639 4075 773 4128 papa
807 4057 1166 4127 Symmacho;
1190 4071 1330 4128 qua:
1357 4056 1765 4128 distractionem

174 4129 445 4185 bonorum
493 4126 982 4184 ecclesiasticarum
1025 4127 1328 4196 prohibuit,
1378 4126 1655 4196 edixitque
1686 4143 1766 4182 ne

171 4199 323 4254 laicis
351 4200 722 4254 traderentur.

243 4271 269 4309 δ
296 4269 550 4324 Illibatos
577 4287 722 4322 cons.
751 4267 867 4322 deb.
897 4283 1142 4322 canones.
1184 4266 1434 4334 Agnosco
1470 4267 1764 4322 vehemens

173 4341 411 4396 studium
447 4340 790 4409 antiquitatis
819 4339 872 4392 iu
900 4338 1202 4409 Agobardo.
1257 4335 1463 4409 Cuncta
1496 4337 1642 4409 enirn
1679 4351 1764 4390 re-

173 4412 354 4466 vocari
385 4411 537 4479 cupit
565 4406 632 4479 ad
662 4423 907 4479 normam
937 4406 1176 4476 priorum
1207 4406 1536 4479 regularum.
1581 4407 1645 4479 Et
1667 4421 1763 4475 pa-

173 4490 248 4536 tet
277 4477 558 4535 hominem
596 4478 764 4533 fuisse
797 4478 1029 4547 peritum
1067 4492 1336 4531 canonum
1374 4491 1437 4547 ac
1467 4477 1765 4547 disciplina:

171 4552 578 4607 ecclesiastica.
642 4546 1012 4602 Nulli’autem
1056 4549 1229 4617 magis
1270 4546 1491 4615 cupiunt
1533 4546 1765 4603 illibatos

173 4621 377 4676 servari
404 4635 664 4683 canones,
689 4635 850 4689 quam
874 4618 965 4687 qui
996 4618 1231 4689 studium
1260 4629 1588 4689 operamque
1611 4633 1764 4672 suam

174 4700 382 4760 ponunt
427 4691 483 4744 in
525 4685 804 4744 sacrorum
841 4685 1418 4760 canonumﬁdiscendis
1459 4685 1760 4760 sententiis.

173 4756 566 4817 Gravissimam
601 4775 763 4829 porro
794 4759 1057 4813 rationem
1089 4757 1244 4829 affert
1271 4756 1621 4829 Argobardus,
1668 4775 1766 4813 cur

173 4847 413 4887 canones
444 4827 678 4884 debeant
710 4846 828 4884 esse
861 4828 1167 4883 intemerati
1205 4837 1258 4881 et
1287 4827 1499 4881 illibati.
1536 4845 1553 4877 ι
1589 4829 1722 4896 Quia
1745 4869 1759 4892 ,

174 4903 386 4972 inquit,
438 4899 638 4972 firmati
682 4910 817 4972 sunt
864 4899 1070 4968 Spiritu
1116 4898 1245 4962 Dei,
1293 4911 1560 4972 consensy
1599 4900 1763 4972 totius

176 4966 382 5036 mundi,
416 4970 727 5026 obedientia
756 4966 1058 5039 principum
1079 5011 1092 5032 ,
1135 4967 1490 5039 consonantia
1519 4966 1765 5038 Scriptu-

176 5058 378 5097 rarum.
422 5061 442 5093 ι
506 5039 659 5096 Unde
698 5036 954 5094 discimus
992 5053 1240 5108 quamam
1279 5036 1522 5108 patribus
1562 5036 1763 5094 nostris

176 5128 326 5168 mens
360 5111 528 5166 fuerit
553 5125 651 5181 per
678 5111 794 5166 illas
826 5106 1203 5181 tempestates,
1249 5108 1426 5177 quoad
1465 5106 1762 5178 legitimam

174 5183 534 5238 conciliorum
555 5180 960 5235 auctoritatem.
1003 5180 1243 5234 Primum
1273 5191 1494 5231 necesse
1526 5189 1644 5232 erat
1673 5197 1764 5235 ca-

175 5268 342 5307 nones
371 5252 629 5315 decerni,
667 5267 728 5306 ea
760 5251 1128 5306 moderatione
1156 5257 1368 5303 servata
1389 5287 1403 5311 ,
1445 5255 1504 5299 ut
1540 5249 1670 5303 nihil
1709 5251 1762 5305 in

176 5325 251 5378 eis
277 5323 593 5378 sanciretur
619 5323 762 5390 quod
790 5336 960 5376 sacra:
988 5320 1286 5388 Scriptura:
1315 5319 1647 5372 contrarium
1679 5336 1764 5375 es-

177 5404 274 5448 set.
315 5392 525 5447 Deinde
555 5393 895 5446 necessarius
925 5400 1043 5444 erat
1075 5390 1314 5443 ﬁdelium
1343 5401 1640 5443 consensus
1659 5432 1672 5454 ,
1709 5399 1763 5444 et

178 5464 484 5534 principum
530 5461 1086 5534 auctoritas,7(quam
1132 5459 1461 5534 modestiore
1494 5461 1764 5534 vocabulo

177 5525 540 5589 obedientiam
570 5541 728 5585 vocat
756 5525 1094 5605 Agebai'dus)
1125 5537 1186 5582 ut
1210 5543 1391 5605 rerum
1419 5525 1761 5605 definitarum

178 5605 453 5659 exsecutio
484 5596 832 5672 sequeretur:
860 5601 995 5655 Nam
1020 5596 1085 5654 in'
1099 5600 1279 5653 causis
1306 5596 1625 5672 disciplinm,
1650 5616 1763 5654 ma-

180 5676 264 5744 gni
294 5669 577 5745 ponderis
612 5685 825 5742 semper
851 5673 1094 5745 visa_est_
1123 5669 1418 5745 auctoritas
1457 5669 1762 5745 principum

177 5737 226 5799 Et
253 5737 580 5818 pepulorum
609 5737 923 5799 consensus.
967 5741 1204 5812 Denique
1235 5737 1402 5793 multa
1429 5737 1759 5809 posteriores

1877 3709 2089 3780 synodi,
2125 3710 2178 3762 in
2217 3709 2410 3780 quibus
2439 3707 2602 3762 etiam
2635 3707 2867 3780 Romani
2897 3707 3179 3780 pontiﬁces
3209 3710 3468 3777 praeside-

1877 3778 2027 3840 bant,
2058 3779 2484 3842 constituerunt,
2523 3794 2644 3847 qua:
2670 3778 2955 3832 observata
2983 3794 3090 3831 non
3119 3778 3270 3833 fuere
3295 3781 3460 3835 etiam

1876 3852 1944 3904 ab
1990 3850 2057 3902 iis
2097 3849 2229 3918 ipsis
2268 3863 2496 3916 quorum
2533 3865 2648 3903 aevo
2674 3848 2967 3903 constituta
2997 3847 3177 3912 fuere;
3228 3859 3288 3902 ut
3334 3848 3463 3906 alibi

1874 3919 2193 3973 adnotatum
2223 3927 2308 3972 est
2335 3935 2365 3972 a
2394 3919 2585 3989 nobis.
2611 3919 2676 3984 Et
2696 3918 2889 3989 quoad
2928 3919 3184 3973 saeculum
3217 3919 3460 3989 Agebar-

1878 3990 2059 4044 dicum
2081 4031 2094 4053 ,
2140 3997 2352 4043 constat
2380 4004 2474 4042 eos
2513 3987 2656 4043 solos
2682 3987 2992 4042 Gallicanos
3027 3987 3462 4046 canones'fuisse

1876 4061 2215 4124 observatos,
2243 4059 2334 4180 qui
2365 4059 2696 4180 principibus
2725 4057 3063 4128 placuerant,
3095 4071 3322 4114 ceteros
3352 4075 3458 4115 non

1876 4131 2181 4180 admissos:
2224 4130 2240 4180 i
2305 4129 2446 4180 quod
2474 4143 2538 4180 ve
2588 4129 2746 4180 unico
2773 4128 2962 4180 svnodi
2991 4127 3300 4180 Meldensis.
3339 4145 3458 4180 alue

1875 4131 2181 4184 admissos:
2224 4127 2275 4182 id
2305 4129 2446 4198 quod
2474 4127 2558 4181 vel
2588 4127 2746 4183 unico
2773 4128 2962 4198 synodi
2991 4127 3300 4194 Meldensis,
3339 4145 3460 4198 quae

1874 4201 1975 4255 sub
2001 4199 2196 4254 Carolo
2223 4198 2387 4280 Calvo
2415 4199 2599 4253 habita
2627 4207 2740 4263 est,
2781 4198 3028 4270 exemplo
3056 4198 3273 4268 probari
3300 4215 3459 4270 posse

1873 4285 2051 4340 nemo,
2061 4278 2353 4340 negaverit.

1946 4350 1968 4378 ο
2026 4337 2154 4394 Iam}
2200 4339 2549 4392 necessitates.
2602 4337 2834 4392 Aiebant
2876 4338 3021 4392 enim
3068 4337 3344 4408 principes
3398 4355 3457 4394 se

1869 4411 2191 4465 necessitate
2218 4410 2448 4478 quadam
2477 4409 2697 4462 adactos
2720 4409 2961 4462 tribuere
2987 4408 3139 4462 laieis
3170 4424 3257 4463 res
3279 4409 3452 4464 eccle-

1869 4480 2138 4543 siasticas,
2167 4487 2227 4533 ut
2253 4480 2337 4534 his
2360 4479 2518 4533 bonis
2547 4478 2733 4546 adjuti,
2767 4478 2978 4532 facilius
3005 4479 3204 4532 morari
3234 4488 3456 4547 possent

1870 4550 1923 4604 in
1951 4551 2172 4606 servitio
2201 4550 2524 4618 principum,
2556 4549 2608 4602 id
2634 4558 2738 4612 est,
2769 4549 3003 4602 militare
3031 4547 3270 4602 officium
3298 4565 3454 4604 exer-

1869 4635 2027 4676 cere:
2063 4621 2128 4674 de
2155 4636 2261 4689 qua
2293 4635 2350 4673 re
2379 4620 2566 4687 paucis
2602 4620 2837 4689 diximus
2866 4619 2918 4689 in
2943 4619 3095 4689 notis
3135 4619 3202 4672 ad
3239 4618 3450 4689 Lupum

1866 4687 2290 4746 Ferrariensem.
2318 4689 2450 4742 Vide
2479 4689 2671 4742 librum
2693 4705 2724 4741 v
2747 4687 3156 4757 Capitularium,
3182 4704 3301 4757 cap.
3324 4687 3448 4755 18!;

1867 4760 2111 4830 Capitula
2141 4759 2319 4814 Caroli
2347 4758 2496 4830 Calvi
2528 4759 2679 4830 titulo
2711 4758 2800 4830 23,
2835 4773 2953 4830 cap.
2986 4760 3052 4830 ’ῖςΔ
3082 4759 3290 4828 Lupum
3317 4759 3452 4830 Fer-

1866 4827 2162 4884 rariensem
2193 4830 2352 4899 epist.
2382 4829 2480 4894 7i;
2528 4837 2584 4883 et
2610 4827 2972 4884 Flodoardum
3000 4827 3094 4882 lib.
3126 4827 3210 4892 ui,
3242 4844 3363 4898 cap.
3392 4829 3449 4894 4,

1866 4901 2115 4954 Historia:
2144 4900 2484 4954 Rhemensis.

1934 4969 1960 5008 ἀ
1989 4970 2339 5024 Prwcessores
2372 4971 2510 5039 ejus,
2535 4970 2587 5024 id
2608 4978 2713 5032 est,
2740 4967 2968 5039 Carolus
2997 4967 3293 5039 Martellus,
3323 4970 3449 5024 novi

1863 5040 2087 5164 thi‘ujusce
2123 5041 2263 5111 juris
2306 5037 2571 5110 repertor,
2624 5048 2736 5092 tum
2786 5037 3076 5107 Pippinus,
3125 5047 3179 5093 et
3224 5037 3451 5096 Carolus

1919 5127 2110 5164 agnus.

1919 5127 2110 5165 agnus.

1939 5128 2396 5250 legﬁsCompendio
2419 5178 2640 5250 palatio.
2677 5177 2833 5250 Anno
2857 5178 3039 5247 itaque
3058 5179 3305 5248 sequenti
3327 5187 3449 5250 post

1864 5263 2187 5307 conventum
2212 5249 2636 5303 Attiniaeensem
2657 5291 2670 5311 ,
2703 5249 2753 5301 id
2783 5256 2896 5312 est,
2929 5263 3071 5302 anno
3103 5250 3229 5314 8‘25,
3264 5249 3445 5304 habita

1863 5331 1946 5377 est
1971 5321 2208 5390 synodus
2233 5320 2372 5389 apud
2390 5319 2800 5390 Compendium,
2822 5317 2876 5390 in
2899 5334 3002 5387 qua
3027 5335 3242 5373 rursum
3264 5327 3447 5374 actum

1864 5401 1949 5446 est
1993 5388 2058 5445 de
2109 5388 2280 5444 rebus
2319 5391 2492 5444 sacris
2543 5389 2724 5442 illicite
2768 5388 2921 5442 usis:
2971 5403 3131 5460 quam
3180 5389 3448 5460 synodum

1865 5464 2033 5516 miror
2085 5477 2114 5514 a
2169 5462 2386 5514 nemine
2438 5462 2703 5514 hactenus
2750 5457 3001 5516 amiitam’
3040 5457 3226 5515 fuisse.
3289 5457 3451 5514 Certe

1864 5539 2165 5586 conventus
2215 5527 2383 5584 habiti
2434 5531 2488 5583 in
2534 5527 2873 5598 Compendio
2911 5528 3118 5598 palatio
3159 5543 3303 5583 anno
3342 5529 3448 5585 825

1865 5616 2052 5656 mense
2092 5599 2418 5662 Novembri,
2470 5607 2529 5652 ut
2574 5599 2810 5652 edictum
2857 5597 3031 5652 fuerat
3071 5598 3125 5651 in
3173 5610 3448 5652 conventu

1865 5669 2378 5734 Francofordicnsi,
2428 5670 2752 5723 mentionem
2791 5667 2921 5722 facit
2964 5669 3341 5736 Eginhardus,
3395 5671 3449 5722 in

1863 5756 2034 5812 eoque
2057 5740 2277 5812 ’legatos
2317 5754 2468 5810 papze
2502 5737 2778 5794 Paschalis
2805 5738 3015 5793 auditos
3046 5738 3210 5794 fuisse
3282 5737 3452 5808 Cujus
