3930 6318
519 292 619 352 931

1488 309 1545 365 S.
1588 308 1942 367 AGOBARDI
1981 310 2293 370 EPISCOPI
2330 308 2817 372 LUGDUNENSIS

3648 308 3661 313 γέ
3719 332 3825 388 259

514 432 695 485 retur,
717 422 787 477 ad
822 419 969 477 hunc
1014 420 1233 475 modum
1261 461 1276 486 ,
1335 430 1457 492 post
1484 422 1654 477 multa
1698 422 1962 493 colloquia
1988 464 2003 488 ,
2054 423 2108 477 in
2140 429 2186 487 Α
2216 422 2281 477 de
2305 424 2407 479 hoc
2426 424 2711 480 audiamus
2735 435 2790 481 et
2818 426 3123 510 loquamur,
3143 438 3312 495 recte,
3336 439 3397 486 ut
3447 440 3581 503 puto
3607 477 3621 500 ,
3672 438 3770 492 tibi

514 524 777 583 quantum
803 528 904 584 ego
930 512 1196 578 intellexi,
1223 513 1503 568 ratiocinia
1563 523 1690 568 sunt
1736 514 2019 584 perducta,
2053 525 2112 570 ut

515 604 748 675 primum
775 605 994 674 quidem
1025 604 1385 659 intellectibus
1418 606 1659 660 omnium
1708 605 2111 661 inculcarentur

514 695 712 751 delicta
740 698 807 751 de
856 697 1020 752 rebus
1046 698 1219 753 sacris
1248 698 1437 753 illicite
1480 700 1613 763 usis,
1639 709 1764 769 post
1800 713 1930 755 vero
1983 715 2107 754 cum

514 783 609 839 Dei
637 785 831 841 timore
857 785 912 840 in
940 785 1044 841 illis
1062 802 1201 857 quas
1244 788 1449 843 habent
1499 788 1622 843 laici
1672 790 1947 845 cautiores
1977 789 2107 846 eﬂ‘e-

510 876 606 942 cti,
636 878 800 932 etiam
830 878 888 932 in
917 879 1003 935 bis
1025 894 1147 949 qua:
1174 889 1573 935 remanserunt
1606 882 1863 937 Eeclesiis
1907 881 2110 939 fidelio-

511 956 601 1022 res
628 978 791 1038 atque
811 969 1193 1025 clementiores
1216 979 1570 1037 exswterent;
1610 972 1684 1026 ita
1711 980 1768 1025 ut
1792 981 1846 1027 et
1871 975 1985 1027 suis
2013 972 2107 1027 ad-

510 1054 760 1112 hiberent
793 1059 1073 1128 pietatem,
1103 1069 1162 1114 ut
1187 1069 1244 1116 et
1272 1061 1532 1117 Ecclesiis
1560 1061 2105 1126 defensionem;'lie-

508 1159 700 1220 retque
720 1153 1073 1220 compatienti
1100 1154 1391 1208 concordia
1437 1154 1801 1208 remediabilis
1826 1169 1890 1208 ac
1920 1155 2105 1208 venia-

505 1241 650 1307 bilis,
682 1242 1014 1314 offe'asioque
1062 1246 1360 1301 comitante
1409 1247 1611 1316 pietate
1662 1246 1729 1301 de
1766 1246 2100 1319 indulgentia

504 1348 719 1402 quoque
745 1343 890 1388 esset
919 1350 1132 1390 secura.

582 1425 665 1478 Vl.
708 1424 859 1481 lianc
892 1441 1006 1482 rem
1034 1442 1157 1481 cum
1183 1427 1431 1483 dominus
1462 1429 1757 1497 imperator
1784 1428 1995 1483 audiret
2018 1435 2101 1482 at-

501 1528 608 1583 que
625 1516 1005 1585 perpenderet,
1034 1517 1223 1573 volens
1256 1532 1377 1572 eam
1406 1518 1602 1573 ducere
1631 1518 1701 1572 ad
1728 1519 2095 1588 tranquillita-

503 1611 611 1659 tem
640 1606 813 1674 pacis,
836 1621 955 1675 qua:
983 1607 1049 1661 ad
1071 1609 1341 1663 modicum
1375 1610 1590 1663 turbata
1620 1607 2092 1679 fuerat,quantum

500 1693 557 1751 in
587 1709 644 1749 se
678 1694 802 1759 fuit,
836 1694 967 1750 fecit
998 1697 1143 1751 uniri
1177 1698 1462 1769 episcopos
1510 1708 1566 1753 et
1593 1701 1821 1754 comites
1872 1701 1926 1754 in
1971 1715 2096 1756 con-

2211 514 2379 570 frater
2408 517 2748 583 charissime,
2773 519 2949 574 visum
2969 530 3055 576 est
3080 532 3137 575 ut
3160 524 3227 578 de
3252 527 3428 581 sacris
3457 526 3615 583 libris
3639 537 3695 584 et
3722 546 3810 585 ca-

2209 605 2440 661 nonibus
2458 594 2843 663 auCtoritatetn
2888 620 3188 676 sumentes,
3214 616 3525 686 pariterque
3552 620 3806 690 exempla

2209 707 2525 753 sanctorum
2560 699 2625 753 ad
2651 700 2883 755 medium
2906 701 3255 769 deducentes,
3276 705 3542 761 humanos
3566 723 3805 770 errores.

2207 793 2298 860 qui
2335 808 2677 863 summepere
2696 792 2901 847 vitandi
2930 802 3081 858 sunt,
3109 810 3423 862 caveamus,
3442 810 3497 853 et
3517 800 3804 854 veritatem

2206 881 2323 946 Dei,
2348 899 2376 936 a
2404 898 2509 952 qua
2542 884 2634 953 qui
2662 885 2945 939 recesserit
2974 886 3026 938 in
3058 888 3293 942 tenebris
3322 902 3542 944 maneat
3574 905 3800 945 necesse

2204 980 2307 1033 est,
2340 980 2640 1028 teneamus.
2672 974 2817 1029 Sane
2840 991 2961 1029 cum
3015 991 3116 1031 nos
3157 980 3223 1031 ad
3253 978 3391 1033 hanc
3440 982 3799 1037 roborandam

2204 1061 2270 1116 de
2296 1062 2646 1119 Testamento
2680 1066 2856 1121 Veteri
2884 1066 3034 1134 plura
3068 1070 3477 1138 sumpserimus,
3499 1080 3668 1125 erunt
3697 1070 3801 1128 for-

2202 1162 2349 1209 tasse
2372 1156 2464 1225 qui
2494 1156 2677 1210 dicant
2697 1156 2927 1210 aliarum
2955 1174 3134 1213 rerum
3185 1161 3387 1231 liguras
3406 1179 3547 1227 esse,
3578 1181 3682 1221 nec
3707 1182 3800 1235 per

2202 1248 2318 1302 haec
2358 1249 2761 1303 contentionem
2802 1265 2961 1319 posse
2992 1251 3154 1306 finiri.
3188 1254 3500 1325 Hujusmodi
3528 1272 3662 1328 ergo
3707 1260 3797 1313 ho-

2200 1338 2397 1403 mines,
2428 1339 2473 1393 si
2514 1340 2604 1409 qui
2650 1349 2841 1404 erunt,
2885 1342 3098 1396 videtur
3146 1345 3278 1398 mihi
3338 1353 3398 1399 ut
3447 1347 3794 1419 interrogare

2199 1430 2432 1490 studeas,
2457 1430 2597 1483 unde
2624 1429 2816 1484 Patres
2843 1431 3073 1493 doceant
3098 1450 3206 1488 non
3258 1451 3418 1505 posse
3467 1451 3797 1509 quemquam

2199 1521 2262 1573 ai
2288 1519 2650 1575 sacerdotium
2673 1524 2999 1591 promoveri,
3033 1524 3061 1573 b
3093 1524 3137 1579 si
3161 1525 3399 1591 viduam,
3428 1527 3513 1582 vel
3540 1531 3794 1599 repudia-

2198 1618 2328 1677 tam,
2357 1612 2470 1666 sive
2496 1612 2859 1677 meretricem,
2888 1621 2965 1679 et,
2988 1623 3046 1667 ut
3086 1616 3522 1685 compendiosius
3572 1619 3751 1673 dicam
3777 1659 3794 1683 ,

2197 1718 2308 1757 non
2333 1702 2598 1773 virginem
2655 1702 2708 1755 in
2734 1701 3042 1771 coniugium
3090 1706 3412 1773 sumpserit;
3453 1707 3668 1762 etiamsi
3710 1724 3798 1763 se-

498 1802 718 1841 sensum
745 1797 799 1843 et
826 1802 1033 1857 pacem.
1068 1789 1147 1844 Ex
1204 1791 1308 1845 hoc
1360 1791 1543 1859 itaque
1568 1792 1752 1861 putavi
1797 1806 1915 1862 ego,
1950 1793 2094 1861 quod
2124 1782 2170 1841 B
2198 1792 2433 1847 cundum
2468 1790 2783 1860 Apostolum
2805 1792 2966 1846 unius
3010 1792 3196 1847 uxoris
3224 1794 3307 1847 vir
3352 1810 3472 1850 esse
3514 1798 3794 1851 doceatur.

497 1878 684 1932 codem
714 1880 873 1935 modo
911 1896 1019 1949 quo
1058 1880 1308 1936 dominus
1336 1882 1630 1950 imperator
1658 1884 1909 1953 pensavit
1933 1894 2094 1954 atque

501 1970 766 2025 intellexit
816 1974 1120 2039 rationem,
1162 1975 1439 2044 Sopirique
1485 1974 1614 2030 fecit
1666 1976 2093 2043 dissensionem,

496 2075 686 2115 omnes
713 2062 878 2117 etiam
909 2065 1136 2119 comites
1166 2066 1248 2119 vel
1293 2066 1541 2120 honorati
1564 2065 1679 2134 ejus
1705 2067 2096 2124 intellexissent

496 2160 660 2222 atque
690 2154 1005 2211 voluissent.
1039 2156 1145 2211 Sed
1175 2172 1204 2211 e
1229 2158 1506 2211 contrario
1534 2197 1548 2221 ,
1598 2166 1659 2212 ut
1685 2158 1869 2223 audio,
1901 2160 1989 2213 isti
2028 2162 2094 2214 de

495 2243 691 2311 quibus
720 2246 875 2300 nobis
905 2261 1085 2301 sermo
1124 2255 1207 2301 est
1266 2247 1581 2301 inchoatam
1616 2247 1940 2302 discordiam
1974 2263 2093 2301 ma-

492 2332 771 2401 gnificam,
812 2344 866 2389 et
895 2336 961 2391 de
986 2336 1256 2392 discordia
1291 2338 1344 2391 iu
1371 2346 1666 2407 conspectu
1690 2338 1893 2392 domini
1926 2338 2096 2406 impe-

494 2422 695 2477 ratoris
727 2424 861 2478 nihil
910 2441 969 2480 se
998 2428 1215 2481 audisse
1245 2426 1328 2481 vel
1372 2427 1708 2482 intellexisse
1747 2427 1953 2481 dicunt.
1988 2427 2093 2483 γε

493 2528 613 2567 rum
649 2516 775 2584 quia
814 2516 867 2570 in
898 2517 983 2572 his
1015 2518 1282 2573 neminem
1317 2519 1529 2573 illorum
1571 2526 1666 2572 aut
1692 2518 1944 2589 mitigare
1967 2533 2091 2588 pos-

491 2619 698 2671 sumus,
728 2617 821 2662 aut
840 2623 1170 2679 exasperare
1196 2611 1488 2676 voluimus,
1522 2623 1547 2651 ι
1586 2610 1926 2665 difnittamus
1954 2625 2089 2664 cau-

490 2710 607 2750 sam
638 2696 768 2763 Deo,
796 2700 889 2769 qui
918 2701 1102 2756 omnia
1149 2702 1467 2772 dispensat,
1513 2702 1637 2757 etei
1664 2702 1752 2758 cui
1795 2704 2088 2758 commissa

490 2796 619 2842 sunt
664 2790 732 2844 ad
794 2791 1108 2860 regendum,
1134 2804 1193 2847 ut
1224 2794 1385 2848 faciat
1430 2794 1573 2864 quod
1629 2793 1739 2848 Deo
1784 2793 2086 2864 inspirante

487 2888 715 2936 eventus
761 2898 942 2937 rerum
975 2884 1180 2939 tulerit.
1229 2886 1295 2939 Et
1322 2888 1466 2956 quod
1501 2888 1567 2940 ad
1598 2902 1695 2941 nos
1720 2901 1825 2940 non
1850 2888 2087 2956 pertinet

488 2972 819 3037 omittentes,
846 2983 1188 3033 transeamus
1217 2979 1281 3033 ad
1318 2994 1381 3033 ea
1409 2994 1529 3049 qua:
1564 2979 1629 3033 ad
1660 2994 1850 3034 omnes
1878 2979 2080 3043 fideles,

487 3066 722 3133 qualiter
742 3069 1034 3134 credenda,
1065 3070 1150 3127 vel
1178 3071 1520 3141 intelligenda
1564 3072 1709 3136 sint,
1762 3071 2081 3140 pertinent;

489 3174 553 3214 ac
572 3158 726 3227 juxta
756 3164 900 3233 quod
941 3165 1210 3234 exiguitas
1245 3134 1435 3219 sensus
1490 3165 1660 3218 nostri
1694 3134 1971 3234 attingit,
2016 3179 2083 3219 ex
2112 3134 2156 3197 Ο

487 3252 813 3306 auctoritate
848 3252 1256 3322 Scripturarum
1284 3253 1368 3308 vel
1401 3268 1667 3308 canonum
1728 3253 1929 3307 nostris
1955 3267 2085 3307 ocu-

487 3340 555 3395 lis
582 3340 973 3400 consideranda
1006 3358 1389 3413 proponamus,
1418 3352 1477 3396 ut
1503 3342 1707 3412 petisti.

559 3437 667 3492 Vll.
710 3436 864 3491 Licet
890 3437 1166 3507 indignum
1194 3436 1423 3490 ducatur
1448 3450 1549 3489 nos
1596 3434 1909 3489 melioribus
1952 3435 2085 3489 insi-

488 3544 658 3584 nuare
683 3527 812 3598 quid
835 3526 1178 3582 sentiendum
1211 3525 1280 3579 sit
1304 3526 1371 3579 de
1392 3525 1793 3593 dispensatione
1820 3525 2084 3579 ecclesia-

487 3622 749 3677 sticarum
782 3635 983 3681 rerum,
1011 3633 1186 3686 neque
1216 3633 1245 3671 a
1280 3617 1478 3671 talibus
1504 3617 1689 3685 quales
1713 3632 1809 3670 nos
1848 3632 2035 3671 sumus
2059 3657 2072 3680 ,

487 3713 540 3767 id
567 3720 818 3783 potentes
846 3710 1027 3765 szeculi
1052 3710 1435 3780 inquirendum
1476 3718 1698 3779 putent;
1739 3720 1918 3763 tamen
1946 3711 2072 3779 quia

487 3805 632 3858 inter
657 3802 792 3858 tales
822 3816 1209 3857 conversamur
1251 3808 1311 3854 ut
1341 3800 1569 3854 velimus
1597 3800 1853 3863 nolimus,
1888 3800 2080 3855 crebro

2197 1881 2441 1950 Cumque
2461 1881 2564 1936 hoc
2592 1881 2644 1934 in
2671 1877 2819 1935 Novo
2843 1896 2950 1934 non
2976 1883 3253 1950 potuerint
3278 1883 3676 1950 demonstrare,
3709 1885 3795 1940 fa-

2197 1978 2415 2025 teantur
2443 1983 2665 2024 necesse
2694 1977 2780 2024 est
2810 1981 2831 2008 ο
2876 1970 3100 2025 decreto
3127 1974 3296 2026 veteri
3344 1976 3612 2028 contineri
3642 1993 3657 2027 :
3695 1992 3797 2031 ne-

2194 2077 2298 2132 que
2327 2062 2428 2117 hoc
2450 2060 2646 2122 solum.
2672 2061 2768 2115 sed
2795 2069 2850 2115 et
2870 2062 3037 2117 multa
3071 2062 3253 2117 forsan
3282 2064 3609 2133 hujusmodi.
3641 2068 3787 2122 Tum

2193 2167 2531 2223 consequens
2571 2153 2696 2218 erit,
2718 2154 2975 2220 arbitror,
3002 2164 3061 2208 ut
3088 2163 3142 2208 et
3173 2156 3305 2211 istas
3347 2158 3798 2217 ratiocinationes

2194 2245 2477 2300 inchoatas
2498 2245 2554 2298 in
2589 2244 2772 2300 Veteri
2828 2245 3197 2313 Testamento,
3227 2263 3293 2301 ex
3345 2249 3460 2318 ipso
3487 2251 3651 2304 etiam
3712 2252 3800 2303 lir-

2194 2340 2438 2394 mitatem
2464 2339 2711 2393 obtinere
2745 2352 2905 2409 posse
2957 2346 3012 2393 et
3038 2339 3235 2394 debere
3278 2342 3603 2407 concedant;
3651 2357 3798 2413 pra:-

2194 2430 2381 2484 sertim
2404 2443 2528 2484 cum
2559 2438 2614 2483 et
2632 2428 2827 2483 litteris
2855 2429 3184 2500 evangelicis
3207 2438 3263 2485 et
3301 2433 3611 2501 apostolicis
3656 2450 3798 2488 con-

2192 2521 2443 2575 firmetur
2469 2520 2612 2590 quod
2633 2519 2940 2590 ubicunque
2973 2520 3056 2574 lex
3086 2522 3477 2576 mortalitatem
3501 2524 3680 2588 docet,
3717 2525 3797 2581 ita

2190 2623 2250 2668 ut
2272 2613 2469 2669 dicitur
2510 2612 2853 2685 intelligenda
2894 2612 2964 2667 sit
3004 2627 3066 2668 ac
3093 2615 3343 2670 tenenda.
3375 2615 3601 2671 Videtur
3645 2617 3789 2671 milii

2188 2712 2546 2776 przeterea,ut
2574 2705 2827 2775 quoniam
2846 2706 3031 2759 omnia
3054 2706 3363 2762 testimonia
3387 2723 3509 2777 quas
3544 2709 3611 2763 ad
3640 2726 3786 2779 pra).

2188 2797 2359 2852 sentis
2380 2797 2693 2867 quaestionis
2743 2797 3137 2853 absolutionem
3179 2798 3302 2854 inde
3349 2811 3676 2865 sumuntur,
3732 2813 3794 2857 et

2186 2887 2332 2942 omni
2355 2888 2579 2943 omnino
2606 2896 2761 2958 parte
2788 2903 2894 2943 non
2922 2890 3256 2945 conveniunt
3283 2892 3362 2947 eis
3396 2892 3557 2948 rebus
3586 2894 3794 2962 quibus

2186 2979 2539 3035 defendendis
2568 2988 2839 3050 aptantur,
2868 2988 2978 3034 tam
3003 2981 3241 3036 breviter
3266 2998 3294 3036 a
3318 2984 3473 3039 nobis
3508 2988 3790 3052 perstrin-

2190 3080 2406 3141 gantur,
2441 3079 2499 3124 ut
2550 3071 2653 3140 piis
2701 3072 2916 3138 quidem
2970 3070 3288 3127 sufﬁcientia
3333 3074 3648 3138 videantur,
3679 3076 3792 3130 illis

2187 3177 2318 3217 vero
2348 3162 2439 3231 qui
2469 3162 2860 3232 quzestionibus
2908 3165 3080 3234 magis
3114 3180 3276 3233 quam
3326 3166 3671 3221 mditicationi
3710 3170 3792 3222 in-

2188 3253 2394 3306 servire
2414 3252 2586 3322 parati
2609 3260 2755 3317 sunt,
2780 3253 3107 3309 laboriosam
3134 3255 3521 3325 loquacitatem
3556 3260 3786 3330 proprio

2187 3341 2340 3396 libitu
2365 3350 2663 3397 reservent.

2260 3432 2391 3487 Vill.
2434 3432 2628 3488 Notum
2660 3441 2745 3489 est
2776 3435 2995 3490 cunctis
3022 3433 3332 3507 Scripturas
3356 3439 3686 3509 legentibus,
3712 3443 3786 3499 ab

2188 3522 2341 3577 initio
2362 3523 2581 3577 humani
2612 3525 2826 3594 generis
2880 3527 3193 3582 sacerdotes
3227 3528 3395 3584 fuisse
3453 3537 3509 3584 et
3536 3530 3733 3585 altaria
3766 3571 3783 3596 ,

2181 3616 2430 3670 victimas
2453 3623 2508 3669 et
2536 3614 2838 3682 sacrificia;
2874 3632 2976 3672 nec
3031 3619 3205 3673 solum
3242 3606 3355 3675 haec
3402 3619 3516 3674 Deo
3560 3620 3779 3685 oblata,

2183 3708 2274 3762 sed
2306 3715 2359 3761 et
2388 3706 2627 3762 decimas
2654 3716 2809 3761 votas
2834 3716 2888 3761 et
2915 3710 3289 3766 sacerdotibus
3312 3712 3552 3766 redditas
3580 3752 3596 3777 ,
3650 3712 3783 3782 ipsis

2184 3799 2360 3853 denuo
2394 3797 2763 3853 sacerdotibus
2783 3800 3053 3866 primitias
3083 3800 3369 3869 diligenter
3400 3800 3574 3865 datas,
3614 3811 3780 3857 crete-

1851 3892 2125 3950 BALUZII
2165 3890 2394 3947 NOTIE.

492 3984 568 4040 rei
596 3981 843 4037 meminit
860 3980 1251 4052 etiam_au_ctor_
1267 3979 1411 4052 Vitas
1422 3979 1689 4052 Ludovici
1712 3980 1816 4045 Pii,
1840 3982 2081 4052 itemque

485 4064 674 4111 auctor
702 4051 991 4105 Annalium
1024 4049 1079 4104 S.
1109 4049 1335 4103 Bertini.
1391 4048 1469 4105 Ne
1503 4050 1625 4119 quis
1654 4065 1785 4105 vero
1823 4048 2082 4106 causetur

488 4131 817 4182 conventum
847 4121 1014 4175 fuisse
1043 4135 1193 4174 mere
1224 4120 1526 4188 politicum,
1555 4134 1661 4173 non
1694 4129 1873 4175 autem
1904 4122 2081 4178 eccle-

484 4194 788 4254 siasticum,
806 4191 1061 4263 adeoque
1090 4206 1189 4263 nec
1218 4192 1503 4263 synodum,
1539 4191 1694 4263 testis
1725 4201 1811 4263 est
1832 4193 2080 4263 Agobar-

482 4265 586 4320 dus
615 4264 666 4317 in
698 4262 874 4331 capite
898 4261 1165 4329 sequenti,
1191 4259 1551 4314 ei'conventui
1578 4259 2077 4317 interfuisse'etiam

482 4330 785 4402 episcopos.
823 4330 1051 4402 Vigeliat
1070 4340 1249 4384 autem
1283 4331 1371 4385 hic
1396 4344 1513 4402 mos
1540 4345 1635 4398 per
1659 4345 1752 4384 eas
1782 4342 2077 4401 tempeSIa-

2184 3991 2406 4053 pantur,
2455 3996 2561 4035 non
2605 3988 2785 4050 potest
2825 3995 2947 4036 esse
2987 3980 3292 4053 episcopus,
3336 3989 3431 4053 aut
3466 3982 3775 4053 presbyter.

2186 4051 2278 4132 aut
2303 4052 2585 4132 diaconus,
2604 4058 2709 4132 aut
2734 4066 2800 4105 ex
2827 4064 2893 4131 eo
2922 4065 3145 4132 numero
3170 4051 3261 4132 qui
3290 4052 3591 4132 ministerio
3611 4051 3776 4132 sacro

2184 4122 2521 4177 deserviunt.
2551 4142 2569 4173 ι
2604 4119 2948 4175 Innocentius
2975 4119 2994 4173 1
3028 4119 3337 4189 ἰηᾼερίειοιε
3368 4122 3434 4175 ad
3455 4119 3773 4179 Vi'ctricium

2182 4193 2493 4261 episcopum
2514 4191 3001 4261 Rothomagensetn
3024 4187 3387 4261 :cUt‘viduam
3410 4191 3641 4247 clericus
3664 4212 3773 4249 non

2182 4259 2345 4315 ducat
2370 4275 2622 4324 uxorem;
2652 4259 3063 4329 quia'scriptum
3082 4272 3170 4322 est
3193 4302 3209 4318 .
3247 4259 3515 4317 Sacerdos
3542 4278 3772 4321 uxorem

2181 4331 2442 4405 virginem
2472 4332 2719 4405 accipiat,
2747 4331 3112 4405 non_v_iduam,
3147 4350 3255 4389 non
3286 4332 3535 4405 eiectam.
3571 4333 3773 4405 Utique

484 4399 585 4477 tes,
617 4399 681 4477 ut
701 4399 941 4477 episcopi
973 4402 1024 4454 in
1058 4402 1414 4477 conventibus
1444 4400 1547 4453 illis
1579 4399 2075 4477 regiistraciarent
2102 4419 2152 4477 D
2180 4399 2297 4469 qui“
2320 4402 2804 4477 ad__sacerdotit_lm
2852 4399 3036 4477 labore
3081 4418 3181 4456 suo
3228 4412 3283 4477 et
3317 4399 3452 4477 :v‘itze
3474 4399 3771 4477 probitate

481 4473 549 4528 de
576 4474 739 4527 rebus
768 4473 941 4526 sacris
970 4478 1027 4524 et
1053 4472 1120 4523 ad
1147 4471 1459 4540 religionem
1484 4471 1897 4539 pertinentibus,
1928 4471 2075 4527 seor-

480 4559 602 4598 sum
637 4558 668 4596 a
697 4541 883 4603 laicis,
935 4542 982 4595 si
1021 4555 1108 4594 res
1152 4550 1299 4596 esset
1335 4554 1485 4595 mere
1527 4540 1858 4609 spiritualis;
1913 4542 2073 4596 simul

481 4628 633 4676 vero,
658 4613 701 4665 si
730 4627 818 4666 res
838 4612 905 4665 ad
936 4610 1275 4679 disciplinam
1298 4611 1726 4665 ecclesiasticam
1751 4612 2069 4679 pertineret.

481 4682 600 4750 Quo
639 4680 802 4737 fiebat
840 4689 900 4734 ut
936 4680 1152 4734 decreta
1193 4681 1317 4735 dein
1353 4681 1406 4735 in
1444 4680 1714 4749 publicum
1755 4683 2070 4745 ederentur,

479 4768 602 4822 quae
626 4751 841 4806 concilii
864 4750 1185 4822 episcopalis
1207 4752 1530 4822 auctoritate
1552 4760 1607 4803 et
1628 4750 1889 4822 dignitate
1912 4759 2073 4822 erant

480 4819 745 4876 instructa
764 4861 780 4885 ,
814 4830 876 4874 ut
906 4819 1149 4888 pluribus
1175 4821 1412 4875 ostendit
1442 4819 1621 4874 Marca
1651 4819 1704 4873 in
1734 4820 1874 4875 libro
1904 4838 1956 4875 vt
1997 4821 2074 4875 De

478 4890 803 4952 Concordia,
832 4905 954 4958 cap.
982 4889 1071 4942 25.
1109 4890 1289 4956 Quare
1318 4890 1540 4943 dubium
1568 4904 1675 4943 non
1708 4900 1785 4945 est
1818 4892 1951 4960 quin
1982 4892 2073 4945 hic

481 4960 936 5029 Compendiensis
961 4969 1283 5021 conventus,
1316 4960 1368 5013 in
1397 4973 1503 5028 quo
1530 4960 1901 5029 actumgdocet
1928 4960 2073 5029 Ago-

480 5026 681 5084 bardus
719 5029 786 5083 de
825 5030 989 5084 rebus
1026 5029 1199 5083 sacris
1237 5026 1427 5083 illicite
1457 5028 1604 5092 usis,
1646 5026 1840 5082 referri
1876 5026 2073 5084 debeat

480 5098 1331 5169 interisynodosiecclesiasticas,
1369 5114 1479 5152 non
1514 5113 1670 5153 secus
1700 5112 1763 5152 ac
1796 5099 1915 5153 aliae.
1949 5114 2072 5169 quas

481 5168 689 5224 saaculo
708 5168 801 5224 illo
826 5168 1111 5223 celebrata:
1142 5168 1376 5223 fuerunt.

554 5251 581 5279 ι
613 5238 949 5292 Dimittamus
990 5244 1205 5291 causam
1232 5237 1374 5301 Deo,
1424 5236 1477 5291 id
1520 5244 1639 5290 est:
1683 5235 1953 5303 Quoniam
1995 5237 2071 5291 illi

480 5307 674 5363 cedere
712 5307 900 5362 nolunt
925 5308 1175 5372 veritati,
1215 5309 1471 5363 cedamus
1500 5321 1600 5360 nos
1630 5308 1893 5377 tempori.
1929 5306 2073 5362 Deus

480 5392 667 5446 porro,
697 5377 786 5432 cui
821 5378 1003 5431 omnia
1047 5384 1170 5430 nota
1213 5386 1373 5441 sunt,
1416 5377 1701 5431 veritatem
1743 5376 2068 5445 patefaciet,

479 5461 605 5501 cum
624 5448 707 5516 ita
736 5447 897 5516 rebus
926 5447 1177 5501 humanis
1196 5447 1458 5516 expedire
1485 5446 1698 5499 viderit.

552 5515 581 5585 ιτ
607 5515 667 5571 Si
700 5514 931 5570 viduam.
970 5516 1254 5585 Sumptum
1277 5514 1426 5569 istud
1453 5531 1519 5569 ex
1548 5530 1759 5585 canone
1786 5530 1919 5568 xvm
1946 5530 2075 5584 apo-

479 5584 692 5655 stolico,
730 5585 784 5638 in
829 5600 937 5653 quo
978 5586 1059 5640 sic
1103 5584 1367 5655 scriptum
1408 5595 1529 5640 est:
1561 5615 1579 5636 ι
1613 5584 1670 5639 Si
1703 5585 1823 5654 quis
1852 5585 2069 5655 viduam

478 5654 791 5724 etejectam
822 5656 1117 5724 acceperit,
1149 5654 1241 5709 aut
1268 5656 1631 5713 meretricem,
1665 5663 1760 5707 aut
1790 5654 2067 5714 ancillam.

478 5722 563 5781 vel
591 5722 828 5794 aliquam
865 5725 933 5781 de
954 5722 1054 5780 his
1090 5741 1209 5795 quae
1245 5724 1473 5793 publicis
1505 5725 1828 5793 spectaculis
1857 5725 2067 5779 manci-

2178 4470 2478 4534 contemlit,
2499 4485 2692 4524 cavere
2712 4470 2981 4542 debet,_ne
3010 4472 3112 4526 hoc
3134 4471 3444 4541 praeiudicio
3472 4470 3772 4542 impeditus

2173 4541 2592 4612 pervenire_non
2628 4541 2816 4612 possit.
2851 4560 2867 4591 ι
2890 4538 3303 4611 Hilarius‘papa‘
3328 4542 3383 4596 in
3423 4538 3631 4612 synodo
3660 4543 3770 4599 Ro-

2174 4626 2337 4690 mana
2364 4629 2375 4663 :
2408 4629 2424 4659 ι
2455 4610 2767 4690 Cavendum
2799 4624 2928 4690 ergo
2952 4615 3020 4690 in
3058 4610 3247 4679 primis
3276 4621 3359 4665 est
3386 4610 3547 4690 nead
3578 4628 3771 4668 sacros

2175 4682 2394 4749 gradus,
2430 4681 2570 4733 sicut
2602 4680 2769 4748 gestis
2801 4680 3070 4749 prioribus
3097 4691 3221 4735 ante
3249 4681 3625 4750 przescriptum
3658 4694 3768 4747 est,

2212 4751 2478 4818 uisquam,
2502 4751 2593 4820 qui
2619 4764 2842 4820 uxorem
2869 4764 2976 4805 non
2997 4750 3261 4819 virginem
3284 4751 3455 4820 duxit.
3485 4752 3716 4820 aspiret.
3745 4774 3762 4805 ι

2222 4820 2467 4889 regorius
2512 4818 2735 4889 Magnus
2780 4818 2874 4891 lib.
2912 4835 2981 4891 υ,
3028 4818 3186 4888 epist.
3218 4820 3325 4891 25:
3358 4838 3375 4869 ι
3407 4818 3766 4891 Pracipimus

2172 4888 2353 4943 autem
2373 4929 2387 4953 ,
2432 4903 2499 4942 ne
2524 4888 2759 4957 uuQuam
2798 4888 3015 4943 illicitas
3039 4890 3414 4945 ordinationes
3443 4888 3646 4956 facias,
3698 4908 3767 4947 ne

2173 4960 2481 5029 lzigamum,
2522 4969 2616 5014 aut
2652 4960 2745 5027 qui
2783 4958 3053 5028 virginem
3088 4974 3197 5015 nou
3236 4970 3319 5015 est
3358 4961 3585 5015 sortitus
3625 4977 3763 5016 uxo-

2172 5044 2308 5083 rem.
2346 5048 2365 5080 ι

2245 5108 2268 5136 α
2296 5097 2516 5151 Decreto
2542 5095 2718 5159 reteri,
2752 5095 2805 5151 id
2833 5104 2936 5159 est,
2966 5096 3021 5151 in
3053 5097 3235 5153 Veteri
3265 5097 3645 5161 Testamento,
3672 5099 3763 5155 ubi

2173 5168 2275 5222 ista
2306 5176 2572 5236 prmcepta
2604 5175 2747 5230 sunt,
2781 5181 2891 5221 non
2920 5166 2975 5221 in
3004 5166 3172 5222 Novo.
3208 5168 3429 5223 Levitici
3470 5182 3589 5236 cap.
3625 5185 3720 5223 xxi
3746 5186 3759 5222 :

2183 5236 2447 5307 Virginem
2476 5236 2635 5307 ducet
2659 5242 2897 5299 uxorem,
2930 5236 3182 5290 nimirum
3214 5239 3487 5292 sacerdos.
3532 5236 3762 5291 Viduam

2160 5306 2367 5365 autem.
2396 5317 2443 5358 et
2475 5306 2825 5376 repudiatam,
2854 5316 2902 5359 et
2932 5307 3223 5376 sordidam.
3250 5316 3404 5374 atque
3432 5308 3762 5361 meretricem

2172 5393 2277 5429 non
2306 5374 2546 5443 accipiet,
2582 5374 2673 5429 sed
2699 5375 2930 5444 puellam
2965 5375 3029 5429 de
3064 5377 3255 5445 populo
3280 5392 3396 5430 suo.
3453 5377 3761 5433 Ezechielis

2172 5460 2291 5514 cap.
2327 5460 2483 5500 t.xtv:
2519 5446 2586 5499 Et
2633 5444 2843 5516 uiduam
2891 5455 2939 5498 et
2976 5444 3454 5516 repudiatamnon
3498 5448 3759 5516 accipient

2172 5532 2383 5576 uxores,
2407 5516 2497 5567 sed
2527 5515 2747 5584 virgines
2778 5515 2841 5567 de
2872 5516 3066 5568 semine
3096 5515 3282 5567 domus
3310 5515 3498 5569 Israel.
3540 5514 3680 5569 Nam
3708 5517 3758 5569 in

2172 5584 2321 5637 Novo
2350 5584 2697 5637 Testamento
2729 5584 2860 5638 nihil
2895 5585 3040 5638 aliud
3076 5586 3446 5653 prm‘scﬁptum
3489 5596 3605 5651 est,
3656 5588 3757 5644 nisi

2171 5662 2231 5707 ut
2256 5655 2541 5722 episcopus
2571 5655 2641 5707 sit
2669 5656 2747 5708 \ir
2775 5655 2936 5709 unius
2975 5654 3191 5719 uxoris,
3232 5666 3290 5708 at
3327 5668 3474 5711 recte
3513 5667 3757 5715 notatum

2172 5732 2256 5777 est
2286 5724 2353 5777 ab
2380 5723 2684 5791 Agobardo.
