3930 6364
202 391 326 448 235

1152 394 1278 449 LIB.
1323 394 1412 449 DE
1454 394 2005 455 DISPENSATIONE
2042 396 2237 455 ECCL.
2281 400 2550 457 RERUM.

3387 413 3489 467 273i

206 504 406 573 risque
438 503 703 559 ministris
745 506 811 558 ab
857 504 1001 559 omni
1026 505 1218 575 populo
1253 518 1574 563 cunctarum
1626 523 1805 563 rerum
1835 516 1885 575 Α
1909 508 2111 563 secrari
2150 508 2251 565 sibi
2290 511 2561 579 homines,
2595 512 2878 580 animalia,
2920 517 3001 570 vel
3034 532 3211 588 agros,
3246 526 3336 575 aut
3396 522 3511 583 do-l

204 591 461 646 decimas
488 592 739 657 tributas,
771 594 862 662 qui
894 594 1055 648 etiam
1081 594 1317 664 acceptis
1338 611 1404 650 ex
1428 597 1558 667 ipsis
1586 597 1811 653 decimis

203 681 459 737 decimas
484 683 855 753 persolverent
879 685 1269 741 sacerdotibus.
1296 686 1431 742 Illud
1457 702 1669 758 quoque
1698 704 1813 742 ma-

209 771 479 829 nifestum
503 783 608 839 est,
637 774 781 844 quod
818 785 1017 845 praeter
1042 792 1135 832 cas
1158 793 1294 847 quas
1319 779 1602 845 ministris,
1643 780 1697 834 id
1726 792 1811 835 est

210 862 445 931 Levitis,
474 867 703 937 populus
752 868 1102 936 exsolvebat,
1142 868 1279 939 jussi
1335 878 1462 925 sunt
1503 886 1534 925 a
1581 871 1810 927 Domino

211 956 357 1011 alias
386 974 569 1012 rerum
597 974 818 1014 suarum
845 961 898 1014 in
927 961 1088 1015 tertio
1115 977 1259 1016 anno
1292 960 1532 1017 decimas
1567 978 1804 1029 sumere;

212 1057 276 1104 et
308 1064 416 1103 non
441 1065 496 1102 in
525 1050 935 1123 quibuscunque
967 1052 1122 1116 locis,
1156 1053 1251 1107 sed
1292 1053 1347 1107 in
1372 1054 1566 1119 sacris,
1592 1054 1645 1108 id
1682 1064 1765 1109 est
1791 1097 1805 1118 ,

208 1138 371 1209 juxta
412 1140 584 1196 altare
606 1141 841 1208 Domini,
879 1144 1075 1208 viduis,
1126 1143 1377 1214 pupillis,
1411 1146 1710 1217 orplianis,
1756 1156 1812 1200 et

221 1229 425 1284 Levitis
447 1232 749 1287 comedere.
778 1231 947 1287 Iussit
976 1234 1141 1288 etiam
1174 1234 1435 1289 Dominus
1465 1244 1526 1289 ut
1555 1237 1808 1291 sacerdo-

222 1319 366 1375 tibus
396 1330 451 1375 et
472 1321 677 1376 Levitis
707 1323 969 1378 darentur
993 1324 1063 1379 ab
1097 1325 1346 1401 omnibus
1381 1324 1504 1381 ﬁliis
1534 1326 1698 1382 Israel
1726 1344 1810 1381 ur-

212 1411 315 1467 bes
347 1413 413 1466 ad
437 1413 813 1468 habitandum.
840 1414 904 1469 Et
929 1416 1068 1471 data:
1103 1424 1230 1471 sunt
1262 1418 1626 1489 quadraginta
1652 1418 1804 1483 duve,

208 1512 270 1557 et
305 1520 399 1559 sex
429 1505 685 1576 coniugii,
721 1506 772 1561 id
801 1514 884 1561 est
908 1546 922 1571 ,
989 1508 1150 1563 simul
1179 1510 1539 1581 quadraginta
1584 1518 1638 1566 et
1686 1519 1808 1565 octo

208 1595 497 1661 civitates;
542 1598 858 1668 pariterque
885 1600 937 1654 in
963 1600 1194 1656 circuitu
1219 1601 1644 1673 uniuscujusque
1676 1604 1809 1658 civi-

209 1687 349 1741 tatis
397 1690 632 1757 spatium
659 1691 963 1746 cubitorum
1006 1693 1169 1747 duum
1209 1694 1438 1749 millium
1486 1696 1555 1749 ad
1593 1704 1808 1764 pastum

204 1794 494 1849 pecorum.
526 1782 941 1853 Permansitque
969 1786 1073 1841 hoc
1102 1785 1474 1841 inconvulsum
1499 1788 1645 1843 omni
1671 1796 1807 1843 tem-

1911 612 2028 653 mos
2065 598 2252 665 nollet,
2289 616 2563 671 nunquam
2594 603 2698 660 hoc
2720 605 2805 660 vel
2837 607 2891 661 in
2941 609 3121 664 Veteri
3176 611 3493 683 praeciperet

1909 690 1994 744 vel
2024 691 2075 744 in
2113 691 2262 747 Novo
2284 694 2400 748 ﬁeri
2426 697 2765 763 permitteret
2795 700 3156 759 Testamento.

1980 778 2070 834 XI.
2091 779 2300 848 Quanta
2316 792 2497 840 autem
2514 789 2811 843 reverentia
2831 802 3140 848 consecrata
3166 795 3392 852 Domino
3409 798 3495 853 de.

1909 869 2074 924 beant
2099 872 2380 938 custodiri,
2409 889 2478 929 ex
2506 876 2688 932 multis
2719 877 3009 949 Scriptura:
3035 883 3163 939 locis
3185 895 3363 955 potest
3383 890 3496 943 col~

1908 950 2021 1031 ligi,
2036 975 2101 1015 ex
2116 962 2599 1022 innumerabilibus
2621 970 2815 1025 divinae
2838 972 3161 1032 delensionis
3175 978 3491 1045 ultionibus,

1909 1065 2029 1118 qum
2064 1052 2132 1105 ab
2166 1053 2420 1111 universo
2456 1060 2658 1114 mundo
2696 1077 2934 1132 unquam
2965 1068 3129 1121 scribi
3178 1075 3491 1139 potuerint;

1909 1143 2052 1198 sicut
2083 1160 2407 1218 magnopere
2431 1158 2593 1222 atque
2622 1154 2900 1211 evidenter
2917 1158 2969 1210 in
3001 1162 3179 1215 verbis
3204 1162 3496 1222 Dominicis

1908 1250 2005 1304 per
2033 1240 2323 1307 prophetas
2345 1244 2674 1303 denuntiatis
2694 1249 2929 1318 prudens
2946 1250 3117 1308 lector
3138 1254 3311 1311 valeat
3341 1258 3497 1311 intel-

1910 1330 2073 1400 ligere
2103 1348 2116 1386 :
2150 1336 2310 1404 quale
2330 1347 2414 1391 est
2440 1324 2723 1410 illudquod
2748 1358 2846 1411 per
2864 1344 3179 1412 Jeremiam,
3196 1349 3351 1404 sicuti
3379 1368 3495 1405 nios

1907 1427 1991 1475 est
2023 1438 2122 1492 per
2154 1426 2561 1484 similitudinem
2606 1446 2793 1488 eorum
2828 1437 3153 1507 quae‘magis
3206 1450 3332 1495 nota
3372 1453 3497 1499 sunt

1908 1513 2116 1567 occulta
2170 1516 2493 1586 signiﬁcari,
2551 1523 2960 1590 proverbialiter
2991 1529 3230 1584 dicitur:
3270 1530 3497 1590 Sanctus

1906 1600 2079 1657 Israel
2112 1605 2350 1675 Domino,
2377 1612 2626 1679 primitite
2652 1612 2863 1684 frugum
2899 1618 3033 1685 ejus.
3066 1618 3255 1674 Omnes
3281 1624 3371 1692 qui
3408 1624 3497 1677 dc-

1908 1705 2090 1748 vorant
2131 1694 2249 1750 eum
2274 1699 2581 1770 delinquunt
2608 1716 2627 1753 .'
2658 1704 2798 1757 mala
2822 1707 3021 1760 venient
3047 1726 3202 1778 super
3225 1727 3340 1775 eos,
3369 1712 3497 1767 dicit

1908 1782 2186 1841 Dominus.
2231 1787 2472 1855 Quorum
2495 1793 2804 1860 verborum,
2833 1804 2893 1848 ut
2922 1797 3112 1853 beatus
3140 1798 3498 1872 Hieronymus

203 1886 347 1941 pore
369 1871 612 1941 judicum
652 1883 707 1929 et
753 1890 974 1946 regum;
1027 1878 1104 1930 ita
1133 1884 1193 1930 ut
1229 1893 1330 1931 nec
1358 1878 1554 1948 impius
1587 1879 1803 1943 Achab,
1838 1869 1881 1927 B
1913 1872 2003 1936 ait,
2024 1873 2113 1928 hic
2135 1890 2328 1933 sensus
2349 1887 2431 1934 est
2459 1897 2470 1933 :
2501 1898 2519 1931 ‹
2548 1880 2827 1947 Quomodo
2844 1886 3217 1955 quiprimitias
3236 1869 3497 1949 devorant

205 1978 316 2017 nec
345 1964 637 2019 sceleratus
683 1964 957 2021 Manusses
984 2007 999 2032 ,
1051 1982 1151 2021 nec
1180 1966 1322 2022 ﬁlius
1377 1967 1494 2037 ejus
1537 1967 1807 2033 Ammon,

208 2063 485 2109 temerare
545 2058 659 2112 ausi
717 2058 845 2112 sint.
891 2056 996 2112 Sed
1050 2067 1337 2128 postquam
1388 2066 1673 2128 separatus
1726 2068 1811 2113 est

204 2141 379 2198 Israel
403 2160 434 2198 a
464 2146 623 2199 domo
648 2145 816 2199 David
852 2161 952 2216 per
972 2146 1283 2212 Jeroboam,
1311 2148 1401 2218 qui
1429 2163 1657 2218 peccare
1682 2149 1809 2204 fecit

204 2232 407 2298 Israel;
434 2241 557 2289 tunc
597 2235 830 2305 primum
868 2235 1023 2305 ejecti
1068 2246 1197 2292 sunt
1225 2239 1539 2294 sacerdotes
1566 2240 1804 2307 Domini,

204 2325 356 2380 sicut
392 2327 494 2396 ipsi
524 2324 815 2384 Jeroboam
844 2329 1242 2400 improperatur
1270 2346 1367 2403 per
1405 2332 1597 2386 Abi-am
1624 2349 1801 2404 regem

202 2414 236 2469 J
247 2416 374 2485 infla.

280 2507 373 2561 IX.
413 2507 540 2563 Post
568 2519 798 2563 mortem
829 2510 1018 2582 Moysi,
1048 2513 1172 2567 tulit
1204 2511 1368 2569 Josue
1416 2531 1634 2570 onmem
1665 2518 1803 2571 mul-

204 2597 497 2651 titudinem
532 2597 761 2653 ﬁliorum
784 2600 968 2667 Israel,
1000 2611 1055 2657 et
1087 2605 1307 2658 venitin
1346 2604 1592 2676 Galgala.
1630 2606 1797 2660 Cum-

203 2704 320 2759 que
349 2690 835 2747 circumdedissent
879 2695 1067 2749 urbem
1096 2693 1333 2762 Jericho,
1372 2698 1508 2752 dixit
1532 2696 1697 2753 Iosue
1734 2700 1801 2754 ad

199 2793 427 2834 omnem
465 2780 669 2834 Israel:
703 2781 941 2837 Tradidit
994 2786 1138 2839 vobis
1185 2786 1443 2841 Dominus
1495 2790 1759 2844 civitatem
1784 2831 1798 2853 ,

199 2873 377 2943 sitque
404 2874 581 2927 civitas
610 2875 720 2928 lure
747 2877 1049 2945 anathema,
1073 2888 1121 2933 et
1138 2882 1314 2935 omnia
1342 2899 1461 2952 qua:
1491 2884 1544 2939 in
1566 2900 1627 2939 ea
1649 2895 1793 2950 stmt,

198 2963 457 3019 Domino.
494 2966 561 3020 Et
590 2976 713 3037 post
743 2983 951 3038 pauca:
983 2968 1169 3027 Cavete
1218 2991 1280 3029 ne
1308 2974 1374 3029 de
1408 2976 1490 3031 his
1515 2994 1634 3048 qum
1660 2995 1798 3045 prte-

200 3066 356 3126 cepta
376 3066 496 3111 sunt
519 3059 851 3131 contingatis,
875 3071 925 3116 et
953 3063 1067 3119 sitis
1112 3069 1560 3135 pratvaricationis
1584 3072 1658 3125 rei
1677 3113 1692 3137 ,
1747 3080 1799 3128 et

200 3146 387 3200 omnia
415 3158 587 3201 castra
618 3147 787 3204 Israel
812 3150 906 3205 sub
933 3166 1143 3223 peccato
1163 3140 1284 3219 sint,
1318 3166 1473 3228 atque
1495 3159 1793 3217 turbentur.

203 3236 480 3311 Quidquid
530 3253 704 3296 autem
732 3246 851 3298 auri
881 3253 929 3299 et
959 3248 1161 3316 argenti
1210 3248 1404 3317 fuerit,
1451 3260 1500 3304 et
1550 3268 1793 3307 vasorum

200 3346 474 3386 cuneorum
502 3347 567 3385 ac
590 3332 740 3401 ferri,
772 3332 999 3418 meino
1046 3348 1395 3403 consecretur,
1430 3341 1713 3408 repositum
1739 3344 1795 3396 in

200 3419 469 3474 thesauris
496 3420 631 3489 ejus.
662 3421 729 3475 Et
777 3422 973 3476 iterum
1003 3441 1015 3475 :
1052 3421 1239 3480 Urbem
1268 3435 1317 3480 et
1356 3429 1531 3482 omnia
1570 3447 1687 3501 qum
1741 3433 1793 3487 in

199 3527 269 3565 ea
303 3512 509 3566 inventa
536 3523 659 3567 sunt
694 3514 1069 3570 succenderunt
1100 3517 1292 3589 absque
1315 3531 1553 3591 argento,
1576 3534 1792 3584 etauro.

197 3612 255 3656 et
285 3602 423 3657 vasis
458 3604 633 3668 trneis,
666 3622 729 3658 ac
785 3605 925 3674 ferro
951 3646 966 3671 ,
1016 3624 1135 3678 qum
1171 3610 1226 3663 in
1277 3612 1526 3666 wrarium
1586 3612 1795 3668 Domini

200 3686 597 3747 consecrarunt.
624 3692 925 3763 Mirumque
966 3696 1020 3750 in
1052 3698 1287 3763 modum,
1317 3715 1441 3755 eum
1467 3718 1607 3758 unus
1636 3703 1796 3757 homo

201 3786 311 3842 hoc
338 3788 725 3857 praevaricatus
754 3786 961 3853 fuisset,
994 3806 1185 3846 omnes
1234 3793 1489 3848 dicuntur
1539 3798 1795 3865 praevari-

202 3873 318 3929 cati
356 3889 478 3929 esse
499 3882 555 3931 et
579 3891 869 3955 usurpasse
902 3879 968 3931 dc
997 3879 1367 3949 anathemate;
1423 3881 1793 3950 Dominusque

199 3963 377 4018 iratus
399 3965 633 4019 refertur
661 3977 852 4022 contra
878 3966 1016 4023 ﬁlios
1040 3968 1224 4024 Israel.

275 4052 343 4107 Χ.
384 4053 721 4126 Praeceptum
748 4066 832 4113 est
868 4074 900 4112 a
927 4057 1157 4114 Domino
1182 4076 1281 4129 per
1326 4061 1546 4135 Moysen
1573 4077 1634 4121 ut
1670 4074 1792 4124 ani-

194 4144 312 4199 mal
353 4146 497 4215 quod
537 4146 804 4203 immolari
833 4157 1011 4219 potest
1033 4150 1279 4217 Domino,
1310 4155 1352 4209 si
1378 4156 1501 4226 quis
1535 4161 1746 4215 voverit
1777 4202 1790 4225 ,

196 4244 453 4289 sanctum
482 4236 573 4301 sit,
602 4244 656 4290 et
682 4238 880 4293 mutari
910 4255 1015 4293 non
1041 4241 1232 4309 possit,
1259 4242 1311 4297 id
1339 4256 1444 4310 est,
1477 4261 1577 4303 nec
1602 4249 1794 4305 melius

196 4323 371 4388 malo,
395 4339 496 4380 nec
531 4324 684 4396 pejus
717 4325 894 4381 bono:
925 4329 1069 4398 quod
1101 4330 1148 4384 si
1201 4341 1468 4389 mutatum
1511 4335 1705 4405 fuerit,
1743 4350 1792 4393 et

191 4414 391 4483 ipsum,
422 4413 516 4477 ait,
538 4414 679 4484 quod
703 4423 963 4469 mutatum
1008 4426 1106 4482 est,
1137 4428 1185 4473 et
1210 4420 1344 4476 illud
1367 4440 1463 4493 pro
1484 4442 1586 4496 quo
1614 4438 1791 4487 murta-

189 4511 309 4557 tum
334 4512 431 4569 est,
466 4515 821 4559 consecratum
846 4508 944 4560 erit
970 4506 1216 4564 Domino.
1252 4510 1494 4583 Itemque
1526 4516 1593 4570 de
1618 4517 1789 4572 domi-

189 4596 301 4653 bus
320 4606 376 4653 et
408 4600 552 4671 agris
590 4600 825 4655 dicitur:
856 4601 1030 4656 Homo
1058 4605 1105 4657 si
1148 4606 1340 4659 voverit
1375 4607 1587 4661 domum
1611 4625 1784 4676 suam,

187 4696 241 4743 et
268 4690 675 4758 sanctiﬁcaverit
707 4690 954 4758 Domino,
977 4695 1331 4750 considerabit
1370 4694 1784 4765 eam'sacerdos,

189 4794 239 4838 ct
256 4785 425 4854 juxta
443 4786 667 4855 pretium
693 4786 832 4857 quod
851 4789 916 4841 ab
943 4804 1004 4842 eo
1033 4788 1192 4859 fuerit
1217 4792 1556 4846 constitutum
1586 4811 1785 4849 venun-

189 4867 431 4933 dabitur.
472 4874 569 4932 Sin
592 4887 768 4932 autem
805 4877 894 4933 ille
917 4866 1008 4949 qui
1038 4888 1268 4945 voverat,
1300 4880 1518 4935 voluerit
1541 4898 1657 4936 eam
1702 4901 1785 4938 re-

190 4967 415 5032 dimere,
444 4968 589 5023 dabit
614 4969 851 5040 quintam
879 4980 1079 5041 partem
1106 4972 1468 5026 wstimationis
1493 4990 1674 5045 supra.
1700 4974 1785 5031 Si-

190 5057 400 5113 militer
428 5073 643 5128 quoque
666 5059 888 5128 jubetur
914 5071 969 5115 et
1018 5062 1083 5117 de
1112 5077 1275 5132 agro;
1309 5077 1469 5130 quem
1498 5065 1542 5118 si
1598 5065 1647 5120 is
1690 5067 1785 5137 qui

190 5148 349 5204 vovit
386 5148 557 5202 noluit
586 5149 866 5215 redimere,
898 5152 987 5204 sed
1034 5150 1186 5205 alteri
1215 5152 1375 5220 fuerit
1418 5154 1744 5209 venundatus
1770 5197 1785 5220 ,

195 5239 345 5295 ultra
384 5256 503 5293 eum
541 5239 631 5311 qui
680 5252 886 5295 voverat
936 5242 1188 5296 redimere
1234 5259 1336 5296 non
1391 5244 1613 5314 poterit;
1660 5249 1788 5317 quia

192 5346 317 5384 eum
332 5328 544 5398 jubilazi
570 5334 762 5384 venerit
788 5330 918 5395 dies,
945 5332 1307 5402 sanctiﬁcatus
1336 5335 1435 5388 erit
1463 5334 1709 5403 Domino,
1740 5346 1789 5393 et

191 5424 452 5492 possessio
485 5434 811 5490 consecrata,
838 5424 907 5479 ad
933 5426 1049 5496 ejus
1078 5427 1299 5496 pertinet
1325 5426 1669 5481 sacerdotem.
1718 5427 1787 5486 Et

192 5518 322 5582 post
362 5526 533 5582 pauca
561 5530 574 5566 :
612 5511 778 5568 Omne
811 5514 951 5585 quod
1003 5514 1230 5570 Domino
1264 5525 1603 5570 consecratur
1626 5556 1640 5579 ,
1680 5516 1785 5571 sive

192 5602 353 5657 homo
378 5601 497 5665 erit,
524 5601 631 5655 sive
665 5602 884 5668 animal,
911 5604 1018 5658 sive
1055 5620 1199 5674 ager,
1226 5622 1327 5660 non
1368 5606 1780 5673 venundabitur,

196 5709 293 5749 nec
320 5693 504 5748 redimi
532 5695 740 5763 poterit.
803 5695 1070 5767 Quidquid
1105 5696 1264 5751 semel
1318 5698 1477 5767 fuerit
1514 5716 1785 5754 consecra-

199 5795 329 5852 tum,
360 5795 598 5839 sanctum
622 5786 719 5839 erit
746 5786 996 5845 Domino.
1041 5790 1095 5844 Si
1122 5790 1462 5860 omnipotens
1496 5792 1634 5849 Dens
1657 5809 1785 5848 con-

444 5897 720 5957 I‘nnor..
767 5896 928 5959 CIV.

1814 4567 1868 4627 D

1911 1978 2249 2036 nequaquam
2276 1970 2343 2024 de
2371 1986 2568 2041 genere
2598 1976 2941 2041 sacerdotali,
2975 1979 3197 2034 sceleris
3222 1982 3301 2036 rei
3336 1993 3492 2050 sunt;

1908 2056 1988 2112 sic
2017 2060 2107 2127 qui
2138 2064 2510 2119 contaminant
2528 2064 2717 2130 Israel,
2744 2067 2901 2123 malis
2930 2068 3305 2137 subjicientur.
3335 2095 3354 2127 ο
3386 2074 3498 2130 Ma-

1908 2146 2114 2205 laebias
2140 2166 2355 2222 quoque
2395 2155 2496 2210 sub
2534 2157 2912 2214 exhortatione
2946 2161 3280 2219 decimarum
3333 2168 3495 2222 retri-

1908 2236 2180 2294 butionem
2204 2251 2260 2296 et
2296 2242 2591 2300 vindictam
2631 2247 2978 2319 diligentibus
3002 2254 3207 2323 pariter
3231 2271 3296 2313 ac
3323 2258 3493 2329 negli-

1905 2330 2155 2397 gentibus
2180 2348 2248 2387 ex
2298 2337 2477 2391 verbis
2506 2337 2718 2394 Domini
2744 2357 3052 2412 proponens
3083 2351 3238 2417 quasi
3262 2352 3499 2407 interro~

1905 2423 2162 2491 gentibus
2186 2425 2379 2493 Deum,
2410 2436 2467 2483 et
2501 2430 2825 2499 dicentibus,
2857 2434 2924 2489 In
2952 2453 3055 2507 quo
3079 2440 3388 2510 contigimus
3410 2445 3499 2498 te?

1905 2515 2180 2581 respondit
2201 2517 2388 2573 dicens
2414 2538 2426 2572 :
2459 2519 2527 2574 In
2553 2522 2768 2579 decimis
2788 2536 2838 2579 et
2860 2528 3160 2597 primitivis.
3189 2529 3258 2586 In
3273 2537 3496 2603 penuria

1902 2619 1989 2658 vos
2015 2605 2281 2662 maledicti
2299 2611 2443 2677 estis,
2471 2622 2520 2667 et
2547 2630 2629 2668 me
2656 2633 2743 2671 vos
2773 2618 3033 2689 conﬁgitis
3058 2638 3182 2691 gens
3230 2632 3361 2677 tota.
3401 2624 3498 2682 In-

1900 2695 2031 2765 ferte
2068 2705 2273 2754 omnem
2299 2701 2556 2758 decimam
2584 2705 2640 2760 in
2678 2708 2951 2775 horreum,
2974 2720 3025 2765 et
3048 2714 3115 2766 sit
3143 2714 3289 2769 cibus
3309 2716 3365 2770 in
3391 2717 3491 2770 do~

1900 2805 1987 2843 mo
2023 2805 2175 2857 mea;
2210 2803 2260 2847 et
2288 2794 2504 2863 probate
2531 2812 2612 2850 me
2641 2815 2798 2867 super
2829 2800 2948 2867 hoc,
2980 2800 3105 2856 dicit
3134 2803 3414 2873 Dominus,
3446 2810 3495 2863 si

1901 2897 2007 2935 non
2030 2884 2265 2952 operiere
2310 2885 2448 2940 vobis
2476 2896 2775 2943 cataractas
2802 2890 2916 2945 cali
2943 2934 2958 2957 ,
3000 2904 3049 2946 et
3077 2895 3313 2964 eﬁ'udero
3352 2900 3494 2956 vobis

1900 2971 2308 3029 benedictionem
2345 2993 2508 3049 usque
2537 2978 2607 3031 ad
2635 2978 3037 3049 abundantiam,
3062 2993 3117 3038 et
3146 2995 3363 3042 caetera.
3397 2989 3495 3045 His

1898 3062 2098 3119 similia
2119 3064 2173 3119 in
2200 3065 2338 3121 libro
2359 3066 2612 3138 leguntur
2630 3070 2835 3127 Esdraz.
2866 3073 3114 3131 Aitenim
3139 3093 3152 3131 :
3187 3077 3492 3138 Statuemus

1898 3168 2055 3223 super
2084 3171 2178 3208 nos
2205 3167 2482 3226 prrccepta,
2510 3168 2566 3214 ut
2591 3160 2773 3215 demus
2798 3165 3005 3220 ter.‘iam
3024 3176 3227 3236 partem
3256 3172 3371 3225 sicli
3400 3190 3494 3243 per

1900 3259 2097 3297 annum
2130 3245 2199 3297 ad
2234 3263 2362 3316 opus
2400 3247 2587 3303 domus
2616 3248 2711 3304 Dei
2757 3255 2943 3319 nostri,
2977 3264 3026 3310 et
3058 3273 3220 3326 panes
3256 3266 3491 3332 proposiv

1898 3334 2076 3398 tionis,
2118 3344 2167 3387 et
2219 3337 2290 3389 ad
2340 3338 2661 3407 sacri/icium
2705 3343 3096 3412 sempiternum.
3139 3348 3207 3403 Et
3249 3351 3485 3412 iterum:

1900 3425 2079 3481 Sortes
2108 3428 2345 3483 misimus
2368 3446 2525 3500 super
2552 3431 2812 3489 oblatione
2860 3436 3124 3506 lignorum
3164 3443 3300 3497 inter
3320 3462 3489 3501 sacer-

1896 3514 2042 3570 dotes
2069 3526 2117 3570 et
2151 3517 2356 3574 Levites
2376 3530 2424 3574 et
2456 3521 2727 3592 populum,
2751 3536 2810 3579 ut
2839 3527 3141 3595 inferantur
3167 3534 3220 3587 in
3271 3535 3488 3592 domum

1898 3604 1996 3659 Dei
2024 3610 2189 3661 nostri
2210 3625 2301 3678 per
2330 3612 2513 3667 domos
2536 3624 2745 3683 patrum
2774 3628 3095 3688 nostrorum,
3118 3641 3210 3694 per
3228 3635 3485 3694 temvora,

1898 3712 1929 3747 α
1951 3697 2262 3767 temporibus
2292 3701 2421 3754 anni
2444 3718 2603 3773 usque
2624 3705 2695 3760 ad
2720 3724 2950 3774 annum;
2979 3722 3036 3765 ut
3066 3714 3312 3771 arderent
3331 3736 3490 3790 super

1897 3784 2067 3840 altare
2086 3786 2179 3841 Dei
2203 3791 2386 3855 nostri,
2404 3792 2538 3845 sicut
2553 3795 2805 3864 scriptum
2832 3798 2975 3853 estin
2996 3798 3106 3871 lege
3121 3802 3331 3874 Moysi;
3358 3784 3407 3862 et
3433 3822 3489 3862 ut

1895 3877 2206 3945 a/ferremus
2227 3881 2571 3951 primogenita
2598 3893 2751 3937 terra'
2783 3897 2992 3953 nostra',
3019 3901 3066 3942 et
3087 3894 3351 3959 primitiva
3377 3900 3491 3952 uni-

1894 3969 2030 4020 versi
2057 3968 2258 4023 fructus
2294 3972 2464 4025 omnis
2499 3972 2647 4043 ligni,
2672 3976 2737 4028 ab
2785 3995 2924 4031 anno
2972 3980 3026 4035 in
3049 3999 3246 4039 annum
3287 3988 3342 4042 in
3392 3991 3489 4044 (Ιο-

1895 4077 2037 4114 mum
2065 4059 2308 4125 Domini,
2364 4074 2412 4118 et
2452 4065 2718 4134 primitiva
2765 4068 3001 4138 ﬁliorum
3051 4086 3348 4133 nostrorum
3376 4123 3389 4145 ,
3438 4096 3487 4137 et

1894 4168 2139 4222 pecorum
2188 4164 2506 4220 nostrorum,
2537 4157 2672 4211 sicut
2727 4161 2981 4230 scriptum
3026 4175 3100 4219 est
3135 4168 3192 4221 in
3232 4169 3376 4240 lege;
3440 4184 3489 4228 et

1893 4242 2159 4311 primitira
2181 4244 2336 4299 boum
2365 4257 2664 4303 nostrorum
2690 4290 2705 4313 ,
2758 4261 2807 4304 et
2830 4254 3006 4312 ovium.
3030 4267 3327 4334 nostrarum
3356 4303 3372 4327 ,
3430 4276 3488 4321 ut

1895 4333 2186 4402 offerantur
2220 4337 2274 4391 in
2303 4338 2458 4392 domo
2485 4339 2583 4393 Dei
2609 4342 2775 4396 nostri
2801 4345 3161 4403 sacerdotibus
3197 4353 3289 4421 qui
3330 4357 3486 4410 mini-

1893 4426 2132 4478 strantin
2154 4425 2308 4480 domo
2323 4427 2420 4481 Dei
2442 4430 2644 4495 nostri;
2675 4441 2721 4485 et
2745 4433 3009 4501 primitiva
3030 4437 3265 4495 ciborum
3282 4455 3488 4498 nostro—

1897 4533 2031 4582 rum,
2046 4526 2093 4570 et
2114 4516 2444 4585 libaminum,
2460 4529 2507 4573 et
2530 4537 2686 4592 poma
2700 4526 2869 4578 omnis
2890 4524 3038 4597 ligni,
3062 4529 3337 4587 vindemia:
3350 4552 3485 4604 quo-

1891 4625 2014 4678 que,
2031 4617 2080 4661 et
2111 4607 2233 4675 olei,
2255 4610 2543 4679 a/feramus
2565 4614 2927 4670 sacerdotibus
2951 4618 3020 4670 ad
3049 4622 3484 4693 gazophylacium

1898 4696 1991 4751 Dei
2016 4698 2181 4753 nostri
2202 4738 2216 4763 ,
2256 4708 2304 4752 et
2354 4699 2609 4753 decimam
2644 4711 2845 4771 partem
2874 4712 3027 4760 terra:
3060 4720 3249 4764 nostra:
3270 4711 3483 4771 Levitis.

1891 4788 2003 4859 Ipsi
2030 4788 2221 4844 Levita:
2249 4790 2480 4846 decimas
2518 4794 2775 4862 accipient
2810 4811 2875 4848 ea:
2916 4798 3157 4853 omnibus
3188 4803 3486 4861 civitatibus

1886 4895 2103 4947 operum
2134 4889 2449 4933 nostrorum.
2482 4879 2601 4932 Erit
2629 4891 2802 4936 autem
2842 4886 3086 4942 sacerdos
3120 4890 3265 4957 filius
3305 4894 3486 4949 Aaron

1888 4990 2008 5026 cum
2038 4972 2230 5027 Levitis
2258 4973 2313 5025 in
2354 4972 2571 5027 decimis
2598 4972 2922 5042 Levitarum,
2949 4989 2996 5032 et
3030 4978 3218 5036 Levita:
3266 4986 3484 5054 o/I'erent

1891 5064 2148 5117 decimam
2173 5072 2376 5133 partem
2414 5063 2628 5118 decimae
2656 5082 2765 5120 sum
2799 5070 2854 5122 in
2884 5070 3037 5125 domo
3081 5072 3179 5127 Dei
3209 5080 3371 5132 nostri
3414 5084 3483 5135 ad

1891 5153 2324 5224 gazophylacium
2350 5157 2404 5210 in
2444 5157 2597 5210 domo
2625 5158 2875 5213 thesauri.
2925 5163 3006 5215 Ad
3046 5167 3477 5237 gazophylacium

1891 5244 2030 5297 enim
2055 5242 2401 5313 deportabant
2428 5244 2529 5314 ﬁlii
2560 5244 2732 5300 Israel
2751 5258 2798 5302 et
2817 5248 2917 5319 ﬁlii
2944 5250 3065 5305 Levi
3085 5255 3345 5322 primitias
3365 5258 3451 5327 [ru
3468 5292 3480 5299 ς

1894 5334 2075 5398 menti,
2100 5333 2204 5388 vini
2224 5342 2273 5388 et
2300 5334 2431 5401 olei;
2456 5344 2505 5389 et
2546 5335 2619 5390 ibi
2660 5348 2809 5391 erunt
2855 5355 2979 5392 vasa
3018 5342 3348 5409 sanctiﬁcata
3376 5388 3390 5412 ,
3432 5361 3481 5401 et

1887 5424 2205 5490 sacerdotes,
2235 5433 2283 5478 et
2323 5435 2582 5489 cantores,
2622 5436 2673 5479 et
2702 5426 2996 5497 janitores,
3043 5442 3090 5483 et
3116 5433 3379 5502 ministri,
3430 5450 3481 5491 et

1890 5530 1991 5567 non
2013 5514 2331 5568 dimittamus
2376 5518 2590 5568 domum
2620 5515 2717 5570 Dei
2766 5518 2949 5572 nostri.
2982 5518 3041 5574 In
3066 5522 3262 5589 quibus
3300 5528 3481 5582 verbis

1887 5603 2163 5658 evidenter
2192 5614 2430 5675 apparet,
2458 5616 2661 5676 quanta
2690 5606 2835 5663 illius
2868 5610 3051 5679 populi
3089 5627 3217 5667 cura
3250 5624 3305 5669 et
3356 5616 3480 5670 dili-

1888 5697 2064 5766 gentia
2090 5704 2233 5751 esset
2262 5709 2388 5765 erga
2426 5695 2643 5752 domum
2675 5698 2787 5762 Dei,
2828 5713 2882 5755 et
2918 5704 3095 5757 cuncti
3142 5707 3359 5772 generis
3391 5724 3478 5762 sa.

1888 5788 2090 5843 criﬁcia
2149 5789 2231 5843 vel
2266 5788 2528 5844 donaria:
2565 5793 2654 5861 qui
2721 5808 2825 5847 non
2878 5795 3050 5848 solum
3117 5796 3377 5869 decimas,
3411 5815 3480 5868 at;

2960 5909 2998 5969 8
