3930 6324
522 316 632 381 235

1489 329 1547 386 S.
1589 329 1938 387 AGOBARDI
1978 331 2284 387 EPISCOPI
2323 333 2808 394 LUGDUNENSIS

3691 349 3798 403 2.56

524 438 807 502 primitias,
837 438 928 490 sed
958 441 1120 494 etiam
1167 445 1379 498 tertiam
1410 456 1618 516 partem
1648 449 1767 504 sicli
1805 455 1950 505 omni
1994 461 2107 506 stu-
2135 451 2186 508 Α
2212 459 2357 517 runt,
2395 460 2450 506 et
2474 467 2600 508 suos
2629 455 2838 524 utique,
2895 472 3000 511 non
3043 459 3248 513 alienos
3271 498 3285 524 ,
3337 473 3537 514 nomen
3580 461 3793 515 Domini

523 531 613 585 dio
643 531 918 602 religionis
957 533 1229 594 ferventes
1277 542 1543 597 curabant
1570 544 1879 611 exsolvere;
1935 547 2105 601 adim-

523 620 728 688 plentes
776 623 962 692 procul
991 624 1154 681 dubio
1192 640 1522 699 prmceptum
1560 631 1693 704 legis
1720 675 1734 700 ,
1789 650 1909 704 quae
1939 638 2101 693 dicit:

520 710 651 765 Cum
678 714 869 767 voveris
917 726 1090 769 votum
1124 716 1349 775 Domino
1408 721 1514 775 Deo
1567 735 1674 789 tuo,
1713 742 1816 780 non
1869 729 2105 783 tardabis

524 802 768 868 reddere;
807 807 930 875 quia
963 807 1184 878 requiret
1225 809 1376 865 illum
1407 813 1667 870 Dominus
1704 816 1844 871 Deus
1878 827 2019 885 tuus,
2057 829 2105 873 et

519 895 564 946 si
593 904 828 948 moratus
856 895 1042 963 fueris,
1072 901 1399 969 reputabitur
1424 905 1518 956 tibi
1539 904 1592 958 in
1615 916 1905 975 peccatum.

590 982 702 1037 Xll.
746 983 875 1051 Quze
899 986 1059 1041 verba
1092 987 1294 1045 idcirco
1317 992 1405 1046 hic
1426 995 1676 1062 ponenda
1700 998 1905 1066 putavi,
1930 1009 1989 1052 ut
2016 1015 2103 1054 re—

521 1071 710 1142 ligiose
740 1073 912 1130 fidelis
938 1078 1169 1147 quisque
1190 1083 1520 1148 consideret,
1553 1085 1679 1154 quia
1711 1087 1756 1140 si
1789 1087 1866 1141 illi
1891 1089 1982 1157 qui
2013 1105 2107 1145 vo-

519 1170 608 1215 vet
634 1171 687 1216 et
711 1166 866 1220 tarde
897 1167 1091 1233 reddit,
1125 1171 1355 1226 tarditas
1387 1173 1502 1243 ipsa
1547 1175 1600 1228 in
1630 1186 1916 1246 peccatum
1946 1195 2105 1248 repu-

518 1251 744 1318 tabitur,
774 1255 942 1311 multo
971 1259 1160 1328 utique
1187 1259 1406 1329 majoris
1431 1265 1679 1320 criminis
1707 1283 1834 1323 reus
1876 1279 1981 1334 est,
2008 1271 2102 1340 qui

515 1357 615 1397 nec
645 1344 796 1398 tarde
823 1347 965 1414 quod
994 1349 1143 1403 vovit
1164 1350 1414 1406 exsolvit.
1455 1353 1664 1410 Sivero
1689 1357 1734 1411 is
1760 1358 1853 1427 qui
1879 1360 2099 1430 propria

513 1442 633 1488 vota
665 1450 772 1490 non
797 1437 993 1504 reddit,
1023 1439 1255 1495 infidelis
1284 1456 1405 1499 esse
1429 1446 1790 1512 convincitur,
1814 1448 1966 1516 juxta
1993 1451 2097 1506 Ec-

511 1523 837 1593 clesiastem,
867 1529 958 1598 qui
981 1529 1119 1585 dicit!
1138 1531 1424 1602 displicere
1447 1535 1557 1591 Deo
1582 1537 1851 1594 infidelem
1882 1549 1936 1595 et
1959 1541 2095 1595 stul-

513 1627 619 1674 tam
649 1621 1088 1690 promissionem,
1117 1632 1174 1680 et
1200 1627 1442 1683 omnium
1470 1629 1665 1686 melius
1708 1647 1828 1687 esse
1859 1623 2091 1688 non‘vo—

508 1725 636 1764 vere
661 1726 821 1780 quam
844 1721 967 1782 post
985 1722 1128 1780 vota,
1154 1720 1423 1794 promissa
1461 1735 1569 1775 non
1590 1723 1848 1789 reddere;
1882 1733 2087 1794 quanto

509 1798 730 1868 majoris
757 1803 1056 1874 impietatis
1077 1822 1203 1862 reus
1225 1817 1329 1875 est,
1363 1811 1452 1880 qui
1477 1825 1540 1866 ea
1577 1828 1696 1882 qua:
1717 1813 1809 1868 alii
1830 1823 2097 1870 voverunt

508 1907 571 1946 ac
609 1892 963 1948 reddiderunt
992 1905 1233 1967 usurpat,
1268 1900 1497 1964 invadit,
1520 1900 1725 1971 diripit,
1759 1911 1814 1958 et
1841 1904 2099 1974 diripien-

509 1985 575 2038 da
604 1984 870 2048 concedit,
900 1987 1590 2057 perversequejudicando,
1611 1993 1697 2047 vel
1727 1993 1993 2049 fallaciter
2017 2003 2098 2050 te-

508 2073 812 2140 stiﬁcando,
849 2083 1010 2145 atque
1043 2076 1205 2147 impie
1229 2079 1579 2150 perjurando,
1609 2098 1638 2136 a
1662 2083 1824 2138 domo
1845 2084 1939 2137 Dei
1967 2083 2098 2138 alie.

505 2178 634 2220 nare
665 2163 900 2222 festinat.
932 2166 1020 2221 tibi
1049 2167 1118 2221 ab
1141 2168 1258 2224 aliis
1284 2179 1410 2224 vota
1434 2179 1487 2227 et
1517 2172 1728 2228 reddita
1754 2188 1817 2230 ac
1850 2173 2094 2246 delegata

506 2264 635 2312 sunt
661 2258 672 2310 !

579 2349 712 2404 Xlll.
755 2350 1009 2424 Legimus
1041 2355 1092 2408 in
1125 2354 1302 2411 Libris
1337 2356 1546 2428 Regum
1567 2397 1581 2422 ,
1610 2357 1756 2427 quod
1799 2373 1906 2412 non
1937 2360 2096 2413 modo

502 2441 805 2499 laudabiles
828 2484 843 2510 ,
883 2459 1069 2500 verum
1095 2447 1261 2501 etiam
1290 2447 1749 2517 reprehensibiles
1801 2463 1978 2517 reges,
2030 2463 2093 2502 ea

503 2546 623 2599 quae
649 2541 835 2601 patres
877 2533 1093 2588 illorum
1125 2543 1389 2590 voverant
1437 2551 1539 2590 nec
1591 2537 1957 2602 reddiderant,
1993 2539 2094 2608 ipsi

503 2622 806 2692 intulerunt
851 2625 904 2678 in
940 2624 1160 2680 domum
1192 2627 1428 2692 Domini,
1458 2635 1514 2681 et
1550 2627 1605 2681 in
1638 2628 1924 2689 thesauros
1954 2627 2090 2696 ejus.

502 2714 562 2771 Si
594 2729 724 2786 ergo
750 2715 1005 2770 laudatur
1039 2717 1218 2786 pietas
1268 2717 1500 2772 ﬁliorum
1538 2725 1768 2787 paterna
1801 2727 1925 2774 vota
1975 2719 2096 2773 red-

505 2807 750 2862 dentium
773 2847 786 2871 ,
822 2821 852 2860 e
895 2808 1171 2862 contrario
1202 2792 1349 2863 omni
1381 2816 1464 2862 est
1488 2810 1867 2864 exsecratione
1893 2809 2096 2879 dignis-

504 2901 703 2956 simum
733 2899 776 2954 si
801 2900 977 2969 patris
1001 2908 1184 2954 votum
1209 2900 1350 2954 ﬁlius
1387 2901 1690 2966 subtrahat,
1726 2902 1977 2971 quodque
2005 2901 2094 2957 ille

500 2989 755 3055 contulit,
783 2991 875 3046 hic
890 2990 1106 3047 auferre
1127 3006 1233 3066 non
1259 3001 1486 3047 metuat.
1508 2991 1729 3062 Legitur
1751 2996 1804 3047 in
1822 2993 2094 3050 volumine

500 3078 752 3135 Jcremiaa
779 3081 1083 3151 prophelse,
1114 3083 1257 3151 quod
1293 3089 1539 3152 tempore
1585 3083 1675 3138 illo
1712 3085 1986 3154 principes
2039 3094 2096 3140 et

503 3168 792 3224 universus
827 3169 1059 3238 populus
1085 3171 1324 3225 inierunt
1366 3179 1623 3240 pactum,
1685 3181 1743 3226 ut
1790 3174 2091 3229 dimitteret

501 3262 873 3330 unusquisque
905 3276 1118 3316 servum
1170 3277 1346 3326 suum,
1401 3261 1688 3317 Hebraeum
1738 3264 1991 3319 videlicet
2037 3274 2091 3319 et

502 3348 807 3416 llehraeam,
831 3351 924 3419 qui
947 3358 1128 3406 tamen
1149 3351 1202 3405 in
1226 3353 1577 3420 sequentibus
1599 3353 1758 3408 amici
1781 3363 1836 3408 et
1857 3355 2090 3423 proximi

505 3453 569 3493 ac
595 3437 793 3494 fratres
816 3439 1094 3505 dicuntur,
1132 3449 1187 3494 et
1230 3441 1368 3495 ultra
1401 3443 1488 3497 eis
1509 3459 1615 3498 non
1655 3444 2088 3512 dominarentur,

501 3529 857 3599 conversique
884 3530 1140 3600 deinceps
1164 3531 1496 3586 retraxerint
1543 3549 1733 3588 servos
1780 3543 1834 3590 et
1861 3537 2090 3592 ancillas

503 3633 631 3674 suas
651 3633 834 3687 ,oquos
860 3619 1181 3675 dimiserant
1200 3620 1404 3676 liberos
1427 3663 1440 3686 ,
1493 3631 1555 3676 et
1595 3623 2008 3695 subjugaverint
2037 3628 2090 3682 in

504 3707 738 3763 famulos
774 3723 840 3762 ac
866 3706 1119 3764 famulas.
1151 3709 1325 3776 Quam
1375 3710 1444 3765 ob
1485 3727 1704 3768 causam
1733 3717 1969 3784 graviter
1999 3716 2094 3770 ad-

506 3813 723 3854 versum
755 3813 851 3853 eos
873 3797 972 3852 Dei
1003 3799 1085 3852 ira
1116 3815 1403 3865 succensa,
1432 3801 1664 3857 taliillos
1694 3805 1923 3872 perculit
1947 3821 2093 3859 com-

506 3887 865 3942 minationum
891 3888 1127 3956 procella
1159 3904 1172 3942 :
1213 3889 1337 3956 Vos,
1365 3891 1633 3960 inquiens,
1669 3895 1858 3947 reversi
1879 3895 2017 3954 estis,
2045 3905 2092 3947 et

503 3979 927 4036 commaculastis
956 3996 1140 4034 nomen
1162 3997 1337 4058 meum
1357 4023 1370 4048 ,
1413 3993 1465 4036 et
1492 3982 1773 4037 reduxistis
1813 3987 2094 4055 unusquis-

503 4087 602 4140 que
623 4087 823 4124 servum
848 4087 1001 4124 suum
1029 4079 1076 4124 et
1105 4070 1354 4127 ancillam
1374 4113 1388 4137 ,
1428 4085 1551 4144 quot
1576 4076 1898 4130 dimiseratis
1924 4087 1978 4130 ut
2011 4094 2096 4130 es-

505 4168 617 4212 sent
649 4157 828 4229 liberi,
878 4167 923 4213 et
964 4159 1286 4231 subiugastis
1329 4179 1436 4216 eos.
1485 4163 1770 4235 Propterea
1811 4165 1922 4219 lure
1966 4167 2094 4220 dicit

512 4248 765 4302 Dominus
821 4261 839 4300 .'
890 4246 989 4302 Vos
1039 4267 1144 4304 non
1195 4251 1417 4305 audistis
1448 4270 1566 4320 me,
1620 4265 1676 4308 ut
1734 4258 2094 4326 prwdicaretis

510 4338 804 4390 libertatem
839 4340 1194 4410 unusquisque
1221 4340 1377 4409 fratri
1408 4352 1453 4395 et
1480 4344 1648 4397 amico
1683 4362 1798 4398 suo.
1846 4346 1982 4400 Ecce
2001 4365 2093 4418 ego

2208 540 2633 597 commaculasse
2653 543 2926 610 dicuntur,
2951 555 3006 600 et
3025 548 3094 602 ob
3115 548 3218 602 hoc
3241 549 3563 617 gravissima
3589 551 3794 606 ultione

2206 628 2548 698 plectuntur;
2583 632 2815 689 fideliter
2858 637 3143 705 religiosus
3186 639 3415 708 quisque
3460 641 3791 704 consideret,

2208 730 2410 790 quanto
2440 722 2909 781 irremediahiliori
2939 727 3125 784 furore
3176 730 3322 800 digni
3361 740 3508 795 sunt,
3561 733 3654 801 qui
3686 749 3793 788 non

2207 810 2381 866 solum
2410 815 2658 885 proprios
2681 816 2811 870 olim
2833 832 3020 890 servos
3043 835 3071 873 a
3093 835 3152 875 se
3171 821 3257 876 Vel
3278 837 3308 874 a
3331 822 3650 890 parentibus
3679 825 3793 877 suis

2207 899 2457 957 libertate
2487 903 2718 958 donatos
2747 917 2773 946 α
2805 907 2860 960 in
2916 908 3198 962 servitium
3254 919 3550 975 revocant,
3601 926 3790 966 verum

2207 993 2370 1048 etiam
2391 995 2459 1049 ab
2488 995 2610 1051 aliis
2643 995 2868 1053 libertos
2897 998 3070 1054 factos
3090 1040 3103 1065 ,
3135 1008 3189 1054 et
3214 1017 3243 1054 a
3271 1001 3653 1058 liberatoribus
3680 1005 3791 1058 suis

2206 1086 2495 1154 patrocinii
2541 1095 2597 1142 et
2628 1087 2959 1145 defensionis
2995 1106 3158 1146 causa
3182 1092 3440 1147 Ecclesiae
3491 1095 3788 1165 delegatos,

2205 1183 2396 1230 contra
2425 1175 2507 1232 fas
2551 1177 2923 1247 multipliciter
2950 1180 3212 1252 afﬂigunt,
3240 1185 3495 1253 omnique
3526 1189 3790 1242 servitute

2204 1262 2549 1334 deprimunt,
2584 1267 2726 1321 nulla
2776 1269 3037 1324 Ecclesia:
3066 1271 3152 1326 vel
3202 1274 3574 1329 sacerdotibus
3600 1276 3790 1331 relicta

2199 1362 2494 1423 potestate,
2528 1357 2619 1425 qui
2643 1373 2737 1412 eos
2758 1368 3112 1428 patronorum
3152 1349 3271 1417 vice
3300 1365 3437 1418 tueri
3471 1366 3786 1422 debuerant.

2200 1442 2562 1502 Vehementer
2597 1464 2824 1519 prorsus
2850 1465 3046 1514 nomen
3078 1451 3292 1506 Domini
3329 1470 3359 1508 a
3394 1456 3594 1511 talibus
3636 1474 3788 1513 com-

2194 1538 2532 1606 maculatur;
2592 1541 2892 1611 domusque
2934 1543 3071 1613 ejus,
3105 1559 3226 1614 qua:
3251 1555 3334 1600 est
3369 1546 3614 1604 Ecclesia
3637 1591 3651 1614 ,
3684 1553 3790 1605 vio-

2204 1625 2380 1682 lenter
2425 1630 2718 1698 praedatur,
2751 1639 2807 1684 et
2854 1639 3029 1685 mater
3083 1633 3320 1688 fidelium
3375 1637 3786 1703 exhonoratur;

2199 1715 2359 1785 hujus
2385 1718 2616 1786 injuria,
2645 1720 2831 1788 procul
2867 1721 3029 1774 dubio
3081 1731 3136 1776 et
3170 1722 3266 1778 Dei
3319 1735 3422 1780 est.
3479 1727 3546 1780 Et
3574 1728 3644 1782 de
3687 1729 3788 1783 hac

2125 1793 2171 1850 Β
2199 1807 2416 1875 quidem
2440 1811 2740 1876 sententia,
2773 1812 2978 1880 absque
3020 1813 3252 1868 aliorum
3300 1816 3517 1873 laesione
3546 1860 3560 1884 ,
3601 1824 3785 1874 lorsan

2199 1896 2346 1966 loqui
2368 1913 2476 1952 non
2503 1914 2809 1969 possumus.
2837 1900 2894 1956 Si
2919 1903 3004 1956 cui
3037 1912 3215 1958 tamen
3242 1905 3409 1960 libeat
3434 1909 3788 1962 considerare

2203 1987 2495 2055 patienter,
2527 1989 2669 2043 valet
2697 1991 2967 2060 inspicere
2996 2002 3201 2062 quanto
3226 1997 3344 2051 haec
3387 2005 3631 2069 tempora
3681 2002 3789 2054 sint

2199 2075 2385 2144 pejora
2406 2118 2420 2142 ,
2448 2093 2611 2147 quam
2643 2079 2864 2135 fuerunt
2889 2091 3048 2138 antea
3081 2085 3244 2139 etiam
3281 2085 3372 2140 illa
3410 2103 3529 2158 qua:
3560 2091 3664 2144 sub
3711 2092 3787 2145 in—

2199 2166 2448 2223 ﬁdelibus
2478 2171 2833 2225 transierunt.
2864 2171 2946 2225 llli
2982 2188 3217 2244 namque
3246 2176 3350 2232 diis
3394 2178 3528 2243 suis,
3559 2181 3654 2248 qui
3683 2197 3787 2236 non

2196 2267 2355 2314 erant
2380 2260 2477 2326 dii,
2503 2262 2599 2316 sed
2624 2278 2792 2331 opera
2829 2279 3084 2319 manuum
3105 2282 3314 2336 eorum,
3343 2270 3608 2326 honorem
3631 2275 3785 2329 exhi-

2198 2351 2417 2416 bebant,
2461 2367 2562 2406 nec
2608 2368 2794 2406 eorum
2825 2369 2980 2408 sacra
3023 2358 3140 2411 ausi
3171 2369 3327 2413 erant
3354 2360 3583 2415 violare.
3635 2363 3788 2418 Nunc

2200 2449 2380 2495 autem
2415 2442 2468 2494 hi
2515 2442 2710 2509 quibus
2759 2443 2962 2497 dictum
2989 2452 3091 2510 est,
3135 2445 3357 2502 Honora
3389 2448 3683 2505 Dominum
3727 2456 3789 2506 de

2199 2540 2289 2584 tua
2311 2530 2626 2594 substantia,
2680 2545 2835 2586 versa
2868 2534 2985 2588 vice
3029 2536 3370 2591 exhonorant
3399 2538 3692 2595 Dominum
3726 2544 3789 2598 de

2200 2635 2327 2684 sua;
2356 2635 2479 2674 cum
2503 2635 2612 2674 non
2639 2620 2812 2675 solum
2836 2623 3224 2680 ecclesiastica:
3246 2626 3462 2684 familiae
3489 2631 3790 2687 abutuntur

2198 2708 2462 2774 servitiis,
2496 2709 2592 2762 sed
2634 2717 2688 2764 et
2713 2709 2938 2766 libertos
2961 2711 3078 2781 ejus
3123 2715 3422 2772 miserabili
3475 2720 3791 2790 deprimunt

2199 2799 2488 2853 servitute.

2274 2888 2368 2945 XV
2380 2929 2392 2942 .
2427 2891 2596 2946 Porro
2609 2894 2750 2962 quod
2764 2895 3079 2964 ignorantes
3093 2897 3264 2954 Deum
3280 2915 3493 2970 verum,
3511 2903 3790 2976 falsosque

2202 2978 2466 3046 colentes,
2504 2981 2818 3052 diligentius
2844 2985 3091 3042 deferant
3115 2992 3285 3045 sacris
3307 3007 3369 3046 ac
3412 2997 3790 3052 sacerdotibus

2202 3069 2340 3134 suis,
2360 3083 2522 3137 quam
2539 3086 2682 3125 nunc
2695 3073 2959 3142 plerique,
2978 3077 3032 3129 in
3049 3092 3203 3132 sacra
3219 3081 3446 3135 historia
3460 3085 3792 3142 manifestis-

2201 3159 2338 3212 sime
2363 3161 2797 3216 demonstratur:
2825 3179 2945 3234 qua:
2969 3179 3151 3222 narrat
3169 3171 3595 3243 beatumJoseph
3616 3183 3790 3231 totam

2197 3255 2399 3301 terram
2418 3248 2637 3319 Egypti
2652 3251 2946 3319 subjecisse
2961 3255 3253 3325 Pharaoni,
3271 3271 3471 3329 praeter
3487 3274 3686 3317 terram
3704 3281 3793 3320 sa-

2194 3343 2498 3406 cerdotum,
2522 3357 2640 3410 qum
2672 3360 2700 3396 a
2717 3359 2842 3416 rege
2855 3348 2934 3401 eis
2953 3351 3148 3404 tradita
3175 3350 3382 3418 fuerat;
3405 3357 3603 3422 quibus
3615 3366 3796 3411 etsta-

2194 3440 2310 3485 tuta
2326 3433 2531 3486 cibaria
2548 3449 2613 3486 ex
2631 3435 2840 3491 horreis
2855 3439 3085 3508 publicis
3097 3444 3500 3512 praebebantur,
3517 3457 3570 3501 et
3583 3450 3791 3504 idcirco

2193 3538 2300 3576 non
2316 3526 2713 3593 suntcompulsi
2731 3531 2966 3584 vendere
2980 3536 3351 3598 possessiones
3364 3551 3511 3591 suas.
3532 3537 3647 3603 Qua
3660 3540 3714 3593 in
3730 3555 3792 3593 re

2193 3613 2529 3683 pensandum
2543 3622 2646 3680 est,
2663 3626 2861 3683 quanta
2879 3619 3154 3689 diligentia
3169 3627 3480 3680 sacerdotes
3493 3643 3618 3682 suos
3629 3643 3794 3684 vene-

2196 3713 2466 3771 rarentur,
2490 3707 2683 3775 quibus
2718 3724 2824 3763 non
2860 3710 3032 3765 solum
3065 3714 3286 3768 donaria
3320 3732 3473 3770 sacra
3514 3720 3763 3774 ministra

2193 3796 2345 3863 bant,
2367 3800 2459 3854 sed
2476 3807 2530 3853 et
2558 3814 2873 3854 communes
2894 3801 3044 3855 cibos
3075 3811 3185 3857 tam
3208 3805 3436 3861 sollicite
3449 3809 3788 3876 przebebant,

2193 3899 2373 3949 utnec
2399 3906 2722 3960 comparare
2751 3908 2843 3946 eos
2868 3902 3201 3962 paterentur.
3233 3896 3303 3951 At
3323 3916 3465 3954 nunc
3486 3901 3539 3954 in
3561 3903 3792 3970 quibus-

2195 3978 2315 4034 dam
2347 3979 2501 4045 locis,
2520 3980 2697 4034 nullus
2720 3983 2853 4036 ordo
2875 3982 3172 4049 hominum,
3202 3987 3315 4040 sive
3337 3988 3446 4041 sint
3468 3989 3644 4053 liberi,
3671 3991 3791 4045 sive

2195 4071 2336 4124 servi
2363 4112 2377 4136 ,
2419 4072 2486 4125 de
2514 4072 2851 4126 habitatione
2884 4090 2979 4127 sua
3013 4085 3122 4129 tam
3157 4078 3354 4132 inﬁdus
3383 4089 3467 4133 est
3500 4091 3559 4133 ut
3597 4095 3789 4136 sacer-

2197 4161 2380 4225 dotes;
2418 4170 2476 4215 ut
2514 4170 2640 4231 pote
2669 4163 2761 4231 qui
2787 4163 2934 4216 nullo
2982 4166 3140 4218 modo
3173 4169 3348 4221 securi
3380 4184 3502 4223 esse
3550 4172 3784 4239 possint,

2197 4271 2297 4310 nec
2339 4256 2482 4312 scire
2509 4263 2642 4325 quot
2696 4256 2885 4311 diebus
2935 4258 3231 4313 Ecclesium
3282 4261 3366 4316 vel
3417 4263 3788 4319 habitaculum

2198 4364 2351 4401 suum
2376 4350 2455 4404 eis
2480 4349 2681 4403 habere
2710 4350 2781 4403 sit
2810 4350 3039 4403 licitum.
3068 4351 3228 4407 Certe
3268 4369 3390 4408 eum
3417 4357 3643 4425 populus
3691 4357 3788 4412 ιιι.

505 4425 736 4498 prmdico
775 4424 1065 4480 libertatem
1094 4467 1108 4492 ,
1151 4428 1224 4480 ait
1266 4427 1556 4493 Dominus,
1613 4432 1682 4484 ad
1726 4431 1996 4502 gladium,
2043 4445 2091 4488 et
2119 4468 2171 4528 D
2198 4439 2386 4492 daicus
2412 4439 2466 4491 in
2501 4439 2702 4509 templo
2729 4439 2942 4493 Domini
2972 4482 2984 4506 ,
3027 4451 3223 4511 praeter
3253 4458 3340 4499 res
3378 4424 3586 4511 sacras,
3617 4449 3784 4500 etiam

496 4525 699 4585 ,pestem
731 4557 746 4581 ,
814 4525 862 4571 et
919 4517 1111 4587 famem
1136 4559 1150 4582 ,
1211 4527 1259 4572 et
1302 4520 1436 4573 dabo
1478 4538 1566 4575 vos
1600 4523 1657 4575 in
1693 4527 2088 4580 commotionem

506 4609 711 4662 cunctis
755 4609 925 4679 regnis
965 4619 1136 4664 terrae.
1168 4611 1234 4664 Et
1271 4620 1392 4681 post
1429 4627 1599 4681 pauca
1639 4615 1802 4670 infert
1846 4636 1857 4670 :
1902 4618 1971 4671 Et
1995 4623 2094 4676 erit

512 4701 866 4755 morticinium
892 4717 1072 4756 eorum
1120 4703 1175 4757 in
1216 4719 1387 4757 escam
1418 4704 1716 4759 volatilibus
1753 4707 1865 4761 ειεΙί
1893 4749 1906 4773 ,
1935 4720 1981 4763 et
2012 4712 2096 4764 be-

514 4788 630 4844 stiis
665 4799 838 4846 terrm.

588 4878 728 4937 XIV.
771 4880 957 4951 Itaque
981 4883 1028 4938 si
1057 4883 1131 4937 illi
1162 4886 1252 4954 qui
1305 4900 1493 4941 servos
1543 4886 1800 4944 Hebraeos
1847 4892 2098 4950 dimissos

505 4966 665 5035 juxta
706 4968 877 5039 legem
915 4967 1137 5037 liberos,
1191 4975 1387 5028 iterum
1424 4975 1478 5028 in
1515 4978 1797 5033 servitium
1851 4990 2098 5037 retraxe-

2203 4543 2521 4582 communes
2548 4537 2764 4598 ageret,
2805 4538 2968 4599 atque
3021 4532 3073 4585 in
3109 4535 3340 4588 sacratis
3392 4536 3546 4590 atriis
3575 4537 3787 4590 venalia

2202 4620 2414 4674 diversa
2437 4619 2762 4683 collocaret;
2795 4637 3106 4690 quanquam
3121 4604 3182 4676 et
3221 4625 3394 4693 ipsum
3430 4626 3578 4680 licite
3608 4642 3792 4681 sacro-

2203 4723 2322 4764 rum
2351 4723 2517 4762 causa
2548 4708 2664 4763 ﬁeri
2694 4719 3001 4779 putaretur,
3032 4722 3091 4767 ut
3113 4715 3344 4770 oblaturi
3369 4717 3653 4780 sacriﬁcia,
3688 4736 3790 4775 nec

2203 4799 2269 4853 de
2316 4814 2415 4853 suo
2468 4800 2762 4868 habentes,
2817 4800 2975 4856 facile
3033 4809 3393 4874 comparanda
3438 4809 3786 4874 invenirent;

2203 4902 2383 4946 tamen
2411 4891 2693 4948 Dominus.
2736 4901 2794 4945 ut
2839 4893 3030 4948 domus
3060 4911 3170 4949 sua:
3198 4904 3254 4951 et
3296 4897 3465 4966 patris
3510 4914 3698 4953 curam
3730 4917 3789 4956 se

2205 4984 2406 5038 habere
2435 4990 2789 5048 monstraret,
2821 4984 2965 5051 quod
2995 4985 3140 5041 nullo
3167 4985 3271 5041 alio
3321 4987 3374 5040 in
3427 4987 3545 5045 loco
3593 4990 3788 5046 fecisse

1862 5071 2133 5130 BALUle
2169 5073 2377 5131 ΝΟΤᾸΣ

584 5146 702 5199 ειη
751 5148 1017 5204 servitium
1067 5163 1329 5205 revocant.
1387 5154 1622 5208 Vetitum
1666 5155 1814 5210 illud.
1873 5157 2101 5214 Servum

513 5217 658 5271 enim
688 5214 937 5271 libertate
973 5219 1226 5273 donatum
1264 5237 1522 5278 revocare
1559 5224 1611 5277 in
1649 5229 1962 5281 servitutem
1995 5246 2102 5285 non

513 5286 674 5347 licet,
722 5285 826 5365 nisi
872 5287 1028 5367 titulq
1069 5289 1285 5367 ingrati.
1337 5293 1535 5367 Verum
1577 5295 1720 5348 nullo
1759 5299 1918 5351 modo
1949 5315 2105 5367 posse

518 5357 761 5438 revocari
796 5370 900 5438 Aeos
936 5359 1025 5438 qui
1069 5357 1329 5438 Ecclesiae
1371 5363 1599 5438 delegati
1648 5376 1773 5438 _sun_t
1797 5407 1809 5429 ,
1843 5357 2105 5438 decrevit

518 5427 756 5500 synodus
781 5425 1112 5500 Arausicana
1144 5431 1320 5500 prima
1352 5447 1473 5485 can.
1493 5425 1561 5486 '7:
1598 5452 1616 5483 ‹
1648 5433 1702 5487 1η
1731 5425 1968 5492 Ecclesia
1996 5455 2108 5494 ma-

518 5495 810 5558 numissos,
842 5495 926 5548 vel
963 5503 1059 5564 per
1089 5495 1470 5560 testamentum
1522 5502 1776 5558 Ecclesiae
1825 5521 2104 5562 commen-

520 5564 696 5642 datos,
729 5565 774 5642 s_i
804 5565 925 5632 quis
955 5566 1351 5642 innservitutem
1373 5612 1386 5634 ,
1418 5572 1501 5625 vel
1534 5573 1878 5642 obsequium,
1918 5578 2001 5631 vel
2035 5579 2102 5632 ad

521 5633 850 5712 mlonariam
890 5636 1249 5712 conditionem
1281 5633 1589 5709 imprimere
1628 5633 1945 5712 tentaverit,
1991 5648 2105 5700 ani—

521 5704 898 5762 madversione
929 5705 1294 5762 ecclesiastica
1340 5704 1686 5779 coercentur;
1722 5734 1738 5766 ι
1794 5715 1883 5782 qui
1929 5704 2103 5771 canon

2241 5173 2392 5218 ostea
2423 5164 2685 5232 repetitus
2719 5174 2803 5218 est
2840 5167 2892 5219 in
2929 5168 3159 5224 concilio
3185 5170 3488 5225 Arelatensi
3527 5172 3784 5226 secundo.

2241 5181 2392 5218 oswa
2423 5181 2685 5232 repetitus
2719 5181 2803 5218 εει
2840 5182 2892 5219 lll
2929 5181 3159 5224 concmo
3185 5181 3488 5225 Arelatensi
3527 5181 3784 5226 secundo.

2205 5181 2594 5312 Bianumissum
2627 5248 2791 5312 porro
2833 5237 2885 5288 in
2926 5238 3190 5312 Ecclesia,
3224 5256 3263 5312 7a
3303 5243 3520 5312 domino
3551 5257 3657 5295 non
3694 5258 3790 5312 po-

2209 5306 2373 5383 tuisse
2404 5302 2469 5355 ad
2500 5305 3122 5383 servitutemrevocari,
3165 5309 3522 5383 etiam__titulo
3553 5302 3751 5383 ingrati
3771 5353 3785 5376 ,

2207 5373 2365 5445 docet
2410 5386 2508 5425 nos
2535 5387 2726 5445 canon
2774 5376 2842 5429 54
2887 5377 3125 5445 ejusdem
3176 5379 3387 5433 concilii
3433 5373 3789 5438 Arelaténsis.

2207 5443 2433 5512 lmpium
2460 5443 2604 5495 enim
2628 5452 2732 5507 est,
2758 5455 2817 5498 ut
2842 5443 2982 5512 quod
3014 5447 3066 5500 in
3099 5449 3338 5502 Ecclesia
3363 5449 3457 5504 Dei
3483 5453 3798 5508 considera-

2208 5514 2353 5566 tione
2382 5526 2411 5562 a
2438 5512 2653 5582 vinculo
2681 5516 2954 5569 servitutis
2990 5516 3304 5582 absolvitur,
3346 5521 3560 5575 irritum
3591 5523 3798 5578 habea-

2211 5591 2328 5650 tur;
2382 5589 2440 5632 ut
2484 5581 2720 5650 loquitur
2764 5599 2933 5638 canon
2975 5587 3004 5636 7
3044 5588 3256 5641 concilii
3298 5604 3330 5640 v
3363 5590 3795 5650 Aurelianensis.

2211 5649 2344 5705 Vide
2370 5650 2534 5705 etiam
2562 5649 2847 5708 Concilium
2879 5655 3267 5712 Matisconense
3293 5662 3612 5715 secundum.
