3930 6334
219 380 321 438 237

1160 377 1288 432 LIB.
1334 377 1420 431 DE
1464 368 2011 431 DlSPENSATlONE
2056 369 2248 426 ECCL.
2295 368 2537 425 UERUM

3402 363 3508 417 233

225 492 426 563 legitur
452 531 467 555 ,
509 489 733 560 ﬂagellis
780 490 908 545 talia
958 499 1179 561 agentes
1214 489 1518 544 eliminavit
1559 489 1622 543 de
1672 496 1804 541 tem-
1846 488 1892 547 Α
1920 484 2022 538 dte.
2053 484 2308 555 Nunquid
2331 494 2534 554 tempus
2558 483 2697 536 vobis
2726 491 2802 536 est
2833 492 2887 536 ut
2914 481 3158 536 habitetis
3190 483 3243 534 in
3268 479 3507 535 domibus

222 580 335 653 pio.
364 580 567 635 Penset
594 580 759 651 igitur
778 580 866 634 cui
891 579 1071 649 placet
1096 595 1163 635 ex
1196 578 1354 633 factis
1388 588 1444 633 et
1495 578 1674 631 verbis
1721 577 1819 631 Do-

225 672 393 734 mini,
418 672 462 725 si
493 672 548 725 in
578 670 694 739 ejus
710 669 871 724 domo
891 670 1038 725 aliud
1059 668 1261 739 aliquid
1284 670 1518 723 vendere
1539 682 1646 721 non
1668 666 1816 731 licet,

224 770 434 833 quanto
464 763 639 832 magis
677 761 850 830 ipsam
880 759 1103 815 domum
1144 758 1324 815 facere
1352 758 1510 814 nefas
1538 766 1623 812 est
1654 772 1819 811 vena-

228 852 357 907 lem.
383 850 709 906 Sacerdotes
747 849 1160 921 .Egyptiorum,
1213 858 1457 920 tempore
1503 848 1662 902 famis
1686 887 1700 913 ,
1742 848 1819 902 ita

225 944 449 997 aluntur
478 942 616 1011 stipe
644 941 883 1010 publica,
919 950 979 995 ut
1020 941 1399 1011 possessiones
1430 954 1557 993 suas
1587 938 1820 993 vendere

226 1050 338 1090 non
366 1035 784 1104 compellantur.
815 1033 970 1088 Nunc
995 1049 1104 1088 non
1132 1033 1303 1088 solum
1331 1032 1705 1101 possessiones
1725 1047 1817 1087 ec—

224 1125 583 1190 clesiasticae,
617 1125 714 1180 sed
746 1126 873 1195 ipsae
918 1125 1083 1179 etiam
1115 1135 1140 1164 α
1172 1122 1430 1177 Ecclesiae
1454 1137 1577 1177 cum
1607 1135 1821 1191 posses-

226 1218 475 1273 sionibus
504 1219 903 1274 venundantur.
966 1216 1078 1272 Nec
1133 1217 1198 1271 de
1228 1216 1334 1270 illis
1372 1230 1535 1285 quam
1583 1214 1820 1267 maxime

228 1312 496 1367 audemus
532 1312 733 1375 dicere,
764 1326 994 1379 quorum
1015 1310 1201 1381 proavi
1237 1317 1332 1363 aut
1364 1307 1522 1364 abavi
1570 1313 1820 1363 constru-

225 1410 433 1458 xerunt
460 1404 743 1468 ecclesias,
774 1418 838 1458 ac
864 1402 1173 1457 ditaverunt
1197 1442 1211 1467 ,
1241 1409 1294 1455 et
1324 1400 1665 1454 testamentis
1688 1396 1822 1452 scri-

228 1492 339 1563 ptis
364 1502 527 1564 atque
562 1493 792 1549 ﬁrmatis
828 1493 1006 1547 nullos
1030 1508 1088 1548 se
1132 1492 1415 1546 habituros
1443 1490 1687 1545 limredes
1713 1487 1819 1543 nisi

229 1585 523 1640 ecclesiam
552 1594 605 1640 et
634 1594 879 1640 rectores
915 1585 1033 1654 ejus
1060 1583 1551 1644 denuntiaverunt;
1600 1589 1655 1634 et
1678 1593 1822 1633 nunc

230 1678 339 1748 ipsi
369 1687 558 1734 contra
580 1679 838 1748 pietatem
866 1675 1153 1745 majorum,
1178 1674 1223 1729 si
1247 1674 1482 1743 parietes
1506 1672 1609 1728 sibi
1640 1670 1824 1726 vendi-

228 1786 364 1826 eare
390 1770 671 1841 potuerint
697 1808 712 1834 ,
760 1783 867 1823 non
898 1774 1112 1821 tantum
1149 1780 1215 1821 ea
1245 1780 1367 1833 quae
1415 1779 1445 1817 a
1477 1767 1822 1818 constructo-

1922 577 2177 647 laqueatis
2199 618 2212 643 ,
2246 587 2294 631 et
2323 577 2509 631 domus
2542 578 2645 631 ista
2672 576 2921 631 deserta?
2951 576 3022 630 Et
3069 592 3206 629 nunc
3240 576 3351 629 hac
3381 576 3509 629 dicit

1921 665 2182 720 Dominus
2205 667 2532 720 exercituum
2568 680 2586 718 :
2620 663 2807 719 Ponite
2830 665 2990 719 corda
3014 674 3183 719 vestra
3219 681 3376 735 super
3400 665 3509 717 rias

1922 768 2134 814 vestras.
2165 759 2477 815 Seminastis
2504 760 2748 827 multum,
2784 770 2830 814 et
2870 760 3125 814 intulistis
3152 776 3373 831 parum;
3416 766 3512 814 co-

1922 854 2177 919 medistis,
2202 865 2249 909 et
2276 872 2379 909 non
2406 856 2530 909 estis
2553 856 2734 910 satiati
2758 872 2776 921 ;
2809 855 3032 919 bibistis,
3062 863 3109 908 et
3136 870 3239 907 non
3259 853 3381 906 estis
3403 853 3512 906 ine-

1922 945 2114 1011 briati;
2147 948 2427 1016 operuislis
2472 964 2595 1013 vos,
2643 956 2692 1001 et
2741 963 2843 1000 non
2877 947 3000 999 estis
3031 943 3309 1013 calefacti;
3345 952 3393 996 et
3422 943 3512 1015 qui

1921 1036 2181 1089 mercedes
2201 1036 2554 1105 congregavit,
2579 1036 2720 1089 misit
2742 1052 2829 1089 eas
2854 1034 2906 1087 in
2924 1032 3195 1087 sacculum
3219 1042 3509 1103 pertusum.

1922 1123 2053 1180 Iltec
2078 1127 2204 1179 dicit
2227 1126 2486 1181 Dominus
2513 1128 2877 1181 exercituum:
2918 1122 3105 1177 Ponite
3135 1122 3296 1176 corda
3341 1133 3513 1177 uestra

1920 1232 2078 1285 super
2098 1218 2206 1270 vias
2232 1226 2452 1282 vestras,
2501 1216 2767 1270 ascendite
2817 1217 2872 1269 in
2910 1225 3169 1279 montem,
3216 1223 3420 1286 portate
3445 1213 3511 1266 lt-

1925 1325 2111 1378 gnum,
2156 1318 2203 1361 et
2231 1308 2491 1377 a'diﬁcate
2522 1309 2769 1374 domum;
2795 1318 2843 1361 et
2869 1307 3202 1374 acceptabilis
3234 1307 3362 1359 mihi
3391 1307 3512 1372 erit,

1921 1408 1969 1454 et
1991 1400 2347 1471 gloriﬁcabor,
2373 1402 2501 1455 dicit
2525 1400 2803 1455 Dominus.
2824 1400 3144 1471 Respexistis
3169 1401 3237 1453 ad
3261 1400 3513 1469 amplius,

1923 1502 1969 1546 et
1990 1508 2106 1546 ecce
2128 1492 2328 1561 factum
2352 1503 2427 1547 est
2466 1494 2639 1547 minus
2668 1507 2686 1544 :
2711 1505 2759 1547 et
2782 1492 3033 1547 intulistis
3073 1494 3128 1547 in
3169 1494 3381 1546 domum
3402 1532 3416 1557 ,
3465 1504 3516 1545 et

1922 1582 2186 1655 exsuﬂlavi
2239 1581 2392 1636 illud.
2428 1581 2601 1649 Quam
2654 1582 2717 1636 ob
2763 1583 3025 1636 causam?
3067 1582 3196 1635 dicit
3254 1581 3515 1635 Dominus

1921 1675 2265 1729 exercituum.
2293 1673 2433 1739 Quia
2458 1674 2645 1728 domus
2672 1691 2787 1729 mea
2813 1680 3018 1729 deserta
3044 1683 3140 1739 est,
3164 1682 3212 1727 et
3240 1689 3327 1727 vos
3357 1672 3503 1742 festi-

1924 1768 2061 1821 natis
2075 1769 2431 1839 unusquisque
2461 1768 2517 1821 in
2544 1768 2757 1822 domum
2785 1784 2957 1822 suam.
2994 1764 3218 1837 Propter
3240 1767 3336 1820 hoc
3360 1782 3517 1837 super

229 1863 385 1919 ribus
406 1862 598 1917 collata
618 1868 765 1924 sunt,
791 1860 884 1914 sed
904 1866 961 1913 et
983 1857 1150 1912 multa
1172 1872 1289 1925 (lum
1308 1854 1552 1924 plerique
1578 1851 1817 1907 ﬁdelium
1848 1855 1894 1913 B
1922 1873 2012 1911 vos
2033 1857 2279 1925 prohibiti
2302 1868 2424 1911 sunt
2455 1857 2570 1912 ειειί
2608 1875 2670 1912 ne
2700 1858 2885 1912 darent
2919 1874 3109 1923 rorem,
3141 1867 3188 1912 et
3224 1868 3367 1913 terra
3392 1875 3515 1929 pro-

233 1954 385 2024 hpro
430 1952 724 2022 sepulturis
758 1960 850 2005 aut
876 1949 1114 2043 qualibet
1143 1947 1430 2003 devotione
1474 1945 1578 1998 alia
1618 1942 1822 1998 ibidem

231 2051 626 2107 sacraverunt,
660 2058 781 2096 cum
814 2041 946 2111 ipsis
967 2034 1215 2095 ecclesiis
1241 2036 1478 2091 vendere
1497 2034 1707 2090 licitunt
1730 2047 1824 2102 pu-

231 2143 377 2192 tant.
407 2133 556 2188 nullo
588 2133 932 2202 prohibente.

303 2224 446 2280 XVI.
472 2224 675 2277 Verum
711 2222 839 2292 quia
862 2237 929 2277 ex
954 2222 1112 2276 domo
1143 2217 1391 2284 Domini,
1443 2231 1565 2286 qua:
1609 2214 1715 2270 fuit
1766 2214 1821 2270 in

230 2315 597 2380 llierusalem,
628 2313 843 2370 occasio
873 2313 1031 2368 nobis
1079 2320 1289 2381 sumpta
1346 2310 1561 2364 videtur
1613 2316 1673 2363 ut
1719 2308 1822 2362 ista

232 2407 301 2461 de
344 2405 606 2460 Ecclesiis
638 2404 974 2467 diceremus,
1010 2418 1080 2457 ne
1127 2402 1265 2457 forte
1312 2400 1509 2469 aliquis
1557 2406 1712 2469 putet
1759 2414 1822 2453 ea

231 2513 357 2568 qua:
385 2498 450 2552 de
475 2488 562 2551 illa
594 2496 904 2552 referuntur
934 2508 1040 2549 non
1067 2494 1341 2563 pertinere
1370 2491 1437 2545 ad
1463 2491 1652 2546 domos
1674 2488 1823 2544 basi-

232 2572 467 2643 licarum
499 2628 514 2653 ,
554 2586 865 2658 intelligat,
908 2586 999 2639 cui
1030 2583 1154 2638 talis
1177 2582 1517 2651 subrepserit
1545 2581 1821 2651 cogitatio,

234 2695 300 2736 ea
328 2696 493 2736 causa
542 2679 660 2735 ﬁeri
690 2678 987 2742 ecclesias,
1039 2659 1145 2746 qua
1173 2684 1229 2730 et
1280 2675 1394 2744 ipsa
1440 2674 1630 2729 domus
1683 2672 1825 2727 facta

233 2760 358 2835 est,
392 2770 459 2825 ad
509 2769 841 2824 laudandum
877 2766 1129 2821 videlicet
1180 2765 1372 2829 Deum,
1419 2765 1484 2818 ad
1532 2765 1828 2833 deprecan-

236 2863 368 2917 dum
399 2903 413 2927 ,
455 2863 522 2917 ad
549 2860 997 2923 sacriﬁcandum;
1041 2858 1182 2913 sicut
1213 2857 1327 2924 ipse
1356 2854 1617 2909 Salomon
1654 2852 1826 2908 (ediﬁ-

234 2961 393 3009 cator
420 2961 474 3007 et
498 2952 779 3006 dedicatur
806 2948 1048 3017 ejusdem
1070 2946 1258 3016 templi
1282 2946 1335 2999 in
1363 2944 1611 2999 oratione
1631 2957 1824 2998 conse-

234 3045 501 3100 crationis
523 3060 635 3098 sua:
659 3044 735 3097 ait
758 3042 986 3096 Domino
1011 3058 1022 3093 :
1056 3039 1117 3095 Si
1140 3038 1326 3093 caelum
1364 3048 1413 3091 et
1441 3036 1553 3091 caeli
1579 3035 1825 3090 caelorum

235 3156 345 3193 non
369 3148 417 3191 te
442 3139 654 3207 capiunt
676 3177 691 3201 ,
720 3144 915 3207 quanto
942 3135 1105 3204 magis
1132 3134 1318 3187 domus
1344 3132 1445 3185 ista
1471 3146 1628 3201 quam
1659 3127 1827 3196 a'diﬁ-

1923 1948 2087 2003 hibita
2118 1960 2191 2004 est
2216 1967 2279 2005 ne
2307 1950 2455 2005 daret
2480 1966 2689 2021 germen
2729 1967 2917 2015 suum;
2945 1961 2992 2003 et
3020 1950 3198 2004 vocavi
3222 1949 3510 2002 siccitatem

1923 2058 2082 2111 super
2108 2051 2327 2107 terram,
2358 2051 2409 2096 et
2449 2058 2608 2112 super
2634 2050 2854 2106 montes,
2888 2051 2936 2095 et
2977 2056 3137 2112 super
3181 2040 3437 2103 triticum,
3464 2049 3514 2092 et

1923 2148 2079 2203 super
2106 2134 2301 2197 vinum,
2342 2144 2392 2187 et
2420 2149 2579 2202 super
2619 2131 2789 2185 oleum
2810 2172 2824 2197 ,
2874 2141 2921 2185 et
2950 2146 3270 2203 qutt’cunque
3317 2130 3516 2201 profert

1924 2224 2139 2290 humus,
2170 2235 2219 2278 et
2249 2241 2405 2295 super
2429 2224 2663 2278 homines
2684 2264 2697 2288 ,
2732 2233 2780 2276 et
2812 2240 2972 2292 super
2984 2223 3253 2291 jumenta,
3286 2232 3333 2275 et
3362 2236 3520 2292 super

1927 2332 2132 2371 omnem
2161 2314 2397 2369 laborem
2446 2330 2718 2368 manuum.
2751 2314 2817 2367 Et
2869 2322 2992 2382 pust
3041 2313 3218 2382 aliqua
3268 2330 3281 2367 :
3331 2311 3520 2369 Ponite

1926 2408 2085 2462 corda
2114 2417 2283 2462 vestra
2313 2423 2378 2461 ea:
2406 2408 2492 2460 die
2517 2408 2636 2471 ista,
2666 2416 2714 2460 et
2741 2408 2796 2460 in
2821 2407 3080 2477 futurum,
3108 2425 3140 2461 a
3161 2407 3245 2462 die
3274 2408 3516 2463 vicesima

1924 2507 1972 2551 et
2001 2507 2190 2569 quarta
2231 2498 2353 2551 noni
2388 2496 2581 2551 mensis
2609 2536 2623 2561 ,
2662 2514 2694 2550 a
2726 2496 2811 2550 die
2854 2513 2961 2567 qua
2996 2496 3341 2566 fundamenta
3362 2498 3518 2567 jacta

1925 2603 2047 2646 sunt
2084 2590 2259 2661 templi
2290 2591 2537 2657 Domini,
2581 2592 2757 2661 ponite
2781 2608 2937 2665 super
2966 2608 3056 2643 cor
3076 2599 3323 2645 vestrum.
3359 2588 3516 2644 Nun-

1926 2683 2052 2754 quid
2084 2698 2258 2736 semen
2289 2684 2342 2735 in
2381 2682 2610 2751 germine
2634 2691 2743 2745 est,
2782 2692 2829 2735 et
2855 2681 3029 2735 adhuc
3071 2683 3239 2744 uinea,
3272 2690 3319 2734 et
3352 2681 3517 2749 licus,

1927 2781 1975 2827 et
2010 2771 2469 2842 malogranatum,
2508 2782 2556 2827 et
2599 2771 2800 2843 lignum
2832 2770 2981 2826 olivte
3022 2788 3127 2825 non
3169 2772 3350 2842 ﬂoruit
3374 2773 3399 2825 ?
3434 2771 3517 2826 Er

1928 2865 2011 2919 die
2039 2865 2139 2917 ista
2164 2863 2485 2917 benedicam.
2529 2861 2584 2917 Si
2610 2862 2704 2916 ﬁlii
2738 2862 2903 2917 Israel
2931 2903 2946 2928 ,
2986 2877 3160 2933 nuper
3188 2860 3256 2917 de
3285 2861 3516 2932 captivi~

1932 2961 2041 3007 tate
2094 2952 2369 3023 regressi,
2426 2954 2553 3022 quia
2604 2952 2883 3024 negligunt
2910 2960 3220 3007 restaurare
3261 2953 3519 3023 templum

1930 3045 2167 3112 Domini,
2219 3054 2369 3101 tanta
2406 3048 2692 3103 sterilitate
2738 3046 3025 3111 feriuntur,
3059 3047 3297 3117 itemque
3326 3046 3522 3105 funda-

1933 3137 2133 3191 mentis
2150 3136 2334 3205 jactis,
2362 3152 2486 3192 mox
2509 3138 2655 3193 omni
2680 3137 3059 3192 benedictione
3087 3145 3515 3208 cunctarumque

236 3230 397 3284 cavi?
435 3226 539 3282 Sed
562 3229 631 3281 ad
656 3229 752 3281 hoc
777 3236 979 3280 tantum
1007 3224 1151 3294 facta
1177 3232 1252 3277 est
1281 3231 1337 3275 ut
1361 3220 1608 3298 respicias
1634 3218 1829 3272 oratio-
1857 3207 1900 3270 C
1933 3241 2117 3282 rerum
2147 3226 2479 3283 fecunditate
2501 3227 2869 3293 cumulantur,
2899 3234 3113 3282 constat
3131 3226 3376 3297 profecto
3400 3207 3515 3282 ma.

236 3335 359 3374 nem
384 3319 517 3373 seni
566 3318 670 3380 tui,
704 3327 751 3370 et
795 3314 1203 3379 obsecrationem
1251 3313 1367 3382 ejus
1389 3351 1403 3375 ,
1433 3309 1658 3364 Domine
1685 3308 1828 3362 Deus

234 3427 423 3473 meus;
456 3419 510 3463 ut
531 3409 737 3479 aperias
770 3405 950 3462 oculos
971 3415 1089 3459 tuos
1116 3420 1273 3474 super
1300 3402 1515 3456 domum
1541 3400 1698 3453 istam
1717 3398 1830 3452 die-

236 3503 337 3558 bus
388 3517 449 3554 ac
480 3499 737 3554 noetibus.
783 3496 1001 3552 Exaudi
1026 3511 1201 3568 preces
1231 3493 1419 3563 famuli
1470 3493 1547 3546 tui
1578 3502 1626 3545 et
1650 3489 1828 3561 populi

234 3592 320 3646 tui
355 3588 547 3654 Israel,
574 3589 872 3659 quicunque
900 3585 1127 3639 oraverit
1178 3592 1225 3636 te
1269 3582 1325 3635 in
1354 3580 1470 3635 loco
1512 3581 1634 3634 isto.
1685 3578 1828 3645 Qua-

235 3691 465 3753 propter
492 3682 640 3736 omni
665 3680 768 3734 ﬁde
793 3679 1049 3749 omnique
1080 3676 1291 3731 ratione
1315 3673 1577 3744 quidquid
1599 3674 1652 3727 in
1678 3672 1767 3727 illa
1797 3689 1827 3727 a

236 3772 541 3831 cultoribus
572 3771 657 3825 vel
678 3768 1147 3838 coatemptoribus
1176 3766 1383 3821 licitum
1425 3765 1541 3819 sive
1582 3763 1828 3818 illicitum

237 3871 454 3935 gestum
494 3868 601 3925 est,
634 3868 690 3915 et
711 3856 975 3929 quidquid
997 3856 1065 3910 de
1089 3854 1199 3917 illa,
1234 3860 1346 3908 tam
1394 3852 1461 3907 ad
1492 3850 1825 3922 diligentiam

235 3952 671 4017 exstruentium,
726 3964 887 4020 quam
941 3948 1009 4003 ad
1055 3946 1434 4018 negligentiam
1473 3941 1827 4003 cessantium,

234 4060 339 4101 seu
363 4043 432 4098 ad
457 4041 717 4111 malitialn
744 4037 1133 4095 destruentium
1153 4075 1168 4098 ,
1199 4034 1504 4104 pertinens,
1560 4045 1827 4085 memora-

235 4142 355 4198 tur,
376 4130 763 4186 ediﬁcatarum
792 4128 1140 4183 basilicarum
1161 4124 1429 4193 exempla,
1453 4122 1827 4187 auctoritates,

236 4222 501 4279 et~cultus
525 4222 647 4278 esse
669 4221 962 4276 tenendum
1013 4225 1117 4274 est.
1147 4215 1505 4285 Consequens
1550 4226 1680 4284 ergo
1726 4213 1832 4267 erit

236 4321 300 4368 ut
336 4311 584 4381 religiose
621 4309 1055 4382 perpendamus,
1110 4304 1346 4376 qualiter
1394 4303 1655 4359 Dominus
1700 4315 1830 4371 erga

237 4406 697 4461 restaurationem
720 4402 961 4474 ejusdem
987 4398 1204 4469 templi,
1235 4407 1292 4452 et
1315 4396 1651 4467 negligentes
1680 4395 1832 4449 dam-

235 4508 357 4563 net,
386 4508 443 4554 et
465 4500 688 4555 devotos
717 4500 1050 4558 remuneret,
1100 4506 1169 4545 ex
1215 4490 1397 4545 verbis
1426 4504 1549 4560 quae
1595 4502 1693 4558 per
1718 4486 1826 4558 Ag-

235 4607 419 4665 gaaum
450 4588 765 4662 prOphetam
807 4585 1085 4657 loquitur,
1128 4582 1314 4638 dicens

232 4684 407 4739 dicit:
427 4681 679 4739 Nondum
700 4679 836 4735 venit
858 4688 1060 4746 tempus
1098 4675 1284 4728 domus
1308 4672 1526 4727 Domini
1551 4669 1823 4739 aediﬁcan-

1931 3315 2137 3370 ximum
2161 3316 2438 3388 religionis
2463 3332 2588 3376 esse
2602 3316 2799 3370 divinae
2814 3316 2994 3371 domui
3013 3316 3347 3386 diligentiam
3371 3316 3520 3374 adhi-

1930 3406 2090 3472 bere;
2119 3422 2349 3478 eamque
2374 3406 2670 3479 negligere,
2698 3421 2918 3461 causam
2937 3406 3174 3463 miseriae
3193 3416 3357 3479 atque
3380 3408 3519 3467 inlc-

1931 3496 2156 3552 licitatis
2181 3498 2435 3553 existere.

2003 3586 2165 3641 XVII.
2209 3586 2317 3643 Sed
2346 3596 2399 3641 et
2428 3587 2558 3642 illud
2584 3588 2849 3645 attentius
2873 3589 3324 3646 considerandum
3366 3592 3513 3662 quod

1933 3678 1989 3731 in
2021 3676 2124 3731 hac
2155 3677 2441 3748 prophetia
2461 3676 2690 3749 legitur:
2718 3676 2788 3731 Et
2809 3679 3077 3733 suscitavit
3102 3677 3245 3734 Deus
3271 3676 3521 3750 spiritum'

1931 3765 2222 3822 Zorobabel
2250 3769 2422 3833 ducis,
2450 3779 2500 3823 et
2521 3770 2762 3839 spiritum
2787 3768 2918 3825 Iesu
2945 3770 3256 3837 sacerdotis,
3286 3781 3337 3826 et
3366 3774 3523 3844 spiri-

1929 3867 2041 3912 tum
2063 3858 2385 3931 reliquorum
2416 3860 2481 3914 de
2510 3861 2650 3915 omni
2671 3860 2885 3932 populo.
2912 3860 2985 3918 Ut
3018 3877 3085 3917 ex
3112 3862 3217 3918 hoc
3236 3866 3523 3934 perspicue

1931 3949 2297 4021 intelligatur,
2340 3951 2731 4020 obsequentem
2765 3952 3061 4022 quemlibet
3112 3960 3169 4008 et
3220 3963 3520 4012 amatorem

1929 4039 2113 4109 templi
2137 4040 2255 4105 Dei,
2279 4040 2500 4095 domum
2532 4056 2653 4096 esse
2682 4040 2917 4112 Spiritus
2948 4044 3153 4107 sancti;
3183 4059 3308 4099 cum
3338 4047 3514 4101 mani-

1932 4127 2069 4184 feste
2098 4137 2389 4201 appareat,
2421 4145 2529 4185 non
2562 4130 2738 4186 solum
2777 4130 3018 4189 ﬁdelium
3060 4133 3310 4204 spiritum
3343 4134 3520 4189 susci-

1933 4228 2080 4275 tasse
2110 4228 2241 4276 tunc
2265 4220 2461 4285 Deum,
2490 4227 2549 4274 ut
2576 4235 2699 4278 eum
2735 4220 2883 4277 omni
2909 4221 3094 4277 laetitia
3122 4223 3380 4293 omnique
3412 4224 3525 4281 alav

1932 4312 2127 4368 critate
2148 4312 2365 4366 domum
2392 4310 2487 4366 Dei
2516 4320 2777 4382 cuperent
2815 4312 3120 4367 instaurare
3139 4353 3153 4377 ,
3187 4314 3280 4367 sed
3311 4323 3365 4367 et
3396 4314 3521 4369 inli-

1932 4401 2133 4457 dellum
2158 4417 2380 4471 regum,
2430 4400 2558 4473 Cyri
2592 4401 2864 4467 videlicet,
2899 4417 2964 4457 ac
2985 4402 3154 4467 Darii,
3187 4411 3242 4457 et
3256 4402 3523 4459 Artaxer-

1933 4491 2019 4546 xis
2053 4509 2066 4545 :
2098 4491 2191 4561 qui
2219 4505 2326 4545 non
2349 4498 2559 4546 tantum
2598 4490 2869 4545 licentiam
2899 4489 3202 4546 aediﬁcandi
3231 4492 3520 4559 dederunt,

1374 4599 1387 4633 :
1443 4550 1682 4649 Populus
1726 4550 1824 4632 isie
1850 4550 1904 4610 Β
1929 4550 2185 4637 verum-et
2205 4578 2533 4648 adjutorium
2557 4581 2905 4650 prazbuerunt
2924 4579 3219 4651 lignorum,
3238 4550 3517 4647 frumenti,

1926 4680 1981 4725 et
2000 4671 2135 4737 vini,
2157 4678 2214 4727 et
2233 4668 2359 4735 etei,
2387 4684 2452 4725 ac
2471 4669 2621 4736 salis,
2644 4678 2699 4724 et
2719 4683 2999 4739 pecorum,
3022 4677 3078 4725 et
3100 4670 3237 4725 dona
3259 4672 3402 4737 auri,
3434 4682 3521 4725 at-

1590 4806 1860 4863 BALUZII
1898 4801 2132 4862 ΝΟΤΑΞ.

316 4944 343 4972 ι
379 4929 628 4985 Ecclesia:
661 4944 783 4983 cum
820 4942 1041 4997 possess.
1071 4922 1453 4997 venundantur.
1501 4919 1823 4997 Origo_ma_li

237 5002 405 5059 istius
430 5000 657 5070 petenda
686 5006 772 5054 est
803 4992 870 5053 ex
915 4996 1261 5070 concessione
1285 5007 1466 5070 rerum
1494 4992 1827 5070 ecqlesiasti:

238 5061 451 5133 carum;
480 5084 600 5140 quas
626 5070 761 5140 viris
789 5066 1137 5123 muhribus
1165 5063 1304 5140 facta
1340 5061 1540 5140 fuerat.
1568 5062 1710 5140 liam
1748 5061 1824 5115 illi

237 5132 515 5198 ecclesias
536 5138 640 5195 sibi
674 5138 828 5193 datas
866 5152 989 5191 cum
1025 5133 1456 5198 possessionibus
1496 5132 1822 5194 retinebant,

237 5221 297 5268 et
326 5212 394 5266 ad
430 5209 672 5265 heredes
698 5222 825 5263 suos
861 5200 1291 5269 transferebant;
1324 5212 1381 5256 ut
1407 5209 1553 5271 patet
1584 5217 1648 5271 ex
1681 5200 1771 5255 lib.
1809 5217 1826 5255 ι

236 5281 652 5352 Capitularium,
679 5294 797 5352 cap.
834 5274 957 5352 HO,
989 5285 1041 5352 et
1067 5275 1207 5330 libro
1232 5270 1432 5352 v,'cap’.
1459 5271 1548 5352 μ.
1589 5270 1827 5352 Recepto

236 5342 425 5406 auiem
452 5349 618 5406 semel
642 5342 1136 5417 hoc'jure,dubium
1163 5362 1267 5399 non
1280 5343 1389 5417 luit
1413 5342 1563 5410 quin,
1583 5342 1723 5396 sicut
1750 5342 1827 5417 in_-_

238 5430 333 5476 ter
352 5421 597 5476 lneredes
621 5411 782 5473 dividi
808 5424 1078 5489 poterant,
1104 5415 1341 5489 distrahi
1358 5426 1570 5489 quoque
1595 5420 1649 5465 et
1670 5411 1828 5489 vendi

334 5498 487 5555 ssent,
540 5490 586 5544 si
630 5504 719 5543 res
771 5481 844 5542 it'a
895 5485 1079 5541 ferret.
1142 5484 1296 5551 Quod
1327 5482 1487 5537 hodie
1521 5481 1829 5555 quoquein

334 5504 487 5555 sent,
540 5504 586 5544 8|
630 5504 719 5543 res
771 5504 844 5542 tta
895 5504 1079 5541 terret.
1142 5504 1296 5551 quoa
1331 5504 1487 5537 nume
1521 5504 1733 5552 qucum:
1776 5504 1829 5535 tu

235 5504 415 5620 Egilia
450 5560 664 5615 obtinet
701 5558 877 5628 quoad
914 5555 1153 5611 decimas
1179 5569 1317 5628 quas
1350 5561 1560 5628 vocant_
1586 5504 1829 5628 inieoda-

238 5640 347 5687 tas.
382 5632 487 5687 Eas
519 5630 666 5685 enim
700 5622 1041 5697 possessores
1087 5622 1457 5697 transmittunt
1478 5622 1571 5697 _ad_
1592 5623 1833 5675 hmredes

239 5718 388 5768 suos,
420 5710 516 5758 aut
552 5700 673 5755 aliis
702 5691 1147 5768 vendunt,_prou_t
1175 5694 1387 5748 animus
1416 5691 1617 5768 tulerit.

313 5774 339 5816 δ
363 5762 479 5830 Pro
506 5768 817 5830 smul-turis.
856 5767 937 5823 Ex
966 5762 1069 5821 lioc
1107 5764 1253 5821 fonte
1290 5772 1350 5818 ut
1386 5762 1677 5833 plurimum
1718 5776 1837 5831 pro-

1931 4925 2147 4980 dierunt
2179 4922 2578 4994 possessiones,
2614 4921 2926 4994 latifundia,
2960 4930 3016 4978 et
3047 4923 3185 4993 agri,
3215 4939 3281 4978 ex
3321 4924 3520 4994 quibus

1932 4996 2101 5049 ditata
2130 4990 2531 5061 et'ampliﬁcata
2553 5002 2637 5047 est
2660 4991 2921 5047 Ecclesia.
2952 4990 3354 5049 Existimabant'
3372 4995 3516 5049 enim

1934 5064 2117 5118 ﬁdeles
2142 5060 2334 5132 melius
2362 5061 2463 5116 sibi
2511 5060 2902 5132 futurumpost
2923 5063 3063 5132 hanc
3088 5063 3276 5128 vitam,
3305 5064 3349 5119 si
3378 5065 3518 5119 viro—

1935 5150 2053 5188 rum
2070 5131 2580 5205 _ecclesiastico_rum
2608 5130 2857 5202 precibus
2903 5131 3301 5205 adjuvarentur.
3318 5203 3325 5205 _
3340 5133 3519 5205 Atque

1935 5213 1994 5258 ut
2032 5203 2087 5257 id
2120 5203 2258 5273 apud
2288 5216 2390 5285 eos
2417 5202 2754 5285 obtinere-ut,
2784 5202 3058 5285 curabant
3084 5204 3140 5257 in
3167 5203 3362 5285 primis
3387 5202 3520 5285 cor-

1935 5289 2066 5344 pora
2102 5270 2444 5344 sua-sepeliri
2472 5274 2537 5327 ad
2564 5272 2845 5344 ecclesias,
2875 5287 2979 5342 qua
3014 5270 3246 5344 transire
3272 5273 3517 5344 solebant

1936 5341 2039 5397 viri
2083 5341 2460 5413 ecclesiastici,
2487 5351 2547 5396 ut
2575 5341 2953 5397 defunctorum
2989 5342 3251 5413 memoria
3279 5343 3519 5413 quotidie

1935 5415 1990 5470 in
2017 5428 2203 5468 eorum
2245 5412 2519 5466 mentibus
2565 5421 2936 5465 renovaretur.
2985 5412 3209 5470 Interim
3257 5412 3347 5469 res
3387 5429 3521 5479 suas

1934 5484 2254 5554 delegabant
2282 5481 2654 5554 Ecclesiaa,»ut
2679 5481 2763 5535 vel
2798 5496 2864 5535 ex
2908 5482 3011 5537 hac
3038 5483 3320 5554 temporali
3341 5484 3518 5554 _retri-

1935 5551 2154 5608 butione
2196 5552 2407 5606 facilius
2438 5552 2682 5622 homines
2716 5554 3086 5622 excitarentur
3129 5551 3194 5607 ad
3226 5551 3520 5622 imploran-

1937 5625 2059 5694 dam
2081 5621 2749 5694 Deimisericordiampro
2773 5621 2878 5694 illis
2900 5623 2991 5690 qui
3012 5622 3290 5694 dederant,
3303 5621 3520 5694 Quique

1936 5692 2045 5760 jam
2095 5692 2334 5748 defuncti
2384 5699 2557 5761 erant.
2609 5692 2741 5761 Vfide
2791 5690 2989 5746 librum
3015 5708 3066 5745 vr
3106 5690 3517 5761 Capitularium.

1938 5759 2055 5837 eap.
2079 5762 2209 5834 285,
2235 5762 2361 5833 293,
2388 5759 2523 5830 5‘22,
2558 5768 2614 5816 et
2638 5759 2836 5820 librum
2864 5777 2961 5828 vn,
2990 5777 3108 5833 cap.
3137 5759 3259 5819 199.
