3930 6322
503 386 609 442 εει)

1468 376 1527 431 S.
1568 371 1920 430 AGOBABDI
1956 367 2266 425 EPISCOPI
2305 362 2782 422 LUGDUNENSIS

3685 357 3804 415 2ιῦ

505 515 610 572 que
627 499 870 568 argenti,
903 510 1026 552 cum
1054 492 1390 566 principibus
1437 491 1569 546 suis.
1619 485 1678 542 lu
1721 485 1874 541 libris
1920 482 2086 536 etiam
2119 482 2168 541 Λ
2192 476 2350 532 Jesus
2371 476 2641 540 Christus,
2671 475 2763 545 qui
2791 471 3052 528 Ecclesia:
3079 485 3189 524 suae
3220 468 3453 524 formam
3484 478 3540 523 et
3574 470 3804 524 instru-

509 589 964 651 Machabzcorum,
980 582 1224 640 nonnulli
1245 595 1400 655 reges
1416 594 1543 649 erga
1575 576 1835 647 templum
1857 573 1954 627 Dei
1978 588 2093 626 ruu-

510 684 656 740 niﬁci
699 681 868 737 fuisse
895 684 1286 738 memorantur,
1319 675 1375 727 in
1404 672 1602 742 quibus
1635 677 1690 721 et
1717 668 1972 722 vindictae
1997 663 2093 718 Dei

512 776 718 845 pariter
742 769 996 843 leguntur
1018 769 1073 822 in
1099 782 1195 823 eos
1219 767 1310 838 qui
1337 764 1682 833 diripuerunt
1730 759 1813 814 vel
1859 759 2097 828 diripere

511 866 691 921 conati
713 853 840 920 sunt
868 877 1000 916 vasa
1027 875 1215 924 sacra;
1255 858 1399 912 sicut
1444 856 1512 911 de
1563 853 1836 907 Antiocho
1865 865 2012 921 rege,
2043 859 2097 906 et

511 956 820 1016 Heliodoro,
855 953 948 1023 qui
977 967 1007 1005 a
1036 949 1267 1005 Seleuco
1294 947 1498 1001 missus
1530 944 1722 1008 fuerat,
1755 943 1809 996 in
1843 949 2094 1012 promptu

512 1059 595 1106 est
627 1047 960 1103 meminisse.
990 1043 1128 1098 Ecce
1169 1041 1265 1098 ﬁlii
1294 1038 1481 1102 Israel,
1517 1035 1886 1091 fundamentis
1911 1032 2096 1101 templi

508 1141 688 1210 iactis,
717 1137 1000 1194 confestim
1032 1135 1085 1188 in
1101 1134 1351 1188 omnibus
1379 1127 1800 1190 benedicuntur;
1847 1122 2099 1178 differen-

512 1241 596 1288 tes
621 1245 780 1302 opus,
811 1228 1011 1282 acriter
1037 1239 1135 1295 pro
1175 1221 1504 1292 negligentia
1532 1217 1915 1288 ﬂagellantur;
1956 1212 2099 1268 dire.

512 1335 696 1395 ptores
727 1336 1028 1383 sacrorum,
1072 1314 1417 1372 irrevocabili
1451 1310 1719 1367 sententia
1748 1309 2094 1363 damnantur.

511 1414 646 1469 Cum
673 1427 802 1483 ergo
830 1409 986 1464 nobis
1016 1422 1122 1461 non
1164 1403 1359 1459 sufﬁcit
1387 1404 1454 1457 ad
1483 1398 1813 1471 exemplum,
1841 1411 1964 1450 cum
1988 1403 2097 1449 tam

513 1501 884 1573 multipliciter
904 1514 1008 1570 per
1034 1504 1174 1551 totas
1197 1495 1508 1562 Scripturas
1548 1490 1792 1558 legamus
1816 1493 1872 1541 et
1894 1499 2097 1556 cogno-

514 1609 730 1651 scamus
758 1592 975 1647 domum
1019 1588 1118 1643 Dei
1147 1586 1393 1655 diligere,
1424 1581 1736 1652 religiosum
1760 1593 1907 1644 esse,
1935 1575 2101 1646 negli-

515 1701 664 1759 gere,
691 1683 1083 1753 irreligiosum;
1117 1678 1370 1746 diripere,
1397 1673 1653 1744 impium;
1681 1683 1976 1739 omnesque
2001 1682 2099 1722 sua

514 1776 785 1846 recepisse
809 1774 1025 1833 merita,
1049 1779 1104 1827 et
1123 1783 1313 1825 omnes
1339 1764 1611 1837 principes
1625 1777 1812 1818 eorum
1834 1761 1927 1832 qui
1947 1760 2099 1815 dixe-

2194 571 2428 626 ctionem
2455 568 2720 639 praemisit
2747 565 2906 620 factis
2929 573 2984 620 et
3007 563 3189 629 dictis,
3213 563 3357 618 sicut
3375 562 3647 632 scriptum
3671 569 3802 626 est;

2192 658 2328 725 Qua:
2365 659 2515 727 coepit
2545 655 2700 710 lem
2734 657 2907 725 facere
2959 663 3006 708 et
3060 654 3277 717 docere;
3308 653 3621 722 praevidens
3649 652 3808 707 futu-

2196 764 2317 802 rum
2345 763 2466 803 esse
2490 757 2548 802 ut
2574 747 2628 800 in
2656 745 2914 801 Ecclesiis
2937 744 3179 799 thesauri
3212 743 3448 798 ﬁdeliter
3477 759 3505 796 a
3537 742 3810 798 ﬁdelibus

2195 853 2258 893 ac
2285 837 2628 892 laudabiliter
2649 852 2680 891 a
2707 834 2977 906 religiosis
2998 835 3380 899 conderentur,
3410 842 3579 902 atque
3599 841 3807 888 custo-

2196 931 2461 995 direntur,
2499 937 2554 983 et
2583 927 3044 998 perniciosissime
3075 942 3106 980 a
3149 925 3360 982 furibus
3400 925 3809 981 fraudarentur

2198 1022 2388 1093 (Fures
2417 1021 2740 1093 generaliter
2767 1020 2908 1084 dico,
2936 1020 3080 1074 sicut
3099 1018 3151 1072 in
3177 1017 3434 1088 Apostolo
3463 1017 3804 1085 accipimus,

2195 1115 2287 1169 ubi
2309 1115 2385 1171 ait
2415 1130 2427 1167 :
2459 1113 2564 1180 Qui
2606 1112 2922 1183 iurabatur,
2966 1112 3088 1182 jam
3136 1128 3238 1166 non
3288 1112 3514 1180 furetur,
3547 1111 3620 1166 de
3646 1110 3808 1165 omni

2197 1207 2405 1261 scilicet
2424 1205 2713 1260 inhonesto
2739 1202 2993 1275 quaestu),
3008 1203 3176 1257 voluit
3196 1203 3249 1256 in
3272 1203 3376 1258 hac
3398 1218 3456 1257 re
3478 1202 3803 1272 praeﬁgere,

2198 1306 2258 1352 ut
2289 1297 2424 1361 dixi,
2454 1294 2688 1349 formam
2717 1295 2979 1350 Ecclesia:
3007 1309 3141 1360 suae,
3171 1295 3238 1348 ad
3275 1309 3412 1364 quos
3439 1309 3574 1349 usus
3627 1294 3808 1347 habe-

2199 1393 2410 1452 rentur,
2437 1396 2492 1441 et
2520 1401 2628 1456 qua
2651 1384 2755 1440 ﬁde
2775 1391 3165 1448 tractarentur,
3198 1383 3282 1438 vel
3309 1398 3414 1452 qua
3437 1383 3809 1438 damnatione

2199 1477 2347 1549 digni
2374 1485 2560 1533 essent
2588 1477 2935 1541 fraudantes,
2967 1492 3093 1531 cum
3121 1475 3214 1530 tali
3262 1475 3366 1530 ﬁne
3396 1475 3566 1530 ludas
3593 1475 3809 1529 abierit

2200 1568 2254 1622 in
2275 1567 2457 1623 locum
2476 1583 2653 1622 suum.
2686 1567 2744 1621 In
2779 1583 2885 1636 qua
2917 1567 3280 1637 disputatione
3311 1566 3605 1635 praedictus
3633 1565 3808 1620 Pater

2201 1667 2336 1722 tres,
2365 1657 2470 1711 nisi
2501 1656 2679 1722 fallor,
2708 1655 3040 1711 differentias
3058 1655 3325 1710 furtorum
3349 1664 3406 1710 et
3433 1655 3615 1709 furum
3645 1654 3804 1718 facit,

2201 1748 2267 1803 de
2289 1747 2515 1817 privatis
2545 1747 2813 1812 videlicet,
2843 1746 3096 1816 publicis,
3123 1760 3186 1800 ac
3211 1745 3408 1799 divinis
3437 1744 3626 1799 rebus.
3658 1743 3802 1796 Nam

514 1833 681 1922 runt:
709 1865 1035 1921 Hcereditate
1056 1833 1414 1932 possideamur
1436 1853 1798 1909 sanctuarium
1813 1851 1932 1917 Dei,
1955 1851 2101 1920 posi-
2128 1840 2175 1900 B
2203 1852 2326 1894 cum
2347 1838 2749 1932 a}iCUI_hOmi91
2777 1837 2841 1932 δεῖ
2861 1837 3081 1932 Ρνοβξίο
3108 1836 3364 1932 ὡςδδυξο
3389 1835 3594 1904 aliqum
3618 1833 3803 1889 Ϊυητί

515 1971 599 2015 tos
632 1966 726 2013 aut
759 1955 1037 2026 ponendos
1059 1960 1118 2008 ut
1142 1958 1318 2006 rotam
1340 1956 1397 2004 et
1418 1948 1560 2004 sicut
1585 1945 1843 2017 stipulam
1867 1951 1992 1998 ante
2020 1941 2101 1997 fa-

514 2049 652 2104 ciem
681 2046 867 2102 venti?

585 2139 770 2196 XVIII.
817 2138 924 2193 Sed
948 2135 1181 2191 forsitan
1210 2131 1409 2203 aliquis
1434 2131 1550 2186 haec
1581 2129 1635 2183 in
1684 2127 1866 2183 Veteri
1910 2124 2103 2180 Testa-

515 2239 702 2288 mento
724 2230 841 2285 ﬁeri
869 2227 1177 2297 oportuisse
1199 2223 1509 2285 contendat,
1533 2219 1586 2274 in
1610 2217 1760 2273 Novo
1789 2225 1972 2272 autem
1993 2231 2102 2271 non

515 2330 797 2390 tantopere
839 2318 1124 2375 servanda.
1159 2312 1488 2376 Meminerit,
1541 2308 1788 2379 quisquis
1841 2307 1930 2361 ille
1976 2314 2101 2372 est,

515 2411 784 2466 Dominici
809 2408 1065 2478 exempli,
1096 2407 1239 2476 quod
1261 2420 1330 2460 ex
1353 2402 1536 2458 verbis
1568 2399 1897 2470 evangelicis
1927 2396 2104 2451 sancti

515 2501 832 2556 intellexere
854 2499 1063 2552 Patres.
1093 2495 1279 2550 Refert
1294 2507 1525 2560 namque
1545 2488 1878 2560 evangelista
1905 2486 2101 2541 mulie—

515 2606 631 2646 rem
659 2590 946 2659 quamdam
986 2586 1282 2642 accessisse
1332 2583 1400 2638 ad
1441 2581 1729 2636 Dominum
1756 2619 1771 2645 ,
1826 2578 2100 2648 pedesque

517 2680 636 2749 ejus
659 2678 884 2733 unxisse
906 2695 917 2730 :
944 2691 1043 2746 pro
1063 2691 1169 2744 qua
1196 2689 1256 2729 re
1277 2684 1624 2728 murmurans
1643 2667 1894 2738 proditor
1913 2665 2101 2730 Judas,

521 2770 598 2825 ait
636 2786 648 2821 :
701 2767 767 2821 Ut
797 2767 922 2838 quid
963 2765 1185 2836 perditio
1218 2764 1332 2818 licet:
1368 2759 1661 2831 unguenti?
1735 2755 1920 2812 Potuit
1966 2757 2104 2811 enim

516 2861 811 2917 venundari
862 2857 1043 2923 multo,
1091 2866 1138 2910 et
1186 2855 1305 2908 dari
1331 2852 1668 2923 pauperibus.
1704 2848 1786 2904 Ad
1811 2847 1954 2920 quod
1978 2847 2106 2902 sub-

515 2953 750 3026 jungens
774 2948 1106 3022 evangelista
1135 2965 1148 3000 :
1184 2943 1335 3011 Haec,
1369 2944 1562 3014 inquit,
1595 2942 1820 3008 dicebat,
1852 2957 1957 2997 non
1977 2941 2102 3012 quia

519 3045 584 3098 de
619 3042 792 3112 egenis
826 3037 1114 3110 pertinebat
1147 3035 1215 3090 ad
1246 3051 1387 3099 eum,
1420 3032 1509 3087 sed
1535 3033 1658 3103 quia
1682 3029 1772 3101 fur
1797 3039 1934 3098 erat,
1952 3039 2004 3085 et
2030 3029 2105 3083 lo-

518 3132 662 3188 culos
692 3129 909 3194 habens,
941 3145 1001 3182 ea
1033 3142 1150 3198 qua:
1194 3124 1560 3190 mittebant-ur,
1606 3121 1933 3191 exportabat.
1963 3119 2103 3186 Quid

2201 1926 2390 1996 procul
2414 1926 2575 1981 dubio
2595 1925 2780 1981 reatus
2797 1925 2887 1990 sit,
2907 1923 3075 1979 multo
3091 1922 3265 1992 major
3285 1923 3350 1978 de
3373 1924 3613 1993 publico.
3647 1923 3800 1993 quod

2201 2027 2260 2073 et
2283 2030 2308 2058 α
2335 2017 2482 2088 leges
2504 2016 2686 2072 saeculi
2726 2015 3073 2086 sacrilegium
3118 2022 3468 2069 vocaverunt.
3516 2012 3638 2068 Jam
3671 2028 3806 2069 vero

2203 2108 2272 2164 de
2312 2109 2631 2174 Dominicis,
2664 2107 2718 2163 id
2747 2115 2854 2173 est,
2882 2106 3266 2160 ecclesiasticis
3315 2105 3607 2170 thesauris,
3642 2103 3803 2159 frau-

2205 2199 2338 2254 dare
2369 2198 2573 2267 aliquid
2618 2197 2784 2269 (quod
2829 2195 2971 2265 apud
2998 2211 3098 2250 nos
3125 2196 3435 2266 specialiter
3463 2195 3489 2234 δ
3519 2195 3801 2266 sacrilegii

2204 2288 2422 2343 nomine
2450 2284 2746 2357 censetur),
2780 2286 2916 2340 adeo
2949 2283 3185 2339 immane
3234 2285 3412 2340 scelus
3462 2300 3584 2339 esse
3611 2285 3801 2339 mani-

2205 2360 2404 2433 festum
2435 2386 2540 2441 est,
2579 2385 2638 2431 ut
2673 2377 2765 2447 qui
2793 2375 2956 2430 istum
2985 2376 3356 2438 committant,
3389 2377 3442 2430 in
3473 2384 3680 2430 sortem
3708 2374 3805 2430 Ju-

2207 2469 2288 2523 daa
2335 2466 2628 2537 deputandi
2683 2465 2910 2520 minime
2961 2466 3297 2521 dub‘itentur.
3335 2465 3472 2521 Cum
3517 2479 3651 2537 ergo
3682 2466 3804 2520 hac

2206 2559 2280 2612 ita
2307 2573 2367 2613 se
2397 2558 2665 2622 habeant,
2703 2572 2938 2627 cumque
2986 2557 3052 2612 de
3099 2556 3342 2628 praefatis
3380 2558 3544 2613 rebus
3599 2558 3802 2613 illicite

2208 2649 2412 2720 aliquid
2457 2651 2511 2704 in
2564 2650 2740 2705 dando
2767 2690 2780 2715 ,
2823 2650 3140 2721 accipiendo
3162 2692 3177 2717 ,
3208 2651 3291 2706 vel
3325 2653 3608 2708 retinendo
3639 2668 3806 2708 usur-

2208 2755 2358 2812 pare,
2388 2739 2556 2795 furari
2577 2740 2676 2804 sit;
2712 2750 2906 2810 penset
2924 2741 3014 2810 pia
3039 2755 3210 2809 mens,
3238 2749 3440 2812 quanta
3465 2742 3685 2798 cautela
3713 2758 3805 2798 res

2208 2840 2381 2902 egeat.

2281 2941 2422 2996 XIX.
2466 2940 2765 3011 Quaesitum
2795 2949 2881 2997 est
2904 2942 3101 3009 etiam,
3144 2943 3229 2998 vel
3265 2944 3433 3014 quaeri
3461 2943 3664 3014 potuit,
3703 2959 3807 2998 cur

2208 3033 2470 3088 Dominus
2510 3033 2855 3087 exactoribus
2884 3033 3146 3102 publicis,
3191 3034 3284 3102 qui
3324 3033 3579 3089 dixerunt
3610 3033 3802 3098 Petro,

2209 3123 2466 3193 Magister
2502 3132 2665 3177 vester
2684 3139 2792 3176 non
2825 3121 2979 3177 solvit
3015 3123 3327 3179 didrachma
3353 3126 3416 3180 de
3437 3124 3622 3180 loculis
3641 3166 3656 3191 ,
3687 3141 3804 3181 non

519 3230 703 3279 autem
718 3193 983 3274 Dominus
997 3193 1062 3270 de
1082 3213 1274 3270 loculis
1295 3211 1522 3276 faceret,
1538 3210 1842 3268 ostenditur
1864 3223 1928 3263 ex
1953 3216 2106 3278 parte
2133 3193 2177 3254 C
2210 3215 2422 3270 dederit
2443 3221 2724 3280 stateram,
2758 3215 2853 3269 sed
2875 3214 3097 3269 Petrum
3127 3231 3157 3270 a
3184 3231 3334 3271 mare
3367 3217 3567 3272 direxi:
3587 3257 3602 3282 ν
3648 3226 3711 3271 ιιι
3728 3218 3804 3273 (ιε

517 3329 581 3368 ex
605 3327 671 3368 eo
691 3306 836 3382 quod
855 3324 976 3364 cum
997 3305 1148 3361 Iudae
1173 3303 1474 3374 egredienti
1498 3318 1527 3356 a
1550 3316 1631 3366 se,
1655 3307 1710 3356 et
1727 3300 1974 3370 ingresso
1989 3299 2104 3369 jam

519 3401 788 3458 Satanain
813 3413 893 3464 se,
910 3397 1160 3460 dixisset,
1181 3391 1333 3460 Quod
1352 3391 1504 3460 facis,
1523 3390 1608 3460 {ac
1628 3389 1804 3455 citius,
1821 3389 2104 3444 audientes

521 3489 770 3560 discipuli
799 3490 1128 3557 putaverunt
1169 3481 1314 3551 quod
1338 3478 1556 3551 iuberet
1585 3478 1662 3533 illi
1686 3485 1745 3532 ut
1771 3484 1980 3533 emeret
2007 3493 2104 3533 ne-

518 3581 758 3638 cessaria
777 3578 844 3634 ad
859 3577 1002 3637 diem
1026 3574 1243 3637 festum,
1267 3579 1360 3626 aut
1387 3578 1444 3624 ut
1471 3569 1659 3640 egenis
1685 3567 1888 3637 aliquid
1911 3568 2099 3624 daret:

519 3669 664 3741 quod
691 3667 880 3738 utique
905 3679 1014 3720 non
1044 3667 1322 3730 putarent,
1355 3659 1459 3714 nisi
1486 3667 1644 3712 antea
1673 3655 1790 3712 ﬁeri
1819 3657 2097 3712 vidissent.

519 3761 721 3818 Verum
751 3758 877 3828 quia
905 3754 1193 3826 qumsitum
1223 3757 1323 3814 est,
1368 3764 1465 3804 cur
1487 3748 1746 3804 Dominus
1764 3788 1779 3814 ,
1814 3748 1905 3820 qui
1934 3749 2102 3804 disci-

517 3849 662 3922 pulis
683 3847 936 3903 dixerat:
967 3840 1149 3897 Nolite
1189 3846 1404 3910 portare
1440 3851 1652 3898 aurum,
1705 3852 1868 3909 neque
1915 3852 2104 3906 στρεπ-

518 3949 659 4004 tum,
717 3951 880 4007 neque
923 3949 994 3988 tes
1023 3932 1079 3984 in
1125 3929 1272 3983 zonis
1324 3928 1535 3992 vestris,
1575 3941 1678 3981 nec
1730 3927 1978 3996 permisit
2008 3941 2104 3983 eos

519 4031 663 4086 ferre
689 4027 838 4086 aliud
864 4026 920 4080 in
941 4025 1026 4079 via
1050 4064 1066 4088 ,
1111 4021 1218 4077 nisi
1249 4021 1457 4091 virgam
1481 4027 1710 4083 tantum,
1744 4019 1857 4089 ipse
1878 4019 1934 4072 in
1958 4017 2105 4073 locu-

518 4125 586 4180 lis
613 4122 900 4178 thesauros
956 4114 1237 4179 habuerit;
1287 4112 1525 4181 disputat
1571 4110 1637 4164 de
1666 4109 1750 4164 his
1775 4150 1789 4175 ,
1833 4109 1886 4164 in
1929 4124 2100 4180 quan-

519 4224 631 4268 tum
661 4209 935 4268 recordari
960 4207 1149 4272 valeo,
1185 4205 1379 4260 beatus
1424 4203 1758 4273 Augustinus
1811 4200 1891 4274 (In
1938 4200 2094 4257 Joan.

519 4304 704 4359 Tract.
736 4319 769 4357 ι.
823 4314 942 4370 cap.
984 4298 1111 4369 12);
1146 4296 1382 4367 dicitque
1429 4295 1573 4364 quod
1617 4293 1884 4350 Dominus
1913 4303 2100 4350 noster

2206 3322 2304 3361 ore
2327 3306 2494 3377 piscis
2526 3305 2772 3361 tolleret?
2799 3305 3248 3378 Responsumque
3278 3317 3364 3364 est
3409 3325 3440 3363 a
3485 3311 3802 3369 doctoribus

2205 3395 2484 3462 Ecclesiae,
2509 3396 2634 3465 quia
2659 3395 2924 3451 Dominici
2946 3397 3190 3452 loculiin
3220 3414 3488 3468 pauperes
3511 3408 3566 3454 et
3599 3401 3653 3455 in
3676 3401 3801 3456 dies

2205 3486 2373 3543 festos
2410 3487 2895 3557 expcndebantur;
2943 3496 2999 3544 et
3025 3504 3150 3546 cum
3185 3491 3459 3560 exegisset
3493 3493 3800 3549 necessitas

2205 3577 2262 3632 in
2308 3575 2569 3632 alimenta
2612 3576 3004 3647 discipulorum
3047 3578 3263 3634 Domini
3317 3581 3483 3650 (sicut
3531 3583 3798 3652 scriptum

2212 3675 2299 3721 est
2342 3684 2355 3720 :
2403 3665 2664 3736 Discipuli
2696 3677 2870 3720 autem
2917 3668 3159 3724 abierunt
3195 3671 3252 3724 in
3285 3671 3542 3726 civitatem
3572 3682 3626 3726 ut
3651 3674 3798 3729 cibos

2202 3754 2475 3827 emerent),
2502 3755 2744 3812 noluisse
2771 3755 3060 3814 Dominum
3087 3774 3201 3815 rem
3223 3776 3521 3830 pauperum
3544 3764 3596 3818 in
3618 3764 3797 3835 publi-

2204 3864 2326 3905 cam
2371 3847 2713 3904 exactionem
2757 3848 2978 3906 mittere
2998 3891 3013 3918 ,
3052 3851 3148 3907 sed
3175 3853 3535 3922 omnipotenti
3569 3855 3794 3920 virtute,

2203 3940 2349 4011 quod
2383 3939 2570 4010 utique
2591 3954 2888 4010 pauperum
2922 3957 3032 3997 non
3057 3950 3207 4011 erat,
3246 3944 3324 3999 de
3350 3945 3508 4000 mari
3521 3945 3704 4002 tollere
3737 3956 3792 4003 et

2205 4029 2340 4086 ﬁsco
2381 4031 2608 4086 reddere
2649 4030 2916 4098 voluisse,
2954 4041 3014 4088 ut
3040 4033 3269 4092 formam
3300 4037 3456 4092 daret
3493 4038 3789 4113 discipulis,

2203 4135 2368 4191 quam
2414 4119 2671 4177 Ecclesiae
2729 4123 3196 4180 commendarent.
3259 4123 3422 4181 Juxta
3459 4143 3621 4198 quam
3676 4128 3788 4186 for.

2204 4226 2349 4265 mam
2395 4218 2706 4266 statuerunt
2735 4221 2760 4251 ο
2793 4212 2936 4270 sacri
2967 4227 3204 4270 canones
3251 4216 3470 4272 modum
3506 4233 3594 4274 res
3621 4221 3770 4276 eccle

2204 4302 2454 4357 siasticas
2481 4301 2865 4372 dispensandi;
2910 4303 3122 4360 scilicet
3156 4312 3218 4361 ut
3254 4306 3310 4361 in
3342 4306 3552 4364 alendis
3579 4312 3762 4380 egenis

1873 4406 2148 4468 BALUZII
2181 4411 2416 4468 ΝΟΤίΕ.

589 4521 614 4549 ι
639 4505 800 4587 Leges
828 4501 1110 4587 necundo
1153 4496 1432 4587 estLIege‘s
1457 4494 1662 4587 civiles.
1700 4495 1896 4587 Exstat
1911 4511 2097 4587 autem
2125 4508 2178 4568 1)
2204 4512 2407 4587 nuntur
2447 4501 2654 4587 infert).
2677 4503 3220 4587 qualiscunquefurti
3249 4507 3621 4587 etpeculatus,
3663 4509 3776 4580 (Pe

518 4579 634 4635 haec
660 4565 743 4629 lei
773 4575 829 4646 i_n_
849 4572 1003 4646 libris
1026 4565 1436 4646 Pandegtartim,
1470 4566 1506 4646 ιΖ
1536 4567 1586 4629 9,
1616 4565 1678 4620 D.
1710 4566 1779 4646 ad
1820 4566 1878 4646 l.‘
1895 4565 2099 4625 Iuliam
2127 4565 2159 4568 —
2203 4573 2412 4646 culatus
2433 4574 2576 4646 enim
2604 4565 2801 4628 dicitur
2833 4565 3034 4646 furtum
3059 4575 3133 4630 de
3151 4591 3210 4631 re
3238 4565 3471 4646 publica,
3499 4586 3550 4634 et
3578 4565 3682 4635 non
3705 4584 3772 4637 sit

518 4634 712 4718 pecul“
746 4644 846 4718 ubi
866 4643 979 4718 haec
1015 4642 1179 4718 verba
1209 4634 1772 4718 Daulijurisconsulti
1792 4636 2102 4718 referuntur

518 4704 584 4772 'ex
628 4704 768 4770 libro
807 4710 1064 4782 singulari
1084 4709 1180 4782 _de
1214 4706 1440 4761 Iudiciis
1469 4704 1722 4782 Publicis.
1780 4723 1799 4755 ι
1836 4707 2100 4782 sacrilegi

518 4786 694 4857 capite
725 4773 1042 4857 puniuntur.
1078 4778 1222 4857 Sunt
1244 4785 1422 4857 autem
1460 4773 1730 4857 sacrilegi,
1759 4775 1850 4844 qui
1887 4773 2101 4857 publica

520 4845 674 4911 sacra
704 4845 1150 4921 compilaverunt.
1195 4846 1265 4899 At
1293 4846 1382 4915 qui
1411 4847 1831 4921 privata‘sacra,
1859 4845 2101 4921 vetandi—

519 4925 668 4981 culas
703 4914 1059 4979 incustoditas
1086 4914 1449 4979 tentaverunt,
1481 4914 1712 4984 amplius
1742 4929 1903 4983 quam
1933 4915 2100 4984 fures,

520 4995 698 5069 minus
719 5007 880 5069 quam
896 4988 1153 5069 sacrilegi
1179 4994 1473 5069 merentur.
1496 4983 1678 5065 Quare
1698 4983 2099 5069 quod_sacrttm,

520 5053 1161 5134 quodve'admissum_in
1207 5053 1471 5134 sacrilegii
1520 5055 1724 5134 crimen
1754 5054 1929 5134 cadat,
1975 5056 2099 5134 dili-

520 5123 715 5204 g'enter
741 5127 1190 5204 considerandum
1232 5131 1350 5204 est;
1376 5123 1555 5204 habeo
1593 5124 2099 5204 trigesimo-octavo

521 5193 880 5272 posteriorum
917 5195 1223 5272 peculatum
1252 5193 1440 5272 deﬁnit
1471 5193 1714 5272 pecunia:
1752 5195 2099 5272 publicarent

521 5261 689 5325 saeue
715 5261 937 5331 furtum;
963 5281 1070 5320 non
1107 5266 1173 5319 ab
1197 5278 1262 5318 eo
1296 5261 1495 5332 factum
1523 5261 1676 5329 cuius
1702 5261 1944 5332 periculo
1971 5264 2093 5331 fuit,

520 5350 576 5397 et
604 5339 727 5394 ideo
759 5330 1014 5392 milituum
1055 5336 1108 5389 in
1138 5334 1223 5388 his
1252 5347 1371 5400 quae
1406 5330 1456 5385 ei
1488 5333 1688 5403 tradita
1704 5330 1842 5388 ‘sunt
1877 5335 2097 5403 pecula-

523 5422 634 5465 tum
665 5423 770 5462 non
800 5406 1106 5460 admittere.
1142 5423 1161 5456 ›
1212 5403 1294 5473 Ad
1321 5403 1463 5455 hunc
1489 5401 1666 5473 locum
1694 5401 1995 5473 respexisse
2019 5405 2098 5460 vi-

521 5481 676 5534 detur
719 5475 1050 5546 Augustinus
1108 5475 1174 5546 in
1223 5471 1478 5526 Tractatu
1548 5471 1992 5546 quinquagesimo
2038 5475 2095 5546 in

521 5487 676 5534 detur
719 5487 1050 5546 Augustinus
1119 5489 1174 5527 ιη
1223 5487 1478 5526 't'raCtatu
1548 5487 1992 5594 qumquagesrmo
2040 5490 2095 5529 in

520 5549 802 5603 Joannem.
860 5564 878 5595 ι
920 5545 1060 5599 Ecce
1104 5544 1246 5596 inter
1291 5549 1507 5595 sanctos
1556 5548 1638 5595 est
1681 5543 1867 5613 Audas,
1900 5544 2095 5613 inquit,

519 5633 648 5673 ecce
675 5618 862 5696 l'ur__est
887 5613 1052 5668 Judas
1066 5629 1086 5696 ξ
1110 5621 1184 5676 et,
1214 5625 1281 5696 ne
1306 5621 1642 5696 contemnas,
1671 5611 1761 5696 fur;
1781 5611 2094 5696 sacrilegus,

519 5701 628 5743 non
650 5687 1037 5756 qualiscunque
1062 5682 1155 5756 fur
1165 5699 1179 5748 ;
1211 5682 1296 5734 fur
1320 5680 1639 5756 locatorum,
1670 5682 1762 5756 sed
1780 5680 2097 5756 _Dom_i_nico-

519 5749 686 5820 rumf
706 5749 1024 5817 loculoruin,
1063 5753 1158 5808 sed
1191 5764 1486 5806 sacrorum.
1549 5749 1607 5805 Si
1639 5753 1865 5806 crimina
1900 5751 2100 5808 discer-

2197 4643 2474 4723 judicatur
2508 4641 2743 4723 _furtum_
2773 4643 2868 4722 rei.
2900 4644 3130 4723 privata:
3181 4641 3289 4715 quo
3337 4649 3500 4723 modo
3534 4649 3774 4723 publica)

2203 4711 2406 4780 quanto
2441 4711 3174 4788 vehementius“iudicandus
3198 4711 3297 4788 est
3338 4711 3637 4788 sacrilegus
3673 4711 3776 4786 fur',

2203 4796 2310 4836 non
2355 4781 2708 4850 undecunque
2751 4781 2957 4847 tollere,
2999 4784 3094 4837 sed
3128 4785 3195 4839 de
3230 4786 3472 4841 Ecclesia
3512 4781 3718 4844 tollere.
3753 4781 3772 4843 ἑ

2205 4851 2480 4973 ἓέἓάὲἓὲ·
2551 4851 2641 4905 hic
2697 4851 2847 4907 locus
2921 4852 2977 4906 iu
3034 4852 3174 4909 libro
3235 4871 3286 4910 γι
3350 4855 3772 4926 Capitularium,

2205 4936 2324 4976 can.
2357 4936 2480 4973 ουτ.

2272 4937 2610 5058 ξ’ἕιὲτῇιεθὶἱ
2653 4990 2864 5058 nomine
2897 5002 3152 5046 censetur.
3197 4993 3569 5050 ExstaLenirn
3608 5012 3670 5052 ea
3713 5000 3775 5055 de

2205 5074 2264 5133 re
2293 5060 2378 5114 lex
2417 5059 2472 5112 in
2510 5057 2647 5133 libro
2672 5072 2726 5112 vx
2753 5057 3162 5133 Capitularium,
3193 5079 3310 5133 cap.
3340 5064 3483 5119 523:
3536 5085 3552 5114 ι
3593 5066 3771 5124 Scien-

2203 5129 2331 5214 dum
2366 5136 2449 5182 est
2478 5129 2728 5214 omnibus
2761 5129 3279 5214 quodsacrilegiutn
3308 5135 3381 5214 sit
3408 5136 3771 5214 res__Ecclesi:e

2200 5213 2523 5320 quocunque
2561 5197 2719 5278 modo
2766 5197 3071 5282 injusteab
3115 5197 3374 5286 Ecclesiis
3411 5205 3606 5286 quibus
3656 5206 3773 5276 jure

2237 5269 2465 5320 ebentur
2499 5267 2717 5320 auferri.
2755 5276 2810 5320 et
2841 5285 2895 5320 tn
2919 5269 3063 5320 aliud
3086 5272 3391 5320 lransferrj.
3425 5293 3443 5320 ι
3481 5273 3607 5320 Vnde
3641 5276 3772 5320 ΙίΙιΜ

2237 5269 2465 5322 ebentur
2499 5267 2717 5325 auferri,
2755 5276 2810 5321 et
2841 5269 2895 5322 in
2919 5269 3063 5326 aliud
3086 5272 3391 5328 transferri.
3425 5267 3445 5326 ἱ
3481 5273 3607 5330 Vide
3641 5267 3772 5334 libro

2198 5337 2318 5390 eod.
2349 5351 2468 5405 cap.
2493 5337 2598 5390 285
2623 5345 2677 5390 et
2700 5336 2823 5392 505.

2240 5417 2294 5487 ,ε
2323 5405 2474 5460 Sacri
2502 5422 2742 5487 canones.
2791 5406 2998 5487 Quippe
3020 5411 3189 5487 veteri
3212 5410 3469 5487 Ecclesia
3496 5423 3769 5487 consuetu—

2201 5474 2349 5550 dine,
2390 5491 2509 5544 quae
2548 5483 2602 5529 et
2643 5491 2672 5529 a
2703 5474 2948 5550 conciliis
2991 5487 3046 5534 et
3081 5496 3110 5534 a
3141 5479 3400 5536 Romanis
3435 5485 3766 5550 pontiﬁcibus

2201 5544 2519 5619 conﬁrmata
2543 5553 2646 5619 est,
2680 5561 2768 5605 res
2789 5547 3156 5604 Ecclesiarurn
3184 5544 3569 5619 quadrifariam
3593 5556 3766 5610 divisa

2200 5625 2373 5696 erant,
2406 5624 2462 5669 ut
2502 5615 2590 5696 hic
2616 5631 2832 5696 quoque
2877 5627 3030 5696 notat
3051 5615 3388 5696 Agobandus.
3419 5620 3624 5696 Harum
3651 5639 3766 5694 por-

2203 5686 2405 5765 tionum
2451 5686 2623 5765 prima
2666 5686 2982 5765 pertinebat
3014 5689 3083 5743 ad
3106 5686 3439 5759 'episcOpum
3459 5731 3476 5752 ,
3507 5686 3669 5765 altera
3705 5697 3764 5750 ad

2200 5752 2462 5819 clericos,
2482 5755 2638 5809 tertia
2673 5752 2739 5810 ad
2768 5756 2988 5813 alendos
3012 5752 3524 5830 paupéresfquarta
3564 5762 3765 5821 demum
