3930 6384
197 387 303 448 Ml
1138 388 1271 445 LIB.
1315 390 1405 446 DE
1442 387 1994 449 DISPENSATIONE
2029 389 2228 449 ECCL.
2273 390 2543 448 RERUM.
3379 395 3488 453 2η

190 507 255 564 in
284 507 662 565 sustentandis
709 506 957 571 clericis,
1007 504 1063 561 in
1104 505 1427 575 reparandis
1453 506 1695 573 fabricis,
1724 514 1801 561 at-
1826 509 1878 568 Α
1900 515 2192 576 ponerent,
2241 506 2405 580 legati
2442 506 2674 562 Romani
2714 505 2828 563 sive
2876 505 3221 580 imperatoris
3250 524 3358 566 non
3392 515 3490 570 ad-

188 610 303 666 que
340 598 395 669 in
426 606 702 653 rectorum
729 595 1045 666 supplendis
1078 596 1503 652 necessitatibus
1524 596 1797 666 expende-
1895 608 2069 654 erant.
2113 598 2303 655 Melius
2329 598 2462 653 mihi
2494 599 2697 653 sentire
2728 597 3003 667 videntur,
3043 600 3135 670 qui
3184 604 3485 659 secundum

187 696 396 745 rentur
422 709 434 745 :
471 699 634 762 prout
658 699 973 747 sanctorum
1001 690 1248 760 exempla
1278 693 1693 757 commendant,
1740 699 1797 746 et
1894 689 2107 746 Domini
2137 690 2362 756 dictum,
2407 691 2499 746 ubi
2526 690 2631 745 duo
2657 690 2738 745 vel
2768 698 2877 746 tres
2918 690 2973 746 in
3016 694 3236 748 nomine
3268 694 3485 750 Domini

190 799 372 854 usque
394 785 461 840 ad
488 784 736 857 proxima
765 793 1010 853 tempora
1047 783 1377 839 custoditum
1410 798 1532 838 esse
1554 799 1662 838 non
1694 784 1793 837 dn-

187 871 349 927 bium
379 881 483 928 est.
524 873 605 928 Ex
639 872 796 928 laicis
826 873 1058 943 denique
1096 888 1203 927 non
1244 873 1418 928 solum
1447 888 1793 943 possessores

186 978 480 1018 sacrarum
507 979 722 1028 rerum,
765 975 791 1003 ι
821 964 915 1019 sed
950 978 1053 1018 nec
1085 963 1489 1035 dispensatores
1518 964 1635 1020 ﬁeri
1662 980 1789 1036 per-

185 1055 459 1110 mittunt:
508 1056 640 1126 quin
681 1056 860 1125 potius
891 1056 918 1095 ι»
948 1069 1262 1112 (economos
1305 1057 1372 1111 de
1398 1056 1622 1126 proprio
1644 1056 1790 1112 clero

182 1144 319 1217 eligi
351 1146 757 1217 praecipiuntur,
790 1154 846 1201 et
873 1161 1054 1217 agros,
1082 1146 1293 1213 vineas,
1325 1156 1489 1218 atque
1518 1148 1787 1219 mancipia

182 1236 259 1289 ad
284 1252 445 1291 nsum
474 1237 660 1303 tribui,
690 1251 797 1291 non
825 1237 930 1291 nisi
958 1236 1194 1303 clericis,
1221 1238 1523 1304 monachis,
1549 1239 1790 1311 peregri-

183 1326 394 1395 nisque
428 1326 754 1381 concedunt.
794 1326 872 1382 De
897 1341 1002 1396 qua
1033 1341 1092 1382 re
1118 1328 1164 1383 si
1189 1327 1312 1397 quis
1335 1328 1650 1398 diligentius
1674 1331 1788 1386 vult

181 1429 490 1485 agnoscere
516 1416 646 1485 quid
660 1416 747 1471 vel
770 1417 825 1469 in
850 1416 1046 1485 quibus
1069 1416 1315 1472 conciliis
1336 1417 1568 1485 dicatur,
1597 1417 1784 1489 legen-

182 1503 258 1559 do
289 1514 347 1560 et
376 1505 703 1562 revolvendo
730 1514 1045 1577 cognoscat.

260 1595 381 1650 XX.
422 1595 624 1653 Verum
667 1598 795 1668 quia
842 1607 969 1652 sunt
1012 1598 1101 1668 qui
1131 1608 1153 1637 ε
1192 1596 1498 1654 Gallicanos
1542 1614 1782 1656 canones

178 1694 283 1739 aut
325 1686 555 1741 aliarum
599 1687 879 1757 regionum
924 1696 1116 1757 putent
1157 1703 1264 1743 non
1313 1690 1687 1760 recipiendos,
1716 1706 1782 1747 eo

178 1776 335 1845 quod
362 1775 527 1847 legati
547 1776 799 1843 Romani,
827 1793 919 1832 seu
945 1778 1288 1847 imperatoris
1309 1820 1323 1844 ,
1357 1780 1410 1834 in
1438 1795 1625 1835 eorum
1651 1797 1781 1837 con-

1892 792 2249 855 congregatos
2280 790 2604 855 agnoscunt,
2647 783 2935 837 Dominum
2964 800 3179 854 quoque
3200 787 3351 842 inter
3388 802 3485 845 eos

1890 872 2112 928 affuisse
2158 889 2263 927 non
2315 872 2604 935 dubitant,
2657 879 2713 926 et
2756 887 2879 927 eum
2911 875 3004 943 qui
3044 874 3345 930 Ecclesiam
3374 892 3483 932 non

1890 963 2129 1019 audierit
2150 1004 2166 1029 ,
2218 964 2361 1019 sicut
2390 963 2666 1019 ethnicum
2707 970 2763 1017 et
2792 962 3139 1033 publicanum
3170 952 3480 1023 habendum

1889 1051 2137 1106 credunt.
2224 1051 2545 1121 Ubicunque
2598 1050 2744 1105 enim
2800 1052 3050 1107 catholici
3106 1054 3480 1111 Ecclesiarum

1888 1151 2133 1199 rectores
2161 1158 2262 1213 pro
2295 1143 2661 1198 Ecclesiarum
2692 1141 3021 1198 utilitatibus
3049 1159 3175 1199 cum
3203 1145 3298 1201 Dei
3320 1129 3488 1201 timo-~

1888 1248 1948 1288 re
1975 1234 2028 1288 in
2054 1233 2172 1304 ejus
2219 1233 2440 1289 nomine
2470 1241 2526 1289 et
2564 1233 2769 1288 honore
2811 1234 3179 1302 conveniunt,
3216 1237 3477 1307 quidquid

1884 1323 1913 1363 τι
1945 1331 2311 1379 consonanter
2337 1323 2543 1379 sanctis
2569 1321 2872 1394 Scripturis
2903 1332 3168 1391 statuunt,
3194 1324 3327 1381 nulli
3350 1340 3476 1396 pro-

1884 1417 1971 1472 cul
1999 1417 2161 1472 dubio
2187 1415 2490 1487 spernenda
2518 1455 2533 1481 ,
2579 1416 2688 1471 imo
2713 1417 3037 1472 .veneranda
3071 1417 3321 1473 omnibus
3350 1433 3475 1475 esse

1883 1507 2119 1563 debent:
2150 1507 2294 1578 quod
2314 1506 2403 1562 illa
2434 1521 2599 1577 quam
2627 1508 2861 1562 maxime
2887 1508 3211 1564 auctoritate
3227 1508 3469 1577 fulcitur,

1882 1598 2008 1667 quia
2039 1598 2163 1653 bina
2190 1613 2288 1668 per
2319 1612 2495 1653 annos
2520 1596 2761 1667 singulos
2787 1597 3015 1655 concilia
3045 1597 3163 1653 ﬁeri
3192 1610 3247 1655 et
3276 1600 3470 1656 Roma.

1884 1689 1937 1743 ni
1962 1688 2249 1758 pontiﬁces
2278 1688 2656 1754 decreverunt,
2697 1695 2751 1741 et
2771 1702 2966 1759 magna
2987 1688 3215 1744 concilia
3241 1688 3471 1747 sollicite

1883 1779 2351 1834 commendarunt.
2396 1778 2618 1833 Rectius
2644 1776 2889 1848 profecto
2910 1776 3091 1834 facere
3118 1778 3347 1844 videtur,
3375 1780 3470 1849 qui

180 1870 471 1925 stitutione
513 1884 622 1924 non
668 1868 1045 1936 interfuerint,
1078 1880 1250 1925 restat
1277 1879 1335 1925 ut
1369 1872 1533 1926 etiam
1562 1882 1777 1929 sancto-
1806 1855 1851 1913 Β
1880 1872 2189 1941 ubicunque
2217 1885 2537 1941 magnarum
2580 1868 2906 1941 synodornm
2947 1878 3147 1925 statuta
3187 1871 3465 1937 deﬁciunt,

178 1977 307 2016 rum
336 1961 765 2018 clarissimorum
799 1964 1019 2018 Patrum
1049 1965 1353 2030 doctrinas,
1396 1973 1451 2020 et
1481 1968 1777 2038 expositio-

179 2067 306 2118 nes,
331 2043 689 2122 diversosque
719 2062 985 2109 tractatus
1003 2095 1018 2119 ,
1050 2062 1111 2108 ut
1143 2050 1269 2109 sunt
1299 2054 1578 2126 Cypriani,
1609 2056 1795 2124 Atha-,

179 2143 368 2211 nasii,_
398 2126 612 2209 Hilarii,
664 2143 997 2215 Hieronymi,
1041 2142 1348 2217 Augustini,
1399 2148 1629 2203 doceant
1662 2164 1769 2203 non

176 2250 305 2291 esse
327 2238 668 2307 recipiendos
701 2256 715 2292 :
756 2239 881 2307 quia
916 2253 1038 2294 cum
1071 2238 1189 2295 hzec
1215 2248 1535 2307 tractarent,
1569 2244 1651 2298 vel
1679 2260 1772 2299 ex-

1880 1972 2102 2035 propter
2126 1965 2370 2020 insuetas
2392 1971 2737 2035 emergentes
2758 1977 2952 2018 causas
2988 1964 3328 2034 antiquorum
3356 1972 3468 2019 sta-

1879 2067 2016 2123 tuta,
2060 2071 2180 2127 quas
2194 2055 2389 2111 merito
2407 2052 2849 2125 reprehendenda
2875 2063 2983 2107 non
3010 2061 3158 2119 sunt,
3191 2056 3465 2121 sequenda

1879 2151 2173 2214 deliberat,
2204 2163 2367 2219 quam
2409 2147 2503 2217 qui
2541 2161 2607 2202 ea
2648 2161 2769 2215 quae
2816 2146 2935 2216 ipse
2966 2145 3164 2211 sentit,
3214 2157 3237 2185 ο
3267 2131 3465 2202 eorum

1877 2241 2128 2299 sensibus
2161 2240 2460 2310 anteponit.
2500 2238 2838 2295 Firmissime
2868 2237 3091 2293 omnino
3123 2246 3281 2294 teneo
3318 2237 3463 2309 quod

1539 2350 1673 2405 BAL
1684 2353 1814 2409 Ule
1852 2349 2091 2408 NOTZE.

176 2443 590 2521 expendebatur
611 2440 693 2521 ad
724 2441 1121 2521 reparaiioiiem
1149 2440 1525 2521 ecclesiarum.
1563 2443 1632 2498 Et
1655 2444 1772 2521 haec

177 2510 401 2583 quidem
430 2519 556 2583 sunt
577 2510 879 2566 notissima.
906 2510 1010 2583 Sed
1043 2521 1221 2583 tamen
1245 2512 1289 2565 si
1315 2513 1437 2583 quis
1457 2526 1520 2583 ea
1552 2515 1772 2583 probari

176 2580 326 2650 velit.
384 2581 549 2635 habet
595 2596 756 2650 quem
808 2580 1055 2637 consuiat
1102 2580 1298 2636 librum
1332 2580 1625 2638 clarissimi
1668 2585 1770 2639 viri

176 2647 409 2722 Joannis
430 2647 654 2706 Launoii
693 2652 924 2722 theologi
956 2650 1280 2722 Parisiensis
1318 2652 1384 2708 de
1412 2652 1556 2709 Cura
1584 2654 1770 2711 Eccle-

176 2721 271 2774 sia:
296 2735 402 2791 pro
427 2722 645 2776 miseris
666 2730 719 2775 et
743 2721 1095 2791 pauperibus.

247 2802 272 2865 ξ
305 2788 1182 2865 Sed_ne_cdispensatoresuliibro
1212 2807 1261 2844 vr
1287 2790 1621 2865 Capitular.,
1639 2810 1759 2865 cap.

174 2859 321 2931 2947:
356 2879 379 2931 ς
416 2859 877 2931 Laicisiquarnvis
916 2861 1183 2931 religiosis
1214 2859 1381 2915 'nulla‘
1410 2865 1477 2917 de
1516 2859 1768 2919 ecclesia-

175 2930 327 3004 sticis
356 2930 705 3004 facultatibus
727 2930 927 3002 aliquid
953 2930 1270 3002 diSponendi
1301 2931 1498 3004 legitur
1526 2950 1763 3004 unquam

175 3002 443 3055 attributa
468 3001 717 3057 facultas.
758 3022 775 3054 ι

245 3070 273 3110 δ
296 3069 623 3126 λΕεοηοπιοδ
652 3072 717 3126 de
742 3072 951 3141 proprio
982 3069 1140 3125 clero.
1181 3069 1465 3140 Sumptum
1512 3074 1656 3129 istud
1695 3090 1764 3129 ex

174 3156 382 3214 canone
403 3141 473 3196 26
497 3142 711 3214 concilii
737 3140 1190 3214 Chalcedonensis
1214 3158 1228 3197 :
1253 3141 1343 3211 qui
1374 3158 1546 3197 canon
1576 3153 1763 3214 postea

174 3210 530 3266 conﬁrmatus
555 3222 640 3267 est
666 3213 735 3265 ab
756 3211 1195 3280 imperatoribus,
1222 3210 1429 3279 uSuque
1454 3228 1550 3280 per
1570 3210 1760 3268 omnes

173 3281 711 3361 ubique‘provincias
741 3288 1020 3361 receptus;
1050 3288 1110 3361 ut
1136 3280 1317 3361 hianrca
1342 3283 1578 3336 ostendit
1611 3284 1667 3337 in
1703 3283 1763 3338 li-

174 3349 501 3420 broioctavo
528 3353 596 3406 de
619 3349 951 3420 Concordia,
966 3350 1143 3420 capite
1171 3349 1254 3403 18.

243 3429 265 3457 ο
295 3418 605 3476 Gallicanos
636 3438 879 3475 canones.
925 3418 1049 3474 Jam
1081 3428 1236 3475 antea
1276 3418 1654 3478 adnotavimus
1692 3424 1760 3479 ad

175 3488 370 3545 librum
409 3492 672 3547 adversus
708 3491 902 3561 Legem
929 3489 1281 3555 Gundobadi,
1323 3506 1574 3561 magnam
1623 3494 1761 3548 anti-

173 3562 351 3629 quitus
402 3560 574 3615 fuisse
620 3558 978 3615 reverentiam
1030 3574 1297 3614 canonum
1325 3558 1756 3628 Gallicanorum;

176 3628 347 3701 neque
366 3647 537 3713 _nunc
554 3646 641 3713 .ea
668 3631 857 3713 repleti
880 3637 965 3713 est
991 3643 1145 3713 opys.
1187 3628 1319 3713 illud
1362 3630 1763 3713 inpraesentia-

175 3699 290 3754 rum
312 3701 659 3756 admonuisse
689 3699 937 3763 sufﬁciat,
969 3715 1036 3753 ex
1061 3699 1163 3754 hoc
1186 3699 1455 3769 Agobardi
1487 3701 1606 3755 loco
1631 3716 1759 3756 con-

174 3778 313 3825 stare
358 3786 469 3825 non
514 3771 809 3825 credidisse
848 3770 1080 3838 majores
1129 3778 1345 3824 nostros
1388 3772 1755 3826 necessariam

172 3839 334 3911 fuisse
371 3842 734 3911 praesentiam
770 3837 1068 3911 legatorum
1114 3837 1385 3911 pontiﬁcis
1426 3839 1653 3894 Romani
1702 3843 1757 3897 in

173 3908 410 3965 conciliis
463 3908 965 3980 regionalibus'auti
1000 3908 1449 3980 provincialibus,
1493 3924 1756 3980 canones-

174 3994 271 4045 que
309 3981 363 4034 in
392 3981 473 4035 eis
506 3977 754 4035 decretos
778 3977 1011 4048 perinde
1033 3977 1287 4041 valuisse,
1318 3993 1381 4031 ac
1408 3979 1451 4032 si
1482 3979 1556 4033 illi
1587 3981 1757 4036 inter-

174 4048 413 4118 fuissent.
455 4049 609 4105 Unde
636 4047 991 4109 conﬁrmatur
1020 4047 1396 4118 interpretatio
1430 4064 1592 4118 quam
1631 4066 1753 4105 ver-

174 4117 251 4173 bis
274 4120 555 4175 Benedicti
584 4119 783 4173 Levitaa
818 4118 1037 4173 adhibet
1062 4116 1241 4173 Marca
1286 4119 1339 4173 in
1384 4116 1477 4173 lib.
1508 4128 1662 4175 sexto
1689 4122 1755 4176 de

173 4187 491 4259 Concordia,
534 4205 653 4259 cap.
681 4189 770 4243 ‘27.
816 4188 1139 4243 Benedictus
1164 4188 1309 4241 enim
1358 4189 1410 4242 in
1437 4187 1754 4259 praefatione

175 4257 289 4313 libri
338 4259 517 4329 quinti
562 4257 952 4329 Capitularium
998 4272 1175 4329 exeo
1227 4257 1446 4329 quoque
1488 4260 1645 4314 valde
1693 4276 1753 4317 se

173 4328 550 4400 commendare
570 4328 727 4400 putat
753 4330 869 4383 haec
893 4328 1152 4400 capitula,
1176 4328 1321 4400 quod
1357 4336 1412 4400 et
1449 4330 1503 4383 in
1530 4330 1752 4400 synodis

176 4345 549 4384 commendare
612 4345 727 4383 utat
755 4345 869 4383 ιιωο
893 4345 1152 4397 capitula,
1176 4345 1321 4397 quoa
1357 4345 1411 4384 et
1449 4345 1503 4383 in
1530 4345 1749 4400 synoms

176 4413 202 4470 a
231 4398 511 4470 Bonifacio
536 4345 846 4470 Mloguntino
878 4398 1022 4470 sedis
1056 4398 1575 4470 apostolicaaulegato
1603 4399 1749 4455 cele-

176 4468 336 4523 bratis
374 4468 593 4523 condita
629 4468 854 4532 fuerint,
895 4469 1136 4535 adeoque
1176 4468 1472 4537 apostolica
1510 4470 1748 4525 auctori-

1878 2443 2025 2497 tione
2071 2441 2283 2496 locutus
2323 2448 2408 2495 est
2449 2438 2516 2495 de
2557 2436 2822 2493 divisione
2862 2435 3218 2493 Collectionis
3253 2449 3365 2490 sum
3407 2436 3462 2491 in

1878 2523 1990 2567 tres
2021 2511 2204 2572 libros,
2241 2510 2457 2565 demum
2483 2508 2600 2563 haec
2627 2507 2812 2561 addit:
2849 2525 2868 2558 ι
2908 2507 2965 2562 in
3001 2506 3196 2577 quibus
3234 2506 3279 2559 si
3308 2505 3457 2576 quis-

1876 2597 2040 2653 quam
2066 2580 2286 2653 aliquid
2333 2579 2541 2635 invenit
2581 2577 2888 2653 de_talibus
2928 2576 3179 2653 _coiiciliis
3215 2591 3337 2653 qua:
3364 2582 3460 2630 aut

1877 2598 2040 2653 quam
2083 2598 2151 2634 an
2194 2598 2286 2635 um
2333 2598 2541 2635 invenit
2581 2598 2649 2634 ue
2692 2598 2888 2633 talibus
2935 2598 3179 2633 concnus
3218 2598 3337 2645 qua:
3364 2598 3458 2630 θυι

1877 2598 2222 2723 despicienga
2273 2658 2369 2704 aut
2412 2665 2520 2705 non
2566 2647 2877 2723 recipienda
2920 2647 3165 2723 iudicat,
3214 2646 3458 2723 ignoscat

1874 2716 2181 2799 paupertati
2210 2735 2401 2775 sensus
2431 2716 2763 2799 nostri.A.Nos
2790 2716 3215 2799 ta_men_dignum
3241 2716 3460 2799 deputa-

1871 2786 2007 2857 mus,
2038 2792 2391 2863 plurimorum
2425 2790 2777 2863 sententiam,
2808 2786 3145 2860 singulorum
3166 2786 3456 2863 _snspicio-

1868 2858 2467 2932 niims'praeferendam,
2503 2868 2557 2913 et
2586 2860 2638 2911 in
2666 2858 3266 2932 quibuscunqnerebus
3292 2872 3456 2927 gener

1867 2928 2073 2987 ralium"
2093 2930 2449 2986 conciliorum
2476 2928 2851 2984 auctoritatem
2883 2944 2989 2984 non
3020 2928 3303 2996 habemus,
3332 2942 3452 2981 ma-

1866 3004 1970 3084 gis
1993 3016 2193 3084 earum_
2234 3000 2584 3069 synodorum,
2613 3014 2733 3080 quae
2756 3014 2853 3069 per
2881 2998 3119 3084 singulas
3143 2996 3451 3084 provincias

1868 3068 2045 3151 factae
2073 3077 2226 3151 sunt.1
2266 3068 2442 3151 quam
2469 3068 2773 3151 _proprium’
2816 3068 3062 3124 nostrum
3085 3137 3099 3151 ‘
3107 3082 3332 3150 sensum
3368 3081 3453 3122 se-

1790 3172 1833 3233 c
1866 3142 2161 3265 linendum.
2189 3137 2429 3208 Denique
2468 3137 2766 3220 ipsa’sacra
2800 3148 2855 3193 et
2888 3137 3154 3219 generalia
3183 3152 3450 3194 canonum

1866 3220 2083 3265 (ecreta
2111 3210 2446 3265 praecipiunt.
2477 3218 2537 3263 ut
2568 3209 2651 3264 bis
2680 3224 2733 3262 In
2764 3224 2906 3263 anno
2934 3223 3031 3265 per
3060 3207 3297 3265 singulas
3327 3221 3449 3265 Dro-

1866 3231 1882 3266 (

1902 3220 2083 3266 ecreta
2111 3207 2446 3280 praecipiunt,
2477 3207 2537 3263 ut
2568 3209 2651 3280 bis
2680 3208 2733 3262 in
2764 3207 2910 3263 anno
2934 3207 3449 3280 per_singulas_pro-

1862 3281 2069 3335 vincias
2097 3276 2472 3349 episcoporum
2496 3278 2814 3349 celebretur
2853 3276 3245 3349 conciliumet
3264 3276 3449 3349 plena-

1861 3351 1999 3405 riam
2034 3347 2298 3421 synodum
2324 3348 2508 3421 dicunt
2532 3362 2652 3421 esse
2696 3348 2785 3402 ubi
2814 3364 2949 3421 cum,
2969 3348 3082 3403 suis
3124 3347 3447 3421 dimcesanis

1861 3417 2308 3490 metropolitanus
2349 3417 2513 3472 fuerit
2547 3418 2848 3490 episcopus.
2892 3417 3028 3490 Cum
3062 3432 3193 3490 ergo
3228 3417 3303 3471 ita
3330 3432 3445 3487 spe-

1860 3490 2017 3544 cialia
2038 3487 2290 3545 wconcilia
2317 3503 2383 3542 ex
2410 3487 2745 3557 generalium
2780 3489 3103 3543 auctoritate
3133 3487 3291 3553 ﬁunt,
3319 3503 3444 3542 con-

1862 3568 1969 3614 stat
2005 3559 2213 3613 nullum
2247 3572 2405 3627 posse
2431 3559 2497 3613 de
2525 3574 2713 3613 eorum
2752 3558 2954 3628 aliquid
2991 3558 3298 3628 improbare
3332 3566 3445 3612 sta-

1864 3631 2009 3693 tutis,
2042 3629 2144 3683 nisi
2176 3643 2300 3683 eum
2331 3628 2422 3698 qui
2465 3628 2671 3699 apertis
2703 3629 2916 3684 indiciis
2952 3628 3189 3699 potuerit
3219 3630 3441 3683 convin-

1860 3715 1988 3755 cere
2023 3715 2118 3754 eos
2155 3696 2559 3755 aliaua'contra
2589 3696 2749 3753 ﬁdem
2787 3708 2880 3754 aut
2910 3696 3088 3754 mores
3116 3698 3286 3753 bonos
3314 3712 3442 3753 con-

1859 3770 2119 3824 stituisse.
2156 3788 2178 3821 ››
2225 3768 2499 3822 Hactenus
2540 3777 2693 3837 vetus
2737 3768 2827 3824 ille
2862 3769 3117 3823 collector
3152 3786 3165 3822 :
3195 3783 3355 3837 quem
3391 3769 3439 3823 si

1855 3838 2127 3908 Agohardi
2172 3848 2507 3908 coartaneum
2557 3836 2723 3892 fuisse
2763 3839 2989 3903 dixero,
3036 3836 3283 3893 fortasSis
3331 3850 3438 3892 non

1857 3906 2141 3964 aberrabo.
2172 3907 2307 3961 Nam
2334 3906 2509 3978 nullos
2536 3922 2771 3963 canones
2796 3910 2948 3973 citat,
2978 3924 3140 3977 quam
3168 3924 3263 3963 eos
3290 3908 3437 3978 ipsos

1857 3994 1993 4049 quos
2029 3978 2261 4049 laudare
2285 3976 2461 4049 potuit
2487 3976 2827 4048 Agobardus,
2872 3978 2926 4033 id
2964 3976 3066 4043 est,
3105 3976 3341 4049 canones
3384 3988 3437 4033 et

1857 4047 2073 4118 decreta
2116 4047 2429 4118 pontiﬁcum
2469 4047 2592 4118 qua:
2639 4055 2754 4102 tum
2804 4049 3092 4105 exstabant
3141 4048 3197 4103 in
3236 4048 3434 4103 Codice

1856 4116 2134 4174 Canonum
2168 4117 2423 4188 Ecclesia:
2453 4117 2761 4173 Gallicanae.
2789 4118 2940 4187 Quod
2981 4126 3160 4173 autem
3186 4118 3430 4188 Agohar-

1854 4189 1955 4260 dus
1983 4196 2045 4260 et,
2076 4187 2471 4260 collectoriste
2505 4196 2683 4260 vetus,
2721 4197 2784 4242 ut
2820 4187 3265 4260 regionalibus‘et
3306 4204 3431 4258 pro-

1855 4259 2173 4313 vincialibus
2210 4258 2455 4313 conciliis
2481 4258 2860 4314 auctoritatem
2890 4258 3119 4323 addant,
3147 4259 3299 4313 aiunt
3334 4274 3428 4312 eo-

1854 4343 1973 4382 rum
1992 4328 2420 4399 celebrationem
2458 4343 2591 4399 esse
2609 4328 2925 4399 imperatam
2960 4342 2999 4399 a
3019 4328 3229 4399 magnis
3253 4338 3307 4382 et
3346 4343 3434 4399 ge-

1853 4398 2129 4452 neralibus
2165 4397 2429 4463 conciliis,
2460 4406 2520 4451 ut
2542 4397 2625 4452 bis
2662 4398 2716 4451 in
2754 4413 2895 4453 anno
2919 4397 3241 4462 habeantur,
3282 4397 3430 4452 sum-

1890 4476 2003 4521 tum
2032 4477 2116 4522 est
2154 4482 2220 4521 ex
2251 4482 2459 4522 canone
2480 4466 2513 4521 5
2539 4466 2773 4529 Nicamo,
2805 4467 2875 4522 20
2895 4467 3247 4531 Antiocheno,
3276 4477 3331 4522 et
3361 4469 3428 4524 l9

175 4512 854 4608 ἷεὶῑὲῐὶι-Ηέιῖῗεῖἷιὶὄὲ
872 4512 1749 4608 52:13amamirégsﬁﬁsziit
1771 4512 1825 4572 D
1849 4512 2511 4608 ELKiéééénEBsiTKiiniI
2539 4512 3427 4608 ’ééﬁé'véoiﬂaéilii-wil'iéiif'ratio:

178 4609 399 4678 maxima
452 4625 518 4664 ex
566 4606 731 4678 parte
770 4606 1021 4663 roborata
1055 4607 1262 4678 eadem
1311 4606 1656 4663 auctoritate.
1688 4610 1746 4664 id

174 4677 307 4748 enim
343 4676 748 4748 intelligendum
778 4676 1172 4748 estde_tribus
1211 4679 1500 4748 postremis
1527 4678 1747 4748 Capitu—

171 4745 359 4805 larium
397 4745 571 4813 libris,
611 4757 670 4802 ut
710 4748 938 4817 ipsemet
959 4745 1285 4801 Benedictus
1322 4747 1480 4803 docet
1525 4749 1577 4803 in
1603 4745 1746 4805 libro

176 4831 262 4887 vn,
300 4817 587 4887 cap.577:
628 4838 645 4867 ι
681 4818 912 4872 Maxime
952 4817 1113 4871 trium
1152 4817 1466 4871 ultimorum
1511 4819 1745 4887 capitula

176 4886 388 4957 istorum
423 4886 685 4943 librorum
721 4888 1013 4957 apostolica
1049 4895 1389 4941 suntcuncta
1425 4886 1745 4947 auctoritate

176 4954 445 5021 roborata,
490 4959 616 5029 quia
661 4954 1034 5013 his—cudendis
1068 4957 1302 5011 maxime
1343 4957 1638 5027 apostolica
1668 4958 1745 5013 in-

178 5024 351 5078 terfuit
377 5026 593 5078 legatio.
628 5046 647 5078 ι

178 5028 351 5079 terfuit
377 5028 593 5081 legatio.
628 5046 647 5079 ι

239 5042 657 5150 ῗαὲζέιῗξῗιϊῗιξεζ·
682 5096 877 5149 sanctis
918 5093 1223 5166 Scripturis.
1282 5095 1468 5166 Itaque
1514 5096 1592 5151 sic
1624 5112 1743 5166 per-

178 5177 383 5236 suasum
413 5173 552 5236 erat,
584 5165 780 5219 nullius
809 5165 1065 5236 momenti
1101 5181 1220 5221 esse
1244 5165 1457 5236 regulas
1484 5165 1743 5221 ecclesia-

180 5233 347 5297 sticas,
399 5235 566 5304 etiam
618 5237 675 5290 in
722 5234 961 5304 synodis
991 5236 1183 5299 editas,
1238 5233 1342 5289 nisi
1379 5245 1741 5292 consonarent

182 5304 365 5374 sanctis
410 5302 726 5374 Scripturis.
754 5302 896 5370 'Quo
932 5303 1121 5374 ﬁebat,
1172 5315 1231 5360 ut
1276 5306 1488 5374 quoties
1510 5305 1739 5362 Remani

213 5372 446 5445 ontiﬁces
488 5372 565 5445 ad
601 5373 833 5445 synodos
873 5372 1147 5445 mitterent
1181 5372 1438 5444 epistolas
1479 5376 1532 5428 in
1573 5390 1739 5431 causa

216 5440 313 5515 dei,
339 5444 574 5513 episcopi
620 5437 927 5515 congregati
968 5437 1364 5515 examinarent
1387 5459 1454 5498 an
1499 5445 1740 5515 epistolae

184 5508 273 5583 ilia
297 5508 654 5583 congruerent
690 5508 862 5568 sacris
889 5511 1215 5583 Scriptnris;
1248 5520 1308 5566 ut
1342 5512 1458 5568 fuse
1500 5508 1739 5571 ostendit

185 5576 343 5637 Marca
375 5576 429 5638 in
455 5583 595 5639 libro
627 5597 661 5635 v
685 5583 750 5637 de
777 5576 1095 5638 Concordia.

246 5660 268 5689 °
300 5651 498 5707 Eorum
532 5652 769 5723 sensibus
806 5654 1089 5723 anteponit.
1151 5652 1437 5723 Agobardo
1465 5655 1738 5709 consentit

185 5728 320 5777 vetus
352 5731 541 5779 auctor
566 5722 908 5778 Collectionis
938 5722 1236 5787 canonum,
1266 5724 1527 5778 hactenus
1564 5724 1737 5778 inedi-

185 5796 278 5856 tus,
298 5808 449 5861 quem
478 5793 620 5864 apud
644 5808 727 5848 me
756 5793 926 5848 habeo
955 5810 967 5846 :
996 5793 1108 5863 qui,
1136 5802 1425 5864 postquam
1459 5793 1512 5847 in
1541 5792 1732 5862 praefa-

1848 4623 1991 4671 nem,
2026 4622 2221 4676 nempe
2250 4606 2513 4677 synodum
2547 4607 2843 4677 illam_esse
2871 4606 3167 4677 plenariam
3197 4608 3283 4662 cui
3312 4623 3425 4665 me.

1848 4675 2202 4747 tropolitanus
2231 4675 2515 4747 episcopus
2551 4675 2856 4731 interfuerit
2874 4675 2999 4732 cum
3026 4676 3141 4733 suis
3164 4677 3424 4747 dimcesa-

1846 4746 1951 4802 nisi
2000 4746 2146 4802 Istud
2178 4746 2308 4802 vero
2346 4755 2621 4817 sumptum
2660 4755 2745 4802 est
2781 4761 2847 4803 ex
2883 4761 3091 4817 canone
3135 4746 3198 4802 l6
3240 4747 3422 4804 Antio-

1845 4818 2037 4883 cheno,
2082 4816 2136 4870 in
2166 4816 2387 4886 quoisic
2426 4815 2687 4886 scriptum
2723 4826 2806 4872 est
2842 4834 2855 4869 :
2895 4834 2913 4867 ε
2957 4815 3260 4872 Perfectum
3293 4832 3422 4873 vero

1844 4888 2131 4941 concilium
2172 4885 2299 4940 illud
2340 4893 2445 4946 est,
2486 4885 2579 4941 ubi
2627 4886 2931 4942 interfuerit
2976 4886 3421 4955 metropolitanus

1844 4958 2100 5011 antistes:
2125 4976 2142 5007 ι
2162 4955 2316 5013 cujus
2336 4955 2504 5010 etiam
2526 4957 2852 5012 mentionem
2876 4956 3007 5012 facit
3027 4956 3337 5012 Ferrandus
3364 4959 3417 5013 in

1844 5025 2511 5095 Breviatione'Canonum,
2544 5026 2627 5080 tit.
2659 5026 2790 5092 tu;
2844 5028 3079 5095 itemque
3103 5025 3412 5095 Gratianus,

1839 5094 2213 5158 Burchardus,
2258 5094 2370 5160 lvo,
2407 5093 2516 5149 alii.
2564 5095 2635 5150 Ut
2678 5097 2833 5151 valde
2869 5093 3068 5152 mirum
3103 5097 3173 5151 sit
3206 5097 3259 5151 id
3302 5093 3413 5153 non

1840 5166 2275 5220 animadversum
2328 5180 2358 5219 a
2407 5165 2472 5218 Β.
2501 5166 2560 5219 Ρ.
2589 5165 2859 5223 Ludovico
2904 5165 3165 5231 Celiotio,
3221 5167 3313 5231 qui
3362 5168 3416 5222 in

1840 5235 1983 5306 notis
2024 5236 2091 5289 ad
2129 5242 2291 5304 caput
2334 5234 2405 5289 25
2447 5236 2659 5306 concilii
2692 5234 3038 5306 Duziacensis
3073 5234 3418 5306 reprehendit

1841 5304 2190 5376 Hincmarum
2237 5304 2580 5376 saepiuscuie,
2624 5314 2683 5358 ut
2730 5306 2847 5375 ipse
2894 5305 2999 5369 ait,
3049 5304 3415 5376 proferentem

1839 5374 1982 5429 hunc
2013 5389 2278 5429 canonem
2302 5374 2716 5438 Antiochenum,
2754 5374 2881 5430 cum
2923 5374 3103 5430 tamen
3140 5376 3418 5445 conceptis

1837 5445 2018 5515 verbis
2042 5459 2154 5515 non
2183 5453 2358 5499 exstet
2378 5445 2446 5515 in
2476 5446 2682 5515 synodo
2706 5445 3064 5500 Antiochena.
3081 5514 3087 5515 γ
3107 5445 3270 5501 Multa
3295 5447 3415 5514 qui«

1838 5514 1959 5569 dem
2020 5514 2085 5567 de
2128 5513 2667 5582 metropolitanorum
2732 5516 3022 5586 dignitate,
3071 5514 3412 5639 juribusgue.

1838 5584 2231 5639 sapientissime
2266 5583 2429 5637 variis
2465 5586 2761 5639 canonibns
2805 5585 3109 5639 decrevisse
3148 5600 3283 5639 svno
3322 5588 3412 5639 uni

1836 5584 2231 5656 sapientissime
2266 5583 2429 5637 variis
2465 5586 2761 5656 canonibns
2794 5583 3109 5639 'decrevisse
3134 5583 3413 5656 synodum

1836 5652 1982 5725 illam
2010 5652 2421 5725 Antiochenam,
2463 5654 2863 5725 sednusquam
2893 5652 3263 5725 pronuntiare,
3302 5669 3414 5725 per-

1834 5723 2034 5777 fectum
2070 5722 2198 5792 illud
2241 5736 2361 5776 esse
2396 5722 2822 5787 concilium,’cui
2854 5722 3413 5792 metropolitanns'in-

1836 5792 2098 5848 tcrfuerit.
2142 5791 2411 5847 Hactenus
2436 5792 2712 5849 Cellotins.
2747 5793 2899 5849 Unde
2928 5791 3141 5849 constat
3169 5810 3256 5850 res
3284 5810 3411 5865 quo-
