3930 6392
376 376 483 438 245

1350 378 1407 440 S.
1449 380 1798 441 AGODARDI
1837 380 2143 441 EPISCOPI
2184 379 2670 441 LUGDUNENSIS

3553 382 3660 445 ω

376 501 570 553 clunes
618 492 909 553 erthodoxl
963 503 1204 553 rectores
1252 499 1666 570 quibuscunque
1716 499 1850 555 locis
1883 497 1968 552 vel
1997 502 2048 560 Α
2074 494 2233 551 Certe
2259 497 2342 552 lex
2375 513 2480 564 non
2509 499 2680 553 vetuit
2707 497 2978 568 subjectos
3007 508 3099 553 aut
3121 501 3306 555 vinum
3326 501 3537 568 bibere,
3567 509 3664 560 aut

376 587 716 658 temporibus
757 587 824 642 de
866 585 1029 642 rebus
1071 587 1461 644 ecclesiasticis
1507 588 1804 644 tractandis
1841 603 1971 642 con-

378 679 772 750 servandisque
817 678 1022 750 aliquid
1051 687 1390 748 statuerunt,
1422 691 1832 738 antecessorum
1862 691 1970 738 sta-

379 773 513 828 tutis
536 781 593 829 et
629 771 935 828 divinarum
966 773 1274 829 litterarum
1306 771 1616 830 auctoritati
1645 790 1973 848 magnopere

377 864 688 934 studqerint
713 878 1037 920 consonare.
1099 863 1220 920 Jam
1256 881 1382 921 vero
1413 866 1482 921 de
1515 866 1781 921 donandis
1811 869 1974 923 rebus

378 943 434 1012 et
466 956 784 1013 ordiuandls
813 955 1060 1011 ecclesiis
1082 956 1219 1010 nihil
1251 972 1487 1025 unquam
1521 958 1575 1011 in
1598 958 1819 1027 synodis
1849 973 1973 1013 con-

379 1048 631 1104 stitutum
670 1056 754 1104 est
777 1089 792 1112 ,
827 1047 964 1102 nihil
986 1054 1033 1101 'a
1063 1048 1270 1103 sanctis
1303 1047 1560 1104 Patribus
1596 1049 1808 1119 pllblice
1841 1065 1976 1120 prae-

378 1140 640 1196 dicatum.
698 1137 858 1193 Nulla’
891 1139 1036 1194 enim
1079 1138 1339 1210 cempulit
1367 1139 1698 1204 necessitas,
1734 1137 1976 1194 fervente

378 1231 583 1302 ubique
623 1229 1194 1302 religiosa‘devotione
1213 1270 1228 1296 ,
1260 1237 1316 1284 et
1341 1243 1528 1284 amore
1561 1228 1865 1284 illustraudi
1891 1243 1978 1283 ee-

379 1325 580 1381 clesias
619 1323 764 1378 ultro
810 1328 1096 1377 aestuante.
1141 1321 1315 1389 Quem
1341 1337 1450 1377 non
1475 1321 1542 1376 ad
1568 1323 1684 1377 haec
1717 1321 1977 1376 accende-

379 1422 464 1471 ret
501 1415 846 1471 Dominicum
885 1413 1016 1469 illud
1045 1413 1248 1468 factum
1277 1421 1334 1468 et
1361 1412 1595 1477 dictum,
1624 1410 1768 1482 quod
1803 1411 1978 1465 Evan-

381 1507 585 1580 gelium
625 1505 795 1585 refert
818 1546 833 1572 ,
884 1506 1092 1560 sedisse
1121 1503 1414 1559 Dominum
1440 1510 1628 1557 contra
1653 1499 1980 1571 gazophyla-

380 1597 530 1652 cium
553 1637 569 1661 ,
619 1602 675 1652 et
718 1595 1000 1666 aspexisse
1044 1593 1317 1664 quomodo
1361 1590 1522 1648 turba
1552 1589 1786 1660 jactaret
1813 1605 1890 1646 aes
1924 1591 1978 1643 in

381 1686 861 1759 gazophylacium,
890 1696 1297 1756 pauperemque
1331 1683 1550 1738 viduam
1592 1697 1758 1753 super
1787 1696 1980 1739 omnes

380 1773 665 1845 laudaSse,
708 1793 830 1849 qua:
860 1777 968 1833 duo
999 1784 1208 1831 tantum
1234 1775 1441 1830 minuta
1463 1773 1803 1846 jactaverat?
1840 1773 1980 1828 Ecce

2071 588 2124 642 in
2151 588 2399 657 domibus
2433 590 2706 650 habitare.
2763 591 2830 646 Et
2872 599 3050 647 tamen
3075 592 3341 660 Ionadab,
3382 595 3526 650 ﬁlius
3557 592 3663 654 Re-

2072 680 2212 746 cab,
2277 681 2405 739 ﬁliis
2462 685 2577 739 suis
2628 685 2966 740 exhortando
3023 688 3302 743 interdixit
3348 700 3660 760 utrumque.

2073 769 2176 835 Qui
2208 781 2331 841 post
2373 773 2540 827 multa
2589 789 2857 829 annorum
2889 777 3158 832 curricula
3182 779 3444 848 compulsi
3470 779 3540 832 ab
3569 780 3659 835 ho-

2075 862 2248 917 stibus
2291 864 2497 935 ingredi
2542 865 2816 920 civitatem
2862 867 2930 921 ad
2975 869 3324 933 manendum,
3354 870 3668 926 nullatenus

2075 953 2322 1021 compelli
2354 963 2679 1023 potuerunt,
2733 972 2801 1010 ne
2848 973 2876 1011 a
2922 958 3457 1027 propheta'quidem,
3488 960 3557 1014 ad
3587 960 3670 1014 bi-

2076 1041 2312 1098 bendum
2335 1046 2551 1110 vinum;
2578 1055 2629 1100 et
2651 1047 2854 1102 idcirco
2876 1048 3075 1103 laudati
3093 1059 3225 1103 sunt
3251 1067 3279 1103 a
3307 1051 3536 1106 Domino
3567 1068 3668 1122 pro

2075 1136 2381 1190 obedientia
2400 1174 2415 1199 ,
2459 1139 2808 1205 promittente
2837 1139 3000 1193 etiam
3027 1141 3168 1208 quod
3201 1157 3306 1195 non
3335 1153 3479 1211 esset
3517 1143 3666 1198 defe-

2078 1236 2262 1282 cturus
2293 1226 2376 1280 vir
2407 1227 2592 1296 stirpis
2630 1226 2872 1282 Jonadab
2911 1229 2979 1284 de
3015 1241 3303 1300 conspectu
3328 1231 3562 1287 Domini.
3608 1233 3667 1289 Si

2079 1318 2222 1388 Quod
2246 1334 2387 1373 unus
2417 1319 2578 1372 homo
2605 1319 2863 1389 praecepit
2892 1323 3148 1390 posteris,
3184 1332 3291 1377 tam
3323 1333 3532 1381 attente
3557 1334 3670 1381 tam

2080 1409 2334 1478 religiose
2379 1410 2707 1464 custoditum
2749 1419 2834 1466 est
2874 1427 3044 1481 usque
3085 1413 3140 1466 in
3182 1413 3572 1485 longinquum,
3617 1426 3677 1472 ut

2081 1500 2240 1556 laude
2290 1500 2454 1556 etiam
2497 1502 2717 1573 dignum
2765 1502 2866 1558 Dei
2910 1503 3230 1572 haberetur;
3284 1506 3449 1577 (quod
3488 1508 3680 1579 utique

2081 1607 2188 1646 non
2218 1608 2285 1647 ex
2311 1592 2447 1664 legis
2470 1593 2771 1660 sanctione,
2797 1595 2892 1650 sed
2919 1610 2986 1650 ex
3003 1596 3281 1667 religionis
3303 1599 3518 1656 fervore
3537 1617 3678 1671 pra:-

2082 1681 2322 1755 ceperat)
2363 1684 2494 1754 quid
2538 1685 2605 1741 de
2649 1687 2820 1764 nostri
2869 1687 3129 1756 temporis
3175 1687 3485 1747 hominibus
3532 1695 3680 1748 :lei—

2081 1775 2342 1830 mandum
2380 1783 2498 1842 est,
2548 1775 2744 1846 quibus
2781 1777 3127 1846 omnipotens
3154 1779 3296 1836 Deus
3326 1791 3381 1836 et
3407 1784 3678 1851 generalis

383 1873 580 1928 sedens
622 1868 885 1929 Dominus
917 1868 1115 1940 aspicit
1140 1867 1433 1923 offerentes
1452 1909 1466 1934 ,
1496 1875 1559 1922 ut
1581 1865 1983 1937 beneplacitum
2011 1849 2059 1908 B
2086 1855 2332 1922 Ecclesia
2363 1869 2464 1922 sub
2492 1868 2712 1923 nomine
2742 1869 2916 1939 patris
2936 1884 3000 1923 ac
3026 1871 3219 1926 matris
3245 1849 3544 1943 praecipere
3573 1892 3680 1932 non

385 1962 488 2019 sibi
527 1962 869 2017 demonstret
900 1974 1101 2014 munus
1140 1958 1401 2014 ﬁdelium.
1459 1957 1606 2014 Satis
1636 1973 1769 2014 vero
1799 1973 1988 2014 conse-

383 2061 692 2126 quensest,
717 2060 779 2108 ut
807 2052 1081 2123 aspiciens
1111 2050 1423 2123 oﬂ‘erentcs,
1447 2051 1708 2122 despiciat
1737 2049 1990 2104 auferen-

385 2143 492 2214 tes,
523 2147 752 2202 laudans
796 2154 970 2200 totum
994 2136 1235 2201 dantem
1260 2185 1274 2210 ,
1305 2145 1578 2214 vituperet
1601 2158 1711 2197 non
1747 2144 1984 2207 dantem,

388 2237 501 2293 imo
531 2229 812 2309 quidpiam
843 2235 1209 2301 fraudantem,
1241 2236 1356 2291 sive
1383 2234 1587 2305 aliquid
1610 2235 1934 2304 rapientem.

460 2329 604 2385 XXI.
650 2329 757 2385 Sed
781 2337 838 2386 et
862 2329 993 2384 illud
1015 2330 1161 2399 quod
1186 2328 1339 2399 jubet
1370 2336 1424 2383 et
1450 2328 1679 2384 reddere
1705 2344 1826 2398 quae
1860 2338 1985 2384 sunt

387 2421 621 2480 Caesaris
652 2421 878 2487 Caesari,
917 2430 972 2476 et
1018 2436 1140 2490 quae
1180 2419 1274 2474 Dei
1306 2420 1437 2484 Deo,
1467 2427 1620 2473 tanto
1648 2419 1880 2488 quisque
1908 2427 1992 2473 at—

391 2517 596 2574 tentius
636 2522 864 2585 penset,
901 2521 1105 2584 quanto
1154 2512 1408 2567 devotius
1447 2519 1620 2567 curat.
1688 2510 1991 2584 Quodqvere

387 2604 722 2678 praeceptum
759 2613 814 2658 et
852 2601 1146 2673 Apostolus
1182 2601 1528 2656 commendat
1552 2599 1883 2683 implendum
1909 2601 1993 2654 di-

391 2713 565 2755 cens:
611 2696 834 2752 Reddite
861 2696 1101 2751 omnibus
1149 2696 1360 2761 debita;
1406 2696 1493 2750 cui
1531 2695 1785 2750 tiibutum
1819 2696 1990 2750 tribu-

389 2799 525 2855 tum,
563 2790 649 2843 cui
690 2785 910 2858 vectigal
945 2787 1185 2858 vectigal,
1228 2788 1314 2841 cui
1339 2788 1579 2841 timorem
1602 2789 1863 2854 timorem,
1907 2789 1992 2841 cui

393 2887 645 2940 honorem
688 2884 965 2938 honorem.
1008 2883 1194 2954 Neque
1239 2884 1385 2939 enim
1434 2884 1682 2940 timorem
1735 2885 1993 2940 debemus

391 2975 729 3039 hominibus,
761 2990 885 3030 cum
920 2975 1270 3045 przecipiatur
1292 2974 1450 3030 nobis
1490 2989 1586 3044 per
1615 2975 1941 3044 Prophetam
1977 2994 1988 3028 :

393 3064 578 3120 Nolite
610 3067 792 3120 timere
811 3050 1172 3138 -opprobrium
1215 3067 1507 3131 hominum,
1553 3076 1599 3119 et
1645 3065 1994 3137 blasphemias

391 3156 576 3212 eorum
608 3173 671 3211 ne
695 3158 961 3212 metuatis.
1003 3157 1245 3227 Itemque
1274 3158 1536 3228 scriptum
1576 3160 1683 3213 sit:
1719 3158 1827 3224 Qui
1849 3161 1992 3214 timet

393 3247 675 3308 hominem.
710 3249 812 3302 cito
850 3255 1080 3302 corruet.
1111 3247 1215 3302 Et:
1261 3246 1442 3301 Nolite
1471 3249 1652 3302 timere
1679 3265 1770 3302 eos
1788 3249 1878 3320 qui
1907 3267 1993 3303 oc-

395 3339 576 3392 cidunt
604 3354 814 3409 corpus.
870 3337 980 3395 Sed
1030 3341 1284 3396 timorem
1333 3342 1524 3410 utique
1573 3342 1831 3398 debemus
1859 3342 1990 3410 Deo,

394 3430 661 3509 honorem
707 3440 888 3487 autem
916 3432 1050 3498 Deo,
1095 3449 1160 3489 ac
1191 3434 1410 3501 domui,
1438 3434 1798 3505 omnibusque
1827 3449 1996 3490 mem-

396 3523 514 3578 bris
541 3521 694 3591 ejus;
728 3521 872 3578 sicut
914 3521 1236 3593 Scriptura,
1275 3525 1398 3595 quis
1429 3524 1505 3579 sit
1541 3522 1724 3592 justus
1767 3525 1996 3580 demon-

397 3621 599 3678 strans,
631 3613 798 3668 dicit:
832 3612 914 3666 Ad
951 3612 1174 3668 nihilum
1216 3613 1471 3669 deductus
1503 3624 1579 3669 est
1627 3616 1683 3668 in
1721 3627 1997 3692 conspectu

401 3707 520 3777 ejus
558 3704 823 3777 malignus
848 3748 862 3772 ,
909 3705 1147 3761 timentes
1190 3715 1366 3761 autem
1411 3705 1672 3760 Dominus
1712 3706 1996 3777 gloriﬁcat.

395 3790 465 3851 Et
506 3796 846 3852 exhibendus
896 3811 1028 3867 ergo
1079 3786 1164 3853 est
1202 3796 1315 3852 Deo
1359 3797 1546 3863 timor,
1597 3813 1667 3853 ne
1689 3797 1999 3853 oﬁ‘endatur

396 3883 676 3951 moribus;
712 3892 769 3939 et
796 3884 1138 3940 exhibendus
1163 3885 1360 3951 honor,
1394 3893 1458 3940 ut
1487 3886 1823 3958 gloriﬁcetur
1847 3887 2000 3943 obla—

397 3975 662 4033 tionibus.
723 3975 816 4032 Sic
841 3992 1036 4047 nempe
1070 3993 1100 4032 a
1128 3977 1384 4034 Patribus
1409 3979 1728 4050 intelligitur
1753 3981 1897 4050 quod
1920 3980 2002 4034 di-

398 4076 550 4125 ctum
577 4065 663 4123 est
689 4086 701 4121 :
736 4065 961 4130 Reddite
991 4084 1108 4138 quq
1134 4077 1256 4122 sunt
1283 4068 1510 4123 Casaris
1538 4070 1740 4124 Cwsari
1756 4110 1770 4136 ,
1801 4070 1855 4125 id
1883 4078 1998 4137 est,

401 4159 630 4223 tributa,
645 4152 710 4213 ac
730 4159 1032 4230 vectigalia.
1063 4156 1385 4243 Quaaautem
1407 4169 1528 4214 sunt
1555 4159 1648 4215 Dei
1674 4160 1808 4225 Deo,
1825 4160 1879 4215 id
1895 4168 2000 4226 est,

402 4251 664 4314 decimas,
680 4250 970 4320 primitias,
985 4257 1294 4320 eceteraque
1310 4251 1557 4316 donaria,
1574 4260 1684 4306 tam
1701 4258 1825 4308 vota
1841 4268 2000 4322 quam

403 4348 726 4413 spontanee.
783 4339 919 4395 Nam
950 4348 1006 4396 et
1032 4342 1263 4396 assertio
1290 4340 1520 4398 Judaica
1551 4344 1756 4398 ideirco
1777 4345 2006 4413 putabat

402 4433 651 4488 illicitum
677 4447 800 4489 esse
847 4432 1111 4488 tributum
1143 4433 1354 4499 solvere
1378 4433 1602 4500 Cmsari,
1647 4436 1777 4506 quia
1805 4451 2003 4507 supra-

403 4525 550 4580 dicta
598 4525 708 4579 Deo
752 4523 964 4579 solvere
999 4521 1140 4594 jussi
1175 4534 1351 4581 erant.
1411 4525 1771 4582 Commendat
1817 4537 1997 4584 autem
2026 4565 2080 4622 Ι)

404 4612 673 4669 Dominus
701 4613 816 4669 hare
843 4613 1114 4680 facienda,
1140 4615 1232 4670 ubi
1258 4616 1334 4670 ait
1365 4633 1377 4669 :
1433 4614 1524 4670 Va:
1553 4617 1696 4671 vobis
1724 4617 1926 4673 Scribce
1952 4629 1999 4673 et

407 4704 674 4762 Pharisa'i
700 4700 1029 4779 hypocritw.’
1075 4709 1165 4779 qui
1200 4708 1475 4763 decimatis
1499 4698 1757 4775 meritam,
1790 4719 1839 4764 et
1871 4728 1999 4764 ane-

404 4796 555 4851 thum
577 4837 591 4860 ,
641 4805 692 4851 et
732 4797 1024 4863 cuminum,
1051 4807 1099 4851 et
1123 4815 1274 4853 omne
1297 4799 1448 4866 olus;
1495 4810 1544 4855 et
1571 4800 1862 4872 relinquitis
1886 4819 2003 4873 qum

403 4888 645 4959 graviora
692 4898 816 4942 sunt
859 4888 988 4959 legis
1014 4931 1027 4954 ,
1054 4890 1357 4960 judicium,
1402 4901 1451 4945 et
1492 4893 1928 4958 misericordiam,
1953 4905 2002 4948 et

403 4976 599 5047 ﬁdem;
635 4993 758 5032 cum
801 4977 947 5032 illico
978 4978 1254 5050 subjungit
1295 4999 1306 5034 :
1361 4979 1493 5036 Htec
1537 4983 1762 5048 oportuit
1806 4982 1999 5051 facere,

403 5078 454 5123 ct
476 5067 580 5130 illa.
598 5085 701 5124 non
729 5069 986 5124 omittere.

482 5162 644 5219 XXII.
684 5149 928 5235 Oportet.
958 5179 1108 5236 ergo,
1162 5173 1217 5219 et
1262 5176 1479 5236 semper
1507 5167 1812 5236 oportebit,
1859 5166 2004 5235 quod

404 5253 672 5312 Dominus
717 5257 1032 5326 oportuisse
1070 5263 1336 5321 testatur,
1387 5273 1563 5327 neque
1608 5258 2005 5328 parvipenden.

407 5347 534 5402 dum
574 5345 676 5401 fuit
719 5354 814 5400 aut
851 5346 960 5424 erit
989 5361 1238 5416 unquam
1284 5347 1430 5416 quod
1468 5345 1728 5403 Dominus
1771 5347 1854 5402 vel
1887 5347 2005 5404 ﬁeri

401 5438 596 5511 jussit,
635 5437 723 5495 vel
750 5437 952 5494 factum
984 5436 1235 5494 facientis
1266 5440 1556 5496 devotione
1584 5441 2001 5495 commendavit.

2088 1960 2311 2026 desinit,
2345 1960 2450 2015 nisi
2497 1968 2557 2014 ut
2608 1961 2794 2016 eorum
2843 1964 3250 2032 comparatione
3297 1967 3680 2037 objurgemur,

2089 2053 2233 2107 sicut
2265 2061 2320 2109 et
2346 2051 2602 2108 Iudaicus
2641 2055 2894 2125 populus,
2917 2054 3149 2111 Domino
3177 2057 3391 2115 dicente
3415 2076 3431 2114 :
3459 2057 3684 2116 Priena-

2089 2141 2300 2197 luerunt
2327 2160 2591 2197 sermones
2618 2142 2866 2198 Ionadab
2896 2146 3225 2201 sermonibus
3259 2150 3388 2203 meis
3412 2191 3426 2212 ,
3476 2159 3533 2205 et
3583 2167 3688 2206 ea.»

2089 2234 2246 2288 tera?
2292 2233 2335 2288 E
2379 2236 2657 2290 contrario
2712 2244 2892 2291 autem
2939 2237 3282 2294 credendum
3309 2249 3394 2296 est
3436 2242 3582 2311 quod
3630 2243 3682 2299 in

2090 2323 2636 2407 regimineprazlatus
2663 2325 2922 2394 quilibet,
2967 2327 3086 2382 sine
3129 2327 3330 2385 damno
3369 2332 3662 2388 inobedien

2091 2411 2199 2474 tice,
2231 2412 2574 2482 praecipiens,
2618 2416 2892 2469 contemni
2937 2431 3044 2470 non
3091 2428 3299 2487 potest;
3346 2422 3492 2477 sicut
3527 2438 3683 2494 aper-

2094 2502 2304 2559 tissime
2325 2513 2550 2574 apparet
2572 2505 2627 2558 in
2655 2507 2822 2575 gestis
2854 2505 3054 2563 Saulis.
3094 2508 3229 2564 Nam
3253 2527 3376 2566 cum
3399 2513 3544 2570 ﬁlius
3570 2514 3690 2584 ejus

2085 2584 2376 2663 'Jonathas,
2409 2597 2514 2653 ﬁde
2541 2614 2605 2655 ac
2629 2599 2833 2656 virtute
2861 2603 3189 2672 protectoris
3211 2614 3475 2672 armatus,
3507 2623 3691 2677 perre-

2092 2682 2264 2743 xisset
2292 2689 2360 2743 ad
2390 2690 2679 2746 stationem
2709 2690 3146 2760 Philistinorum,
3177 2680 3468 2768 castraque
3497 2714 3690 2755 eorum

2092 2783 2488 2848 turbarentur;
2532 2783 2721 2840 videns
2768 2785 2857 2840 ille
2904 2803 3028 2842 cum
3078 2789 3244 2847 sociis
3285 2790 3564 2847 insecutus
3609 2802 3694 2848 est

2093 2871 2368 2939 inimicos,
2395 2888 2729 2944 persequens
2753 2885 2918 2947 atque
2938 2886 3318 2948 prosternens;
3345 2897 3695 2953 cernensque

2093 2963 2238 3032 quod
2263 2978 2352 3018 res
2381 2979 2642 3034 prospere
2665 2965 2906 3034 cederet,
2939 2978 3275 3026 contestatus
3301 2982 3386 3028 est
3408 2975 3693 3045 populum,

2095 3053 2320 3110 dicens:
2353 3055 2671 3113 Maledictus
2716 3061 2807 3130 qui
2851 3063 3134 3117 comederit
3167 3082 3358 3135 panem
3396 3067 3574 3135 hodie,
3603 3071 3699 3124 do—

2098 3162 2191 3201 nec
2220 3147 2452 3202 ulciscar
2477 3149 2541 3203 de
2564 3151 2792 3205 inimicis
2831 3154 2958 3207 meis
2991 3171 3010 3207 :
3039 3155 3183 3224 quod
3229 3157 3486 3227 ignorans
3531 3159 3696 3216 Jona-

2097 3236 2261 3303 thas,
2307 3247 2527 3307 sumpto
2570 3239 2729 3294 melle
2776 3243 3016 3310 gustavit
3059 3245 3334 3312 paululum
3371 3267 3384 3301 :
3417 3264 3578 3317 quam
3625 3251 3696 3306 ob

2097 3344 2319 3386 causam
2346 3329 2608 3386 Dominus
2643 3331 2958 3402 indignatus
3002 3345 3108 3402 est,
3149 3338 3223 3392 ita
3261 3348 3319 3394 ut
3362 3343 3697 3411 respondere

2097 3423 2265 3478 nollet
2286 3425 2430 3493 quod
2450 3424 2679 3495 populus
2701 3425 2862 3498 agere
2883 3428 3135 3496 deberet;
3160 3447 3223 3486 ac
3245 3434 3346 3488 nisi
3371 3449 3492 3489 eum
3518 3444 3700 3493 trans-

2098 3525 2220 3571 acta
2265 3515 2405 3570 bona
2459 3517 2828 3586 eripuissent,
2887 3520 3027 3577 forte
3070 3523 3440 3592 deprehensus
3488 3526 3701 3596 absque

2100 3606 2487 3660 retractatione
2531 3617 2857 3663 moreretur.
2917 3611 3031 3678 Qua
3067 3613 3120 3666 in
3166 3628 3226 3668 re
3269 3631 3394 3670 cum
3440 3618 3586 3671 omni
3627 3618 3700 3672 ti-

2100 3710 2252 3750 more
2297 3696 2754 3753 considerandum
2799 3708 2904 3765 est,
2949 3702 3092 3771 quod
3121 3719 3244 3758 cum
3268 3705 3571 3776 ignorantia
3600 3723 3701 3763 ex-

2100 3801 2296 3841 cusare
2323 3802 2432 3841 non
2462 3790 2732 3857 potuerit,
2765 3804 2866 3847 nec
2895 3799 3060 3847 tantae
3089 3793 3214 3848 ﬁdei
3241 3796 3414 3849 virtus
3444 3797 3699 3868 indigna-

2100 3878 2306 3933 tionem
2356 3879 2595 3934 divinam
2644 3882 2861 3947 avertit,
2921 3897 3204 3954 quousque
3251 3886 3321 3940 ad
3359 3887 3549 3943 horam
3581 3904 3704 3944 mo-

2103 3970 2278 4025 riendi
2312 3978 2531 4025 ventum
2569 3980 2686 4026 est:
2717 3971 2806 4026 ubi
2834 3972 3012 4028 adhuc
3042 3975 3230 4029 mirari
3255 3992 3560 4046 possemus,
3588 3980 3702 4034 nisi

2104 4062 2269 4137 aliqui
2299 4051 2569 4129 viderent,
2601 4065 2743 4132 quod
2769 4065 2875 4120 mel
2906 4068 3161 4133 comedit,
3178 4085 3297 4133 non
3327 4067 3540 4138 panem.
3592 4071 3705 4130 Ve-

2104 4169 2224 4208 rum
2253 4154 2412 4224 quia,
2468 4168 2619 4210 more
2660 4155 2801 4210 sacri
2850 4155 3081 4225 eloquii,
3120 4158 3175 4211 in
3222 4174 3390 4228 pane,
3432 4163 3702 4232 quidquid

2104 4245 2314 4300 comedi
2341 4253 2554 4316 potest,
2598 4247 2897 4317 accipitur,
2943 4249 3283 4318 pensandum
3312 4259 3394 4305 est
3422 4268 3584 4322 quam
3609 4263 3702 4309 at-

2105 4346 2254 4393 tente
2296 4338 2560 4393 Dominus
2612 4340 2869 4395 custodiri
2912 4340 3041 4396 velit
3080 4342 3342 4412 quidquid
3373 4359 3481 4398 non
3518 4345 3702 4401 irreli-

2105 4431 2256 4503 giose
2280 4431 2539 4502 praelatus
2565 4431 2794 4502 quisque
2818 4433 3157 4501 praeceperit,
3193 4449 3314 4487 cum
3344 4432 3523 4488 Saulis
3541 4433 3702 4502 jussa

2105 4537 2136 4576 a
2161 4522 2443 4577 nesciente
2466 4517 2825 4591 transgressa,
2853 4523 2969 4577 sine
2994 4524 3175 4593 aliqua
3203 4524 3436 4579 vindicta
3467 4526 3705 4584 transire

2108 4629 2213 4668 non
2263 4616 2590 4684 passussit.
2655 4614 2788 4681 Quis
2816 4623 2899 4671 est
2921 4615 3079 4670 hodie
3112 4617 3204 4686 qui
3234 4631 3292 4671 se
3323 4617 3494 4686 culpae
3530 4618 3703 4677 obno—

2108 4695 2257 4759 xium
2286 4702 2702 4769 esse‘crederet,
2733 4706 2778 4760 si
2803 4707 3172 4776 praecipientis
3199 4705 3438 4773 iniuncta
3469 4724 3575 4763 non
3603 4725 3704 4765 au-

2109 4797 2295 4852 diret?
2339 4796 2407 4851 Et
2438 4806 2616 4852 tamen
2661 4812 2728 4852 ex
2775 4799 2986 4853 interna
3027 4798 3211 4867 regula
3245 4799 3574 4868 judiciorum
3603 4801 3702 4858 Dei

2111 4889 2356 4945 videmus
2375 4898 2598 4960 peccata
2626 4889 2879 4944 subtilius
2908 4897 2963 4944 et
2993 4890 3241 4944 acerbius
3269 4891 3502 4960 inquiri,
3532 4908 3704 4963 quam

2112 4997 2213 5037 nos
2243 4989 2548 5051 praecavere
2574 4990 2667 5035 aut
2690 4981 2985 5036 formidare
3013 4981 3308 5036 valeamus.

2181 5072 2369 5127 XXIII.
2414 5071 2542 5127 Haec
2589 5072 2733 5127 dicta
2782 5071 2913 5136 sint,
2967 5078 3027 5124 ut
3070 5072 3392 5141 prudentius
3439 5071 3706 5130 oﬁ‘eratur

2108 5166 2325 5221 occasio
2359 5164 2670 5233 diligentius
2715 5162 3122 5228 considerandi,
3173 5163 3218 5217 si
3262 5174 3372 5217 tam
3422 5163 3705 5222 fructuosa

2109 5270 2250 5310 unus
2294 5254 2515 5309 auditur
2561 5269 2591 5307 a
2637 5254 2822 5309 multis
2857 5262 2968 5308 tam
3011 5254 3206 5308 noxius
3234 5252 3513 5318 omnibus,
3559 5271 3704 5312 unus

2107 5346 2428 5403 inobediens
2452 5341 2682 5398 efﬁcitur
2710 5344 2913 5400 inscius
2937 5384 2952 5409 ,
3002 5352 3207 5414 quanto
3237 5345 3435 5399 merito
3461 5347 3703 5402 retribu-

2109 5442 2274 5498 tionis
2301 5440 2430 5496 boni
2459 5440 2543 5496 vel
2573 5439 2701 5496 mali
2735 5439 3026 5504 obediens,
3069 5446 3162 5493 aut
3211 5448 3555 5510 contemptor
3589 5438 3708 5496 eiii-

1772 5528 2046 5588 BALUZII
2086 5532 2318 5591 NOTAE.

409 5639 517 5694 que
555 5623 951 5679 minutissimas
1000 5621 1274 5694 interdum
1302 5621 1556 5694 excidere
1585 5617 1748 5692 etiam
1783 5620 1888 5692 illis
1915 5623 2008 5690 qui

409 5691 470 5752 se
516 5695 792 5764 sapientes
849 5701 1060 5762 putant.
1114 5691 1267 5764 ⁸Νᾏιῑι
1316 5691 1529 5764 legendi
1589 5698 1800 5764 tantum
1852 5702 2010 5747 erant

408 5760 650 5824 canones
699 5760 1044 5819 Antiocheni.
1105 5761 1214 5818 Sed
1256 5760 1394 5830 quia'
1427 5775 1540 5830 tum
1585 5760 1844 5818 Cellotius
1892 5772 2011 5816 erat

413 5833 884 5904 occupatissimus,
925 5835 1057 5888 satis
1101 5828 1291 5887 habuit
1336 5828 1522 5887 titulos
1562 5839 1829 5890 eanonum
1867 5833 2012 5887 illius

2116 5625 2309 5698 synodi
2337 5625 2596 5698 relegere.
2630 5624 2705 5678 Ea
2743 5638 2904 5698 causa
2931 5623 3031 5698 fuit
3056 5625 3304 5698 errandi.
3340 5621 3474 5698 Nam
3507 5622 3706 5698 lemma

2119 5693 2343 5752 canonis
2374 5695 2440 5748 l6
2458 5693 2581 5749 haec
2621 5702 2831 5748 tantum
2871 5693 3034 5764 habet
3069 5694 3209 5764 apud
3246 5693 3602 5764 Dionysium:
3634 5693 3708 5748 De

2118 5767 2422 5820 vat-antibus
2450 5765 2721 5832 episcopis.
2751 5763 2891 5818 Nihil
2917 5765 2984 5819 de
3013 5762 3256 5833 perfecto
3279 5762 3535 5820 concilio.
