3930 6390
175 388 291 447 iis

1124 395 1255 452 LIB.
1299 394 1389 452 DE
1429 391 1980 458 DlSPENSATlONE
2021 393 2213 454 εδει.
2257 397 2528 459 RERUM.

3355 406 3461 465 Μ

190 507 330 565 titur
358 516 725 564 consonanter
750 508 1194 580 praecipientibus
1218 510 1496 581 plurimis;
1536 509 1775 564 maxime
1799 507 1850 568 Α
1876 505 1977 562 bus
1999 508 2045 562 si
2068 522 2139 563 ea
2158 525 2278 580 quae
2302 513 2501 584 scripta
2519 521 2662 579 sunt,
2692 514 2974 574 studiosus
3000 517 3196 589 aliquis
3217 518 3271 576 in
3292 537 3458 578 unum

182 612 310 655 cum
338 613 444 654 non
474 599 604 656 solis
630 601 908 671 apostolis,
941 601 1036 658 sed
1064 603 1316 659 omnibus
1343 603 1430 659 his
1454 604 1547 674 qui
1576 605 1778 662 docen-

177 692 238 748 di
264 693 630 749 ministerium
659 693 712 749 in
735 694 980 751 Ecclesia
1009 696 1331 764 sortiuntur,
1358 697 1561 753 dixisse
1590 697 1774 753 Domi-

178 798 288 839 nus
320 784 660 855 intelligatur
702 804 715 840 :
768 786 873 853 Qui
912 805 998 842 vos
1035 789 1215 856 audit,
1259 790 1545 856 meaudit;
1571 792 1664 860 qui
1687 806 1774 844 vos

174 878 402 942 spernit,
431 894 514 930 me
537 879 752 958 spernit.
792 879 927 934 Illud
955 895 1169 950 quoque
1200 880 1426 937 Ananiae
1447 888 1502 937 et
1533 881 1774 951 Sapbira:

177 969 392 1026 factum
440 973 710 1028 occultum
737 1014 752 1040 ,
801 982 910 1029 tam
953 976 1260 1032 sublimiter
1298 977 1608 1044 inventum,
1661 990 1771 1033 tam

174 1062 449 1117 atrociter
477 1063 835 1136 vindicatum,
865 1068 989 1137 quis
1016 1067 1176 1138 digne
1203 1082 1532 1139 exaggerare
1560 1084 1770 1140 praeva-

177 1151 329 1219 leat,
377 1154 521 1210 unde
548 1164 888 1212 contractum
927 1165 1012 1213 est
1042 1166 1151 1212 tam
1178 1158 1416 1215 immane
1444 1159 1650 1216 crimen
1669 1200 1685 1226 ,
1712 1168 1773 1215 ut

176 1253 428 1303 tentasse
463 1247 724 1317 Spiritum
752 1258 1021 1313 sanctum,
1061 1262 1118 1305 et
1149 1252 1370 1307 mentiri
1399 1252 1510 1307 Deo
1539 1254 1771 1308 convicti

176 1334 330 1402 sint,
364 1353 485 1392 cum
527 1346 738 1394 tantum
767 1340 834 1395 de
856 1341 1032 1411 pretio
1071 1345 1206 1413 agri,
1237 1343 1380 1411 quod
1409 1343 1586 1398 adhuc
1613 1345 1667 1398 in
1701 1345 1769 1399 il-

173 1427 362 1483 lorum
384 1437 504 1484 erat
530 1439 820 1500 potestate,
866 1446 1085 1488 servare
1111 1433 1216 1488 sibi
1243 1433 1499 1490 maluisse
1524 1435 1767 1491 referan-

176 1519 310 1574 tur?
354 1519 518 1576 Certe
546 1521 777 1578 necdum
821 1522 999 1578 fuerat
1040 1531 1170 1579 ante
1201 1523 1364 1594 pedes
1403 1525 1768 1596 apostolorum

173 1612 453 1683 positum,
496 1614 724 1669 necdum
751 1615 806 1669 in
831 1615 1265 1671 communionem
1289 1614 1645 1672 fraternitatis
1683 1633 1768 1674 re-

176 1703 426 1758 dactum.
465 1701 582 1770 Qua
608 1705 899 1759 severitate
930 1703 1307 1773 judicaretur,
1336 1707 1380 1761 si
1405 1706 1497 1776 qui
1529 1707 1594 1762 de
1620 1707 1768 1762 locu-

175 1790 247 1847 lis
270 1793 593 1864 apostolicis
615 1804 672 1851 et
712 1797 859 1852 omni
885 1796 1144 1853 Ecclesia
1176 1797 1291 1866 jam
1334 1799 1531 1855 oblatis
1565 1800 1764 1878 aliquid

174 1887 621 1957 persumpsisset,
647 1887 692 1942 si
724 1888 805 1944 sic
820 1887 1093 1957 judicatus
1109 1897 1192 1946 est
1220 1891 1310 1961 qui
1333 1893 1676 1962 presumpsit
1697 1909 1764 1948 ex

177 1973 266 2029 bis
297 1991 420 2046 quae
438 1977 616 2032 adhuc
638 1966 805 2033 erant
820 1978 1128 2036 offerenda?
1159 1979 1216 2035 Si
1239 1983 1542 2052 cuicunque
1562 1984 1764 2038 homini

176 2063 248 2119 de
287 2067 452 2122 rebus
487 2066 739 2125 humanis
773 2068 985 2126 furatus
1010 2069 1212 2140 aliquid
1240 2070 1462 2139 fuisset,
1497 2085 1768 2144 pracepto

179 2154 316 2225 legis
364 2153 512 2226 dupli
557 2166 653 2214 aut
692 2160 980 2231 quadrupli
1034 2161 1376 2218 restitutione
1421 2164 1762 2220 multaretur.

177 2245 319 2314 Quia
366 2263 496 2304 vero
541 2250 608 2304 de
635 2251 809 2306 sacris
839 2254 1032 2317 rebus,
1087 2254 1294 2315 sanctis
1318 2255 1766 2324 praedicatoribus

179 2341 499 2412 sanctisque
520 2343 846 2413 pauperibus
877 2345 1170 2415 deputatis,
1200 2347 1285 2402 vel
1305 2347 1483 2418 potius
1504 2348 1767 2420 deputan-

177 2430 290 2495 dis,»
334 2430 624 2499 fraudavit,
667 2442 840 2490 morte
887 2435 1145 2491 multatus
1186 2444 1300 2504 est,
1345 2453 1508 2507 quam
1537 2447 1765 2505 mortem

178 2539 287 2579 non
312 2525 500 2580 intulit
521 2527 730 2598 gladius
748 2569 763 2592 ,
797 2545 904 2585 non
929 2540 1294 2593 exercuerunt
1316 2530 1625 2588 olﬁcialium
1651 2549 1767 2589 ma-

177 2629 281 2668 nus
305 2654 321 2679 ,
371 2615 469 2670 sed
511 2618 654 2672 sacri
691 2621 956 2676 sermonis
991 2621 1166 2677 virtus
1205 2621 1421 2678 inﬂixit.
1489 2622 1582 2680 Sic
1615 2622 1764 2681 fraus

176 2708 352 2778 prima
395 2708 448 2764 in
483 2709 724 2766 Ecclesia
754 2714 820 2767 de
846 2713 1006 2768 rebus
1038 2715 1429 2772 ecclesiasticis
1453 2725 1762 2789 perpetrata

178 2798 368 2867 punita
396 2807 499 2854 est.
557 2799 674 2854 Tali
709 2803 1030 2870 poenitentia
1061 2804 1348 2862 damnatus
1375 2806 1547 2862 Adam
1588 2808 1645 2865 in
1672 2825 1764 2880 pa-

180 2885 383 2952 radiso,
410 2888 635 2942 vetitum
664 2891 1026 2962 contingendo
1054 2895 1215 2949 morti
1240 2895 1534 2965 obnoxius,
1575 2905 1630 2954 et
1665 2899 1763 2954 ha-

177 2975 447 3033 bitatione
466 2979 702 3047 paradisi
725 2981 975 3052 indignus
995 2983 1222 3041 eﬂ'ectus
1242 2994 1346 3053 est,
1377 2988 1618 3045 Ananiae
1637 3005 1760 3045 cum

179 3081 347 3122 uxore
373 3083 473 3123 sua
506 3068 750 3126 fraudem
776 3072 830 3125 in
857 3072 1100 3130 Ecclesia
1124 3075 1392 3144 faciendo,
1419 3089 1476 3133 et
1497 3080 1760 3137 societate

179 3146 548 3259 ecclesiastica
590 3161 1017 3254 et‘habitatione
1061 3166 1333 3223 mundana
1371 3169 1622 3252 privatus
1651 3179 1754 3228 est.
1784 3193 1833 3259 ρ

180 3245 402 3303 Dixerat
421 3246 682 3306 Dominus
716 3270 729 3305 :
769 3250 829 3307 Si
855 3255 933 3308 vis
965 3256 1226 3326 perfectus
1250 3260 1567 3327 esse,.uade,
1601 3246 1759 3316 uendo

179 3339 353 3392 omnia
376 3356 495 3410 qua:
519 3341 682 3397 habes
704 3384 719 3408 ,
752 3353 801 3398 et
825 3345 895 3399 da
930 3331 1267 3417 pauperibus.
1317 3350 1454 3406 Hinc
1470 3351 1762 3422 perfectio-

179 3444 300 3485 nem
327 3431 673 3502 arripientes,
705 3443 760 3490 et
785 3437 1082 3495 vendentes
1112 3441 1293 3496 omnia
1323 3457 1444 3512 quae
1466 3443 1758 3510 habebant,

179 3536 358 3577 rerum
385 3539 609 3610 suarum
636 3526 811 3596 pretia
835 3543 944 3584 non
972 3529 1096 3586 aliis
1107 3532 1436 3602 pauperibus
1462 3549 1622 3603 quam
1642 3549 1762 3590 san-

179 3614 280 3670 ctis
309 3616 659 3673 credentibus
684 3615 1101 3688 distribuebant,
1133 3623 1476 3693 maximeque
1503 3626 1762 3695 praedica-

185 3705 389 3761 toribus
419 3709 626 3764 sanctis
654 3710 1026 3767 distribuenda
1065 3715 1398 3784 pauperibus
1434 3715 1757 3774 oﬂ'erebant.

183 3791 336 3849 Tales
359 3796 508 3850 enim
539 3812 805 3867 pauperes
826 3799 881 3854 in
907 3787 1090 3856 verbis
1115 3802 1330 3858 Domini
1357 3805 1756 3862 intellexerant.

185 3883 271 3941 Sic
295 3896 348 3941 et
381 3888 577 3948 beatus
595 3889 795 3946 Paulus
820 3934 834 3958 ,
884 3908 1007 3948 cum
1036 3894 1256 3951 dextras
1285 3897 1390 3953 sibi
1419 3906 1477 3953 et
1499 3898 1762 3959 Barnabas

188 3978 358 4033 ueteri
386 3979 620 4046 darent,
667 3991 727 4036 ut
757 3982 831 4036 illi
862 3983 916 4038 in
945 3985 1380 4055 circumcisione,
1415 3989 1517 4060 ipsi
1544 4007 1674 4047 vero
1705 3993 1761 4056 in

188 4069 426 4140 gentibus
451 4071 903 4143 evangelizarent,
929 4081 1161 4132 testatur
1185 4093 1244 4134 se
1256 4079 1421 4134 etiam
1446 4080 1608 4151 hujus
1629 4098 1764 4152 quo-

187 4173 280 4228 que
304 4159 598 4217 ministerii
628 4177 816 4218 curam
846 4166 1173 4236 suscepisse,
1195 4167 1379 4225 dicens
1413 4169 1679 4226 rTantum
1705 4183 1762 4228 ut

186 4265 465 4320 oauperum
493 4269 746 4309 memores
768 4273 1016 4312 εεεεηηιδ.

247 4341 436 4398 XXIV.
479 4343 574 4399 llis
597 4360 725 4416 ergo
754 4349 899 4403 sacri
928 4364 1178 4407 canones
1196 4355 1619 4419 concordantes,
1673 4371 1762 4412 res

185 4431 576 4490 ecclesiasticas
602 4476 617 4501 ,
667 4451 756 4500 res
784 4437 951 4493 etiam
977 4455 1274 4512 pauperum
1299 4459 1421 4499 esse
1448 4445 1758 4500 voluerunt.

1876 609 2207 668 congregare
2244 601 2550 670 voluisset,
2586 611 2682 659 aut
2701 605 2959 663 valuisset
2986 649 3001 674 ,
3039 610 3282 665 enormia
3315 611 3459 665 volu-

1875 686 2021 740 mina
2048 688 2390 746 confecisset.
2441 692 2656 760 Quanto
2681 697 2852 767 magis
2881 713 2945 752 ea
2973 714 3093 770 quae
3122 698 3266 756 facta
3309 712 3455 767 sunt,

1876 784 1932 831 et
1955 777 2248 850 divulgata,
2276 797 2338 836 ac
2368 783 2564 838 tradita
2583 825 2598 851 ,
2626 801 2724 842 nec
2752 794 2930 843 tamen
2953 791 3156 861 scripta
3174 833 3189 857 ,
3220 807 3287 847 eo
3317 793 3460 863 quod

1873 866 2076 923 fuerint
2100 871 2301 927 nimia?

1943 958 2110 1015 XXV.
2151 962 2277 1020 Haec
2322 965 2526 1022 idcirco
2574 967 2841 1035 dicimus,
2893 985 2999 1025 non
3044 973 3189 1041 quod
3219 972 3455 1028 divinam

1871 1052 2276 1120 percussionem
2333 1058 2586 1113 omnibus
2641 1060 3027 1116 temerantibus
3085 1063 3459 1132 temporaliter

1873 1144 2290 1214 comminemur,
2318 1149 2414 1203 sed
2445 1150 2618 1221 magis
2641 1157 2700 1205 ut
2725 1152 2796 1207 ad
2818 1166 3004 1207 curam
3023 1152 3120 1209 Dei
3144 1171 3330 1210 earum
3363 1172 3458 1212 cu-

1873 1235 2123 1314 stodiam“
2143 1244 2304 1306 atque
2353 1239 2686 1312 diligentiam
2731 1241 3009 1312 pertinere
3047 1255 3452 1302 monstremus:

1872 1327 1963 1394 qui
1994 1328 2159 1382 tantis
2185 1329 2462 1385 miraculis
2497 1345 2597 1402 per
2625 1338 2704 1386 tot
2729 1339 2977 1403 tempora
3018 1335 3214 1389 terruit
3253 1335 3457 1406 impro-

1871 1417 1988 1481 bos,
2022 1433 2129 1473 non
2159 1419 2333 1474 solum
2364 1420 2702 1488 incredulos,
2734 1423 2828 1477 sed
2853 1431 2909 1478 et
2935 1422 3238 1491 credentes,
3276 1439 3344 1480 ne
3369 1425 3456 1480 fa-

1871 1509 1973 1565 cile
2004 1510 2264 1583 adversus
2289 1527 2442 1567 sacra
2473 1512 2593 1569 loca
2617 1554 2632 1580 ,
2683 1501 3157 1571 illicita‘auderent
3178 1524 3456 1587 perpetra-

1870 1617 1961 1668 re;
2009 1609 2065 1656 et
2100 1611 2162 1657 ut
2197 1617 2298 1658 eos
2326 1603 2518 1659 saltem
2543 1605 2823 1676 percussio
2852 1613 3111 1676 tanquam
3138 1607 3298 1662 bruta
3331 1609 3451 1662 ani-

1870 1685 2029 1748 malia
2078 1694 2362 1751 cohiberet
2409 1711 2440 1751 a
2485 1697 2941 1767 praesumptione,
2999 1713 3136 1769 quos
3185 1701 3327 1755 ratio
3367 1700 3452 1756 vel

1869 1785 2149 1839 exsecutio
2179 1785 2484 1840 divinorum
2514 1785 2892 1854 mandatorum,
2915 1789 3282 1859 nequidquam
3308 1791 3454 1848 velut

1869 1873 2533 1946 hominescompescebat.
2591 1876 2900 1934 Debuerant
2929 1881 3130 1937 etenim
3167 1897 3356 1948 nosse,
3391 1893 3454 1940 ut

1867 1976 1994 2036 pote
2017 1966 2312 2022 rationales
2338 1982 2368 2022 a
2395 1967 2506 2023 Deo
2534 1969 2735 2024 conditi
2755 2011 2769 2036 ,
2787 1969 2918 2040 quia
2955 1972 3002 2027 si
3035 1988 3141 2029 non
3172 1973 3298 2030 licet
3326 1989 3454 2031 con-

1867 2058 2146 2127 cupiscere
2172 2075 2287 2116 rem
2310 2062 2570 2131 proximi,
2599 2064 2768 2120 multo
2799 2066 2972 2135 magis
3000 2067 3215 2124 Domini

1937 2147 2125 2204 XXVI.
2147 2137 2276 2205 'Nec
2305 2151 2408 2206 hoc
2433 2151 2508 2206 ita
2535 2154 2734 2208 dictum
2763 2155 2852 2222 sit,
2879 2156 3031 2226 quasi
3061 2159 3451 2216 charismatum

1867 2240 2174 2298 divinorum
2219 2241 2465 2312 largitio,
2513 2243 2596 2300 vel
2653 2247 2902 2302 remissio
2947 2257 3335 2318 peccatorum,
3387 2265 3452 2306 ac

1866 2335 2066 2413 donum
2094 2336 2246 2406 regni
2274 2337 2513 2393 caelestis
2538 2353 2646 2393 non
2689 2339 2799 2393 sint
2827 2341 3297 2410 concupiscenda;
3328 2359 3451 2413 qua:

1865 2428 2054 2497 utique
2076 2442 2167 2482 res
2184 2427 2399 2482 Domini
2424 2437 2569 2484 sunt.
2601 2429 2707 2485 Sed
2732 2431 2989 2501 quoniam
3009 2431 3172 2488 nobis
3195 2431 3260 2486 de
3282 2434 3453 2489 sacris

1865 2520 2028 2575 rebus
2062 2519 2431 2576 Ecclesiarum
2467 2537 2648 2578 sermo
2684 2532 2787 2588 est,
2822 2523 3119 2579 secundum
3150 2523 3279 2580 illud
3306 2541 3453 2581 nunc

1865 2609 2138 2680 loquimur
2172 2610 2322 2680 quod
2337 2611 2602 2668 Dominus
2644 2612 2700 2666 in
2742 2613 3167 2684 lege-praecepit,
3214 2614 3445 2671 dicens:

1867 2702 1993 2757 Non
2027 2702 2260 2775 loquaris
2309 2712 2510 2775 contra,
2540 2705 2837 2777 proximum
2873 2698 3023 2760 tuum
3069 2704 3263 2776 falsum
3306 2708 3452 2762 testi-

1865 2796 2118 2850 monium.
2162 2795 2286 2851 Non
2321 2798 2908 2868 cancupiscesuxorem
2950 2799 3176 2869 proximi
3203 2800 3304 2866 tui,
3344 2815 3451 2855 non

1864 2885 2100 2952 domum,
2145 2903 2249 2941 non
2284 2904 2496 2958 agrum,
2519 2904 2633 2948 mn
2658 2905 2886 2954 seruum,
2917 2905 3022 2944 non
3048 2887 3315 2955 ancillam,
3334 2906 3451 2944 non

1863 2977 2061 3042 bouem,
2093 2993 2197 3032 non
2235 2979 2468 3044 asinum,
2495 2988 2544 3033 et
2583 2981 2825 3035 universa
2861 2997 2977 3052 qua:
3018 2981 3162 3037 illius
3203 2989 3346 3036 sunt.
3387 2981 3447 3036 In

1861 3065 2058 3134 quibus
2098 3069 2293 3122 verbis
2316 3083 2659 3138 summopere
2703 3079 2787 3126 est
2809 3071 3282 3138 considerandum,
3321 3072 3448 3142 quia

1862 3157 1909 3210 si
1934 3165 2124 3212 contra
2146 3158 2441 3227 quemlibet
2457 3161 2785 3226 proximum,
2813 3163 2884 3218 ob
2903 3179 3282 3236 quamcunque
3304 3180 3444 3238 rem,

1865 3249 2061 3307 falsum
2083 3252 2346 3307 exsistam
2386 3253 2475 3308 vel
2516 3255 2779 3312 adhibere
2810 3264 3000 3312 testem
3043 3272 3152 3313 non
3195 3265 3446 3328 oportet;

1863 3340 2033 3396 multo
2067 3342 2248 3398 minus
2266 3341 2394 3397 licet
2422 3344 2960 3413 contraDominnm,
2977 3348 3058 3403 ob
3084 3347 3229 3404 illius
3247 3347 3444 3404 Eccle-

1864 3431 1958 3486 δίε
1986 3429 2274 3506 facultates
2303 3433 2420 3504 ejus
2447 3434 2669 3490 nomini.
2693 3445 3068 3494 consecratas.
3102 3437 3278 3494 Simili
3312 3455 3448 3510 quo-

1863 3536 1970 3592 que
2011 3523 2194 3588 modo,
2247 3524 2292 3578 si
2339 3523 2554 3591 domus,
2606 3534 2701 3580 aut
2748 3541 2916 3594 ager,
2945 3543 3157 3595 servus,
3205 3538 3300 3585 aut
3348 3545 3441 3587 an-

1864 3613 2006 3678 cilla,
2037 3621 2092 3670 et
2133 3624 2330 3671 uetera
2370 3631 2490 3686 qua:
2530 3625 2657 3674 sunt
2697 3619 2968 3690 proximi,
2995 3623 3306 3692 concupisci
3339 3638 3446 3680 non

1865 3704 2091 3772 debent;
2123 3707 2292 3762 multo
2314 3708 2500 3777 itaque
2530 3711 2701 3780 magis
2742 3725 2805 3765 ea
2829 3726 2950 3780 quae
2989 3713 3057 3766 ad
3095 3716 3443 3772 sustentatio-

1864 3807 1986 3859 nem
2016 3810 2315 3865 pauperum
2341 3792 2571 3852 Domino
2599 3806 2724 3853 sunt
2751 3798 2971 3866 tradita,
3013 3815 3118 3855 non
3167 3811 3293 3856 sunt
3320 3819 3447 3858 con-

1862 3885 2208 3954 cupiscenda.

1933 3974 2144 4030 XXVII.
2210 3977 2448 4048 Apparet
2505 3988 2686 4036 autem
2741 3982 2794 4036 in
2853 3981 3220 4052 hujuscemodi
3286 3988 3448 4039 rebus

1862 4065 2152 4122 multitudo
2188 4067 2596 4124 miserationum
2643 4070 2770 4138 Dei,‘
2811 4073 2903 4143 qui
2945 4082 3225 4145 gratanter
3258 4074 3326 4129 ab
3352 4075 3449 4129 bo-

1861 4161 2006 4216 miue
2050 4160 2304 4231 dignatur
2349 4162 2592 4234 recipere
2620 4155 2740 4233 quae
2766 4165 2880 4234 ipse
2905 4164 3070 4220 dedit.
3116 4164 3256 4220 Hinc
3297 4164 3449 4219 deni-

1862 4267 1967 4322 que
2010 4259 2094 4308 est
2144 4251 2289 4323 quod
2312 4253 2363 4307 ei
2392 4252 2562 4310 David
2602 4253 2834 4311 fideliter
2878 4256 3166 4312 conﬁtetur
3215 4257 3442 4313 dicens:

1865 4344 1980 4400 Tua
2015 4354 2142 4399 sunt
2177 4346 2315 4399 enim
2354 4347 2565 4412 omnia;
2609 4356 2657 4401 et
2685 4364 2803 4419 qua
2828 4347 2893 4402 de
2917 4365 3078 4405 manu
3119 4359 3211 4406 tua
3250 4349 3451 4420 accepi.

1861 4452 2014 4503 mus,
2060 4433 2298 4491 dedimus
2352 4437 2465 4491 tibi.
2519 4436 2873 4508 Nequaquam
2919 4426 3086 4511 igitur
3132 4448 3445 4496 consecrata

186 4519 310 4576 Nam
346 4533 401 4578 et
425 4525 688 4582 Dominus
738 4529 1013 4585 ordinavit
1053 4540 1115 4586 ut
1169 4533 1224 4588 hi
1276 4533 1371 4604 qui
1419 4539 1756 4608 evangelium

1868 4528 1973 4582 Deo
2001 4527 2307 4598 concupisci
2348 4527 2435 4583 vel
2478 4526 2682 4584 auferri
2712 4529 2929 4596 debent,
2962 4531 3088 4604 quin
3132 4531 3310 4602 potius
3350 4532 3446 4589 tali

185 4613 522 4680 aununtiant,
545 4615 612 4671 de
631 4619 912 4688 evangelio
936 4619 1141 4674 vivant.
1183 4622 1272 4677 Ex.
1292 4625 1377 4678 his
1404 4625 1588 4696 itaque
1615 4629 1760 4684 inter

185 4697 359 4756 ﬁdeles
387 4710 600 4772 emptus
629 4712 712 4759 est
754 4707 1160 4764 sacratissimus
1202 4720 1256 4765 et
1293 4711 1578 4770 laudabilis
1603 4732 1754 4781 usus,

187 4789 498 4847 utecclesite
546 4792 902 4850 ditarentur-z
933 4807 1197 4866 quatenus
1247 4801 1363 4871 ipsa
1417 4805 1646 4861 ecclesia
1690 4806 1758 4863 de

187 4892 277 4932 suo
314 4890 501 4948 pascat
546 4884 931 4952 praedicatores
961 4905 1117 4953 suos,
1169 4900 1224 4946 et
1260 4893 1455 4950 choros
1480 4897 1757 4953 ministro-

191 4985 338 5036 rum,
384 4976 681 5046 turbasque
701 4993 996 5049 pauperum
1019 5023 1034 5047 ,
1082 4999 1146 5038 ac
1182 4985 1584 5043 multitudinem
1622 5005 1754 5045 con-

189 5058 451 5117 ﬂuentium
487 5067 919 5136 peregrinorum.
977 5071 1117 5143 Erga
1146 5089 1280 5143 quas
1320 5092 1408 5135 res
1440 5087 1642 5148 quanta
1678 5095 1757 5136 re-

190 5153 438 5219 verentia,
462 5165 774 5227 quantaque
799 5158 952 5226 lldes,
984 5170 1042 5217 et
1069 5164 1312 5222 custodia
1336 5165 1641 5223 adhibenda
1663 5170 1753 5235 sit,

193 5241 571 5316 demonstravit
618 5247 867 5305 voluntas
904 5250 1002 5306 Dei
1041 5268 1140 5323 per
1174 5254 1572 5314 multitudinem
1598 5260 1759 5315 mira-

194 5333 423 5391 culorum
454 5353 574 5408 quze
597 5349 746 5410 gesta
772 5350 900 5396 sunt
928 5342 980 5397 in
1017 5347 1270 5402 universo
1299 5351 1501 5404 mundo
1525 5365 1623 5420 per
1645 5353 1757 5407 sin-

193 5422 332 5493 gulas
361 5428 631 5499 regiones,
676 5430 815 5497 loca,
861 5440 1023 5502 atque
1043 5436 1333 5504 ecclesias;
1365 5453 1486 5494 cum
1506 5438 1620 5508 jam
1649 5457 1755 5496 non

195 5527 334 5609 unus;
362 5516 601 5575 Ananias
649 5537 770 5578 cum
801 5522 1029 5609 Saphira
1063 5542 1232 5583 uxore
1259 5538 1480 5599 propter
1512 5529 1755 5588 fraudem

194 5602 242 5659 ln
266 5607 419 5665 rebus
447 5612 618 5669 sacris
643 5602 1012 5684 perpetratam
1040 5625 1214 5674 morte
1238 5619 1450 5676 multati
1478 5629 1633 5686 sunt,
1665 5623 1759 5678 sed

197 5693 597 5758 innumerabiles
621 5712 676 5759 et
703 5720 840 5774 pene
865 5704 1012 5773 mille
1037 5705 1148 5773 alii,
1178 5708 1268 5777 qui
1302 5709 1616 5765 inﬁmitate
1636 5727 1759 5783 per-

196 5791 343 5858 cussi,
371 5794 702 5853 daemonibus
726 5799 926 5866 vexati,
964 5799 1207 5855 excitate
1231 5800 1469 5857 damnati
1505 5820 1517 5857 :
1542 5804 1607 5859 de
1637 5804 1756 5876 qui-

1862 4625 2040 4672 mente
2082 4617 2320 4686 pensari,
2369 4623 2533 4687 atque
2579 4618 2654 4672 ita
2697 4617 2903 4673 illibata
2951 4627 3008 4674 et
3054 4618 3122 4674 ab
3158 4621 3305 4674 omni
3343 4636 3445 4676 usu

1858 4707 2132 4763 communi
2180 4706 2414 4776 seposita
2459 4707 2756 4772 custodiri,
2809 4715 2870 4762 ut
2915 4706 3030 4778 ipse
3077 4707 3338 4764 Dominus
3389 4709 3444 4763 in

1858 4798 2274 4854 Deuteronomio
2309 4797 2571 4862 insinuat,
2600 4798 2673 4852 ita
2701 4798 2885 4854 dicens
2911 4813 2926 4852 :
2951 4797 3204 4868 Loqueris
3230 4801 3285 4854 in
3315 4815 3440 4854 con-

1855 4900 2032 4962 spectu
2059 4889 2271 4944 Domini
2294 4888 2394 4942 Dei
2414 4890 2492 4943 tui
2521 4903 2540 4941 :
2571 4889 2726 4943 attuli
2767 4890 2908 4961 quod
2953 4890 3337 4959 sanctiﬁcatum
3367 4903 3442 4946 est

1855 4983 1920 5036 de
1957 4982 2111 5035 domo
2155 4997 2302 5046 mea,
2346 4989 2393 5034 et
2441 4980 2563 5034 dedi
2600 4980 2734 5034 illud
2781 4980 3007 5047 Levites,
3031 4992 3079 5036 et
3119 4983 3354 5048 aduentv,
3393 4996 3442 5039 et

1854 5070 2077 5142 pupillo,
2108 5080 2155 5125 et
2179 5071 2373 5130 vidum.
2411 5071 2547 5125 sicut
2582 5071 2803 5140 jussisti-
2822 5071 2971 5125 mihi.
3017 5071 3140 5126 Non
3184 5075 3444 5144 prmteriri

1856 5167 2107 5222 mandata
2144 5175 2265 5232 tua,
2300 5183 2390 5221 nec
2436 5181 2553 5220 sum
2588 5164 2779 5221 oblitus
2821 5166 3042 5238 iinperii.
3084 5163 3207 5218 Non
3240 5163 3441 5216 comedi

1855 5274 1918 5311 ea:
1956 5258 2032 5311 eis
2076 5257 2132 5311 in
2188 5257 2333 5311 luctu
2373 5273 2504 5320 meo,
2551 5274 2643 5312 nec
2687 5260 2924 5327 separavi
2970 5257 3027 5310 in
3068 5254 3297 5326 qualibet
3337 5255 3440 5308 im-

1855 5347 2114 5402 munditia
2150 5365 2284 5412 mea,
2336 5365 2428 5403 nec
2475 5348 2696 5420 expendi
2725 5365 2790 5402 ea:
2833 5349 2914 5402 his
2953 5347 3241 5420 quidquam
3283 5346 3339 5401 in
3386 5363 3442 5402 re

1858 5439 2080 5508 funebri.
2118 5437 2335 5494 Obediui
2368 5440 2482 5492 voci
2524 5438 2733 5494 Domini
2763 5439 2860 5493 Dei
2884 5437 3009 5506 mei,
3043 5448 3093 5493 et
3125 5437 3225 5508 feci
3261 5437 3439 5492 omnia

1856 5529 1989 5583 sicut
2014 5530 2303 5600 prmcepisti
2329 5528 2474 5582 mihi.
2514 5527 2725 5598 Respice
2746 5529 2810 5582 de
2835 5528 3134 5584 sanctuario
3161 5535 3273 5592 tuo,
3306 5535 3355 5580 et
3374 5525 3440 5582 de

1856 5617 2058 5672 excelso
2079 5617 2326 5671 calorum
2356 5616 2679 5681 habitacula,
2706 5627 2753 5671 et
2794 5617 3004 5671 benedic
3031 5615 3223 5688 populo
3253 5625 3364 5683 tuo,
3388 5623 3440 5672 at

1857 5719 2012 5764 terra:
2034 5725 2190 5780 quam
2217 5709 2431 5762 dedistis
2460 5709 2626 5762 nobis.
2653 5708 2766 5763 Tali
2800 5709 2998 5778 itaque.
3023 5715 3080 5762 ut
3106 5707 3308 5763 dictum
3331 5717 3434 5776 est,

1857 5801 2014 5858 nobis
2039 5799 2218 5857 cordis
2247 5799 2532 5856 devotione
2560 5798 2850 5871 primitivae
2888 5797 2970 5855 vel
3002 5798 3225 5855 decima:
3253 5794 3420 5855 conti
