  <div class='ocr_page' id='page_1' title='image "/cluster/home/n/w/nwhite01/storage/ocr_20150623/104/uva.x000827061/131.png"; bbox 0 0 3930 6392; ppageno 0'>
   <div class='ocr_carea' id='block_1_1' title="bbox 369 363 476 425">
    <p class='ocr_par' dir='ltr' id='par_1_1' title="bbox 369 363 476 425">
     <span class='ocr_line' id='line_1_1' title="bbox 369 363 476 425; baseline -0.009 0"><span class='ocrx_word' id='word_1_1' title='bbox 369 363 476 425; x_wconf 71' lang='grc' dir='ltr'>ω</span> 
     </span>
    </p>
   </div>
   <div class='ocr_carea' id='block_1_2' title="bbox 1337 357 2674 423">
    <p class='ocr_par' dir='ltr' id='par_1_2' title="bbox 1337 357 2674 423">
     <span class='ocr_line' id='line_1_2' title="bbox 1337 357 2674 423; baseline -0.001 -3"><span class='ocrx_word' id='word_1_2' title='bbox 1337 361 1394 420; x_wconf 91' lang='lat' dir='ltr'><strong>S.</strong></span> <span class='ocrx_word' id='word_1_3' title='bbox 1435 361 1787 423; x_wconf 74' lang='lat' dir='ltr'><strong>AGOBARDI</strong></span> <span class='ocrx_word' id='word_1_4' title='bbox 1828 363 2140 422; x_wconf 83' lang='lat' dir='ltr'><strong>EPISCOPI</strong></span> <span class='ocrx_word' id='word_1_5' title='bbox 2179 357 2674 420; x_wconf 82' lang='lat' dir='ltr'><strong>LUGDUNENSIS</strong></span> 
     </span>
    </p>
   </div>
   <div class='ocr_carea' id='block_1_3' title="bbox 3555 367 3660 428">
    <p class='ocr_par' dir='ltr' id='par_1_3' title="bbox 3555 367 3660 428">
     <span class='ocr_line' id='line_1_3' title="bbox 3555 367 3660 428; baseline 0.029 -3"><span class='ocrx_word' id='word_1_6' title='bbox 3555 367 3660 428; x_wconf 64' lang='lat'><strong>258</strong></span> 
     </span>
    </p>
   </div>
   <div class='ocr_carea' id='block_1_4' title="bbox 366 474 3668 547">
    <p class='ocr_par' dir='ltr' id='par_1_4' title="bbox 366 474 3668 547">
     <span class='ocr_line' id='line_1_4' title="bbox 366 474 3668 547; baseline -0.001 -8"><span class='ocrx_word' id='word_1_7' title='bbox 366 477 621 539; x_wconf 74' lang='lat' dir='ltr'><strong>derandte</strong></span> <span class='ocrx_word' id='word_1_8' title='bbox 650 487 799 546; x_wconf 91' lang='lat' dir='ltr'><strong>sunt,</strong></span> <span class='ocrx_word' id='word_1_9' title='bbox 837 486 989 534; x_wconf 88' lang='lat' dir='ltr'><strong>tanta</strong></span> <span class='ocrx_word' id='word_1_10' title='bbox 1021 478 1371 534; x_wconf 73' lang='lat' dir='ltr'><strong>veneratione</strong></span> <span class='ocrx_word' id='word_1_11' title='bbox 1401 478 1620 533; x_wconf 75' lang='lat' dir='ltr'><strong>intacta:</strong></span> <span class='ocrx_word' id='word_1_12' title='bbox 1653 478 1954 542; x_wconf 59' lang='lat' dir='ltr'><strong>servanda,</strong></span> <span class='ocrx_word' id='word_1_13' title='bbox 1987 481 2036 540; x_wconf 81' lang='grc' dir='ltr'><strong>Α</strong></span> <span class='ocrx_word' id='word_1_14' title='bbox 2063 475 2273 529; x_wconf 76' lang='lat' dir='ltr'><strong>ratione</strong></span> <span class='ocrx_word' id='word_1_15' title='bbox 2303 474 2601 540; x_wconf 84' lang='lat' dir='ltr'><strong>utentibus,</strong></span> <span class='ocrx_word' id='word_1_16' title='bbox 2646 475 2849 546; x_wconf 82' lang='lat' dir='ltr'><strong>quanta</strong></span> <span class='ocrx_word' id='word_1_17' title='bbox 2899 492 2966 532; x_wconf 80' lang='lat' dir='ltr'><strong>ex</strong></span> <span class='ocrx_word' id='word_1_18' title='bbox 3015 477 3100 532; x_wconf 85' lang='lat' dir='ltr'><strong>his</strong></span> <span class='ocrx_word' id='word_1_19' title='bbox 3151 478 3668 547; x_wconf 84' lang='lat' dir='ltr'><strong>reprehensibiliter</strong></span> 
     </span>
    </p>
   </div>
   <div class='ocr_carea' id='block_1_5' title="bbox 367 569 1968 643">
    <p class='ocr_par' dir='ltr' id='par_1_5' title="bbox 367 569 1968 643">
     <span class='ocr_line' id='line_1_5' title="bbox 367 569 1968 643; baseline -0.005 -13"><span class='ocrx_word' id='word_1_20' title='bbox 367 585 426 630; x_wconf 89' lang='lat' dir='ltr'><strong>et</strong></span> <span class='ocrx_word' id='word_1_21' title='bbox 477 590 601 631; x_wconf 90' lang='lat' dir='ltr'><strong>cum</strong></span> <span class='ocrx_word' id='word_1_22' title='bbox 660 571 972 643; x_wconf 91' lang='lat' dir='ltr'><strong>huiusmodi</strong></span> <span class='ocrx_word' id='word_1_23' title='bbox 1026 569 1390 627; x_wconf 81' lang='lat' dir='ltr'><strong>confessionis</strong></span> <span class='ocrx_word' id='word_1_24' title='bbox 1443 570 1684 641; x_wconf 89' lang='lat' dir='ltr'><strong>puritate</strong></span> <span class='ocrx_word' id='word_1_25' title='bbox 1737 569 1968 624; x_wconf 89' lang='lat' dir='ltr'><strong>Domino</strong></span> 
     </span>
    </p>
   </div>
   <div class='ocr_carea' id='block_1_6' title="bbox 369 663 1970 735">
    <p class='ocr_par' dir='ltr' id='par_1_6' title="bbox 369 663 1970 735">
     <span class='ocr_line' id='line_1_6' title="bbox 369 663 1970 735; baseline -0.003 -13"><span class='ocrx_word' id='word_1_26' title='bbox 369 666 684 731; x_wconf 69' lang='lat' dir='ltr'><strong>oll&#39;erendze,</strong></span> <span class='ocrx_word' id='word_1_27' title='bbox 716 672 990 735; x_wconf 79' lang='lat' dir='ltr'><strong>quatenus</strong></span> <span class='ocrx_word' id='word_1_28' title='bbox 1018 663 1117 720; x_wconf 89' lang='lat' dir='ltr'><strong>Dei</strong></span> <span class='ocrx_word' id='word_1_29' title='bbox 1149 663 1217 719; x_wconf 90' lang='lat' dir='ltr'><strong>de</strong></span> <span class='ocrx_word' id='word_1_30' title='bbox 1246 664 1467 720; x_wconf 80' lang='lat' dir='ltr'><strong>excelso</strong></span> <span class='ocrx_word' id='word_1_31' title='bbox 1492 663 1755 719; x_wconf 74' lang='lat' dir='ltr'><strong>caelorum</strong></span> <span class='ocrx_word' id='word_1_32' title='bbox 1785 677 1970 732; x_wconf 90' lang='lat' dir='ltr'><strong>respe-</strong></span> 
     </span>
    </p>
   </div>
   <div class='ocr_carea' id='block_1_7' title="bbox 371 753 1970 827">
    <p class='ocr_par' dir='ltr' id='par_1_7' title="bbox 371 753 1970 827">
     <span class='ocr_line' id='line_1_7' title="bbox 371 753 1970 827; baseline -0.001 -16"><span class='ocrx_word' id='word_1_33' title='bbox 371 767 512 822; x_wconf 88' lang='lat' dir='ltr'><strong>ctus,</strong></span> <span class='ocrx_word' id='word_1_34' title='bbox 549 765 606 811; x_wconf 91' lang='lat' dir='ltr'><strong>et</strong></span> <span class='ocrx_word' id='word_1_35' title='bbox 643 755 832 827; x_wconf 84' lang='lat' dir='ltr'><strong>populi</strong></span> <span class='ocrx_word' id='word_1_36' title='bbox 860 771 926 810; x_wconf 86' lang='lat' dir='ltr'><strong>ac</strong></span> <span class='ocrx_word' id='word_1_37' title='bbox 953 764 1116 811; x_wconf 71' lang='lat' dir='ltr'><strong>terra:</strong></span> <span class='ocrx_word' id='word_1_38' title='bbox 1154 755 1462 811; x_wconf 77' lang='lat' dir='ltr'><strong>benedictio</strong></span> <span class='ocrx_word' id='word_1_39' title='bbox 1503 755 1717 826; x_wconf 82' lang='lat' dir='ltr'><strong>possint</strong></span> <span class='ocrx_word' id='word_1_40' title='bbox 1757 753 1970 810; x_wconf 81' lang='lat' dir='ltr'><strong>facilius</strong></span> 
     </span>
    </p>
   </div>
   <div class='ocr_carea' id='block_1_8' title="bbox 370 845 692 920">
    <p class='ocr_par' dir='ltr' id='par_1_8' title="bbox 370 845 692 920">
     <span class='ocr_line' id='line_1_8' title="bbox 370 845 692 920; baseline -0.006 -19"><span class='ocrx_word' id='word_1_41' title='bbox 370 845 692 920; x_wconf 80' lang='lat' dir='ltr'><strong>promereri.</strong></span> 
     </span>
    </p>
   </div>
   <div class='ocr_carea' id='block_1_9' title="bbox 441 931 1972 1003">
    <p class='ocr_par' dir='ltr' id='par_1_9' title="bbox 441 931 1972 1003">
     <span class='ocr_line' id='line_1_9' title="bbox 441 931 1972 1003; baseline -0.001 -10"><span class='ocrx_word' id='word_1_42' title='bbox 441 933 680 993; x_wconf 78' lang='lat' dir='ltr'><strong>XXVIII.</strong></span> <span class='ocrx_word' id='word_1_43' title='bbox 719 933 859 992; x_wconf 80' lang='lat' dir='ltr'><strong>Huic</strong></span> <span class='ocrx_word' id='word_1_44' title='bbox 895 933 1226 992; x_wconf 81' lang='lat' dir='ltr'><strong>confessioni</strong></span> <span class='ocrx_word' id='word_1_45' title='bbox 1248 951 1278 990; x_wconf 90' lang='lat' dir='ltr'><strong>a</strong></span> <span class='ocrx_word' id='word_1_46' title='bbox 1309 934 1536 990; x_wconf 82' lang='lat' dir='ltr'><strong>Domino</strong></span> <span class='ocrx_word' id='word_1_47' title='bbox 1560 931 1818 1003; x_wconf 88' lang='lat' dir='ltr'><strong>iniunctae</strong></span> <span class='ocrx_word' id='word_1_48' title='bbox 1843 935 1972 992; x_wconf 80' lang='lat' dir='ltr'><strong>iide-</strong></span> 
     </span>
    </p>
   </div>
   <div class='ocr_carea' id='block_1_10' title="bbox 370 1024 1971 1099">
    <p class='ocr_par' dir='ltr' id='par_1_10' title="bbox 370 1024 1971 1099">
     <span class='ocr_line' id='line_1_10' title="bbox 370 1024 1971 1099; baseline -0.001 -16"><span class='ocrx_word' id='word_1_49' title='bbox 370 1024 533 1094; x_wconf 90' lang='lat' dir='ltr'><strong>libus,</strong></span> <span class='ocrx_word' id='word_1_50' title='bbox 589 1028 680 1084; x_wconf 91' lang='lat' dir='ltr'><strong>illa</strong></span> <span class='ocrx_word' id='word_1_51' title='bbox 730 1041 948 1099; x_wconf 89' lang='lat' dir='ltr'><strong>quoque</strong></span> <span class='ocrx_word' id='word_1_52' title='bbox 991 1026 1239 1099; x_wconf 83' lang='lat' dir='ltr'><strong>Apostoli</strong></span> <span class='ocrx_word' id='word_1_53' title='bbox 1287 1028 1558 1083; x_wconf 85' lang='lat' dir='ltr'><strong>sententia</strong></span> <span class='ocrx_word' id='word_1_54' title='bbox 1603 1037 1971 1099; x_wconf 77' lang='lat' dir='ltr'><strong>congruenter</strong></span> 
     </span>
    </p>
   </div>
   <div class='ocr_carea' id='block_1_11' title="bbox 372 1119 1966 1191">
    <p class='ocr_par' dir='ltr' id='par_1_11' title="bbox 372 1119 1966 1191">
     <span class='ocr_line' id='line_1_11' title="bbox 372 1119 1966 1191; baseline 0 -16"><span class='ocrx_word' id='word_1_55' title='bbox 372 1121 518 1176; x_wconf 83' lang='lat' dir='ltr'><strong>valet</strong></span> <span class='ocrx_word' id='word_1_56' title='bbox 547 1120 791 1191; x_wconf 89' lang='lat' dir='ltr'><strong>adiungi,</strong></span> <span class='ocrx_word' id='word_1_57' title='bbox 818 1135 927 1190; x_wconf 87' lang='lat' dir='ltr'><strong>qua</strong></span> <span class='ocrx_word' id='word_1_58' title='bbox 954 1119 1100 1176; x_wconf 77' lang='lat' dir='ltr'><strong>fideli</strong></span> <span class='ocrx_word' id='word_1_59' title='bbox 1143 1119 1411 1190; x_wconf 89' lang='lat' dir='ltr'><strong>discipulo</strong></span> <span class='ocrx_word' id='word_1_60' title='bbox 1434 1121 1717 1191; x_wconf 79' lang='lat' dir='ltr'><strong>praecepit,</strong></span> <span class='ocrx_word' id='word_1_61' title='bbox 1747 1121 1966 1177; x_wconf 91' lang='lat' dir='ltr'><strong>dicens:</strong></span> 
     </span>
    </p>
   </div>
   <div class='ocr_carea' id='block_1_12' title="bbox 375 1210 1972 1286">
    <p class='ocr_par' dir='ltr' id='par_1_12' title="bbox 375 1210 1972 1286">
     <span class='ocr_line' id='line_1_12' title="bbox 375 1210 1972 1286; baseline 0 -19"><span class='ocrx_word' id='word_1_62' title='bbox 375 1210 433 1268; x_wconf 87' lang='lat' dir='ltr'><strong>Si</strong></span> <span class='ocrx_word' id='word_1_63' title='bbox 463 1213 578 1286; x_wconf 86' lang='lat' dir='ltr'><strong>quis</strong></span> <span class='ocrx_word' id='word_1_64' title='bbox 610 1211 804 1282; x_wconf 78' lang='lat' dir='ltr'><strong>ﬁdelis,</strong></span> <span class='ocrx_word' id='word_1_65' title='bbox 837 1222 863 1252; x_wconf 79' lang='grc' dir='ltr'>ι</span> <span class='ocrx_word' id='word_1_66' title='bbox 904 1210 984 1266; x_wconf 80' lang='lat' dir='ltr'><strong>vel</strong></span> <span class='ocrx_word' id='word_1_67' title='bbox 1007 1211 1055 1266; x_wconf 85' lang='lat' dir='ltr'><strong>si</strong></span> <span class='ocrx_word' id='word_1_68' title='bbox 1080 1227 1184 1283; x_wconf 78' lang='lat' dir='ltr'><strong>qua</strong></span> <span class='ocrx_word' id='word_1_69' title='bbox 1205 1210 1402 1281; x_wconf 78' lang='lat' dir='ltr'><strong>ﬁdelis,</strong></span> <span class='ocrx_word' id='word_1_70' title='bbox 1428 1213 1582 1266; x_wconf 80' lang='lat' dir='ltr'><strong>habet</strong></span> <span class='ocrx_word' id='word_1_71' title='bbox 1609 1213 1819 1278; x_wconf 81' lang='lat' dir='ltr'><strong>viduas,</strong></span> <span class='ocrx_word' id='word_1_72' title='bbox 1850 1213 1972 1268; x_wconf 85' lang='lat' dir='ltr'><strong>sub—</strong></span> 
     </span>
    </p>
   </div>
   <div class='ocr_carea' id='block_1_13' title="bbox 373 1301 1972 1380">
    <p class='ocr_par' dir='ltr' id='par_1_13' title="bbox 373 1301 1972 1380">
     <span class='ocr_line' id='line_1_13' title="bbox 373 1301 1972 1380; baseline 0 -22"><span class='ocrx_word' id='word_1_73' title='bbox 373 1304 631 1369; x_wconf 77' lang='lat' dir='ltr'><strong>ministret</strong></span> <span class='ocrx_word' id='word_1_74' title='bbox 670 1302 801 1368; x_wconf 83' lang='lat' dir='ltr'><strong>illis,</strong></span> <span class='ocrx_word' id='word_1_75' title='bbox 839 1310 888 1358; x_wconf 89' lang='lat' dir='ltr'><strong>et</strong></span> <span class='ocrx_word' id='word_1_76' title='bbox 931 1319 1037 1358; x_wconf 86' lang='lat' dir='ltr'><strong>non</strong></span> <span class='ocrx_word' id='word_1_77' title='bbox 1082 1311 1330 1373; x_wconf 78' lang='lat' dir='ltr'><strong>gravetur</strong></span> <span class='ocrx_word' id='word_1_78' title='bbox 1372 1301 1634 1380; x_wconf 83' lang='lat' dir='ltr'><strong>Ecclesia,</strong></span> <span class='ocrx_word' id='word_1_79' title='bbox 1657 1314 1714 1357; x_wconf 88' lang='lat' dir='ltr'><strong>ut</strong></span> <span class='ocrx_word' id='word_1_80' title='bbox 1744 1304 1826 1358; x_wconf 84' lang='lat' dir='ltr'><strong>his</strong></span> <span class='ocrx_word' id='word_1_81' title='bbox 1853 1321 1972 1375; x_wconf 74' lang='lat' dir='ltr'><strong>quae</strong></span> 
     </span>
    </p>
   </div>
   <div class='ocr_carea' id='block_1_14' title="bbox 374 1394 1974 1468">
    <p class='ocr_par' dir='ltr' id='par_1_14' title="bbox 374 1394 1974 1468">
     <span class='ocr_line' id='line_1_14' title="bbox 374 1394 1974 1468; baseline -0.001 -15"><span class='ocrx_word' id='word_1_82' title='bbox 374 1411 492 1453; x_wconf 75' lang='lat' dir='ltr'><strong>aere</strong></span> <span class='ocrx_word' id='word_1_83' title='bbox 539 1397 709 1453; x_wconf 75' lang='lat' dir='ltr'><strong>vidua:</strong></span> <span class='ocrx_word' id='word_1_84' title='bbox 744 1405 889 1463; x_wconf 86' lang='lat' dir='ltr'><strong>sunt,</strong></span> <span class='ocrx_word' id='word_1_85' title='bbox 932 1395 1188 1466; x_wconf 78' lang='lat' dir='ltr'><strong>sufﬁciat.</strong></span> <span class='ocrx_word' id='word_1_86' title='bbox 1220 1394 1327 1462; x_wconf 81' lang='lat' dir='ltr'><strong>Qui</strong></span> <span class='ocrx_word' id='word_1_87' title='bbox 1350 1395 1477 1449; x_wconf 87' lang='lat' dir='ltr'><strong>bene</strong></span> <span class='ocrx_word' id='word_1_88' title='bbox 1505 1406 1737 1466; x_wconf 70' lang='lat' dir='ltr'><strong>pra’sunt</strong></span> <span class='ocrx_word' id='word_1_89' title='bbox 1762 1397 1974 1468; x_wconf 77' lang='lat' dir='ltr'><strong>presby-</strong></span> 
     </span>
    </p>
   </div>
   <div class='ocr_carea' id='block_1_15' title="bbox 375 1485 1973 1560">
    <p class='ocr_par' dir='ltr' id='par_1_15' title="bbox 375 1485 1973 1560">
     <span class='ocr_line' id='line_1_15' title="bbox 375 1485 1973 1560; baseline -0.001 -16"><span class='ocrx_word' id='word_1_90' title='bbox 375 1489 495 1555; x_wconf 94' lang='lat' dir='ltr'><strong>teri,</strong></span> <span class='ocrx_word' id='word_1_91' title='bbox 525 1488 726 1559; x_wconf 91' lang='lat' dir='ltr'><strong>duplici</strong></span> <span class='ocrx_word' id='word_1_92' title='bbox 757 1488 956 1541; x_wconf 84' lang='lat' dir='ltr'><strong>honore</strong></span> <span class='ocrx_word' id='word_1_93' title='bbox 983 1487 1130 1557; x_wconf 85' lang='lat' dir='ltr'><strong>digni</strong></span> <span class='ocrx_word' id='word_1_94' title='bbox 1169 1485 1483 1552; x_wconf 80' lang='lat' dir='ltr'><strong>habeantur,</strong></span> <span class='ocrx_word' id='word_1_95' title='bbox 1525 1489 1757 1543; x_wconf 78' lang='lat' dir='ltr'><strong>maxime</strong></span> <span class='ocrx_word' id='word_1_96' title='bbox 1782 1489 1871 1560; x_wconf 86' lang='lat' dir='ltr'><strong>qui</strong></span> <span class='ocrx_word' id='word_1_97' title='bbox 1893 1488 1973 1542; x_wconf 91' lang='lat' dir='ltr'><strong>la-</strong></span> 
     </span>
    </p>
   </div>
   <div class='ocr_carea' id='block_1_16' title="bbox 376 1577 1971 1651">
    <p class='ocr_par' dir='ltr' id='par_1_16' title="bbox 376 1577 1971 1651">
     <span class='ocr_line' id='line_1_16' title="bbox 376 1577 1971 1651; baseline -0.001 -17"><span class='ocrx_word' id='word_1_98' title='bbox 376 1582 562 1635; x_wconf 90' lang='lat' dir='ltr'><strong>borant</strong></span> <span class='ocrx_word' id='word_1_99' title='bbox 604 1581 660 1635; x_wconf 89' lang='lat' dir='ltr'><strong>in</strong></span> <span class='ocrx_word' id='word_1_100' title='bbox 700 1579 852 1634; x_wconf 83' lang='lat' dir='ltr'><strong>verbo</strong></span> <span class='ocrx_word' id='word_1_101' title='bbox 877 1588 927 1632; x_wconf 88' lang='lat' dir='ltr'><strong>et</strong></span> <span class='ocrx_word' id='word_1_102' title='bbox 955 1578 1220 1634; x_wconf 82' lang='lat' dir='ltr'><strong>doctrina.</strong></span> <span class='ocrx_word' id='word_1_103' title='bbox 1269 1577 1413 1633; x_wconf 87' lang='lat' dir='ltr'><strong>Dicit</strong></span> <span class='ocrx_word' id='word_1_104' title='bbox 1457 1580 1595 1633; x_wconf 89' lang='lat' dir='ltr'><strong>enim</strong></span> <span class='ocrx_word' id='word_1_105' title='bbox 1649 1578 1926 1651; x_wconf 80' lang='lat' dir='ltr'><strong>Scriptura</strong></span> <span class='ocrx_word' id='word_1_106' title='bbox 1953 1595 1971 1632; x_wconf 89' lang='lat'><em>:</em></span> 
     </span>
    </p>
   </div>
   <div class='ocr_carea' id='block_1_17' title="bbox 375 1671 1972 1743">
    <p class='ocr_par' dir='ltr' id='par_1_17' title="bbox 375 1671 1972 1743">
     <span class='ocr_line' id='line_1_17' title="bbox 375 1671 1972 1743; baseline 0 -15"><span class='ocrx_word' id='word_1_107' title='bbox 375 1673 505 1728; x_wconf 80' lang='lat' dir='ltr'><strong>Non</strong></span> <span class='ocrx_word' id='word_1_108' title='bbox 559 1671 853 1742; x_wconf 80' lang='lat' dir='ltr'><strong>infrenabis</strong></span> <span class='ocrx_word' id='word_1_109' title='bbox 904 1688 962 1726; x_wconf 90' lang='lat' dir='ltr'><strong>os</strong></span> <span class='ocrx_word' id='word_1_110' title='bbox 1006 1671 1120 1726; x_wconf 82' lang='lat' dir='ltr'><strong>bovi</strong></span> <span class='ocrx_word' id='word_1_111' title='bbox 1170 1671 1465 1725; x_wconf 86' lang='lat' dir='ltr'><strong>trituranti.</strong></span> <span class='ocrx_word' id='word_1_112' title='bbox 1512 1671 1617 1726; x_wconf 88' lang='lat' dir='ltr'><strong>Et:</strong></span> <span class='ocrx_word' id='word_1_113' title='bbox 1647 1672 1852 1743; x_wconf 84' lang='lat' dir='ltr'><strong>Dignus</strong></span> <span class='ocrx_word' id='word_1_114' title='bbox 1899 1683 1972 1728; x_wconf 84' lang='lat' dir='ltr'><strong>est</strong></span> 
     </span>
    </p>
   </div>
   <div class='ocr_carea' id='block_1_18' title="bbox 375 1761 1976 1835">
    <p class='ocr_par' dir='ltr' id='par_1_18' title="bbox 375 1761 1976 1835">
     <span class='ocr_line' id='line_1_18' title="bbox 375 1761 1976 1835; baseline 0.001 -17"><span class='ocrx_word' id='word_1_115' title='bbox 375 1763 650 1835; x_wconf 83' lang='lat' dir='ltr'><strong>operarius</strong></span> <span class='ocrx_word' id='word_1_116' title='bbox 678 1762 914 1820; x_wconf 79' lang='lat' dir='ltr'><strong>mercede</strong></span> <span class='ocrx_word' id='word_1_117' title='bbox 961 1778 1081 1816; x_wconf 87' lang='lat' dir='ltr'><strong>sua.</strong></span> <span class='ocrx_word' id='word_1_118' title='bbox 1110 1761 1170 1815; x_wconf 91' lang='lat' dir='ltr'><strong>In</strong></span> <span class='ocrx_word' id='word_1_119' title='bbox 1199 1762 1396 1832; x_wconf 85' lang='lat' dir='ltr'><strong>quibus</strong></span> <span class='ocrx_word' id='word_1_120' title='bbox 1421 1762 1602 1817; x_wconf 80' lang='lat' dir='ltr'><strong>verbis</strong></span> <span class='ocrx_word' id='word_1_121' title='bbox 1622 1761 1676 1817; x_wconf 89' lang='lat' dir='ltr'><strong>id</strong></span> <span class='ocrx_word' id='word_1_122' title='bbox 1703 1764 1976 1834; x_wconf 89' lang='lat' dir='ltr'><strong>praecipue</strong></span> 
     </span>
    </p>
   </div>
   <div class='ocr_carea' id='block_1_19' title="bbox 2072 566 3669 641">
    <p class='ocr_par' dir='ltr' id='par_1_19' title="bbox 2072 566 3669 641">
     <span class='ocr_line' id='line_1_19' title="bbox 2072 566 3669 641; baseline 0.005 -19"><span class='ocrx_word' id='word_1_123' title='bbox 2072 574 2128 622; x_wconf 89' lang='lat' dir='ltr'><strong>et</strong></span> <span class='ocrx_word' id='word_1_124' title='bbox 2164 566 2344 622; x_wconf 90' lang='lat' dir='ltr'><strong>minus</strong></span> <span class='ocrx_word' id='word_1_125' title='bbox 2385 567 2647 623; x_wconf 86' lang='lat' dir='ltr'><strong>decenter</strong></span> <span class='ocrx_word' id='word_1_126' title='bbox 2674 575 2905 640; x_wconf 76' lang='lat' dir='ltr'><strong>agantur</strong></span> <span class='ocrx_word' id='word_1_127' title='bbox 2930 569 2998 625; x_wconf 90' lang='lat' dir='ltr'><strong>ab</strong></span> <span class='ocrx_word' id='word_1_128' title='bbox 3041 569 3128 624; x_wconf 89' lang='lat' dir='ltr'><strong>bis</strong></span> <span class='ocrx_word' id='word_1_129' title='bbox 3149 569 3315 624; x_wconf 88' lang='lat' dir='ltr'><strong>etiam</strong></span> <span class='ocrx_word' id='word_1_130' title='bbox 3345 584 3485 641; x_wconf 88' lang='lat' dir='ltr'><strong>quos</strong></span> <span class='ocrx_word' id='word_1_131' title='bbox 3509 587 3669 630; x_wconf 83' lang='lat' dir='ltr'><strong>sacer</strong></span> 
     </span>
    </p>
   </div>
   <div class='ocr_carea' id='block_1_20' title="bbox 2069 656 3669 730">
    <p class='ocr_par' dir='ltr' id='par_1_20' title="bbox 2069 656 3669 730">
     <span class='ocr_line' id='line_1_20' title="bbox 2069 656 3669 730; baseline 0.005 -17"><span class='ocrx_word' id='word_1_132' title='bbox 2069 656 2205 713; x_wconf 83' lang='lat' dir='ltr'><strong>ordo</strong></span> <span class='ocrx_word' id='word_1_133' title='bbox 2254 658 2321 714; x_wconf 89' lang='lat' dir='ltr'><strong>ad</strong></span> <span class='ocrx_word' id='word_1_134' title='bbox 2367 658 2803 715; x_wconf 88' lang='lat' dir='ltr'><strong>ecclesiasticum</strong></span> <span class='ocrx_word' id='word_1_135' title='bbox 2848 660 3095 730; x_wconf 90' lang='lat' dir='ltr'><strong>regimen</strong></span> <span class='ocrx_word' id='word_1_136' title='bbox 3145 661 3426 716; x_wconf 81' lang='lat' dir='ltr'><strong>admittit.-</strong></span> <span class='ocrx_word' id='word_1_137' title='bbox 3458 662 3669 729; x_wconf 83' lang='lat' dir='ltr'><strong>Quibus</strong></span> 
     </span>
    </p>
   </div>
   <div class='ocr_carea' id='block_1_21' title="bbox 2070 747 3670 822">
    <p class='ocr_par' dir='ltr' id='par_1_21' title="bbox 2070 747 3670 822">
     <span class='ocr_line' id='line_1_21' title="bbox 2070 747 3670 822; baseline 0.005 -21"><span class='ocrx_word' id='word_1_138' title='bbox 2070 747 2316 817; x_wconf 82' lang='lat' dir='ltr'><strong>profecto</strong></span> <span class='ocrx_word' id='word_1_139' title='bbox 2347 749 2495 802; x_wconf 92' lang='lat' dir='ltr'><strong>omni</strong></span> <span class='ocrx_word' id='word_1_140' title='bbox 2533 750 2833 806; x_wconf 82' lang='lat' dir='ltr'><strong>attentione</strong></span> <span class='ocrx_word' id='word_1_141' title='bbox 2861 751 3143 821; x_wconf 87' lang='lat' dir='ltr'><strong>pensanda</strong></span> <span class='ocrx_word' id='word_1_142' title='bbox 3174 759 3231 805; x_wconf 86' lang='lat' dir='ltr'><strong>et</strong></span> <span class='ocrx_word' id='word_1_143' title='bbox 3255 753 3670 822; x_wconf 80' lang='lat' dir='ltr'><strong>expavescenda</strong></span> 
     </span>
    </p>
   </div>
   <div class='ocr_carea' id='block_1_22' title="bbox 2070 840 3670 912">
    <p class='ocr_par' dir='ltr' id='par_1_22' title="bbox 2070 840 3670 912">
     <span class='ocr_line' id='line_1_22' title="bbox 2070 840 3670 912; baseline 0.003 -18"><span class='ocrx_word' id='word_1_144' title='bbox 2070 849 2217 895; x_wconf 89' lang='lat' dir='ltr'><strong>esset</strong></span> <span class='ocrx_word' id='word_1_145' title='bbox 2242 840 2329 894; x_wconf 87' lang='lat' dir='ltr'><strong>illa</strong></span> <span class='ocrx_word' id='word_1_146' title='bbox 2360 840 2653 906; x_wconf 87' lang='lat' dir='ltr'><strong>sententia,</strong></span> <span class='ocrx_word' id='word_1_147' title='bbox 2698 856 2805 911; x_wconf 88' lang='lat' dir='ltr'><strong>qua</strong></span> <span class='ocrx_word' id='word_1_148' title='bbox 2851 856 2917 896; x_wconf 81' lang='lat' dir='ltr'><strong>ex</strong></span> <span class='ocrx_word' id='word_1_149' title='bbox 2967 855 3153 896; x_wconf 91' lang='lat' dir='ltr'><strong>eorum</strong></span> <span class='ocrx_word' id='word_1_150' title='bbox 3197 857 3428 912; x_wconf 86' lang='lat' dir='ltr'><strong>persona</strong></span> <span class='ocrx_word' id='word_1_151' title='bbox 3473 844 3670 899; x_wconf 83' lang='lat' dir='ltr'><strong>beatus</strong></span> 
     </span>
    </p>
   </div>
   <div class='ocr_carea' id='block_1_23' title="bbox 2070 929 3673 1002">
    <p class='ocr_par' dir='ltr' id='par_1_23' title="bbox 2070 929 3673 1002">
     <span class='ocr_line' id='line_1_23' title="bbox 2070 929 3673 1002; baseline 0.002 -16"><span class='ocrx_word' id='word_1_152' title='bbox 2070 929 2170 987; x_wconf 77' lang='lat' dir='ltr'><strong>Job</strong></span> <span class='ocrx_word' id='word_1_153' title='bbox 2193 932 2452 1002; x_wconf 86' lang='lat' dir='ltr'><strong>loquitur,</strong></span> <span class='ocrx_word' id='word_1_154' title='bbox 2479 933 2666 988; x_wconf 90' lang='lat' dir='ltr'><strong>dicens</strong></span> <span class='ocrx_word' id='word_1_155' title='bbox 2691 949 2703 986; x_wconf 93' lang='lat'><strong>:</strong></span> <span class='ocrx_word' id='word_1_156' title='bbox 2732 929 2792 987; x_wconf 85' lang='lat' dir='ltr'><strong>Si</strong></span> <span class='ocrx_word' id='word_1_157' title='bbox 2837 933 3114 987; x_wconf 81' lang='lat' dir='ltr'><strong>adversum</strong></span> <span class='ocrx_word' id='word_1_158' title='bbox 3144 950 3226 988; x_wconf 87' lang='lat' dir='ltr'><strong>me</strong></span> <span class='ocrx_word' id='word_1_159' title='bbox 3255 944 3395 988; x_wconf 84' lang='lat' dir='ltr'><strong>terra</strong></span> <span class='ocrx_word' id='word_1_160' title='bbox 3419 950 3536 989; x_wconf 86' lang='lat' dir='ltr'><strong>mea</strong></span> <span class='ocrx_word' id='word_1_161' title='bbox 3560 934 3673 989; x_wconf 88' lang='lat' dir='ltr'><strong>cla-</strong></span> 
     </span>
    </p>
   </div>
   <div class='ocr_carea' id='block_1_24' title="bbox 2070 1021 3674 1094">
    <p class='ocr_par' dir='ltr' id='par_1_24' title="bbox 2070 1021 3674 1094">
     <span class='ocr_line' id='line_1_24' title="bbox 2070 1021 3674 1094; baseline 0.002 -20"><span class='ocrx_word' id='word_1_162' title='bbox 2070 1031 2198 1086; x_wconf 90' lang='lat' dir='ltr'><strong>mat,</strong></span> <span class='ocrx_word' id='word_1_163' title='bbox 2238 1031 2286 1075; x_wconf 91' lang='lat' dir='ltr'><strong>et</strong></span> <span class='ocrx_word' id='word_1_164' title='bbox 2318 1037 2438 1076; x_wconf 87' lang='lat' dir='ltr'><strong>cum</strong></span> <span class='ocrx_word' id='word_1_165' title='bbox 2475 1023 2590 1093; x_wconf 87' lang='lat' dir='ltr'><strong>ipsa</strong></span> <span class='ocrx_word' id='word_1_166' title='bbox 2626 1021 2758 1076; x_wconf 85' lang='lat' dir='ltr'><strong>sulci</strong></span> <span class='ocrx_word' id='word_1_167' title='bbox 2797 1021 2912 1092; x_wconf 88' lang='lat' dir='ltr'><strong>ejus</strong></span> <span class='ocrx_word' id='word_1_168' title='bbox 2950 1021 3180 1091; x_wconf 79' lang='lat' dir='ltr'><strong>deﬂent;</strong></span> <span class='ocrx_word' id='word_1_169' title='bbox 3227 1022 3274 1076; x_wconf 89' lang='lat' dir='ltr'><strong>si</strong></span> <span class='ocrx_word' id='word_1_170' title='bbox 3308 1023 3514 1092; x_wconf 79' lang='lat' dir='ltr'><strong>fructus</strong></span> <span class='ocrx_word' id='word_1_171' title='bbox 3553 1022 3674 1094; x_wconf 82' lang='lat' dir='ltr'><strong>ejus</strong></span> 
     </span>
    </p>
   </div>
   <div class='ocr_carea' id='block_1_25' title="bbox 2071 1109 3674 1184">
    <p class='ocr_par' dir='ltr' id='par_1_25' title="bbox 2071 1109 3674 1184">
     <span class='ocr_line' id='line_1_25' title="bbox 2071 1109 3674 1184; baseline 0.003 -21"><span class='ocrx_word' id='word_1_172' title='bbox 2071 1109 2272 1164; x_wconf 86' lang='lat' dir='ltr'><strong>comedi</strong></span> <span class='ocrx_word' id='word_1_173' title='bbox 2302 1110 2496 1181; x_wconf 87' lang='lat' dir='ltr'><strong>absque</strong></span> <span class='ocrx_word' id='word_1_174' title='bbox 2525 1112 2772 1182; x_wconf 84' lang='lat' dir='ltr'><strong>pecunia,</strong></span> <span class='ocrx_word' id='word_1_175' title='bbox 2803 1119 2850 1165; x_wconf 89' lang='lat' dir='ltr'><strong>et</strong></span> <span class='ocrx_word' id='word_1_176' title='bbox 2879 1111 3113 1164; x_wconf 86' lang='lat' dir='ltr'><strong>animam</strong></span> <span class='ocrx_word' id='word_1_177' title='bbox 3156 1112 3514 1182; x_wconf 78' lang='lat' dir='ltr'><strong>agricolarum</strong></span> <span class='ocrx_word' id='word_1_178' title='bbox 3555 1113 3674 1184; x_wconf 81' lang='lat' dir='ltr'><strong>ejus</strong></span> 
     </span>
    </p>
   </div>
   <div class='ocr_carea' id='block_1_26' title="bbox 2071 1203 3675 1276">
    <p class='ocr_par' dir='ltr' id='par_1_26' title="bbox 2071 1203 3675 1276">
     <span class='ocr_line' id='line_1_26' title="bbox 2071 1203 3675 1276; baseline 0.002 -19"><span class='ocrx_word' id='word_1_179' title='bbox 2071 1204 2287 1274; x_wconf 75' lang='lat' dir='ltr'><strong>afﬂixi;</strong></span> <span class='ocrx_word' id='word_1_180' title='bbox 2335 1221 2431 1274; x_wconf 89' lang='lat' dir='ltr'><strong>pro</strong></span> <span class='ocrx_word' id='word_1_181' title='bbox 2472 1203 2736 1273; x_wconf 80' lang='lat' dir='ltr'><strong>frumento</strong></span> <span class='ocrx_word' id='word_1_182' title='bbox 2786 1204 2994 1258; x_wconf 87' lang='lat' dir='ltr'><strong>oriatur</strong></span> <span class='ocrx_word' id='word_1_183' title='bbox 3021 1204 3153 1258; x_wconf 86' lang='lat' dir='ltr'><strong>mihi</strong></span> <span class='ocrx_word' id='word_1_184' title='bbox 3187 1203 3433 1270; x_wconf 78' lang='lat' dir='ltr'><strong>tribulus,</strong></span> <span class='ocrx_word' id='word_1_185' title='bbox 3487 1216 3536 1259; x_wconf 91' lang='lat' dir='ltr'><strong>et</strong></span> <span class='ocrx_word' id='word_1_186' title='bbox 3576 1222 3675 1276; x_wconf 85' lang='lat' dir='ltr'><strong>pro</strong></span> 
     </span>
    </p>
   </div>
   <div class='ocr_carea' id='block_1_27' title="bbox 2071 1293 3677 1367">
    <p class='ocr_par' dir='ltr' id='par_1_27' title="bbox 2071 1293 3677 1367">
     <span class='ocr_line' id='line_1_27' title="bbox 2071 1293 3677 1367; baseline 0.002 -17"><span class='ocrx_word' id='word_1_187' title='bbox 2071 1297 2267 1350; x_wconf 87' lang='lat' dir='ltr'><strong>hordeo</strong></span> <span class='ocrx_word' id='word_1_188' title='bbox 2309 1297 2484 1367; x_wconf 83' lang='lat' dir='ltr'><strong>spina.</strong></span> <span class='ocrx_word' id='word_1_189' title='bbox 2518 1293 2576 1350; x_wconf 91' lang='lat' dir='ltr'><strong>In</strong></span> <span class='ocrx_word' id='word_1_190' title='bbox 2607 1295 2804 1365; x_wconf 87' lang='lat' dir='ltr'><strong>quibus</strong></span> <span class='ocrx_word' id='word_1_191' title='bbox 2831 1296 3012 1351; x_wconf 85' lang='lat' dir='ltr'><strong>verbis</strong></span> <span class='ocrx_word' id='word_1_192' title='bbox 3041 1297 3294 1366; x_wconf 82' lang='lat' dir='ltr'><strong>quamvis</strong></span> <span class='ocrx_word' id='word_1_193' title='bbox 3331 1307 3387 1352; x_wconf 93' lang='lat' dir='ltr'><strong>et</strong></span> <span class='ocrx_word' id='word_1_194' title='bbox 3415 1297 3558 1353; x_wconf 88' lang='lat' dir='ltr'><strong>alius</strong></span> <span class='ocrx_word' id='word_1_195' title='bbox 3594 1298 3677 1353; x_wconf 83' lang='lat' dir='ltr'><strong>in-</strong></span> 
     </span>
    </p>
   </div>
   <div class='ocr_carea' id='block_1_28' title="bbox 2070 1385 3678 1456">
    <p class='ocr_par' dir='ltr' id='par_1_28' title="bbox 2070 1385 3678 1456">
     <span class='ocr_line' id='line_1_28' title="bbox 2070 1385 3678 1456; baseline 0.001 -14"><span class='ocrx_word' id='word_1_196' title='bbox 2070 1388 2321 1442; x_wconf 86' lang='lat' dir='ltr'><strong>veniatur</strong></span> <span class='ocrx_word' id='word_1_197' title='bbox 2365 1385 2707 1451; x_wconf 91' lang='lat' dir='ltr'><strong>intellectus,</strong></span> <span class='ocrx_word' id='word_1_198' title='bbox 2751 1386 3034 1456; x_wconf 84' lang='lat' dir='ltr'><strong>pertinens</strong></span> <span class='ocrx_word' id='word_1_199' title='bbox 3074 1386 3146 1441; x_wconf 84' lang='lat' dir='ltr'><strong>ad</strong></span> <span class='ocrx_word' id='word_1_200' title='bbox 3184 1389 3678 1444; x_wconf 82' lang='lat' dir='ltr'><strong>murmurationem</strong></span> 
     </span>
    </p>
   </div>
   <div class='ocr_carea' id='block_1_29' title="bbox 2072 1478 3680 1549">
    <p class='ocr_par' dir='ltr' id='par_1_29' title="bbox 2072 1478 3680 1549">
     <span class='ocr_line' id='line_1_29' title="bbox 2072 1478 3680 1549; baseline 0.002 -14"><span class='ocrx_word' id='word_1_201' title='bbox 2072 1480 2304 1535; x_wconf 55' lang='lat' dir='ltr'><strong>subditae</strong></span> <span class='ocrx_word' id='word_1_202' title='bbox 2354 1479 2548 1549; x_wconf 87' lang='lat' dir='ltr'><strong>plebis,</strong></span> <span class='ocrx_word' id='word_1_203' title='bbox 2599 1493 2724 1533; x_wconf 93' lang='lat' dir='ltr'><strong>cum</strong></span> <span class='ocrx_word' id='word_1_204' title='bbox 2771 1479 2970 1534; x_wconf 90' lang='lat' dir='ltr'><strong>merito</strong></span> <span class='ocrx_word' id='word_1_205' title='bbox 3008 1478 3365 1548; x_wconf 86' lang='lat' dir='ltr'><strong>conqueritur</strong></span> <span class='ocrx_word' id='word_1_206' title='bbox 3409 1481 3680 1539; x_wconf 83' lang='lat' dir='ltr'><strong>adversus</strong></span> 
     </span>
    </p>
   </div>
   <div class='ocr_carea' id='block_1_30' title="bbox 2074 1571 3681 1645">
    <p class='ocr_par' dir='ltr' id='par_1_30' title="bbox 2074 1571 3681 1645">
     <span class='ocr_line' id='line_1_30' title="bbox 2074 1571 3681 1645; baseline 0.002 -21"><span class='ocrx_word' id='word_1_207' title='bbox 2074 1581 2349 1641; x_wconf 85' lang='lat' dir='ltr'><strong>pastorem</strong></span> <span class='ocrx_word' id='word_1_208' title='bbox 2375 1572 2445 1627; x_wconf 93' lang='lat' dir='ltr'><strong>ob</strong></span> <span class='ocrx_word' id='word_1_209' title='bbox 2475 1571 2860 1642; x_wconf 73' lang='lat' dir='ltr'><strong>negligentiam</strong></span> <span class='ocrx_word' id='word_1_210' title='bbox 2903 1572 3331 1642; x_wconf 69' lang='lat' dir='ltr'><strong>praedicationis,</strong></span> <span class='ocrx_word' id='word_1_211' title='bbox 3377 1571 3681 1645; x_wconf 69' lang='lat' dir='ltr'><strong>vel&#39;impe-</strong></span> 
     </span>
    </p>
   </div>
   <div class='ocr_carea' id='block_1_31' title="bbox 2075 1663 3680 1735">
    <p class='ocr_par' dir='ltr' id='par_1_31' title="bbox 2075 1663 3680 1735">
     <span class='ocr_line' id='line_1_31' title="bbox 2075 1663 3680 1735; baseline 0.004 -17"><span class='ocrx_word' id='word_1_212' title='bbox 2075 1665 2318 1719; x_wconf 88' lang='lat' dir='ltr'><strong>dimcnta</strong></span> <span class='ocrx_word' id='word_1_213' title='bbox 2360 1663 2736 1733; x_wconf 83' lang='lat' dir='ltr'><strong>exemplorum</strong></span> <span class='ocrx_word' id='word_1_214' title='bbox 2771 1663 3062 1730; x_wconf 86' lang='lat' dir='ltr'><strong>malorum,</strong></span> <span class='ocrx_word' id='word_1_215' title='bbox 3099 1673 3281 1735; x_wconf 83' lang='lat' dir='ltr'><strong>potest</strong></span> <span class='ocrx_word' id='word_1_216' title='bbox 3306 1672 3491 1721; x_wconf 89' lang='lat' dir='ltr'><strong>tamen</strong></span> <span class='ocrx_word' id='word_1_217' title='bbox 3521 1675 3580 1723; x_wconf 89' lang='lat' dir='ltr'><strong>et</strong></span> <span class='ocrx_word' id='word_1_218' title='bbox 3610 1667 3680 1724; x_wconf 84' lang='lat' dir='ltr'><strong>ad</strong></span> 
     </span>
    </p>
   </div>
   <div class='ocr_carea' id='block_1_32' title="bbox 2073 1746 3682 1827">
    <p class='ocr_par' dir='ltr' id='par_1_32' title="bbox 2073 1746 3682 1827">
     <span class='ocr_line' id='line_1_32' title="bbox 2073 1746 3682 1827; baseline 0.003 -18"><span class='ocrx_word' id='word_1_219' title='bbox 2073 1746 2365 1827; x_wconf 81' lang='lat' dir='ltr'><strong>personam</strong></span> <span class='ocrx_word' id='word_1_220' title='bbox 2395 1754 2785 1810; x_wconf 76' lang='lat' dir='ltr'><strong>ecclesiasticae</strong></span> <span class='ocrx_word' id='word_1_221' title='bbox 2832 1755 3053 1811; x_wconf 68' lang='lat' dir='ltr'><strong>familiae</strong></span> <span class='ocrx_word' id='word_1_222' title='bbox 3084 1770 3192 1811; x_wconf 91' lang='lat' dir='ltr'><strong>non</strong></span> <span class='ocrx_word' id='word_1_223' title='bbox 3231 1757 3682 1814; x_wconf 88' lang='lat' dir='ltr'><strong>inconvenienter</strong></span> 
     </span>
    </p>
   </div>
   <div class='ocr_carea' id='block_1_33' title="bbox 376 1835 3683 1924">
    <p class='ocr_par' dir='ltr' id='par_1_33' title="bbox 376 1835 3683 1924">
     <span class='ocr_line' id='line_1_33' title="bbox 376 1835 3683 1924; baseline 0 -17"><span class='ocrx_word' id='word_1_224' title='bbox 376 1856 618 1910; x_wconf 83' lang='lat' dir='ltr'><strong>arbitror</strong></span> <span class='ocrx_word' id='word_1_225' title='bbox 659 1852 1116 1910; x_wconf 72' lang='lat' dir='ltr'><strong>coiisiderandum</strong></span> <span class='ocrx_word' id='word_1_226' title='bbox 1144 1891 1158 1918; x_wconf 88' lang='lat'><strong>,</strong></span> <span class='ocrx_word' id='word_1_227' title='bbox 1205 1853 1334 1923; x_wconf 87' lang='lat' dir='ltr'><strong>quia</strong></span> <span class='ocrx_word' id='word_1_228' title='bbox 1386 1854 1433 1908; x_wconf 87' lang='lat' dir='ltr'><strong>si</strong></span> <span class='ocrx_word' id='word_1_229' title='bbox 1477 1853 1638 1908; x_wconf 87' lang='lat' dir='ltr'><strong>vidua</strong></span> <span class='ocrx_word' id='word_1_230' title='bbox 1687 1853 1974 1924; x_wconf 78' lang='lat' dir='ltr'><strong>cujuslibet</strong></span> <span class='ocrx_word' id='word_1_231' title='bbox 2003 1864 2051 1922; x_wconf 80' lang='grc' dir='ltr'><strong>Β</strong></span> <span class='ocrx_word' id='word_1_232' title='bbox 2080 1845 2256 1914; x_wconf 66' lang='grc' dir='ltr'><strong>θωπί</strong></span> <span class='ocrx_word' id='word_1_233' title='bbox 2287 1861 2299 1899; x_wconf 76' lang='grc' dir='ltr'>ε</span> <span class='ocrx_word' id='word_1_234' title='bbox 2328 1859 2493 1916; x_wconf 84' lang='lat' dir='ltr'><strong>quam</strong></span> <span class='ocrx_word' id='word_1_235' title='bbox 2542 1859 2667 1900; x_wconf 81' lang='lat' dir='ltr'><strong>Cum</strong></span> <span class='ocrx_word' id='word_1_236' title='bbox 2709 1835 2898 1914; x_wconf 84' lang='lat' dir='ltr'><strong>inique</strong></span> <span class='ocrx_word' id='word_1_237' title='bbox 2928 1859 3223 1915; x_wconf 69' lang='lat' dir='ltr'><strong>perversus</strong></span> <span class='ocrx_word' id='word_1_238' title='bbox 3264 1860 3451 1918; x_wconf 74' lang='lat' dir='ltr'><strong>pastor</strong></span> <span class='ocrx_word' id='word_1_239' title='bbox 3495 1849 3683 1919; x_wconf 79' lang='lat' dir='ltr'><strong>oppri-</strong></span> 
     </span>
    </p>
   </div>
   <div class='ocr_carea' id='block_1_34' title="bbox 377 1939 1971 2015">
    <p class='ocr_par' dir='ltr' id='par_1_34' title="bbox 377 1939 1971 2015">
     <span class='ocr_line' id='line_1_34' title="bbox 377 1939 1971 2015; baseline -0.003 -14"><span class='ocrx_word' id='word_1_240' title='bbox 377 1944 572 2010; x_wconf 82' lang='lat' dir='ltr'><strong>iidelis,</strong></span> <span class='ocrx_word' id='word_1_241' title='bbox 599 1945 667 2000; x_wconf 88' lang='lat' dir='ltr'><strong>ab</strong></span> <span class='ocrx_word' id='word_1_242' title='bbox 697 1939 787 1999; x_wconf 91' lang='lat' dir='ltr'><strong>illo</strong></span> <span class='ocrx_word' id='word_1_243' title='bbox 817 1951 902 1999; x_wconf 90' lang='lat' dir='ltr'><strong>est</strong></span> <span class='ocrx_word' id='word_1_244' title='bbox 924 1944 1299 2010; x_wconf 87' lang='lat' dir='ltr'><strong>sustentanda,</strong></span> <span class='ocrx_word' id='word_1_245' title='bbox 1328 1959 1397 1999; x_wconf 89' lang='lat' dir='ltr'><strong>ne</strong></span> <span class='ocrx_word' id='word_1_246' title='bbox 1425 1951 1684 2015; x_wconf 74' lang='lat' dir='ltr'><strong>gravetur</strong></span> <span class='ocrx_word' id='word_1_247' title='bbox 1705 1943 1971 2007; x_wconf 89' lang='lat' dir='ltr'><strong>Ecclesia,</strong></span> 
     </span>
    </p>
   </div>
   <div class='ocr_carea' id='block_1_35' title="bbox 377 2033 1975 2105">
    <p class='ocr_par' dir='ltr' id='par_1_35' title="bbox 377 2033 1975 2105">
     <span class='ocr_line' id='line_1_35' title="bbox 377 2033 1975 2105; baseline -0.001 -14"><span class='ocrx_word' id='word_1_248' title='bbox 377 2036 551 2091; x_wconf 85' lang='lat' dir='ltr'><strong>multo</strong></span> <span class='ocrx_word' id='word_1_249' title='bbox 579 2035 752 2105; x_wconf 89' lang='lat' dir='ltr'><strong>magis</strong></span> <span class='ocrx_word' id='word_1_250' title='bbox 780 2033 998 2088; x_wconf 87' lang='lat' dir='ltr'><strong>aliunde</strong></span> <span class='ocrx_word' id='word_1_251' title='bbox 1026 2034 1554 2089; x_wconf 84' lang='lat' dir='ltr'><strong>subministrandum</strong></span> <span class='ocrx_word' id='word_1_252' title='bbox 1577 2043 1668 2100; x_wconf 85' lang='lat' dir='ltr'><strong>est</strong></span> <span class='ocrx_word' id='word_1_253' title='bbox 1686 2034 1714 2074; x_wconf 71' lang='grc' dir='ltr'>δ</span> <span class='ocrx_word' id='word_1_254' title='bbox 1747 2035 1975 2090; x_wconf 87' lang='lat' dir='ltr'><strong>canibus</strong></span> 
     </span>
    </p>
   </div>
   <div class='ocr_carea' id='block_1_36' title="bbox 376 2113 1977 2192">
    <p class='ocr_par' dir='ltr' id='par_1_36' title="bbox 376 2113 1977 2192">
     <span class='ocr_line' id='line_1_36' title="bbox 376 2113 1977 2192; baseline -0.002 -12"><span class='ocrx_word' id='word_1_255' title='bbox 376 2134 431 2180; x_wconf 90' lang='lat' dir='ltr'><strong>et</strong></span> <span class='ocrx_word' id='word_1_256' title='bbox 463 2113 708 2190; x_wconf 59' lang='lat' dir='ltr'><strong>ca‘vallis,</strong></span> <span class='ocrx_word' id='word_1_257' title='bbox 743 2123 1067 2192; x_wconf 57' lang='lat' dir='ltr'><strong>exterisque</strong></span> <span class='ocrx_word' id='word_1_258' title='bbox 1093 2131 1205 2176; x_wconf 87' lang='lat' dir='ltr'><strong>tam</strong></span> <span class='ocrx_word' id='word_1_259' title='bbox 1231 2123 1514 2178; x_wconf 85' lang='lat' dir='ltr'><strong>hominum</strong></span> <span class='ocrx_word' id='word_1_260' title='bbox 1541 2138 1703 2192; x_wconf 88' lang='lat' dir='ltr'><strong>quam</strong></span> <span class='ocrx_word' id='word_1_261' title='bbox 1727 2124 1977 2177; x_wconf 84' lang='lat' dir='ltr'><strong>animau-</strong></span> 
     </span>
    </p>
   </div>
   <div class='ocr_carea' id='block_1_37' title="bbox 376 2207 1973 2285">
    <p class='ocr_par' dir='ltr' id='par_1_37' title="bbox 376 2207 1973 2285">
     <span class='ocr_line' id='line_1_37' title="bbox 376 2207 1973 2285; baseline 0.001 -17"><span class='ocrx_word' id='word_1_262' title='bbox 376 2215 513 2270; x_wconf 85' lang='lat' dir='ltr'><strong>tium</strong></span> <span class='ocrx_word' id='word_1_263' title='bbox 554 2214 849 2278; x_wconf 87' lang='lat' dir='ltr'><strong>ministris,</strong></span> <span class='ocrx_word' id='word_1_264' title='bbox 882 2229 1004 2283; x_wconf 64' lang='lat' dir='ltr'><strong>qua</strong></span> <span class='ocrx_word' id='word_1_265' title='bbox 1030 2212 1118 2268; x_wconf 91' lang='lat' dir='ltr'><strong>vel</strong></span> <span class='ocrx_word' id='word_1_266' title='bbox 1142 2212 1209 2266; x_wconf 86' lang='lat' dir='ltr'><strong>ad</strong></span> <span class='ocrx_word' id='word_1_267' title='bbox 1243 2213 1485 2278; x_wconf 88' lang='lat' dir='ltr'><strong>delicias,</strong></span> <span class='ocrx_word' id='word_1_268' title='bbox 1523 2213 1607 2267; x_wconf 87' lang='lat' dir='ltr'><strong>vel</strong></span> <span class='ocrx_word' id='word_1_269' title='bbox 1632 2214 1698 2267; x_wconf 91' lang='lat' dir='ltr'><strong>ad</strong></span> <span class='ocrx_word' id='word_1_270' title='bbox 1727 2207 1973 2285; x_wconf 84' lang='lat' dir='ltr'><strong>pompas,</strong></span> 
     </span>
    </p>
   </div>
   <div class='ocr_carea' id='block_1_38' title="bbox 379 2304 1995 2376">
    <p class='ocr_par' dir='ltr' id='par_1_38' title="bbox 379 2304 1995 2376">
     <span class='ocr_line' id='line_1_38' title="bbox 379 2304 1995 2376; baseline -0.001 -14"><span class='ocrx_word' id='word_1_271' title='bbox 379 2316 669 2376; x_wconf 83' lang='lat' dir='ltr'><strong>turpesque</strong></span> <span class='ocrx_word' id='word_1_272' title='bbox 705 2304 893 2375; x_wconf 92' lang='lat' dir='ltr'><strong>iocos,</strong></span> <span class='ocrx_word' id='word_1_273' title='bbox 948 2321 979 2360; x_wconf 88' lang='lat' dir='ltr'><strong>a</strong></span> <span class='ocrx_word' id='word_1_274' title='bbox 1032 2304 1290 2360; x_wconf 85' lang='lat' dir='ltr'><strong>divitibus</strong></span> <span class='ocrx_word' id='word_1_275' title='bbox 1336 2305 1704 2375; x_wconf 86' lang='lat' dir='ltr'><strong>possidentur.</strong></span> <span class='ocrx_word' id='word_1_276' title='bbox 1757 2306 1826 2361; x_wconf 90' lang='lat' dir='ltr'><strong>Et</strong></span> <span class='ocrx_word' id='word_1_277' title='bbox 1873 2307 1995 2362; x_wconf 79' lang='lat' dir='ltr'><strong>hoc.</strong></span> 
     </span>
    </p>
   </div>
   <div class='ocr_carea' id='block_1_39' title="bbox 378 2395 1978 2466">
    <p class='ocr_par' dir='ltr' id='par_1_39' title="bbox 378 2395 1978 2466">
     <span class='ocr_line' id='line_1_39' title="bbox 378 2395 1978 2466; baseline 0 -14"><span class='ocrx_word' id='word_1_278' title='bbox 378 2397 519 2461; x_wconf 86' lang='lat' dir='ltr'><strong>ideo,</strong></span> <span class='ocrx_word' id='word_1_279' title='bbox 554 2412 620 2451; x_wconf 90' lang='lat' dir='ltr'><strong>ne</strong></span> <span class='ocrx_word' id='word_1_280' title='bbox 650 2396 952 2452; x_wconf 88' lang='lat' dir='ltr'><strong>Ecclesiam</strong></span> <span class='ocrx_word' id='word_1_281' title='bbox 992 2395 1089 2451; x_wconf 88' lang='lat' dir='ltr'><strong>Dei</strong></span> <span class='ocrx_word' id='word_1_282' title='bbox 1133 2411 1243 2451; x_wconf 94' lang='lat' dir='ltr'><strong>non</strong></span> <span class='ocrx_word' id='word_1_283' title='bbox 1289 2396 1464 2452; x_wconf 90' lang='lat' dir='ltr'><strong>solum</strong></span> <span class='ocrx_word' id='word_1_284' title='bbox 1506 2408 1755 2466; x_wconf 86' lang='lat' dir='ltr'><strong>gravent,</strong></span> <span class='ocrx_word' id='word_1_285' title='bbox 1787 2412 1978 2454; x_wconf 86' lang='lat' dir='ltr'><strong>verum</strong></span> 
     </span>
    </p>
   </div>
   <div class='ocr_carea' id='block_1_40' title="bbox 376 2488 1978 2560">
    <p class='ocr_par' dir='ltr' id='par_1_40' title="bbox 376 2488 1978 2560">
     <span class='ocr_line' id='line_1_40' title="bbox 376 2488 1978 2560; baseline -0.001 -13"><span class='ocrx_word' id='word_1_286' title='bbox 376 2493 545 2547; x_wconf 90' lang='lat' dir='ltr'><strong>etiam</strong></span> <span class='ocrx_word' id='word_1_287' title='bbox 586 2499 820 2555; x_wconf 88' lang='lat' dir='ltr'><strong>vastent,</strong></span> <span class='ocrx_word' id='word_1_288' title='bbox 862 2488 1218 2560; x_wconf 80' lang='lat' dir='ltr'><strong>funditusque</strong></span> <span class='ocrx_word' id='word_1_289' title='bbox 1259 2491 1602 2560; x_wconf 77' lang='lat' dir='ltr'><strong>prcedentur.</strong></span> <span class='ocrx_word' id='word_1_290' title='bbox 1643 2489 1700 2544; x_wconf 88' lang='lat' dir='ltr'><strong>Id</strong></span> <span class='ocrx_word' id='word_1_291' title='bbox 1745 2505 1978 2559; x_wconf 92' lang='lat' dir='ltr'><strong>namque</strong></span> 
     </span>
    </p>
   </div>
   <div class='ocr_carea' id='block_1_41' title="bbox 378 2581 1980 2640">
    <p class='ocr_par' dir='ltr' id='par_1_41' title="bbox 378 2581 1980 2640">
     <span class='ocr_line' id='line_1_41' title="bbox 378 2581 1980 2640; baseline -0.002 -1"><span class='ocrx_word' id='word_1_292' title='bbox 378 2585 544 2640; x_wconf 87' lang='lat' dir='ltr'><strong>nimis</strong></span> <span class='ocrx_word' id='word_1_293' title='bbox 565 2599 686 2640; x_wconf 90' lang='lat' dir='ltr'><strong>esse</strong></span> <span class='ocrx_word' id='word_1_294' title='bbox 714 2582 961 2639; x_wconf 90' lang='lat' dir='ltr'><strong>illicitum</strong></span> <span class='ocrx_word' id='word_1_295' title='bbox 1006 2597 1111 2636; x_wconf 91' lang='lat' dir='ltr'><strong>non</strong></span> <span class='ocrx_word' id='word_1_296' title='bbox 1139 2582 1246 2637; x_wconf 85' lang='lat' dir='ltr'><strong>hac</strong></span> <span class='ocrx_word' id='word_1_297' title='bbox 1280 2581 1395 2636; x_wconf 89' lang='lat' dir='ltr'><strong>sola</strong></span> <span class='ocrx_word' id='word_1_298' title='bbox 1430 2581 1702 2636; x_wconf 83' lang='lat' dir='ltr'><strong>sententia</strong></span> <span class='ocrx_word' id='word_1_299' title='bbox 1739 2581 1980 2636; x_wconf 90' lang='lat' dir='ltr'><strong>ostendi-</strong></span> 
     </span>
    </p>
   </div>
   <div class='ocr_carea' id='block_1_42' title="bbox 379 2671 1982 2742">
    <p class='ocr_par' dir='ltr' id='par_1_42' title="bbox 379 2671 1982 2742">
     <span class='ocr_line' id='line_1_42' title="bbox 379 2671 1982 2742; baseline -0.002 -12"><span class='ocrx_word' id='word_1_300' title='bbox 379 2685 490 2740; x_wconf 90' lang='lat' dir='ltr'><strong>tur,</strong></span> <span class='ocrx_word' id='word_1_301' title='bbox 541 2675 638 2730; x_wconf 89' lang='lat' dir='ltr'><strong>sed</strong></span> <span class='ocrx_word' id='word_1_302' title='bbox 680 2671 976 2740; x_wconf 82' lang='lat' dir='ltr'><strong>multifarie</strong></span> <span class='ocrx_word' id='word_1_303' title='bbox 1028 2673 1084 2728; x_wconf 91' lang='lat' dir='ltr'><strong>in</strong></span> <span class='ocrx_word' id='word_1_304' title='bbox 1131 2679 1245 2727; x_wconf 91' lang='lat' dir='ltr'><strong>toto</strong></span> <span class='ocrx_word' id='word_1_305' title='bbox 1287 2671 1587 2742; x_wconf 85' lang='lat' dir='ltr'><strong>Scripturae</strong></span> <span class='ocrx_word' id='word_1_306' title='bbox 1619 2673 1819 2734; x_wconf 75' lang='lat' dir='ltr'><strong>divinae</strong></span> <span class='ocrx_word' id='word_1_307' title='bbox 1861 2687 1982 2727; x_wconf 79' lang='lat' dir='ltr'><strong>cor-</strong></span> 
     </span>
    </p>
   </div>
   <div class='ocr_carea' id='block_1_43' title="bbox 378 2762 1975 2837">
    <p class='ocr_par' dir='ltr' id='par_1_43' title="bbox 378 2762 1975 2837">
     <span class='ocr_line' id='line_1_43' title="bbox 378 2762 1975 2837; baseline -0.003 -17"><span class='ocrx_word' id='word_1_308' title='bbox 378 2778 514 2837; x_wconf 85' lang='lat' dir='ltr'><strong>pore</strong></span> <span class='ocrx_word' id='word_1_309' title='bbox 574 2764 980 2820; x_wconf 90' lang='lat' dir='ltr'><strong>demonstratur</strong></span> <span class='ocrx_word' id='word_1_310' title='bbox 1025 2782 1037 2815; x_wconf 87' lang='lat'><strong>:</strong></span> <span class='ocrx_word' id='word_1_311' title='bbox 1083 2762 1178 2817; x_wconf 89' lang='lat' dir='ltr'><strong>ubi</strong></span> <span class='ocrx_word' id='word_1_312' title='bbox 1227 2776 1334 2817; x_wconf 93' lang='lat' dir='ltr'><strong>non</strong></span> <span class='ocrx_word' id='word_1_313' title='bbox 1388 2762 1562 2817; x_wconf 90' lang='lat' dir='ltr'><strong>solum</strong></span> <span class='ocrx_word' id='word_1_314' title='bbox 1613 2763 1975 2834; x_wconf 56' lang='lat' dir='ltr'><strong>praevarican-</strong></span> 
     </span>
    </p>
   </div>
   <div class='ocr_carea' id='block_1_44' title="bbox 379 2854 1982 2928">
    <p class='ocr_par' dir='ltr' id='par_1_44' title="bbox 379 2854 1982 2928">
     <span class='ocr_line' id='line_1_44' title="bbox 379 2854 1982 2928; baseline -0.001 -16"><span class='ocrx_word' id='word_1_315' title='bbox 379 2857 518 2912; x_wconf 90' lang='lat' dir='ltr'><strong>tium</strong></span> <span class='ocrx_word' id='word_1_316' title='bbox 552 2871 749 2928; x_wconf 70' lang='lat' dir='ltr'><strong>pmnze,</strong></span> <span class='ocrx_word' id='word_1_317' title='bbox 800 2857 895 2911; x_wconf 91' lang='lat' dir='ltr'><strong>sed</strong></span> <span class='ocrx_word' id='word_1_318' title='bbox 940 2855 1413 2910; x_wconf 89' lang='lat' dir='ltr'><strong>remunerationes</strong></span> <span class='ocrx_word' id='word_1_319' title='bbox 1462 2854 1695 2910; x_wconf 86' lang='lat' dir='ltr'><strong>tideliter</strong></span> <span class='ocrx_word' id='word_1_320' title='bbox 1740 2865 1982 2911; x_wconf 87' lang='lat' dir='ltr'><strong>tractan-</strong></span> 
     </span>
    </p>
   </div>
   <div class='ocr_carea' id='block_1_45' title="bbox 381 2944 1982 3010">
    <p class='ocr_par' dir='ltr' id='par_1_45' title="bbox 381 2944 1982 3010">
     <span class='ocr_line' id='line_1_45' title="bbox 381 2944 1982 3010; baseline 0 -8"><span class='ocrx_word' id='word_1_321' title='bbox 381 2949 518 3003; x_wconf 90' lang='lat' dir='ltr'><strong>tium</strong></span> <span class='ocrx_word' id='word_1_322' title='bbox 546 2962 637 3003; x_wconf 87' lang='lat' dir='ltr'><strong>res</strong></span> <span class='ocrx_word' id='word_1_323' title='bbox 665 2946 899 3002; x_wconf 88' lang='lat' dir='ltr'><strong>Domino</strong></span> <span class='ocrx_word' id='word_1_324' title='bbox 926 2951 1302 3010; x_wconf 88' lang='lat' dir='ltr'><strong>consecratas,</strong></span> <span class='ocrx_word' id='word_1_325' title='bbox 1343 2944 1529 3001; x_wconf 91' lang='lat' dir='ltr'><strong>multis</strong></span> <span class='ocrx_word' id='word_1_326' title='bbox 1560 2946 1738 3003; x_wconf 87' lang='lat' dir='ltr'><strong>modis</strong></span> <span class='ocrx_word' id='word_1_327' title='bbox 1775 2946 1982 3002; x_wconf 49' lang='lat' dir='ltr'><strong>deseri-</strong></span> 
     </span>
    </p>
   </div>
   <div class='ocr_carea' id='block_1_46' title="bbox 383 3041 607 3094">
    <p class='ocr_par' dir='ltr' id='par_1_46' title="bbox 383 3041 607 3094">
     <span class='ocr_line' id='line_1_46' title="bbox 383 3041 607 3094; baseline -0.009 0"><span class='ocrx_word' id='word_1_328' title='bbox 383 3041 607 3094; x_wconf 88' lang='lat' dir='ltr'><strong>buntur.</strong></span> 
     </span>
    </p>
   </div>
   <div class='ocr_carea' id='block_1_47' title="bbox 453 3129 1980 3201">
    <p class='ocr_par' dir='ltr' id='par_1_47' title="bbox 453 3129 1980 3201">
     <span class='ocr_line' id='line_1_47' title="bbox 453 3129 1980 3201; baseline 0.002 -16"><span class='ocrx_word' id='word_1_329' title='bbox 453 3129 649 3186; x_wconf 82' lang='lat' dir='ltr'><strong>XXIX.</strong></span> <span class='ocrx_word' id='word_1_330' title='bbox 710 3129 1031 3201; x_wconf 86' lang='lat' dir='ltr'><strong>Quicunque</strong></span> <span class='ocrx_word' id='word_1_331' title='bbox 1085 3136 1265 3185; x_wconf 84' lang='lat' dir='ltr'><strong>autem</strong></span> <span class='ocrx_word' id='word_1_332' title='bbox 1315 3142 1451 3200; x_wconf 81' lang='lat' dir='ltr'><strong>Opus</strong></span> <span class='ocrx_word' id='word_1_333' title='bbox 1499 3130 1601 3186; x_wconf 92' lang='lat' dir='ltr'><strong>hoc</strong></span> <span class='ocrx_word' id='word_1_334' title='bbox 1645 3130 1879 3188; x_wconf 88' lang='lat' dir='ltr'><strong>lectione</strong></span> <span class='ocrx_word' id='word_1_335' title='bbox 1924 3141 1980 3188; x_wconf 91' lang='lat' dir='ltr'><strong>et</strong></span> 
     </span>
    </p>
   </div>
   <div class='ocr_carea' id='block_1_48' title="bbox 2079 1935 3683 2010">
    <p class='ocr_par' dir='ltr' id='par_1_48' title="bbox 2079 1935 3683 2010">
     <span class='ocr_line' id='line_1_48' title="bbox 2079 1935 3683 2010; baseline 0.003 -18"><span class='ocrx_word' id='word_1_336' title='bbox 2079 1937 2198 2002; x_wconf 88' lang='lat' dir='ltr'><strong>mit,</strong></span> <span class='ocrx_word' id='word_1_337' title='bbox 2230 1945 2286 1991; x_wconf 92' lang='lat' dir='ltr'><strong>et</strong></span> <span class='ocrx_word' id='word_1_338' title='bbox 2311 1935 2533 2006; x_wconf 81' lang='lat' dir='ltr'><strong>indigne</strong></span> <span class='ocrx_word' id='word_1_339' title='bbox 2557 1937 2721 1991; x_wconf 89' lang='lat' dir='ltr'><strong>rebus</strong></span> <span class='ocrx_word' id='word_1_340' title='bbox 2751 1935 2862 1991; x_wconf 91' lang='lat' dir='ltr'><strong>Deo</strong></span> <span class='ocrx_word' id='word_1_341' title='bbox 2889 1937 3123 1992; x_wconf 89' lang='lat' dir='ltr'><strong>sacratis</strong></span> <span class='ocrx_word' id='word_1_342' title='bbox 3149 1939 3414 2006; x_wconf 89' lang='lat' dir='ltr'><strong>abutitur,</strong></span> <span class='ocrx_word' id='word_1_343' title='bbox 3441 1954 3683 2010; x_wconf 85' lang='lat' dir='ltr'><strong>cumque</strong></span> 
     </span>
    </p>
   </div>
   <div class='ocr_carea' id='block_1_49' title="bbox 2080 2026 3684 2100">
    <p class='ocr_par' dir='ltr' id='par_1_49' title="bbox 2080 2026 3684 2100">
     <span class='ocr_line' id='line_1_49' title="bbox 2080 2026 3684 2100; baseline 0.002 -17"><span class='ocrx_word' id='word_1_344' title='bbox 2080 2036 2286 2083; x_wconf 88' lang='lat' dir='ltr'><strong>statum</strong></span> <span class='ocrx_word' id='word_1_345' title='bbox 2323 2034 2379 2082; x_wconf 91' lang='lat' dir='ltr'><strong>et</strong></span> <span class='ocrx_word' id='word_1_346' title='bbox 2415 2026 2636 2082; x_wconf 90' lang='lat' dir='ltr'><strong>illicitos</strong></span> <span class='ocrx_word' id='word_1_347' title='bbox 2677 2028 2951 2098; x_wconf 84' lang='lat' dir='ltr'><strong>appetitus</strong></span> <span class='ocrx_word' id='word_1_348' title='bbox 2994 2043 3121 2084; x_wconf 91' lang='lat' dir='ltr'><strong>suos</strong></span> <span class='ocrx_word' id='word_1_349' title='bbox 3151 2044 3216 2084; x_wconf 89' lang='lat' dir='ltr'><strong>ac</strong></span> <span class='ocrx_word' id='word_1_350' title='bbox 3245 2045 3468 2086; x_wconf 87' lang='lat' dir='ltr'><strong>suorum</strong></span> <span class='ocrx_word' id='word_1_351' title='bbox 3498 2032 3568 2086; x_wconf 83' lang='lat' dir='ltr'><strong>ad</strong></span> <span class='ocrx_word' id='word_1_352' title='bbox 3599 2033 3684 2100; x_wconf 80' lang='lat' dir='ltr'><strong>ja-</strong></span> 
     </span>
    </p>
   </div>
   <div class='ocr_carea' id='block_1_50' title="bbox 2079 2119 3683 2189">
    <p class='ocr_par' dir='ltr' id='par_1_50' title="bbox 2079 2119 3683 2189">
     <span class='ocr_line' id='line_1_50' title="bbox 2079 2119 3683 2189; baseline 0.001 -14"><span class='ocrx_word' id='word_1_353' title='bbox 2079 2119 2342 2175; x_wconf 90' lang='lat' dir='ltr'><strong>ctantiam</strong></span> <span class='ocrx_word' id='word_1_354' title='bbox 2383 2134 2718 2189; x_wconf 85' lang='lat' dir='ltr'><strong>pompasque</strong></span> <span class='ocrx_word' id='word_1_355' title='bbox 2755 2120 3025 2176; x_wconf 89' lang='lat' dir='ltr'><strong>mendacii</strong></span> <span class='ocrx_word' id='word_1_356' title='bbox 3063 2128 3317 2186; x_wconf 87' lang='lat' dir='ltr'><strong>exornat,</strong></span> <span class='ocrx_word' id='word_1_357' title='bbox 3357 2122 3469 2178; x_wconf 87' lang='lat' dir='ltr'><strong>imo</strong></span> <span class='ocrx_word' id='word_1_358' title='bbox 3497 2124 3683 2178; x_wconf 88' lang='lat' dir='ltr'><strong>detur-</strong></span> 
     </span>
    </p>
   </div>
   <div class='ocr_carea' id='block_1_51' title="bbox 2075 2210 3684 2284">
    <p class='ocr_par' dir='ltr' id='par_1_51' title="bbox 2075 2210 3684 2284">
     <span class='ocr_line' id='line_1_51' title="bbox 2075 2210 3684 2284; baseline 0.002 -17"><span class='ocrx_word' id='word_1_359' title='bbox 2075 2220 2192 2283; x_wconf 90' lang='lat' dir='ltr'><strong>pat,</strong></span> <span class='ocrx_word' id='word_1_360' title='bbox 2218 2227 2326 2268; x_wconf 91' lang='lat' dir='ltr'><strong>non</strong></span> <span class='ocrx_word' id='word_1_361' title='bbox 2351 2211 2468 2266; x_wconf 89' lang='lat' dir='ltr'><strong>sola</strong></span> <span class='ocrx_word' id='word_1_362' title='bbox 2494 2210 2758 2276; x_wconf 86' lang='lat' dir='ltr'><strong>Ecclesia,</strong></span> <span class='ocrx_word' id='word_1_363' title='bbox 2783 2211 2875 2266; x_wconf 89' lang='lat' dir='ltr'><strong>cui</strong></span> <span class='ocrx_word' id='word_1_364' title='bbox 2904 2212 3022 2282; x_wconf 90' lang='lat' dir='ltr'><strong>ipse</strong></span> <span class='ocrx_word' id='word_1_365' title='bbox 3045 2223 3268 2284; x_wconf 73' lang='lat' dir='ltr'><strong>praeest,</strong></span> <span class='ocrx_word' id='word_1_366' title='bbox 3292 2212 3388 2270; x_wconf 91' lang='lat' dir='ltr'><strong>sed</strong></span> <span class='ocrx_word' id='word_1_367' title='bbox 3414 2221 3469 2268; x_wconf 89' lang='lat' dir='ltr'><strong>et</strong></span> <span class='ocrx_word' id='word_1_368' title='bbox 3490 2228 3684 2270; x_wconf 84' lang='lat' dir='ltr'><strong>omnes</strong></span> 
     </span>
    </p>
   </div>
   <div class='ocr_carea' id='block_1_52' title="bbox 2077 2299 3685 2375">
    <p class='ocr_par' dir='ltr' id='par_1_52' title="bbox 2077 2299 3685 2375">
     <span class='ocr_line' id='line_1_52' title="bbox 2077 2299 3685 2375; baseline 0.002 -17"><span class='ocrx_word' id='word_1_369' title='bbox 2077 2304 2172 2375; x_wconf 88' lang='lat' dir='ltr'><strong>qui</strong></span> <span class='ocrx_word' id='word_1_370' title='bbox 2201 2319 2416 2360; x_wconf 89' lang='lat' dir='ltr'><strong>morum</strong></span> <span class='ocrx_word' id='word_1_371' title='bbox 2445 2303 2591 2358; x_wconf 90' lang='lat' dir='ltr'><strong>illius</strong></span> <span class='ocrx_word' id='word_1_372' title='bbox 2621 2302 2903 2359; x_wconf 86' lang='lat' dir='ltr'><strong>ieditatem</strong></span> <span class='ocrx_word' id='word_1_373' title='bbox 2934 2299 3295 2375; x_wconf 84' lang='lat' dir='ltr'><strong>cognoscunt,</strong></span> <span class='ocrx_word' id='word_1_374' title='bbox 3334 2305 3403 2362; x_wconf 86' lang='lat' dir='ltr'><strong>ad</strong></span> <span class='ocrx_word' id='word_1_375' title='bbox 3435 2321 3685 2362; x_wconf 86' lang='lat' dir='ltr'><strong>murmu-</strong></span> 
     </span>
    </p>
   </div>
   <div class='ocr_carea' id='block_1_53' title="bbox 2081 2395 3684 2468">
    <p class='ocr_par' dir='ltr' id='par_1_53' title="bbox 2081 2395 3684 2468">
     <span class='ocr_line' id='line_1_53' title="bbox 2081 2395 3684 2468; baseline 0.004 -18"><span class='ocrx_word' id='word_1_376' title='bbox 2081 2395 2347 2451; x_wconf 88' lang='lat' dir='ltr'><strong>rationem</strong></span> <span class='ocrx_word' id='word_1_377' title='bbox 2370 2396 2887 2466; x_wconf 82' lang='lat' dir='ltr'><strong>derOgationemque</strong></span> <span class='ocrx_word' id='word_1_378' title='bbox 2909 2406 3100 2451; x_wconf 86' lang='lat' dir='ltr'><strong>contra</strong></span> <span class='ocrx_word' id='word_1_379' title='bbox 3125 2397 3389 2468; x_wconf 87' lang='lat' dir='ltr'><strong>eiusmodi</strong></span> <span class='ocrx_word' id='word_1_380' title='bbox 3412 2408 3684 2456; x_wconf 85' lang='lat' dir='ltr'><strong>rectorem</strong></span> 
     </span>
    </p>
   </div>
   <div class='ocr_carea' id='block_1_54' title="bbox 2080 2487 3687 2564">
    <p class='ocr_par' dir='ltr' id='par_1_54' title="bbox 2080 2487 3687 2564">
     <span class='ocr_line' id='line_1_54' title="bbox 2080 2487 3687 2564; baseline 0.004 -23"><span class='ocrx_word' id='word_1_381' title='bbox 2080 2488 2423 2542; x_wconf 74' lang='lat' dir='ltr'><strong>excitantur.‘</strong></span> <span class='ocrx_word' id='word_1_382' title='bbox 2444 2499 2467 2526; x_wconf 76' lang='grc' dir='ltr'>ε</span> <span class='ocrx_word' id='word_1_383' title='bbox 2494 2487 2592 2542; x_wconf 84' lang='lat' dir='ltr'><strong>llic</strong></span> <span class='ocrx_word' id='word_1_384' title='bbox 2643 2487 2791 2553; x_wconf 90' lang='lat' dir='ltr'><strong>talis,</strong></span> <span class='ocrx_word' id='word_1_385' title='bbox 2821 2488 3036 2544; x_wconf 83' lang='lat' dir='ltr'><strong>etiamsi</strong></span> <span class='ocrx_word' id='word_1_386' title='bbox 3063 2490 3470 2560; x_wconf 65' lang='lat' dir='ltr'><strong>praedicationis</strong></span> <span class='ocrx_word' id='word_1_387' title='bbox 3497 2502 3687 2564; x_wconf 83' lang='lat' dir='ltr'><strong>eroget</strong></span> 
     </span>
    </p>
   </div>
   <div class='ocr_carea' id='block_1_55' title="bbox 2079 2578 3686 2650">
    <p class='ocr_par' dir='ltr' id='par_1_55' title="bbox 2079 2578 3686 2650">
     <span class='ocr_line' id='line_1_55' title="bbox 2079 2578 3686 2650; baseline 0.004 -16"><span class='ocrx_word' id='word_1_388' title='bbox 2079 2579 2389 2650; x_wconf 87' lang='lat' dir='ltr'><strong>pecuniam,</strong></span> <span class='ocrx_word' id='word_1_389' title='bbox 2431 2581 2502 2635; x_wconf 90' lang='lat' dir='ltr'><strong>ob</strong></span> <span class='ocrx_word' id='word_1_390' title='bbox 2543 2578 2790 2635; x_wconf 84' lang='lat' dir='ltr'><strong>carnales</strong></span> <span class='ocrx_word' id='word_1_391' title='bbox 2827 2588 3009 2636; x_wconf 88' lang='lat' dir='ltr'><strong>tamen</strong></span> <span class='ocrx_word' id='word_1_392' title='bbox 3051 2581 3240 2638; x_wconf 89' lang='lat' dir='ltr'><strong>libitus</strong></span> <span class='ocrx_word' id='word_1_393' title='bbox 3271 2591 3330 2638; x_wconf 91' lang='lat' dir='ltr'><strong>et</strong></span> <span class='ocrx_word' id='word_1_394' title='bbox 3366 2584 3686 2642; x_wconf 86' lang='lat' dir='ltr'><strong>indecentes</strong></span> 
     </span>
    </p>
   </div>
   <div class='ocr_carea' id='block_1_56' title="bbox 2082 2677 3685 2752">
    <p class='ocr_par' dir='ltr' id='par_1_56' title="bbox 2082 2677 3685 2752">
     <span class='ocr_line' id='line_1_56' title="bbox 2082 2677 3685 2752; baseline 0.004 -22"><span class='ocrx_word' id='word_1_395' title='bbox 2082 2683 2238 2731; x_wconf 89' lang='lat' dir='ltr'><strong>actus</strong></span> <span class='ocrx_word' id='word_1_396' title='bbox 2265 2691 2374 2730; x_wconf 89' lang='lat' dir='ltr'><strong>non</strong></span> <span class='ocrx_word' id='word_1_397' title='bbox 2404 2681 2587 2746; x_wconf 88' lang='lat' dir='ltr'><strong>potest</strong></span> <span class='ocrx_word' id='word_1_398' title='bbox 2613 2683 2874 2730; x_wconf 83' lang='lat' dir='ltr'><strong>statutam</strong></span> <span class='ocrx_word' id='word_1_399' title='bbox 2901 2677 3136 2732; x_wconf 88' lang='lat' dir='ltr'><strong>evadere</strong></span> <span class='ocrx_word' id='word_1_400' title='bbox 3161 2691 3402 2748; x_wconf 64' lang='lat' dir='ltr'><strong>plenam,</strong></span> <span class='ocrx_word' id='word_1_401' title='bbox 3428 2682 3562 2750; x_wconf 86' lang='lat' dir='ltr'><strong>quin</strong></span> <span class='ocrx_word' id='word_1_402' title='bbox 3587 2695 3685 2752; x_wconf 75' lang='lat' dir='ltr'><strong>pro</strong></span> 
     </span>
    </p>
   </div>
   <div class='ocr_carea' id='block_1_57' title="bbox 2080 2768 3684 2842">
    <p class='ocr_par' dir='ltr' id='par_1_57' title="bbox 2080 2768 3684 2842">
     <span class='ocr_line' id='line_1_57' title="bbox 2080 2768 3684 2842; baseline 0.005 -21"><span class='ocrx_word' id='word_1_403' title='bbox 2080 2768 2536 2824; x_wconf 80' lang='lat' dir='ltr'><strong>delectationibus</strong></span> <span class='ocrx_word' id='word_1_404' title='bbox 2562 2769 2688 2824; x_wconf 75' lang='lat' dir='ltr'><strong>vita:</strong></span> <span class='ocrx_word' id='word_1_405' title='bbox 2709 2769 3017 2840; x_wconf 83' lang='lat' dir='ltr'><strong>praesentis,</strong></span> <span class='ocrx_word' id='word_1_406' title='bbox 3044 2777 3371 2826; x_wconf 66' lang='lat' dir='ltr'><strong>internarum</strong></span> <span class='ocrx_word' id='word_1_407' title='bbox 3398 2786 3684 2842; x_wconf 61' lang='lat' dir='ltr'><strong>pennarum</strong></span> 
     </span>
    </p>
   </div>
   <div class='ocr_carea' id='block_1_58' title="bbox 2082 2859 2801 2929">
    <p class='ocr_par' dir='ltr' id='par_1_58' title="bbox 2082 2859 2801 2929">
     <span class='ocr_line' id='line_1_58' title="bbox 2082 2859 2801 2929; baseline 0 -15"><span class='ocrx_word' id='word_1_408' title='bbox 2082 2859 2157 2914; x_wconf 89' lang='lat' dir='ltr'><strong>illi</strong></span> <span class='ocrx_word' id='word_1_409' title='bbox 2181 2861 2506 2929; x_wconf 75' lang='lat' dir='ltr'><strong>punctiones</strong></span> <span class='ocrx_word' id='word_1_410' title='bbox 2531 2860 2801 2915; x_wconf 90' lang='lat' dir='ltr'><strong>oriantur.</strong></span> 
     </span>
    </p>
   </div>
   <div class='ocr_carea' id='block_1_59' title="bbox 2155 2949 3688 3028">
    <p class='ocr_par' dir='ltr' id='par_1_59' title="bbox 2155 2949 3688 3028">
     <span class='ocr_line' id='line_1_59' title="bbox 2155 2949 3688 3028; baseline 0.005 -23"><span class='ocrx_word' id='word_1_411' title='bbox 2155 2950 2325 3006; x_wconf 86' lang='lat' dir='ltr'><strong>XXX.</strong></span> <span class='ocrx_word' id='word_1_412' title='bbox 2365 2949 2477 3006; x_wconf 89' lang='lat' dir='ltr'><strong>Nec</strong></span> <span class='ocrx_word' id='word_1_413' title='bbox 2504 2959 2688 3007; x_wconf 88' lang='lat' dir='ltr'><strong>tamen</strong></span> <span class='ocrx_word' id='word_1_414' title='bbox 2721 2952 2839 3008; x_wconf 63' lang='lat' dir='ltr'><strong>haec</strong></span> <span class='ocrx_word' id='word_1_415' title='bbox 2875 2955 3147 3008; x_wconf 87' lang='lat' dir='ltr'><strong>sententia</strong></span> <span class='ocrx_word' id='word_1_416' title='bbox 3176 2953 3322 3010; x_wconf 88' lang='lat' dir='ltr'><strong>solos</strong></span> <span class='ocrx_word' id='word_1_417' title='bbox 3350 2969 3554 3026; x_wconf 87' lang='lat' dir='ltr'><strong>pravos</strong></span> <span class='ocrx_word' id='word_1_418' title='bbox 3579 2955 3688 3028; x_wconf 81' lang='lat' dir='ltr'><strong>epi-</strong></span> 
     </span>
    </p>
   </div>
   <div class='ocr_carea' id='block_1_60' title="bbox 2084 3041 3686 3114">
    <p class='ocr_par' dir='ltr' id='par_1_60' title="bbox 2084 3041 3686 3114">
     <span class='ocr_line' id='line_1_60' title="bbox 2084 3041 3686 3114; baseline 0.004 -17"><span class='ocrx_word' id='word_1_419' title='bbox 2084 3057 2298 3110; x_wconf 89' lang='lat' dir='ltr'><strong>scopos,</strong></span> <span class='ocrx_word' id='word_1_420' title='bbox 2331 3041 2702 3112; x_wconf 86' lang='lat' dir='ltr'><strong>presbyteros,</strong></span> <span class='ocrx_word' id='word_1_421' title='bbox 2751 3043 2837 3098; x_wconf 87' lang='lat' dir='ltr'><strong>vel</strong></span> <span class='ocrx_word' id='word_1_422' title='bbox 2877 3042 3108 3100; x_wconf 86' lang='lat' dir='ltr'><strong>abbates</strong></span> <span class='ocrx_word' id='word_1_423' title='bbox 3141 3046 3400 3114; x_wconf 85' lang='lat' dir='ltr'><strong>percutit,</strong></span> <span class='ocrx_word' id='word_1_424' title='bbox 3433 3054 3491 3102; x_wconf 91' lang='lat' dir='ltr'><strong>et</strong></span> <span class='ocrx_word' id='word_1_425' title='bbox 3519 3047 3686 3104; x_wconf 86' lang='lat' dir='ltr'><strong>laieos</strong></span> 
     </span>
    </p>
   </div>
   <div class='ocr_carea' id='block_1_61' title="bbox 2087 3131 3691 3192">
    <p class='ocr_par' dir='ltr' id='par_1_61' title="bbox 2087 3131 3691 3192">
     <span class='ocr_line' id='line_1_61' title="bbox 2087 3131 3691 3192; baseline 0.004 -6"><span class='ocrx_word' id='word_1_426' title='bbox 2087 3132 2327 3187; x_wconf 90' lang='lat' dir='ltr'><strong>indebite</strong></span> <span class='ocrx_word' id='word_1_427' title='bbox 2364 3131 2752 3187; x_wconf 88' lang='lat' dir='ltr'><strong>ecclesiasticis</strong></span> <span class='ocrx_word' id='word_1_428' title='bbox 2795 3133 2959 3188; x_wconf 89' lang='lat' dir='ltr'><strong>rebus</strong></span> <span class='ocrx_word' id='word_1_429' title='bbox 3001 3142 3218 3190; x_wconf 89' lang='lat' dir='ltr'><strong>utentes</strong></span> <span class='ocrx_word' id='word_1_430' title='bbox 3261 3150 3488 3192; x_wconf 90' lang='lat' dir='ltr'><strong>securos</strong></span> <span class='ocrx_word' id='word_1_431' title='bbox 3524 3137 3691 3192; x_wconf 77' lang='lat' dir='ltr'><strong>relin-</strong></span> 
     </span>
    </p>
   </div>
   <div class='ocr_carea' id='block_1_62' title="bbox 382 3221 3685 3293">
    <p class='ocr_par' dir='ltr' id='par_1_62' title="bbox 382 3221 3685 3293">
     <span class='ocr_line' id='line_1_62' title="bbox 382 3221 3685 3293; baseline 0.001 -16"><span class='ocrx_word' id='word_1_432' title='bbox 382 3222 821 3278; x_wconf 87' lang='lat' dir='ltr'><strong>consideratione</strong></span> <span class='ocrx_word' id='word_1_433' title='bbox 851 3222 1073 3293; x_wconf 91' lang='lat' dir='ltr'><strong>dignum</strong></span> <span class='ocrx_word' id='word_1_434' title='bbox 1104 3221 1342 3288; x_wconf 81' lang='lat' dir='ltr'><strong>duxerit,</strong></span> <span class='ocrx_word' id='word_1_435' title='bbox 1376 3223 1589 3277; x_wconf 87' lang='lat' dir='ltr'><strong>noverit</strong></span> <span class='ocrx_word' id='word_1_436' title='bbox 1617 3225 1839 3279; x_wconf 89' lang='lat' dir='ltr'><strong>omnino</strong></span> <span class='ocrx_word' id='word_1_437' title='bbox 1871 3241 1980 3279; x_wconf 89' lang='lat' dir='ltr'><strong>non</strong></span> <span class='ocrx_word' id='word_1_438' title='bbox 2009 3221 2053 3283; x_wconf 88' lang='lat' dir='ltr'><strong>C</strong></span> <span class='ocrx_word' id='word_1_439' title='bbox 2085 3223 2221 3292; x_wconf 88' lang='lat' dir='ltr'><strong>quit.</strong></span> <span class='ocrx_word' id='word_1_440' title='bbox 2252 3221 2460 3289; x_wconf 86' lang='lat' dir='ltr'><strong>Quibus</strong></span> <span class='ocrx_word' id='word_1_441' title='bbox 2507 3222 2637 3277; x_wconf 90' lang='lat' dir='ltr'><strong>illud</strong></span> <span class='ocrx_word' id='word_1_442' title='bbox 2680 3237 3027 3292; x_wconf 88' lang='lat' dir='ltr'><strong>summopere</strong></span> <span class='ocrx_word' id='word_1_443' title='bbox 3057 3221 3161 3279; x_wconf 90' lang='lat' dir='ltr'><strong>hoc</strong></span> <span class='ocrx_word' id='word_1_444' title='bbox 3196 3224 3316 3279; x_wconf 89' lang='lat' dir='ltr'><strong>loco</strong></span> <span class='ocrx_word' id='word_1_445' title='bbox 3344 3226 3685 3293; x_wconf 88' lang='lat' dir='ltr'><strong>pensandum</strong></span> 
     </span>
    </p>
   </div>
   <div class='ocr_carea' id='block_1_63' title="bbox 383 3312 1984 3385">
    <p class='ocr_par' dir='ltr' id='par_1_63' title="bbox 383 3312 1984 3385">
     <span class='ocr_line' id='line_1_63' title="bbox 383 3312 1984 3385; baseline 0.001 -17"><span class='ocrx_word' id='word_1_446' title='bbox 383 3314 501 3370; x_wconf 62' lang='lat' dir='ltr'><strong>haec</strong></span> <span class='ocrx_word' id='word_1_447' title='bbox 547 3328 647 3368; x_wconf 90' lang='lat' dir='ltr'><strong>nos</strong></span> <span class='ocrx_word' id='word_1_448' title='bbox 693 3312 762 3368; x_wconf 89' lang='lat' dir='ltr'><strong>de</strong></span> <span class='ocrx_word' id='word_1_449' title='bbox 802 3312 934 3368; x_wconf 87' lang='lat' dir='ltr'><strong>solis</strong></span> <span class='ocrx_word' id='word_1_450' title='bbox 961 3312 1117 3366; x_wconf 86' lang='lat' dir='ltr'><strong>laicis</strong></span> <span class='ocrx_word' id='word_1_451' title='bbox 1161 3312 1365 3377; x_wconf 90' lang='lat' dir='ltr'><strong>dicere,</strong></span> <span class='ocrx_word' id='word_1_452' title='bbox 1401 3324 1422 3352; x_wconf 76' lang='grc' dir='ltr'><strong><em>ο</em></strong></span> <span class='ocrx_word' id='word_1_453' title='bbox 1455 3313 1551 3368; x_wconf 92' lang='lat' dir='ltr'><strong>sed</strong></span> <span class='ocrx_word' id='word_1_454' title='bbox 1579 3313 1745 3368; x_wconf 89' lang='lat' dir='ltr'><strong>etiam</strong></span> <span class='ocrx_word' id='word_1_455' title='bbox 1777 3314 1844 3370; x_wconf 90' lang='lat' dir='ltr'><strong>de</strong></span> <span class='ocrx_word' id='word_1_456' title='bbox 1869 3312 1984 3385; x_wconf 86' lang='lat' dir='ltr'><strong>epi-</strong></span> 
     </span>
    </p>
   </div>
   <div class='ocr_carea' id='block_1_64' title="bbox 383 3404 1984 3478">
    <p class='ocr_par' dir='ltr' id='par_1_64' title="bbox 383 3404 1984 3478">
     <span class='ocr_line' id='line_1_64' title="bbox 383 3404 1984 3478; baseline 0.001 -17"><span class='ocrx_word' id='word_1_457' title='bbox 383 3406 586 3476; x_wconf 89' lang='lat' dir='ltr'><strong>scopis,</strong></span> <span class='ocrx_word' id='word_1_458' title='bbox 636 3405 943 3466; x_wconf 87' lang='lat' dir='ltr'><strong>abbatibus,</strong></span> <span class='ocrx_word' id='word_1_459' title='bbox 992 3404 1018 3444; x_wconf 76' lang='lat' dir='ltr'><strong>d</strong></span> <span class='ocrx_word' id='word_1_460' title='bbox 1059 3405 1174 3460; x_wconf 90' lang='lat' dir='ltr'><strong>sive</strong></span> <span class='ocrx_word' id='word_1_461' title='bbox 1220 3405 1544 3474; x_wconf 86' lang='lat' dir='ltr'><strong>quibusdam</strong></span> <span class='ocrx_word' id='word_1_462' title='bbox 1596 3406 1831 3473; x_wconf 88' lang='lat' dir='ltr'><strong>clericis,</strong></span> <span class='ocrx_word' id='word_1_463' title='bbox 1891 3409 1984 3478; x_wconf 90' lang='lat' dir='ltr'><strong>qui</strong></span> 
     </span>
    </p>
   </div>
   <div class='ocr_carea' id='block_1_65' title="bbox 385 3491 1984 3567">
    <p class='ocr_par' dir='ltr' id='par_1_65' title="bbox 385 3491 1984 3567">
     <span class='ocr_line' id='line_1_65' title="bbox 385 3491 1984 3567; baseline 0.003 -18"><span class='ocrx_word' id='word_1_464' title='bbox 385 3495 534 3550; x_wconf 79' lang='lat' dir='ltr'><strong>aliud</strong></span> <span class='ocrx_word' id='word_1_465' title='bbox 571 3491 780 3549; x_wconf 75' lang='lat' dir='ltr'><strong>faciunt</strong></span> <span class='ocrx_word' id='word_1_466' title='bbox 805 3495 872 3550; x_wconf 88' lang='lat' dir='ltr'><strong>de</strong></span> <span class='ocrx_word' id='word_1_467' title='bbox 905 3495 1212 3563; x_wconf 61' lang='lat' dir='ltr'><strong>saepedictis</strong></span> <span class='ocrx_word' id='word_1_468' title='bbox 1237 3495 1408 3550; x_wconf 86' lang='lat' dir='ltr'><strong>sacris</strong></span> <span class='ocrx_word' id='word_1_469' title='bbox 1437 3497 1618 3561; x_wconf 90' lang='lat' dir='ltr'><strong>rebus,</strong></span> <span class='ocrx_word' id='word_1_470' title='bbox 1649 3513 1813 3566; x_wconf 87' lang='lat' dir='ltr'><strong>quam</strong></span> <span class='ocrx_word' id='word_1_471' title='bbox 1840 3500 1984 3567; x_wconf 88' lang='lat' dir='ltr'><strong>quod</strong></span> 
     </span>
    </p>
   </div>
   <div class='ocr_carea' id='block_1_66' title="bbox 384 3585 1987 3656">
    <p class='ocr_par' dir='ltr' id='par_1_66' title="bbox 384 3585 1987 3656">
     <span class='ocr_line' id='line_1_66' title="bbox 384 3585 1987 3656; baseline 0.004 -16"><span class='ocrx_word' id='word_1_472' title='bbox 384 3586 696 3642; x_wconf 80' lang='lat' dir='ltr'><strong>faciendum</strong></span> <span class='ocrx_word' id='word_1_473' title='bbox 721 3593 826 3651; x_wconf 91' lang='lat' dir='ltr'><strong>est,</strong></span> <span class='ocrx_word' id='word_1_474' title='bbox 856 3593 951 3640; x_wconf 87' lang='lat' dir='ltr'><strong>aut</strong></span> <span class='ocrx_word' id='word_1_475' title='bbox 982 3585 1144 3641; x_wconf 89' lang='lat' dir='ltr'><strong>aliter</strong></span> <span class='ocrx_word' id='word_1_476' title='bbox 1176 3602 1272 3641; x_wconf 90' lang='lat' dir='ltr'><strong>eas</strong></span> <span class='ocrx_word' id='word_1_477' title='bbox 1298 3602 1462 3656; x_wconf 89' lang='lat' dir='ltr'><strong>quam</strong></span> <span class='ocrx_word' id='word_1_478' title='bbox 1496 3602 1526 3640; x_wconf 88' lang='lat' dir='ltr'><strong>a</strong></span> <span class='ocrx_word' id='word_1_479' title='bbox 1564 3586 1675 3642; x_wconf 91' lang='lat' dir='ltr'><strong>Deo</strong></span> <span class='ocrx_word' id='word_1_480' title='bbox 1703 3597 1759 3642; x_wconf 91' lang='lat' dir='ltr'><strong>et</strong></span> <span class='ocrx_word' id='word_1_481' title='bbox 1784 3591 1987 3646; x_wconf 89' lang='lat' dir='ltr'><strong>sanctis</strong></span> 
     </span>
    </p>
   </div>
   <div class='ocr_carea' id='block_1_67' title="bbox 384 3677 1982 3748">
    <p class='ocr_par' dir='ltr' id='par_1_67' title="bbox 384 3677 1982 3748">
     <span class='ocr_line' id='line_1_67' title="bbox 384 3677 1982 3748; baseline 0.002 -16"><span class='ocrx_word' id='word_1_482' title='bbox 384 3679 630 3748; x_wconf 83' lang='lat' dir='ltr'><strong>patribus</strong></span> <span class='ocrx_word' id='word_1_483' title='bbox 664 3691 728 3731; x_wconf 91' lang='lat' dir='ltr'><strong>ac</strong></span> <span class='ocrx_word' id='word_1_484' title='bbox 758 3677 1064 3731; x_wconf 88' lang='lat' dir='ltr'><strong>rectoribus</strong></span> <span class='ocrx_word' id='word_1_485' title='bbox 1097 3677 1454 3731; x_wconf 89' lang='lat' dir='ltr'><strong>constitutum</strong></span> <span class='ocrx_word' id='word_1_486' title='bbox 1480 3686 1584 3740; x_wconf 92' lang='lat' dir='ltr'><strong>est,</strong></span> <span class='ocrx_word' id='word_1_487' title='bbox 1615 3686 1869 3733; x_wconf 88' lang='lat' dir='ltr'><strong>tractant.</strong></span> <span class='ocrx_word' id='word_1_488' title='bbox 1907 3680 1982 3736; x_wconf 89' lang='lat' dir='ltr'><strong>De</strong></span> 
     </span>
    </p>
   </div>
   <div class='ocr_carea' id='block_1_68' title="bbox 385 3766 1984 3838">
    <p class='ocr_par' dir='ltr' id='par_1_68' title="bbox 385 3766 1984 3838">
     <span class='ocr_line' id='line_1_68' title="bbox 385 3766 1984 3838; baseline 0.003 -17"><span class='ocrx_word' id='word_1_489' title='bbox 385 3783 494 3838; x_wconf 89' lang='lat' dir='ltr'><strong>qua</strong></span> <span class='ocrx_word' id='word_1_490' title='bbox 522 3781 581 3822; x_wconf 92' lang='lat' dir='ltr'><strong>re</strong></span> <span class='ocrx_word' id='word_1_491' title='bbox 606 3783 716 3821; x_wconf 87' lang='lat' dir='ltr'><strong>non</strong></span> <span class='ocrx_word' id='word_1_492' title='bbox 747 3774 832 3821; x_wconf 89' lang='lat' dir='ltr'><strong>est</strong></span> <span class='ocrx_word' id='word_1_493' title='bbox 857 3781 1102 3830; x_wconf 86' lang='lat' dir='ltr'><strong>necesse,</strong></span> <span class='ocrx_word' id='word_1_494' title='bbox 1153 3767 1222 3821; x_wconf 88' lang='lat' dir='ltr'><strong>ad</strong></span> <span class='ocrx_word' id='word_1_495' title='bbox 1264 3766 1435 3820; x_wconf 86' lang='lat' dir='ltr'><strong>multa</strong></span> <span class='ocrx_word' id='word_1_496' title='bbox 1475 3767 1794 3834; x_wconf 91' lang='lat' dir='ltr'><strong>dicendum,</strong></span> <span class='ocrx_word' id='word_1_497' title='bbox 1826 3769 1984 3825; x_wconf 88' lang='lat' dir='ltr'><strong>nobis</strong></span> 
     </span>
    </p>
   </div>
   <div class='ocr_carea' id='block_1_69' title="bbox 386 3856 1986 3929">
    <p class='ocr_par' dir='ltr' id='par_1_69' title="bbox 386 3856 1986 3929">
     <span class='ocr_line' id='line_1_69' title="bbox 386 3856 1986 3929; baseline 0.003 -17"><span class='ocrx_word' id='word_1_498' title='bbox 386 3859 678 3929; x_wconf 90' lang='lat' dir='ltr'><strong>plurimum</strong></span> <span class='ocrx_word' id='word_1_499' title='bbox 709 3858 976 3911; x_wconf 80' lang='lat' dir='ltr'><strong>laborare.</strong></span> <span class='ocrx_word' id='word_1_500' title='bbox 1007 3856 1487 3926; x_wconf 82' lang='lat' dir='ltr'><strong>Quoniamliquido</strong></span> <span class='ocrx_word' id='word_1_501' title='bbox 1507 3866 1656 3927; x_wconf 88' lang='lat' dir='ltr'><strong>patet</strong></span> <span class='ocrx_word' id='word_1_502' title='bbox 1676 3860 1986 3918; x_wconf 88' lang='lat' dir='ltr'><strong>hominibus</strong></span> 
     </span>
    </p>
   </div>
   <div class='ocr_carea' id='block_1_70' title="bbox 2085 3312 3688 3386">
    <p class='ocr_par' dir='ltr' id='par_1_70' title="bbox 2085 3312 3688 3386">
     <span class='ocr_line' id='line_1_70' title="bbox 2085 3312 3688 3386; baseline 0.001 -16"><span class='ocrx_word' id='word_1_503' title='bbox 2085 3322 2203 3380; x_wconf 89' lang='lat' dir='ltr'><strong>est;</strong></span> <span class='ocrx_word' id='word_1_504' title='bbox 2235 3314 2364 3384; x_wconf 88' lang='lat' dir='ltr'><strong>quia</strong></span> <span class='ocrx_word' id='word_1_505' title='bbox 2387 3313 2432 3368; x_wconf 88' lang='lat' dir='ltr'><strong>si</strong></span> <span class='ocrx_word' id='word_1_506' title='bbox 2461 3312 2509 3368; x_wconf 88' lang='lat' dir='ltr'><strong>is</strong></span> <span class='ocrx_word' id='word_1_507' title='bbox 2535 3328 2696 3382; x_wconf 90' lang='lat' dir='ltr'><strong>quem</strong></span> <span class='ocrx_word' id='word_1_508' title='bbox 2725 3321 3004 3383; x_wconf 89' lang='lat' dir='ltr'><strong>utcunque</strong></span> <span class='ocrx_word' id='word_1_509' title='bbox 3032 3313 3169 3370; x_wconf 90' lang='lat' dir='ltr'><strong>ordo</strong></span> <span class='ocrx_word' id='word_1_510' title='bbox 3198 3326 3454 3386; x_wconf 88' lang='lat' dir='ltr'><strong>acceptus</strong></span> <span class='ocrx_word' id='word_1_511' title='bbox 3476 3317 3559 3372; x_wconf 90' lang='lat' dir='ltr'><strong>vel</strong></span> <span class='ocrx_word' id='word_1_512' title='bbox 3587 3317 3688 3372; x_wconf 79' lang='lat' dir='ltr'><strong>im-</strong></span> 
     </span>
    </p>
   </div>
   <div class='ocr_carea' id='block_1_71' title="bbox 2085 3404 3691 3476">
    <p class='ocr_par' dir='ltr' id='par_1_71' title="bbox 2085 3404 3691 3476">
     <span class='ocr_line' id='line_1_71' title="bbox 2085 3404 3691 3476; baseline 0.001 -17"><span class='ocrx_word' id='word_1_513' title='bbox 2085 3420 2255 3475; x_wconf 89' lang='lat' dir='ltr'><strong>pensa</strong></span> <span class='ocrx_word' id='word_1_514' title='bbox 2299 3404 2614 3474; x_wconf 69' lang='lat' dir='ltr'><strong>prmdieatio</strong></span> <span class='ocrx_word' id='word_1_515' title='bbox 2666 3405 3017 3470; x_wconf 90' lang='lat' dir='ltr'><strong>comitantur,</strong></span> <span class='ocrx_word' id='word_1_516' title='bbox 3069 3413 3293 3476; x_wconf 89' lang='lat' dir='ltr'><strong>propter</strong></span> <span class='ocrx_word' id='word_1_517' title='bbox 3319 3405 3691 3463; x_wconf 77' lang='lat' dir='ltr'><strong>lasciviaul&#39;et</strong></span> 
     </span>
    </p>
   </div>
   <div class='ocr_carea' id='block_1_72' title="bbox 2088 3488 3692 3566">
    <p class='ocr_par' dir='ltr' id='par_1_72' title="bbox 2088 3488 3692 3566">
     <span class='ocr_line' id='line_1_72' title="bbox 2088 3488 3692 3566; baseline -0.001 -15"><span class='ocrx_word' id='word_1_518' title='bbox 2088 3488 2260 3565; x_wconf 80' lang='lat' dir='ltr'><strong>turpis</strong></span> <span class='ocrx_word' id='word_1_519' title='bbox 2286 3495 2424 3550; x_wconf 89' lang='lat' dir='ltr'><strong>lucri</strong></span> <span class='ocrx_word' id='word_1_520' title='bbox 2457 3495 2756 3566; x_wconf 89' lang='lat' dir='ltr'><strong>appetitum</strong></span> <span class='ocrx_word' id='word_1_521' title='bbox 2785 3494 2930 3550; x_wconf 90' lang='lat' dir='ltr'><strong>malo</strong></span> <span class='ocrx_word' id='word_1_522' title='bbox 2957 3510 3056 3550; x_wconf 89' lang='lat' dir='ltr'><strong>suo</strong></span> <span class='ocrx_word' id='word_1_523' title='bbox 3081 3496 3302 3550; x_wconf 85' lang='lat' dir='ltr'><strong>easdem</strong></span> <span class='ocrx_word' id='word_1_524' title='bbox 3334 3509 3424 3550; x_wconf 86' lang='lat' dir='ltr'><strong>res</strong></span> <span class='ocrx_word' id='word_1_525' title='bbox 3452 3497 3507 3550; x_wconf 92' lang='lat' dir='ltr'><strong>in</strong></span> <span class='ocrx_word' id='word_1_526' title='bbox 3539 3510 3692 3552; x_wconf 89' lang='lat' dir='ltr'><strong>com-</strong></span> 
     </span>
    </p>
   </div>
   <div class='ocr_carea' id='block_1_73' title="bbox 2089 3585 3693 3656">
    <p class='ocr_par' dir='ltr' id='par_1_73' title="bbox 2089 3585 3693 3656">
     <span class='ocr_line' id='line_1_73' title="bbox 2089 3585 3693 3656; baseline -0.001 -14"><span class='ocrx_word' id='word_1_527' title='bbox 2089 3603 2281 3643; x_wconf 90' lang='lat' dir='ltr'><strong>munes</strong></span> <span class='ocrx_word' id='word_1_528' title='bbox 2319 3601 2451 3641; x_wconf 84' lang='lat' dir='ltr'><strong>usus</strong></span> <span class='ocrx_word' id='word_1_529' title='bbox 2491 3587 2780 3656; x_wconf 77' lang='lat' dir='ltr'><strong>expendit;</strong></span> <span class='ocrx_word' id='word_1_530' title='bbox 2827 3585 2918 3640; x_wconf 90' lang='lat' dir='ltr'><strong>ille</strong></span> <span class='ocrx_word' id='word_1_531' title='bbox 2944 3585 3037 3654; x_wconf 89' lang='lat' dir='ltr'><strong>qui</strong></span> <span class='ocrx_word' id='word_1_532' title='bbox 3067 3601 3169 3640; x_wconf 91' lang='lat' dir='ltr'><strong>nec</strong></span> <span class='ocrx_word' id='word_1_533' title='bbox 3203 3586 3569 3641; x_wconf 88' lang='lat' dir='ltr'><strong>ministerium</strong></span> <span class='ocrx_word' id='word_1_534' title='bbox 3603 3601 3693 3643; x_wconf 66' lang='grc' dir='ltr'><strong>θοι</strong></span> 
     </span>
    </p>
   </div>
   <div class='ocr_carea' id='block_1_74' title="bbox 2090 3678 3691 3747">
    <p class='ocr_par' dir='ltr' id='par_1_74' title="bbox 2090 3678 3691 3747">
     <span class='ocr_line' id='line_1_74' title="bbox 2090 3678 3691 3747; baseline -0.001 -12"><span class='ocrx_word' id='word_1_535' title='bbox 2090 3680 2453 3747; x_wconf 81' lang='lat' dir='ltr'><strong>clesiasticum</strong></span> <span class='ocrx_word' id='word_1_536' title='bbox 2487 3679 2716 3733; x_wconf 86' lang='lat' dir='ltr'><strong>sortitur</strong></span> <span class='ocrx_word' id='word_1_537' title='bbox 2755 3678 2840 3732; x_wconf 88' lang='lat' dir='ltr'><strong>vel</strong></span> <span class='ocrx_word' id='word_1_538' title='bbox 2875 3678 3215 3746; x_wconf 84' lang='lat' dir='ltr'><strong>exsequitur,</strong></span> <span class='ocrx_word' id='word_1_539' title='bbox 3260 3691 3362 3732; x_wconf 92' lang='lat' dir='ltr'><strong>nec</strong></span> <span class='ocrx_word' id='word_1_540' title='bbox 3401 3678 3691 3747; x_wconf 81' lang='lat' dir='ltr'><strong>pecuniam</strong></span> 
     </span>
    </p>
   </div>
   <div class='ocr_carea' id='block_1_75' title="bbox 2090 3768 3694 3839">
    <p class='ocr_par' dir='ltr' id='par_1_75' title="bbox 2090 3768 3694 3839">
     <span class='ocr_line' id='line_1_75' title="bbox 2090 3768 3694 3839; baseline -0.002 -14"><span class='ocrx_word' id='word_1_541' title='bbox 2090 3770 2241 3826; x_wconf 88' lang='lat' dir='ltr'><strong>verbi</strong></span> <span class='ocrx_word' id='word_1_542' title='bbox 2272 3776 2482 3839; x_wconf 86' lang='lat' dir='ltr'><strong>erogat,</strong></span> <span class='ocrx_word' id='word_1_543' title='bbox 2514 3769 2606 3823; x_wconf 90' lang='lat' dir='ltr'><strong>sed</strong></span> <span class='ocrx_word' id='word_1_544' title='bbox 2642 3768 2866 3837; x_wconf 90' lang='lat' dir='ltr'><strong>insuper</strong></span> <span class='ocrx_word' id='word_1_545' title='bbox 2898 3768 3161 3838; x_wconf 89' lang='lat' dir='ltr'><strong>quidquid</strong></span> <span class='ocrx_word' id='word_1_546' title='bbox 3185 3779 3255 3823; x_wconf 84' lang='lat' dir='ltr'><strong>ad</strong></span> <span class='ocrx_word' id='word_1_547' title='bbox 3284 3781 3540 3839; x_wconf 84' lang='lat' dir='ltr'><strong>pompam</strong></span> <span class='ocrx_word' id='word_1_548' title='bbox 3565 3781 3694 3838; x_wconf 83' lang='lat' dir='ltr'><strong>per-</strong></span> 
     </span>
    </p>
   </div>
   <div class='ocr_carea' id='block_1_76' title="bbox 2093 3857 3692 3928">
    <p class='ocr_par' dir='ltr' id='par_1_76' title="bbox 2093 3857 3692 3928">
     <span class='ocr_line' id='line_1_76' title="bbox 2093 3857 3692 3928; baseline -0.001 -12"><span class='ocrx_word' id='word_1_549' title='bbox 2093 3863 2250 3924; x_wconf 83' lang='lat' dir='ltr'><strong>tinet,</strong></span> <span class='ocrx_word' id='word_1_550' title='bbox 2283 3861 2396 3914; x_wconf 87' lang='lat' dir='ltr'><strong>sive</strong></span> <span class='ocrx_word' id='word_1_551' title='bbox 2421 3858 2716 3923; x_wconf 79' lang='lat' dir='ltr'><strong>lasciviam,</strong></span> <span class='ocrx_word' id='word_1_552' title='bbox 2750 3858 2905 3927; x_wconf 89' lang='lat' dir='ltr'><strong>quasi</strong></span> <span class='ocrx_word' id='word_1_553' title='bbox 2929 3857 3184 3913; x_wconf 89' lang='lat' dir='ltr'><strong>licentius</strong></span> <span class='ocrx_word' id='word_1_554' title='bbox 3208 3866 3487 3928; x_wconf 86' lang='lat' dir='ltr'><strong>properat,</strong></span> <span class='ocrx_word' id='word_1_555' title='bbox 3513 3857 3692 3914; x_wconf 85' lang='lat' dir='ltr'><strong>sacris</strong></span> 
     </span>
    </p>
   </div>
   <div class='ocr_carea' id='block_1_77' title="bbox 1744 3950 2291 4011">
    <p class='ocr_par' dir='ltr' id='par_1_77' title="bbox 1744 3950 2291 4011">
     <span class='ocr_line' id='line_1_77' title="bbox 1744 3950 2291 4011; baseline 0 -5"><span class='ocrx_word' id='word_1_556' title='bbox 1744 3950 2016 4011; x_wconf 81' lang='lat' dir='ltr'><strong>BALUZII</strong></span> <span class='ocrx_word' id='word_1_557' title='bbox 2057 3953 2291 4010; x_wconf 66' lang='lat' dir='ltr'><strong>NOTAE.</strong></span> 
     </span>
    </p>
   </div>
   <div class='ocr_carea' id='block_1_78' title="bbox 465 4036 1983 4110">
    <p class='ocr_par' dir='ltr' id='par_1_78' title="bbox 465 4036 1983 4110">
     <span class='ocr_line' id='line_1_78' title="bbox 465 4036 1983 4110; baseline 0.006 -21"><span class='ocrx_word' id='word_1_558' title='bbox 465 4053 487 4079; x_wconf 76' lang='grc' dir='ltr'><strong>ιι</strong></span> <span class='ocrx_word' id='word_1_559' title='bbox 525 4037 616 4110; x_wconf 72' lang='lat' dir='ltr'><strong>Vel</strong></span> <span class='ocrx_word' id='word_1_560' title='bbox 642 4039 687 4092; x_wconf 87' lang='lat' dir='ltr'><strong>si</strong></span> <span class='ocrx_word' id='word_1_561' title='bbox 708 4054 818 4108; x_wconf 86' lang='lat' dir='ltr'><strong>qua</strong></span> <span class='ocrx_word' id='word_1_562' title='bbox 844 4036 1039 4110; x_wconf 76' lang='lat' dir='ltr'><strong>ﬁdelis.</strong></span> <span class='ocrx_word' id='word_1_563' title='bbox 1086 4037 1213 4093; x_wconf 62' lang='lat' dir='ltr'><strong>[late</strong></span> <span class='ocrx_word' id='word_1_564' title='bbox 1258 4053 1364 4092; x_wconf 90' lang='lat' dir='ltr'><strong>non</strong></span> <span class='ocrx_word' id='word_1_565' title='bbox 1412 4045 1628 4094; x_wconf 80' lang='lat' dir='ltr'><strong>exstant</strong></span> <span class='ocrx_word' id='word_1_566' title='bbox 1677 4043 1816 4110; x_wconf 88' lang='lat' dir='ltr'><strong>apud</strong></span> <span class='ocrx_word' id='word_1_567' title='bbox 1844 4041 1983 4098; x_wconf 86' lang='lat' dir='ltr'><strong>Pau-</strong></span> 
     </span>
    </p>
   </div>
   <div class='ocr_carea' id='block_1_79' title="bbox 389 4108 1983 4184">
    <p class='ocr_par' dir='ltr' id='par_1_79' title="bbox 389 4108 1983 4184">
     <span class='ocr_line' id='line_1_79' title="bbox 389 4108 1983 4184; baseline 0.003 -20"><span class='ocrx_word' id='word_1_568' title='bbox 389 4110 519 4164; x_wconf 90' lang='lat' dir='ltr'><strong>lum.</strong></span> <span class='ocrx_word' id='word_1_569' title='bbox 571 4108 760 4184; x_wconf 73' lang='lat' dir='ltr'><strong>Itaque</strong></span> <span class='ocrx_word' id='word_1_570' title='bbox 806 4109 1060 4163; x_wconf 80' lang='lat' dir='ltr'><strong>existimo</strong></span> <span class='ocrx_word' id='word_1_571' title='bbox 1107 4117 1388 4184; x_wconf 80' lang='lat' dir='ltr'><strong>peccatum</strong></span> <span class='ocrx_word' id='word_1_572' title='bbox 1438 4125 1578 4184; x_wconf 4' lang='lat' dir='ltr'><strong>esse,</strong></span> <span class='ocrx_word' id='word_1_573' title='bbox 1609 4108 1812 4184; x_wconf 73' lang='lat' dir='ltr'><strong>librarii</strong></span> <span class='ocrx_word' id='word_1_574' title='bbox 1847 4133 1858 4166; x_wconf 94' lang='lat'><strong>:</strong></span> <span class='ocrx_word' id='word_1_575' title='bbox 1889 4115 1983 4184; x_wconf 90' lang='lat' dir='ltr'><strong>qui</strong></span> 
     </span>
    </p>
   </div>
   <div class='ocr_carea' id='block_1_80' title="bbox 389 4179 1981 4253">
    <p class='ocr_par' dir='ltr' id='par_1_80' title="bbox 389 4179 1981 4253">
     <span class='ocr_line' id='line_1_80' title="bbox 389 4179 1981 4253; baseline 0.003 -19"><span class='ocrx_word' id='word_1_576' title='bbox 389 4195 514 4234; x_wconf 86' lang='lat' dir='ltr'><strong>cum</strong></span> <span class='ocrx_word' id='word_1_577' title='bbox 555 4179 802 4253; x_wconf 64' lang='lat' dir='ltr'><strong>divinare</strong></span> <span class='ocrx_word' id='word_1_578' title='bbox 839 4195 946 4253; x_wconf 77' lang='lat' dir='ltr'><strong>non</strong></span> <span class='ocrx_word' id='word_1_579' title='bbox 972 4187 1156 4253; x_wconf 81' lang='lat' dir='ltr'><strong>posset</strong></span> <span class='ocrx_word' id='word_1_580' title='bbox 1179 4179 1438 4253; x_wconf 83' lang='lat' dir='ltr'><strong>quidnam</strong></span> <span class='ocrx_word' id='word_1_581' title='bbox 1469 4181 1651 4253; x_wconf 81' lang='lat' dir='ltr'><strong>potius</strong></span> <span class='ocrx_word' id='word_1_582' title='bbox 1694 4179 1981 4253; x_wconf 77' lang='lat' dir='ltr'><strong>legendum</strong></span> 
     </span>
    </p>
   </div>
   <div class='ocr_carea' id='block_1_81' title="bbox 389 4247 1983 4324">
    <p class='ocr_par' dir='ltr' id='par_1_81' title="bbox 389 4247 1983 4324">
     <span class='ocr_line' id='line_1_81' title="bbox 389 4247 1983 4324; baseline 0.001 -17"><span class='ocrx_word' id='word_1_583' title='bbox 389 4259 556 4324; x_wconf 80' lang='lat' dir='ltr'><strong>esset,</strong></span> <span class='ocrx_word' id='word_1_584' title='bbox 600 4247 669 4324; x_wconf 72' lang='lat' dir='ltr'><strong>Si</strong></span> <span class='ocrx_word' id='word_1_585' title='bbox 707 4247 1058 4324; x_wconf 75' lang='lat' dir='ltr'><strong>quis_ﬁ_de_l_is,</strong></span> <span class='ocrx_word' id='word_1_586' title='bbox 1109 4248 1264 4324; x_wconf 86' lang='lat' dir='ltr'><strong>ve|_si</strong></span> <span class='ocrx_word' id='word_1_587' title='bbox 1313 4266 1418 4320; x_wconf 86' lang='lat' dir='ltr'><strong>qua</strong></span> <span class='ocrx_word' id='word_1_588' title='bbox 1447 4247 1641 4324; x_wconf 74' lang='lat' dir='ltr'><strong>ﬁdelis,</strong></span> <span class='ocrx_word' id='word_1_589' title='bbox 1693 4247 1983 4324; x_wconf 73' lang='lat' dir='ltr'><strong>utrumque</strong></span> 
     </span>
    </p>
   </div>
   <div class='ocr_carea' id='block_1_82' title="bbox 388 4319 1984 4392">
    <p class='ocr_par' dir='ltr' id='par_1_82' title="bbox 388 4319 1984 4392">
     <span class='ocr_line' id='line_1_82' title="bbox 388 4319 1984 4392; baseline 0.004 -20"><span class='ocrx_word' id='word_1_590' title='bbox 388 4321 608 4392; x_wconf 65' lang='lat' dir='ltr'><strong>posuit,</strong></span> <span class='ocrx_word' id='word_1_591' title='bbox 656 4319 848 4373; x_wconf 90' lang='lat' dir='ltr'><strong>lectori</strong></span> <span class='ocrx_word' id='word_1_592' title='bbox 890 4319 1156 4392; x_wconf 78' lang='lat' dir='ltr'><strong>judicium</strong></span> <span class='ocrx_word' id='word_1_593' title='bbox 1206 4319 1476 4392; x_wconf 79' lang='lat' dir='ltr'><strong>integrum</strong></span> <span class='ocrx_word' id='word_1_594' title='bbox 1526 4319 1984 4392; x_wconf 48' lang='lat' dir='ltr'><strong>relinquensfld</strong></span> 
     </span>
    </p>
   </div>
   <div class='ocr_carea' id='block_1_83' title="bbox 389 4389 1974 4459">
    <p class='ocr_par' dir='ltr' id='par_1_83' title="bbox 389 4389 1974 4459">
     <span class='ocr_line' id='line_1_83' title="bbox 389 4389 1974 4459; baseline 0.004 -16"><span class='ocrx_word' id='word_1_595' title='bbox 389 4389 533 4443; x_wconf 76' lang='lat' dir='ltr'><strong>enim</strong></span> <span class='ocrx_word' id='word_1_596' title='bbox 573 4390 888 4459; x_wconf 83' lang='lat' dir='ltr'><strong>frequenter</strong></span> <span class='ocrx_word' id='word_1_597' title='bbox 925 4389 1188 4444; x_wconf 88' lang='lat' dir='ltr'><strong>accidisse</strong></span> <span class='ocrx_word' id='word_1_598' title='bbox 1212 4390 1487 4444; x_wconf 87' lang='lat' dir='ltr'><strong>veteribus</strong></span> <span class='ocrx_word' id='word_1_599' title='bbox 1523 4389 1764 4447; x_wconf 86' lang='lat' dir='ltr'><strong>librariis</strong></span> <span class='ocrx_word' id='word_1_600' title='bbox 1798 4395 1974 4449; x_wconf 91' lang='lat' dir='ltr'><strong>admo-</strong></span> 
     </span>
    </p>
   </div>
   <div class='ocr_carea' id='block_1_84' title="bbox 391 4458 1838 4528">
    <p class='ocr_par' dir='ltr' id='par_1_84' title="bbox 391 4458 1838 4528">
     <span class='ocr_line' id='line_1_84' title="bbox 391 4458 1838 4528; baseline 0.001 -14"><span class='ocrx_word' id='word_1_601' title='bbox 391 4461 611 4515; x_wconf 83' lang='lat' dir='ltr'><strong>nuimus</strong></span> <span class='ocrx_word' id='word_1_602' title='bbox 640 4458 706 4513; x_wconf 86' lang='lat' dir='ltr'><strong>ad</strong></span> <span class='ocrx_word' id='word_1_603' title='bbox 735 4458 1052 4514; x_wconf 85' lang='lat' dir='ltr'><strong>Salvianum</strong></span> <span class='ocrx_word' id='word_1_604' title='bbox 1086 4469 1141 4516; x_wconf 87' lang='lat' dir='ltr'><strong>et</strong></span> <span class='ocrx_word' id='word_1_605' title='bbox 1173 4459 1380 4528; x_wconf 89' lang='lat' dir='ltr'><strong>Lupum</strong></span> <span class='ocrx_word' id='word_1_606' title='bbox 1411 4459 1838 4518; x_wconf 87' lang='lat' dir='ltr'><strong>Ferrariensem.</strong></span> 
     </span>
    </p>
   </div>
   <div class='ocr_carea' id='block_1_85' title="bbox 463 4529 1985 4599">
    <p class='ocr_par' dir='ltr' id='par_1_85' title="bbox 463 4529 1985 4599">
     <span class='ocr_line' id='line_1_85' title="bbox 463 4529 1985 4599; baseline 0.003 -16"><span class='ocrx_word' id='word_1_607' title='bbox 463 4529 748 4583; x_wconf 46' lang='lat' dir='ltr'><strong>“Canibus</strong></span> <span class='ocrx_word' id='word_1_608' title='bbox 779 4538 829 4583; x_wconf 88' lang='lat' dir='ltr'><strong>et</strong></span> <span class='ocrx_word' id='word_1_609' title='bbox 859 4529 1094 4585; x_wconf 77' lang='lat' dir='ltr'><strong>curaliis.</strong></span> <span class='ocrx_word' id='word_1_610' title='bbox 1141 4530 1279 4584; x_wconf 87' lang='lat' dir='ltr'><strong>Hinc</strong></span> <span class='ocrx_word' id='word_1_611' title='bbox 1323 4538 1474 4599; x_wconf 88' lang='lat' dir='ltr'><strong>patet</strong></span> <span class='ocrx_word' id='word_1_612' title='bbox 1520 4531 1710 4598; x_wconf 89' lang='lat' dir='ltr'><strong>laicos,</strong></span> <span class='ocrx_word' id='word_1_613' title='bbox 1758 4535 1849 4599; x_wconf 92' lang='lat' dir='ltr'><strong>qui</strong></span> <span class='ocrx_word' id='word_1_614' title='bbox 1896 4549 1985 4588; x_wconf 86' lang='lat' dir='ltr'><strong>res</strong></span> 
     </span>
    </p>
   </div>
   <div class='ocr_carea' id='block_1_86' title="bbox 389 4599 1982 4670">
    <p class='ocr_par' dir='ltr' id='par_1_86' title="bbox 389 4599 1982 4670">
     <span class='ocr_line' id='line_1_86' title="bbox 389 4599 1982 4670; baseline 0.001 -15"><span class='ocrx_word' id='word_1_615' title='bbox 389 4599 792 4655; x_wconf 88' lang='lat' dir='ltr'><strong>ecclesiasticas</strong></span> <span class='ocrx_word' id='word_1_616' title='bbox 834 4601 1204 4670; x_wconf 89' lang='lat' dir='ltr'><strong>possidebant,</strong></span> <span class='ocrx_word' id='word_1_617' title='bbox 1242 4601 1308 4654; x_wconf 87' lang='lat' dir='ltr'><strong>iis</strong></span> <span class='ocrx_word' id='word_1_618' title='bbox 1345 4615 1472 4655; x_wconf 87' lang='lat' dir='ltr'><strong>usos</strong></span> <span class='ocrx_word' id='word_1_619' title='bbox 1513 4617 1634 4656; x_wconf 89' lang='lat' dir='ltr'><strong>esse</strong></span> <span class='ocrx_word' id='word_1_620' title='bbox 1676 4604 1742 4657; x_wconf 91' lang='lat' dir='ltr'><strong>ad</strong></span> <span class='ocrx_word' id='word_1_621' title='bbox 1774 4602 1982 4668; x_wconf 82' lang='lat' dir='ltr'><strong>luxum,</strong></span> 
     </span>
    </p>
   </div>
   <div class='ocr_carea' id='block_1_87' title="bbox 391 4669 1984 4728">
    <p class='ocr_par' dir='ltr' id='par_1_87' title="bbox 391 4669 1984 4728">
     <span class='ocr_line' id='line_1_87' title="bbox 391 4669 1984 4728; baseline 0.003 -4"><span class='ocrx_word' id='word_1_622' title='bbox 391 4685 498 4725; x_wconf 86' lang='lat' dir='ltr'><strong>non</strong></span> <span class='ocrx_word' id='word_1_623' title='bbox 527 4671 594 4726; x_wconf 86' lang='lat' dir='ltr'><strong>ad</strong></span> <span class='ocrx_word' id='word_1_624' title='bbox 617 4669 1025 4725; x_wconf 86' lang='lat' dir='ltr'><strong>necessitatem:</strong></span> <span class='ocrx_word' id='word_1_625' title='bbox 1057 4671 1199 4725; x_wconf 87' lang='lat' dir='ltr'><strong>haud</strong></span> <span class='ocrx_word' id='word_1_626' title='bbox 1227 4669 1388 4725; x_wconf 90' lang='lat' dir='ltr'><strong>dubie</strong></span> <span class='ocrx_word' id='word_1_627' title='bbox 1415 4680 1571 4725; x_wconf 86' lang='lat' dir='ltr'><strong>extra</strong></span> <span class='ocrx_word' id='word_1_628' title='bbox 1596 4673 1984 4728; x_wconf 90' lang='lat' dir='ltr'><strong>conscientiam</strong></span> 
     </span>
    </p>
   </div>
   <div class='ocr_carea' id='block_1_88' title="bbox 393 4739 1531 4812">
    <p class='ocr_par' dir='ltr' id='par_1_88' title="bbox 393 4739 1531 4812">
     <span class='ocr_line' id='line_1_88' title="bbox 393 4739 1531 4812; baseline -0.002 -18"><span class='ocrx_word' id='word_1_629' title='bbox 393 4741 733 4812; x_wconf 73' lang='lat' dir='ltr'><strong>principum;</strong></span> <span class='ocrx_word' id='word_1_630' title='bbox 774 4741 973 4812; x_wconf 78' lang='lat' dir='ltr'><strong>alioqui</strong></span> <span class='ocrx_word' id='word_1_631' title='bbox 1006 4755 1114 4812; x_wconf 91' lang='lat' dir='ltr'><strong>non</strong></span> <span class='ocrx_word' id='word_1_632' title='bbox 1157 4748 1315 4812; x_wconf 54' lang='lat' dir='ltr'><strong>erant</strong></span> <span class='ocrx_word' id='word_1_633' title='bbox 1350 4739 1531 4795; x_wconf 85' lang='lat' dir='ltr'><strong>laturi.</strong></span> 
     </span>
    </p>
   </div>
   <div class='ocr_carea' id='block_1_89' title="bbox 467 4808 1991 4882">
    <p class='ocr_par' dir='ltr' id='par_1_89' title="bbox 467 4808 1991 4882">
     <span class='ocr_line' id='line_1_89' title="bbox 467 4808 1991 4882; baseline 0.001 -16"><span class='ocrx_word' id='word_1_634' title='bbox 467 4822 489 4850; x_wconf 73' lang='grc' dir='ltr'>ε</span> <span class='ocrx_word' id='word_1_635' title='bbox 528 4808 631 4866; x_wconf 65' lang='lat' dir='ltr'><strong>sed</strong></span> <span class='ocrx_word' id='word_1_636' title='bbox 664 4813 822 4866; x_wconf 86' lang='lat' dir='ltr'><strong>etiam</strong></span> <span class='ocrx_word' id='word_1_637' title='bbox 858 4808 922 4865; x_wconf 74' lang='lat' dir='ltr'><strong>de</strong></span> <span class='ocrx_word' id='word_1_638' title='bbox 962 4811 1238 4882; x_wconf 79' lang='lat' dir='ltr'><strong>episwpis.</strong></span> <span class='ocrx_word' id='word_1_639' title='bbox 1274 4808 1448 4882; x_wconf 85' lang='lat' dir='ltr'><strong>Taxat</strong></span> <span class='ocrx_word' id='word_1_640' title='bbox 1492 4810 1772 4882; x_wconf 85' lang='lat' dir='ltr'><strong>episcopos</strong></span> <span class='ocrx_word' id='word_1_641' title='bbox 1807 4820 1861 4867; x_wconf 89' lang='lat' dir='ltr'><strong>et</strong></span> <span class='ocrx_word' id='word_1_642' title='bbox 1908 4827 1991 4868; x_wconf 83' lang='lat' dir='ltr'><strong>se-</strong></span> 
     </span>
    </p>
   </div>
   <div class='ocr_carea' id='block_1_90' title="bbox 393 4880 1989 4954">
    <p class='ocr_par' dir='ltr' id='par_1_90' title="bbox 393 4880 1989 4954">
     <span class='ocr_line' id='line_1_90' title="bbox 393 4880 1989 4954; baseline 0.001 -20"><span class='ocrx_word' id='word_1_643' title='bbox 393 4891 624 4954; x_wconf 82' lang='lat' dir='ltr'><strong>quentes</strong></span> <span class='ocrx_word' id='word_1_644' title='bbox 673 4882 949 4954; x_wconf 68' lang='lat' dir='ltr'><strong>praalatos,</strong></span> <span class='ocrx_word' id='word_1_645' title='bbox 985 4880 1078 4951; x_wconf 91' lang='lat' dir='ltr'><strong>qui</strong></span> <span class='ocrx_word' id='word_1_646' title='bbox 1124 4881 1287 4954; x_wconf 81' lang='lat' dir='ltr'><strong>rebus</strong></span> <span class='ocrx_word' id='word_1_647' title='bbox 1330 4880 1989 4954; x_wconf 14' lang='lat' dir='ltr'><strong>ecclesiasticisgutuntur</strong></span> 
     </span>
    </p>
   </div>
   <div class='ocr_carea' id='block_1_91' title="bbox 393 4950 1989 5022">
    <p class='ocr_par' dir='ltr' id='par_1_91' title="bbox 393 4950 1989 5022">
     <span class='ocr_line' id='line_1_91' title="bbox 393 4950 1989 5022; baseline 0.002 -17"><span class='ocrx_word' id='word_1_648' title='bbox 393 4953 460 5005; x_wconf 89' lang='lat' dir='ltr'><strong>ad</strong></span> <span class='ocrx_word' id='word_1_649' title='bbox 511 4950 716 5022; x_wconf 81' lang='lat' dir='ltr'><strong>luxum,</strong></span> <span class='ocrx_word' id='word_1_650' title='bbox 766 4967 942 5022; x_wconf 88' lang='lat' dir='ltr'><strong>neque</strong></span> <span class='ocrx_word' id='word_1_651' title='bbox 985 4950 1508 5022; x_wconf 18' lang='lat' dir='ltr'><strong>censiderantiquid</strong></span> <span class='ocrx_word' id='word_1_652' title='bbox 1554 4952 1619 5007; x_wconf 90' lang='lat' dir='ltr'><strong>de</strong></span> <span class='ocrx_word' id='word_1_653' title='bbox 1671 4952 1834 5009; x_wconf 91' lang='lat' dir='ltr'><strong>rebus</strong></span> <span class='ocrx_word' id='word_1_654' title='bbox 1876 4953 1989 5008; x_wconf 93' lang='lat' dir='ltr'><strong>Deo</strong></span> 
     </span>
    </p>
   </div>
   <div class='ocr_carea' id='block_1_92' title="bbox 392 5019 1987 5094">
    <p class='ocr_par' dir='ltr' id='par_1_92' title="bbox 392 5019 1987 5094">
     <span class='ocr_line' id='line_1_92' title="bbox 392 5019 1987 5094; baseline 0.003 -20"><span class='ocrx_word' id='word_1_655' title='bbox 392 5019 874 5094; x_wconf 69' lang='lat' dir='ltr'><strong>dicatisstatutum</strong></span> <span class='ocrx_word' id='word_1_656' title='bbox 904 5023 976 5079; x_wconf 88' lang='lat' dir='ltr'><strong>sit</strong></span> <span class='ocrx_word' id='word_1_657' title='bbox 1000 5037 1029 5076; x_wconf 90' lang='lat' dir='ltr'><strong>a</strong></span> <span class='ocrx_word' id='word_1_658' title='bbox 1057 5019 1325 5094; x_wconf 80' lang='lat' dir='ltr'><strong>patribus.</strong></span> <span class='ocrx_word' id='word_1_659' title='bbox 1344 5019 1539 5094; x_wconf 81' lang='lat' dir='ltr'><strong>Neque</strong></span> <span class='ocrx_word' id='word_1_660' title='bbox 1563 5022 1708 5078; x_wconf 91' lang='lat' dir='ltr'><strong>solos</strong></span> <span class='ocrx_word' id='word_1_661' title='bbox 1734 5023 1987 5094; x_wconf 73' lang='lat' dir='ltr'><strong>praelatos</strong></span> 
     </span>
    </p>
   </div>
   <div class='ocr_carea' id='block_1_93' title="bbox 393 5091 1991 5174">
    <p class='ocr_par' dir='ltr' id='par_1_93' title="bbox 393 5091 1991 5174">
     <span class='ocr_line' id='line_1_93' title="bbox 393 5091 1991 5174; baseline -0.001 -27"><span class='ocrx_word' id='word_1_662' title='bbox 393 5091 662 5174; x_wconf 78' lang='lat' dir='ltr'><strong>percellit,</strong></span> <span class='ocrx_word' id='word_1_663' title='bbox 711 5092 1019 5174; x_wconf 47' lang='lat' dir='ltr'><strong>sed‘etiam</strong></span> <span class='ocrx_word' id='word_1_664' title='bbox 1066 5091 1295 5174; x_wconf 80' lang='lat' dir='ltr'><strong>clericos</strong></span> <span class='ocrx_word' id='word_1_665' title='bbox 1444 5091 1812 5174; x_wconf 34' lang='lat' dir='ltr'><strong>universum.“</strong></span> <span class='ocrx_word' id='word_1_666' title='bbox 1837 5093 1991 5174; x_wconf 74' lang='lat' dir='ltr'><strong>Unde</strong></span> 
     </span>
    </p>
   </div>
   <div class='ocr_carea' id='block_1_94' title="bbox 395 5160 1991 5231">
    <p class='ocr_par' dir='ltr' id='par_1_94' title="bbox 395 5160 1991 5231">
     <span class='ocr_line' id='line_1_94' title="bbox 395 5160 1991 5231; baseline 0.001 -16"><span class='ocrx_word' id='word_1_667' title='bbox 395 5160 698 5231; x_wconf 87' lang='lat' dir='ltr'><strong>intelligere</strong></span> <span class='ocrx_word' id='word_1_668' title='bbox 761 5162 1041 5224; x_wconf 87' lang='lat' dir='ltr'><strong>debemus,</strong></span> <span class='ocrx_word' id='word_1_669' title='bbox 1085 5169 1352 5231; x_wconf 83' lang='lat' dir='ltr'><strong>quthuot</strong></span> <span class='ocrx_word' id='word_1_670' title='bbox 1402 5163 1457 5215; x_wconf 92' lang='lat' dir='ltr'><strong>in</strong></span> <span class='ocrx_word' id='word_1_671' title='bbox 1511 5170 1712 5216; x_wconf 88' lang='lat' dir='ltr'><strong>sortem</strong></span> <span class='ocrx_word' id='word_1_672' title='bbox 1776 5160 1991 5218; x_wconf 89' lang='lat' dir='ltr'><strong>Domini</strong></span> 
     </span>
    </p>
   </div>
   <div class='ocr_carea' id='block_1_95' title="bbox 395 5231 1991 5301">
    <p class='ocr_par' dir='ltr' id='par_1_95' title="bbox 395 5231 1991 5301">
     <span class='ocr_line' id='line_1_95' title="bbox 395 5231 1991 5301; baseline 0.001 -15"><span class='ocrx_word' id='word_1_673' title='bbox 395 5233 618 5301; x_wconf 78' lang='lat' dir='ltr'><strong>ascripti</strong></span> <span class='ocrx_word' id='word_1_674' title='bbox 669 5248 874 5295; x_wconf 91' lang='lat' dir='ltr'><strong>sumus,</strong></span> <span class='ocrx_word' id='word_1_675' title='bbox 920 5232 1077 5287; x_wconf 90' lang='lat' dir='ltr'><strong>nobis</strong></span> <span class='ocrx_word' id='word_1_676' title='bbox 1131 5231 1350 5300; x_wconf 89' lang='lat' dir='ltr'><strong>quidem</strong></span> <span class='ocrx_word' id='word_1_677' title='bbox 1389 5231 1653 5286; x_wconf 88' lang='lat' dir='ltr'><strong>creditam</strong></span> <span class='ocrx_word' id='word_1_678' title='bbox 1699 5247 1730 5286; x_wconf 89' lang='lat' dir='ltr'><strong>a</strong></span> <span class='ocrx_word' id='word_1_679' title='bbox 1762 5231 1991 5288; x_wconf 90' lang='lat' dir='ltr'><strong>Domino</strong></span> 
     </span>
    </p>
   </div>
   <div class='ocr_carea' id='block_1_96' title="bbox 395 5301 1987 5371">
    <p class='ocr_par' dir='ltr' id='par_1_96' title="bbox 395 5301 1987 5371">
     <span class='ocr_line' id='line_1_96' title="bbox 395 5301 1987 5371; baseline 0.001 -15"><span class='ocrx_word' id='word_1_680' title='bbox 395 5313 450 5356; x_wconf 86' lang='lat' dir='ltr'><strong>et</strong></span> <span class='ocrx_word' id='word_1_681' title='bbox 479 5303 547 5356; x_wconf 90' lang='lat' dir='ltr'><strong>ab</strong></span> <span class='ocrx_word' id='word_1_682' title='bbox 576 5302 820 5358; x_wconf 86' lang='lat' dir='ltr'><strong>Ecclesia</strong></span> <span class='ocrx_word' id='word_1_683' title='bbox 857 5318 1045 5358; x_wconf 88' lang='lat' dir='ltr'><strong>curam</strong></span> <span class='ocrx_word' id='word_1_684' title='bbox 1077 5313 1435 5371; x_wconf 85' lang='lat' dir='ltr'><strong>proventuum</strong></span> <span class='ocrx_word' id='word_1_685' title='bbox 1472 5301 1987 5366; x_wconf 82' lang='lat' dir='ltr'><strong>ecclesiasticorum,</strong></span> 
     </span>
    </p>
   </div>
   <div class='ocr_carea' id='block_1_97' title="bbox 397 5372 1992 5443">
    <p class='ocr_par' dir='ltr' id='par_1_97' title="bbox 397 5372 1992 5443">
     <span class='ocr_line' id='line_1_97' title="bbox 397 5372 1992 5443; baseline -0.002 -15"><span class='ocrx_word' id='word_1_686' title='bbox 397 5373 493 5428; x_wconf 86' lang='lat' dir='ltr'><strong>sed</strong></span> <span class='ocrx_word' id='word_1_687' title='bbox 521 5381 582 5426; x_wconf 92' lang='lat' dir='ltr'><strong>ut</strong></span> <span class='ocrx_word' id='word_1_688' title='bbox 618 5373 686 5428; x_wconf 90' lang='lat' dir='ltr'><strong>iis</strong></span> <span class='ocrx_word' id='word_1_689' title='bbox 723 5373 1429 5443; x_wconf 29' lang='lat' dir='ltr'><strong>utamur’quemadmodum</strong></span> <span class='ocrx_word' id='word_1_690' title='bbox 1469 5372 1557 5426; x_wconf 79' lang='lat' dir='ltr'><strong>lex</strong></span> <span class='ocrx_word' id='word_1_691' title='bbox 1592 5372 1770 5439; x_wconf 91' lang='lat' dir='ltr'><strong>iubet,</strong></span> <span class='ocrx_word' id='word_1_692' title='bbox 1797 5388 1903 5443; x_wconf 84' lang='lat' dir='ltr'><strong>non</strong></span> <span class='ocrx_word' id='word_1_693' title='bbox 1936 5373 1992 5426; x_wconf 89' lang='lat' dir='ltr'><strong>in</strong></span> 
     </span>
    </p>
   </div>
   <div class='ocr_carea' id='block_1_98' title="bbox 397 5441 1993 5513">
    <p class='ocr_par' dir='ltr' id='par_1_98' title="bbox 397 5441 1993 5513">
     <span class='ocr_line' id='line_1_98' title="bbox 397 5441 1993 5513; baseline -0.001 -16"><span class='ocrx_word' id='word_1_694' title='bbox 397 5443 553 5497; x_wconf 80' lang='lat' dir='ltr'><strong>vanis</strong></span> <span class='ocrx_word' id='word_1_695' title='bbox 578 5443 760 5498; x_wconf 68' lang='lat' dir='ltr'><strong>saeculi</strong></span> <span class='ocrx_word' id='word_1_696' title='bbox 789 5441 1005 5513; x_wconf 76' lang='lat' dir='ltr'><strong>pompis</strong></span> <span class='ocrx_word' id='word_1_697' title='bbox 1035 5452 1128 5496; x_wconf 90' lang='lat' dir='ltr'><strong>aut</strong></span> <span class='ocrx_word' id='word_1_698' title='bbox 1156 5442 1592 5513; x_wconf 84' lang='lat' dir='ltr'><strong>oblectamentis,</strong></span> <span class='ocrx_word' id='word_1_699' title='bbox 1629 5442 1724 5496; x_wconf 86' lang='lat' dir='ltr'><strong>sed</strong></span> <span class='ocrx_word' id='word_1_700' title='bbox 1761 5443 1814 5497; x_wconf 94' lang='lat' dir='ltr'><strong>in</strong></span> <span class='ocrx_word' id='word_1_701' title='bbox 1844 5441 1993 5497; x_wconf 85' lang='lat' dir='ltr'><strong>alen-</strong></span> 
     </span>
    </p>
   </div>
   <div class='ocr_carea' id='block_1_99' title="bbox 396 5512 1996 5584">
    <p class='ocr_par' dir='ltr' id='par_1_99' title="bbox 396 5512 1996 5584">
     <span class='ocr_line' id='line_1_99' title="bbox 396 5512 1996 5584; baseline -0.002 -15"><span class='ocrx_word' id='word_1_702' title='bbox 396 5515 482 5569; x_wconf 82' lang='lat' dir='ltr'><strong>dis</strong></span> <span class='ocrx_word' id='word_1_703' title='bbox 510 5516 716 5584; x_wconf 85' lang='lat' dir='ltr'><strong>egenis,</strong></span> <span class='ocrx_word' id='word_1_704' title='bbox 747 5512 1067 5584; x_wconf 83' lang='lat' dir='ltr'><strong>reparandis</strong></span> <span class='ocrx_word' id='word_1_705' title='bbox 1092 5512 1358 5577; x_wconf 87' lang='lat' dir='ltr'><strong>ecclesiis,</strong></span> <span class='ocrx_word' id='word_1_706' title='bbox 1388 5512 1540 5584; x_wconf 88' lang='lat' dir='ltr'><strong>libris</strong></span> <span class='ocrx_word' id='word_1_707' title='bbox 1573 5521 1787 5583; x_wconf 81' lang='lat' dir='ltr'><strong>quoque</strong></span> <span class='ocrx_word' id='word_1_708' title='bbox 1809 5515 1901 5582; x_wconf 89' lang='lat' dir='ltr'><strong>qui</strong></span> <span class='ocrx_word' id='word_1_709' title='bbox 1928 5513 1996 5584; x_wconf 88' lang='lat' dir='ltr'><strong>ad</strong></span> 
     </span>
    </p>
   </div>
   <div class='ocr_carea' id='block_1_100' title="bbox 397 5582 1994 5654">
    <p class='ocr_par' dir='ltr' id='par_1_100' title="bbox 397 5582 1994 5654">
     <span class='ocr_line' id='line_1_100' title="bbox 397 5582 1994 5654; baseline -0.002 -15"><span class='ocrx_word' id='word_1_710' title='bbox 397 5582 827 5654; x_wconf 73' lang='lat' dir='ltr'><strong>comparandam</strong></span> <span class='ocrx_word' id='word_1_711' title='bbox 881 5585 1137 5653; x_wconf 89' lang='lat' dir='ltr'><strong>pietatem</strong></span> <span class='ocrx_word' id='word_1_712' title='bbox 1189 5591 1246 5654; x_wconf 91' lang='lat' dir='ltr'><strong>et</strong></span> <span class='ocrx_word' id='word_1_713' title='bbox 1286 5583 1648 5654; x_wconf 83' lang='lat' dir='ltr'><strong>eruditionem</strong></span> <span class='ocrx_word' id='word_1_714' title='bbox 1701 5582 1994 5654; x_wconf 75' lang='lat' dir='ltr'><strong>necessarii</strong></span> 
     </span>
    </p>
   </div>
   <div class='ocr_carea' id='block_1_101' title="bbox 401 5653 1994 5724">
    <p class='ocr_par' dir='ltr' id='par_1_101' title="bbox 401 5653 1994 5724">
     <span class='ocr_line' id='line_1_101' title="bbox 401 5653 1994 5724; baseline -0.001 -16"><span class='ocrx_word' id='word_1_715' title='bbox 401 5662 499 5708; x_wconf 70' lang='lat' dir='ltr'><strong>aut</strong></span> <span class='ocrx_word' id='word_1_716' title='bbox 525 5653 686 5710; x_wconf 81' lang='lat' dir='ltr'><strong>utiles</strong></span> <span class='ocrx_word' id='word_1_717' title='bbox 712 5663 838 5710; x_wconf 87' lang='lat' dir='ltr'><strong>sunt</strong></span> <span class='ocrx_word' id='word_1_718' title='bbox 864 5655 1129 5724; x_wconf 88' lang='lat' dir='ltr'><strong>emendis,</strong></span> <span class='ocrx_word' id='word_1_719' title='bbox 1159 5653 1388 5724; x_wconf 86' lang='lat' dir='ltr'><strong>aliisque</strong></span> <span class='ocrx_word' id='word_1_720' title='bbox 1418 5653 1471 5708; x_wconf 90' lang='lat' dir='ltr'><strong>id</strong></span> <span class='ocrx_word' id='word_1_721' title='bbox 1494 5668 1686 5724; x_wconf 85' lang='lat' dir='ltr'><strong>genus.</strong></span> <span class='ocrx_word' id='word_1_722' title='bbox 1717 5653 1776 5707; x_wconf 89' lang='lat' dir='ltr'><strong>In</strong></span> <span class='ocrx_word' id='word_1_723' title='bbox 1797 5653 1994 5724; x_wconf 85' lang='lat' dir='ltr'><strong>primis</strong></span> 
     </span>
    </p>
   </div>
   <div class='ocr_carea' id='block_1_102' title="bbox 402 5723 1993 5794">
    <p class='ocr_par' dir='ltr' id='par_1_102' title="bbox 402 5723 1993 5794">
     <span class='ocr_line' id='line_1_102' title="bbox 402 5723 1993 5794; baseline -0.002 -14"><span class='ocrx_word' id='word_1_724' title='bbox 402 5732 583 5780; x_wconf 84' lang='lat' dir='ltr'><strong>tamen</strong></span> <span class='ocrx_word' id='word_1_725' title='bbox 632 5739 692 5782; x_wconf 90' lang='lat' dir='ltr'><strong>ea</strong></span> <span class='ocrx_word' id='word_1_726' title='bbox 744 5739 899 5780; x_wconf 85' lang='lat' dir='ltr'><strong>mens</strong></span> <span class='ocrx_word' id='word_1_727' title='bbox 927 5723 1184 5781; x_wconf 72' lang='lat' dir='ltr'><strong>Ecclesia:</strong></span> <span class='ocrx_word' id='word_1_728' title='bbox 1228 5723 1443 5794; x_wconf 86' lang='lat' dir='ltr'><strong>semper</strong></span> <span class='ocrx_word' id='word_1_729' title='bbox 1486 5723 1606 5794; x_wconf 70' lang='lat' dir='ltr'><strong>(uit.</strong></span> <span class='ocrx_word' id='word_1_730' title='bbox 1655 5731 1715 5777; x_wconf 92' lang='lat' dir='ltr'><strong>ut</strong></span> <span class='ocrx_word' id='word_1_731' title='bbox 1762 5723 1993 5778; x_wconf 89' lang='lat' dir='ltr'><strong>clericus</strong></span> 
     </span>
    </p>
   </div>
   <div class='ocr_carea' id='block_1_103' title="bbox 402 5791 1998 5852">
    <p class='ocr_par' dir='ltr' id='par_1_103' title="bbox 402 5791 1998 5852">
     <span class='ocr_line' id='line_1_103' title="bbox 402 5791 1998 5852; baseline -0.002 -3"><span class='ocrx_word' id='word_1_732' title='bbox 402 5803 532 5849; x_wconf 67' lang='lat' dir='ltr'><strong>ante</strong></span> <span class='ocrx_word' id='word_1_733' title='bbox 578 5797 760 5852; x_wconf 80' lang='lat' dir='ltr'><strong>omnia</strong></span> <span class='ocrx_word' id='word_1_734' title='bbox 820 5803 1032 5850; x_wconf 89' lang='lat' dir='ltr'><strong>tantum</strong></span> <span class='ocrx_word' id='word_1_735' title='bbox 1089 5803 1267 5852; x_wconf 88' lang='lat' dir='ltr'><strong>sumat</strong></span> <span class='ocrx_word' id='word_1_736' title='bbox 1311 5791 1377 5848; x_wconf 78' lang='lat' dir='ltr'><strong>de</strong></span> <span class='ocrx_word' id='word_1_737' title='bbox 1423 5791 1688 5849; x_wconf 82' lang='lat' dir='ltr'><strong>reditibus</strong></span> <span class='ocrx_word' id='word_1_738' title='bbox 1749 5794 1998 5850; x_wconf 86' lang='lat' dir='ltr'><strong>ecclesia-</strong></span> 
     </span>
    </p>
   </div>
   <div class='ocr_carea' id='block_1_104' title="bbox 2089 4039 3687 4112">
    <p class='ocr_par' dir='ltr' id='par_1_104' title="bbox 2089 4039 3687 4112">
     <span class='ocr_line' id='line_1_104' title="bbox 2089 4039 3687 4112; baseline -0.001 -14"><span class='ocrx_word' id='word_1_739' title='bbox 2089 4044 2264 4107; x_wconf 89' lang='lat' dir='ltr'><strong>sticis,</strong></span> <span class='ocrx_word' id='word_1_740' title='bbox 2295 4049 2556 4112; x_wconf 91' lang='lat' dir='ltr'><strong>quantum</strong></span> <span class='ocrx_word' id='word_1_741' title='bbox 2583 4042 2631 4096; x_wconf 89' lang='lat' dir='ltr'><strong>ei</strong></span> <span class='ocrx_word' id='word_1_742' title='bbox 2668 4041 2865 4096; x_wconf 88' lang='lat' dir='ltr'><strong>alendo</strong></span> <span class='ocrx_word' id='word_1_743' title='bbox 2894 4057 3031 4112; x_wconf 90' lang='lat' dir='ltr'><strong>epus</strong></span> <span class='ocrx_word' id='word_1_744' title='bbox 3057 4048 3158 4095; x_wconf 91' lang='lat' dir='ltr'><strong>est.</strong></span> <span class='ocrx_word' id='word_1_745' title='bbox 3205 4039 3358 4108; x_wconf 91' lang='lat' dir='ltr'><strong>Quod</strong></span> <span class='ocrx_word' id='word_1_746' title='bbox 3388 4042 3510 4096; x_wconf 90' lang='lat' dir='ltr'><strong>ideo</strong></span> <span class='ocrx_word' id='word_1_747' title='bbox 3536 4041 3687 4112; x_wconf 88' lang='lat' dir='ltr'><strong>dico,</strong></span> 
     </span>
    </p>
   </div>
   <div class='ocr_carea' id='block_1_105' title="bbox 2090 4111 3690 4184">
    <p class='ocr_par' dir='ltr' id='par_1_105' title="bbox 2090 4111 3690 4184">
     <span class='ocr_line' id='line_1_105' title="bbox 2090 4111 3690 4184; baseline 0 -15"><span class='ocrx_word' id='word_1_748' title='bbox 2090 4131 2158 4169; x_wconf 88' lang='lat' dir='ltr'><strong>ne</strong></span> <span class='ocrx_word' id='word_1_749' title='bbox 2196 4111 2325 4184; x_wconf 80' lang='lat' dir='ltr'><strong>quis</strong></span> <span class='ocrx_word' id='word_1_750' title='bbox 2360 4112 2430 4168; x_wconf 85' lang='lat' dir='ltr'><strong>ad</strong></span> <span class='ocrx_word' id='word_1_751' title='bbox 2461 4113 2718 4166; x_wconf 83' lang='lat' dir='ltr'><strong>invidiam</strong></span> <span class='ocrx_word' id='word_1_752' title='bbox 2757 4111 2941 4166; x_wconf 84' lang='lat' dir='ltr'><strong>trahat</strong></span> <span class='ocrx_word' id='word_1_753' title='bbox 2979 4127 3046 4167; x_wconf 89' lang='lat' dir='ltr'><strong>ea</strong></span> <span class='ocrx_word' id='word_1_754' title='bbox 3086 4127 3207 4182; x_wconf 77' lang='lat' dir='ltr'><strong>qua:</strong></span> <span class='ocrx_word' id='word_1_755' title='bbox 3247 4117 3500 4181; x_wconf 86' lang='lat' dir='ltr'><strong>superius</strong></span> <span class='ocrx_word' id='word_1_756' title='bbox 3539 4111 3690 4169; x_wconf 70' lang='lat' dir='ltr'><strong>dicta</strong></span> 
     </span>
    </p>
   </div>
   <div class='ocr_carea' id='block_1_106' title="bbox 2091 4195 3693 4324">
    <p class='ocr_par' dir='ltr' id='par_1_106' title="bbox 2091 4195 3693 4324">
     <span class='ocr_line' id='line_1_106' title="bbox 2160 4195 2236 4237; baseline -0.013 0"><span class='ocrx_word' id='word_1_757' title='bbox 2160 4195 2236 4237; x_wconf 90' lang='lat' dir='ltr'><strong>nt.</strong></span> 
     </span>
     <span class='ocr_line' id='line_1_107' title="bbox 2091 4201 3693 4324; baseline -0.001 -17"><span class='ocrx_word' id='word_1_758' title='bbox 2091 4201 2186 4293; x_wconf 70' lang='lat' dir='ltr'><strong>sud</strong></span> <span class='ocrx_word' id='word_1_759' title='bbox 2221 4253 2338 4307; x_wconf 83' lang='lat' dir='ltr'><strong>Sive</strong></span> <span class='ocrx_word' id='word_1_760' title='bbox 2362 4252 2676 4324; x_wconf 84' lang='lat' dir='ltr'><strong>quibusdam</strong></span> <span class='ocrx_word' id='word_1_761' title='bbox 2699 4251 2923 4306; x_wconf 83' lang='lat' dir='ltr'><strong>clericis.</strong></span> <span class='ocrx_word' id='word_1_762' title='bbox 2954 4250 3090 4324; x_wconf 77' lang='lat' dir='ltr'><strong>Nam</strong></span> <span class='ocrx_word' id='word_1_763' title='bbox 3113 4250 3436 4324; x_wconf 84' lang='lat' dir='ltr'><strong>clericorum</strong></span> <span class='ocrx_word' id='word_1_764' title='bbox 3467 4251 3693 4324; x_wconf 85' lang='lat' dir='ltr'><strong>nomine</strong></span> 
     </span>
    </p>
   </div>
   <div class='ocr_carea' id='block_1_107' title="bbox 2090 4321 3686 4394">
    <p class='ocr_par' dir='ltr' id='par_1_107' title="bbox 2090 4321 3686 4394">
     <span class='ocr_line' id='line_1_108' title="bbox 2090 4321 3686 4394; baseline -0.004 -15"><span class='ocrx_word' id='word_1_765' title='bbox 2090 4321 2626 4394; x_wconf 83' lang='lat' dir='ltr'><strong>comprehenduntur</strong></span> <span class='ocrx_word' id='word_1_766' title='bbox 2653 4331 2931 4394; x_wconf 84' lang='lat' dir='ltr'><strong>quotquot</strong></span> <span class='ocrx_word' id='word_1_767' title='bbox 2963 4321 3252 4394; x_wconf 23' lang='lat' dir='ltr'><strong>inﬁclerum</strong></span> <span class='ocrx_word' id='word_1_768' title='bbox 3282 4321 3504 4394; x_wconf 66' lang='lat' dir='ltr'><strong>ascripti</strong></span> <span class='ocrx_word' id='word_1_769' title='bbox 3535 4333 3686 4394; x_wconf 71' lang='lat' dir='ltr'><strong>sunt,</strong></span> 
     </span>
    </p>
   </div>
   <div class='ocr_carea' id='block_1_108' title="bbox 2092 4389 3688 4464">
    <p class='ocr_par' dir='ltr' id='par_1_108' title="bbox 2092 4389 3688 4464">
     <span class='ocr_line' id='line_1_109' title="bbox 2092 4389 3688 4464; baseline -0.002 -15"><span class='ocrx_word' id='word_1_770' title='bbox 2092 4389 2254 4450; x_wconf 86' lang='lat' dir='ltr'><strong>etiam</strong></span> <span class='ocrx_word' id='word_1_771' title='bbox 2281 4391 2606 4464; x_wconf 81' lang='lat' dir='ltr'><strong>presbyteri,</strong></span> <span class='ocrx_word' id='word_1_772' title='bbox 2644 4389 2700 4446; x_wconf 77' lang='lat' dir='ltr'><strong>et</strong></span> <span class='ocrx_word' id='word_1_773' title='bbox 2725 4389 2974 4464; x_wconf 74' lang='lat' dir='ltr'><strong>diacoui_._</strong></span> <span class='ocrx_word' id='word_1_774' title='bbox 3007 4389 3559 4464; x_wconf 69' lang='lat' dir='ltr'><strong>Gregoriusbiagnus</strong></span> <span class='ocrx_word' id='word_1_775' title='bbox 3589 4390 3688 4464; x_wconf 81' lang='lat' dir='ltr'><strong>lib.</strong></span> 
     </span>
    </p>
   </div>
   <div class='ocr_carea' id='block_1_109' title="bbox 2010 4459 3692 4532">
    <p class='ocr_par' dir='ltr' id='par_1_109' title="bbox 2010 4459 3692 4532">
     <span class='ocr_line' id='line_1_110' title="bbox 2010 4459 3692 4532; baseline -0.002 -13"><span class='ocrx_word' id='word_1_776' title='bbox 2010 4459 2064 4518; x_wconf 91' lang='lat' dir='ltr'><strong>D</strong></span> <span class='ocrx_word' id='word_1_777' title='bbox 2092 4481 2166 4529; x_wconf 73' lang='lat' dir='ltr'><strong>x1,</strong></span> <span class='ocrx_word' id='word_1_778' title='bbox 2196 4459 2386 4519; x_wconf 58' lang='lat' dir='ltr'><strong>ind&#39;ict.</strong></span> <span class='ocrx_word' id='word_1_779' title='bbox 2418 4459 2472 4528; x_wconf 63' lang='grc'><strong>6⁷,</strong></span> <span class='ocrx_word' id='word_1_780' title='bbox 2518 4463 2680 4532; x_wconf 86' lang='lat' dir='ltr'><strong>epist.</strong></span> <span class='ocrx_word' id='word_1_781' title='bbox 2722 4460 2830 4514; x_wconf 64' lang='lat'><strong>54:</strong></span> <span class='ocrx_word' id='word_1_782' title='bbox 2880 4481 2897 4512; x_wconf 78' lang='grc' dir='ltr'>ι</span> <span class='ocrx_word' id='word_1_783' title='bbox 2933 4461 3010 4515; x_wconf 87' lang='lat' dir='ltr'><strong>Ne</strong></span> <span class='ocrx_word' id='word_1_784' title='bbox 3051 4459 3181 4516; x_wconf 67' lang='lat' dir='ltr'><strong>vei-0</strong></span> <span class='ocrx_word' id='word_1_785' title='bbox 3215 4459 3534 4532; x_wconf 65' lang='lat' dir='ltr'><strong>obiiciatur;</strong></span> <span class='ocrx_word' id='word_1_786' title='bbox 3549 4463 3692 4530; x_wconf 79' lang='lat' dir='ltr'><strong>quia</strong></span> 
     </span>
    </p>
   </div>
   <div class='ocr_carea' id='block_1_110' title="bbox 2089 4527 3690 4602">
    <p class='ocr_par' dir='ltr' id='par_1_110' title="bbox 2089 4527 3690 4602">
     <span class='ocr_line' id='line_1_111' title="bbox 2089 4527 3690 4602; baseline -0.003 -14"><span class='ocrx_word' id='word_1_787' title='bbox 2089 4527 2217 4590; x_wconf 85' lang='lat' dir='ltr'><strong>ecce</strong></span> <span class='ocrx_word' id='word_1_788' title='bbox 2249 4537 2314 4589; x_wconf 74' lang='lat' dir='ltr'><strong>de</strong></span> <span class='ocrx_word' id='word_1_789' title='bbox 2350 4527 2778 4588; x_wconf 59' lang='lat' dir='ltr'><strong>eodem&#39;clerico</strong></span> <span class='ocrx_word' id='word_1_790' title='bbox 2817 4532 3079 4602; x_wconf 88' lang='lat' dir='ltr'><strong>loquitur,</strong></span> <span class='ocrx_word' id='word_1_791' title='bbox 3118 4546 3225 4586; x_wconf 90' lang='lat' dir='ltr'><strong>non</strong></span> <span class='ocrx_word' id='word_1_792' title='bbox 3253 4527 3318 4586; x_wconf 84' lang='lat' dir='ltr'><strong>de</strong></span> <span class='ocrx_word' id='word_1_793' title='bbox 3346 4527 3690 4602; x_wconf 66' lang='lat' dir='ltr'><strong>presbytero,</strong></span> 
     </span>
    </p>
   </div>
   <div class='ocr_carea' id='block_1_111' title="bbox 2087 4599 3690 4671">
    <p class='ocr_par' dir='ltr' id='par_1_111' title="bbox 2087 4599 3690 4671">
     <span class='ocr_line' id='line_1_112' title="bbox 2087 4599 3690 4671; baseline -0.002 -12"><span class='ocrx_word' id='word_1_794' title='bbox 2087 4605 2367 4660; x_wconf 86' lang='lat' dir='ltr'><strong>sciendum</strong></span> <span class='ocrx_word' id='word_1_795' title='bbox 2390 4612 2475 4657; x_wconf 84' lang='lat' dir='ltr'><strong>est</strong></span> <span class='ocrx_word' id='word_1_796' title='bbox 2499 4603 2624 4671; x_wconf 91' lang='lat' dir='ltr'><strong>quia</strong></span> <span class='ocrx_word' id='word_1_797' title='bbox 2653 4603 2706 4656; x_wconf 88' lang='lat' dir='ltr'><strong>in</strong></span> <span class='ocrx_word' id='word_1_798' title='bbox 2736 4599 2926 4656; x_wconf 84' lang='lat' dir='ltr'><strong>eadem</strong></span> <span class='ocrx_word' id='word_1_799' title='bbox 2953 4599 3690 4669; x_wconf 35' lang='lat' dir='ltr'><strong>constitutionefcapitulolﬁ</strong></span> 
     </span>
    </p>
   </div>
   <div class='ocr_carea' id='block_1_112' title="bbox 2089 4671 3692 4744">
    <p class='ocr_par' dir='ltr' id='par_1_112' title="bbox 2089 4671 3692 4744">
     <span class='ocr_line' id='line_1_113' title="bbox 2089 4671 3692 4744; baseline -0.002 -16"><span class='ocrx_word' id='word_1_800' title='bbox 2089 4676 2286 4744; x_wconf 83' lang='lat' dir='ltr'><strong>legitur</strong></span> <span class='ocrx_word' id='word_1_801' title='bbox 2343 4676 2395 4728; x_wconf 90' lang='lat' dir='ltr'><strong>in</strong></span> <span class='ocrx_word' id='word_1_802' title='bbox 2445 4673 2805 4743; x_wconf 85' lang='lat' dir='ltr'><strong>appellatione</strong></span> <span class='ocrx_word' id='word_1_803' title='bbox 2860 4673 3185 4744; x_wconf 81' lang='lat' dir='ltr'><strong>clericoer</strong></span> <span class='ocrx_word' id='word_1_804' title='bbox 3235 4678 3293 4725; x_wconf 89' lang='lat' dir='ltr'><strong>et</strong></span> <span class='ocrx_word' id='word_1_805' title='bbox 3338 4671 3692 4744; x_wconf 69' lang='lat' dir='ltr'><strong>presbyteros</strong></span> 
     </span>
    </p>
   </div>
   <div class='ocr_carea' id='block_1_113' title="bbox 2087 4738 3692 4800">
    <p class='ocr_par' dir='ltr' id='par_1_113' title="bbox 2087 4738 3692 4800">
     <span class='ocr_line' id='line_1_114' title="bbox 2087 4738 3692 4800; baseline -0.002 0"><span class='ocrx_word' id='word_1_806' title='bbox 2087 4738 2437 4800; x_wconf 58' lang='lat' dir='ltr'><strong>et&#39;diaconos</strong></span> <span class='ocrx_word' id='word_1_807' title='bbox 2472 4738 2758 4797; x_wconf 75' lang='lat' dir='ltr'><strong>contineri.</strong></span> <span class='ocrx_word' id='word_1_808' title='bbox 2802 4763 2820 4795; x_wconf 74' lang='grc' dir='ltr'><strong><em>ι</em></strong></span> <span class='ocrx_word' id='word_1_809' title='bbox 2879 4743 3014 4796; x_wconf 87' lang='lat' dir='ltr'><strong>Tum</strong></span> <span class='ocrx_word' id='word_1_810' title='bbox 3053 4740 3210 4795; x_wconf 81' lang='lat' dir='ltr'><strong>all&#39;ert</strong></span> <span class='ocrx_word' id='word_1_811' title='bbox 3246 4738 3407 4796; x_wconf 84' lang='lat' dir='ltr'><strong>verba</strong></span> <span class='ocrx_word' id='word_1_812' title='bbox 3451 4738 3692 4796; x_wconf 69' lang='lat' dir='ltr'><strong>Novella</strong></span> 
     </span>
    </p>
   </div>
   <div class='ocr_carea' id='block_1_114' title="bbox 2089 4809 3692 4884">
    <p class='ocr_par' dir='ltr' id='par_1_114' title="bbox 2089 4809 3692 4884">
     <span class='ocr_line' id='line_1_115' title="bbox 2089 4809 3692 4884; baseline -0.002 -14"><span class='ocrx_word' id='word_1_813' title='bbox 2089 4815 2194 4870; x_wconf 72' lang='grc'><strong>125</strong></span> <span class='ocrx_word' id='word_1_814' title='bbox 2241 4813 2588 4884; x_wconf 86' lang='lat' dir='ltr'><strong>imperatoris</strong></span> <span class='ocrx_word' id='word_1_815' title='bbox 2635 4812 2963 4879; x_wconf 73' lang='lat' dir='ltr'><strong>Iustiniani,</strong></span> <span class='ocrx_word' id='word_1_816' title='bbox 3012 4812 3068 4865; x_wconf 88' lang='lat' dir='ltr'><strong>iu</strong></span> <span class='ocrx_word' id='word_1_817' title='bbox 3118 4826 3224 4884; x_wconf 83' lang='lat' dir='ltr'><strong>qua</strong></span> <span class='ocrx_word' id='word_1_818' title='bbox 3271 4811 3388 4865; x_wconf 70' lang='lat' dir='ltr'><strong>haec</strong></span> <span class='ocrx_word' id='word_1_819' title='bbox 3433 4809 3692 4884; x_wconf 80' lang='lat' dir='ltr'><strong>leguntur</strong></span> 
     </span>
    </p>
   </div>
   <div class='ocr_carea' id='block_1_115' title="bbox 2090 4881 3695 4955">
    <p class='ocr_par' dir='ltr' id='par_1_115' title="bbox 2090 4881 3695 4955">
     <span class='ocr_line' id='line_1_116' title="bbox 2090 4881 3695 4955; baseline -0.004 -14"><span class='ocrx_word' id='word_1_820' title='bbox 2090 4902 2208 4955; x_wconf 86' lang='lat' dir='ltr'><strong>cap.</strong></span> <span class='ocrx_word' id='word_1_821' title='bbox 2243 4881 2349 4941; x_wconf 45' lang='lat' dir='ltr'><strong>l9&quot;:</strong></span> <span class='ocrx_word' id='word_1_822' title='bbox 2387 4903 2404 4935; x_wconf 86' lang='grc'><strong>‹</strong></span> <span class='ocrx_word' id='word_1_823' title='bbox 2439 4884 2808 4955; x_wconf 82' lang='lat' dir='ltr'><strong>Presbyteros</strong></span> <span class='ocrx_word' id='word_1_824' title='bbox 2839 4891 3038 4945; x_wconf 90' lang='lat' dir='ltr'><strong>autem,</strong></span> <span class='ocrx_word' id='word_1_825' title='bbox 3073 4890 3129 4935; x_wconf 90' lang='lat' dir='ltr'><strong>et</strong></span> <span class='ocrx_word' id='word_1_826' title='bbox 3159 4881 3435 4944; x_wconf 88' lang='lat' dir='ltr'><strong>diaconos,</strong></span> <span class='ocrx_word' id='word_1_827' title='bbox 3470 4881 3527 4955; x_wconf 76' lang='lat' dir='ltr'><strong>et</strong></span> <span class='ocrx_word' id='word_1_828' title='bbox 3565 4881 3695 4955; x_wconf 80' lang='lat' dir='ltr'><strong>sub-</strong></span> 
     </span>
    </p>
   </div>
   <div class='ocr_carea' id='block_1_116' title="bbox 2091 4950 3692 5021">
    <p class='ocr_par' dir='ltr' id='par_1_116' title="bbox 2091 4950 3692 5021">
     <span class='ocr_line' id='line_1_117' title="bbox 2091 4950 3692 5021; baseline -0.003 -9"><span class='ocrx_word' id='word_1_829' title='bbox 2091 4950 2368 5016; x_wconf 82' lang='lat' dir='ltr'><strong>diaconos,</strong></span> <span class='ocrx_word' id='word_1_830' title='bbox 2399 4950 2672 5019; x_wconf 81' lang='lat' dir='ltr'><strong>cantores,</strong></span> <span class='ocrx_word' id='word_1_831' title='bbox 2713 4963 2769 5009; x_wconf 91' lang='lat' dir='ltr'><strong>et</strong></span> <span class='ocrx_word' id='word_1_832' title='bbox 2796 4953 3049 5017; x_wconf 89' lang='lat' dir='ltr'><strong>lectores,</strong></span> <span class='ocrx_word' id='word_1_833' title='bbox 3077 4967 3216 5021; x_wconf 85' lang='lat' dir='ltr'><strong>quos</strong></span> <span class='ocrx_word' id='word_1_834' title='bbox 3243 4965 3433 5005; x_wconf 90' lang='lat' dir='ltr'><strong>omnes</strong></span> <span class='ocrx_word' id='word_1_835' title='bbox 3459 4950 3692 5021; x_wconf 81' lang='lat' dir='ltr'><strong>clericos</strong></span> 
     </span>
    </p>
   </div>
   <div class='ocr_carea' id='block_1_117' title="bbox 2092 5020 3694 5096">
    <p class='ocr_par' dir='ltr' id='par_1_117' title="bbox 2092 5020 3694 5096">
     <span class='ocr_line' id='line_1_118' title="bbox 2092 5020 3694 5096; baseline -0.003 -16"><span class='ocrx_word' id='word_1_836' title='bbox 2092 5026 2443 5096; x_wconf 89' lang='lat' dir='ltr'><strong>appellamus.</strong></span> <span class='ocrx_word' id='word_1_837' title='bbox 2480 5045 2501 5096; x_wconf 14' lang='grc' dir='ltr'><strong>»γ</strong></span> <span class='ocrx_word' id='word_1_838' title='bbox 2539 5023 2642 5096; x_wconf 84' lang='lat' dir='ltr'><strong>I_)iu</strong></span> <span class='ocrx_word' id='word_1_839' title='bbox 2680 5032 2860 5096; x_wconf 88' lang='lat' dir='ltr'><strong>tamen</strong></span> <span class='ocrx_word' id='word_1_840' title='bbox 2896 5031 3017 5096; x_wconf 75' lang='lat' dir='ltr'><strong>post</strong></span> <span class='ocrx_word' id='word_1_841' title='bbox 3041 5020 3452 5096; x_wconf 67' lang='lat' dir='ltr'><strong>_b_tec_t_empora</strong></span> <span class='ocrx_word' id='word_1_842' title='bbox 3479 5020 3694 5096; x_wconf 60' lang='lat' dir='ltr'><strong>dubita.</strong></span> 
     </span>
    </p>
   </div>
   <div class='ocr_carea' id='block_1_118' title="bbox 2092 5090 3695 5166">
    <p class='ocr_par' dir='ltr' id='par_1_118' title="bbox 2092 5090 3695 5166">
     <span class='ocr_line' id='line_1_119' title="bbox 2092 5090 3695 5166; baseline -0.006 -14"><span class='ocrx_word' id='word_1_843' title='bbox 2092 5090 2206 5152; x_wconf 79' lang='lat' dir='ltr'><strong>tum</strong></span> <span class='ocrx_word' id='word_1_844' title='bbox 2245 5103 2330 5151; x_wconf 90' lang='lat' dir='ltr'><strong>est</strong></span> <span class='ocrx_word' id='word_1_845' title='bbox 2366 5095 2506 5166; x_wconf 86' lang='lat' dir='ltr'><strong>apud</strong></span> <span class='ocrx_word' id='word_1_846' title='bbox 2545 5090 2912 5166; x_wconf 75' lang='lat' dir='ltr'><strong>Ruscinones,</strong></span> <span class='ocrx_word' id='word_1_847' title='bbox 2957 5091 3145 5166; x_wconf 62' lang='lat' dir='ltr'><strong>Galliae</strong></span> <span class='ocrx_word' id='word_1_848' title='bbox 3188 5090 3558 5166; x_wconf 77' lang='lat' dir='ltr'><strong>Narbonensis</strong></span> <span class='ocrx_word' id='word_1_849' title='bbox 3594 5105 3695 5166; x_wconf 75' lang='lat' dir='ltr'><strong>po-</strong></span> 
     </span>
    </p>
   </div>
   <div class='ocr_carea' id='block_1_119' title="bbox 2090 5160 3689 5236">
    <p class='ocr_par' dir='ltr' id='par_1_119' title="bbox 2090 5160 3689 5236">
     <span class='ocr_line' id='line_1_120' title="bbox 2090 5160 3689 5236; baseline -0.003 -17"><span class='ocrx_word' id='word_1_850' title='bbox 2090 5166 2263 5236; x_wconf 84' lang='lat' dir='ltr'><strong>pulos,</strong></span> <span class='ocrx_word' id='word_1_851' title='bbox 2293 5183 2360 5220; x_wconf 89' lang='lat' dir='ltr'><strong>an</strong></span> <span class='ocrx_word' id='word_1_852' title='bbox 2384 5160 2716 5236; x_wconf 75' lang='lat' dir='ltr'><strong>clericorum.</strong></span> <span class='ocrx_word' id='word_1_853' title='bbox 2733 5165 2950 5218; x_wconf 88' lang='lat' dir='ltr'><strong>nomine</strong></span> <span class='ocrx_word' id='word_1_854' title='bbox 2975 5163 3402 5236; x_wconf 82' lang='lat' dir='ltr'><strong>intelligerentur</strong></span> <span class='ocrx_word' id='word_1_855' title='bbox 3426 5160 3689 5236; x_wconf 78' lang='lat' dir='ltr'><strong>episcopi,</strong></span> 
     </span>
    </p>
   </div>
   <div class='ocr_carea' id='block_1_120' title="bbox 2092 5230 3692 5302">
    <p class='ocr_par' dir='ltr' id='par_1_120' title="bbox 2092 5230 3692 5302">
     <span class='ocr_line' id='line_1_121' title="bbox 2092 5230 3692 5302; baseline -0.004 -11"><span class='ocrx_word' id='word_1_856' title='bbox 2092 5230 2338 5300; x_wconf 76' lang='lat' dir='ltr'><strong>abbates,</strong></span> <span class='ocrx_word' id='word_1_857' title='bbox 2369 5245 2424 5291; x_wconf 91' lang='lat' dir='ltr'><strong>et</strong></span> <span class='ocrx_word' id='word_1_858' title='bbox 2462 5235 2643 5289; x_wconf 67' lang='lat' dir='ltr'><strong>caeteri</strong></span> <span class='ocrx_word' id='word_1_859' title='bbox 2682 5236 2882 5302; x_wconf 88' lang='lat' dir='ltr'><strong>gradus</strong></span> <span class='ocrx_word' id='word_1_860' title='bbox 2916 5230 3503 5302; x_wconf 11' lang='lat' dir='ltr'><strong>ecclesiastieigziquam</strong></span> <span class='ocrx_word' id='word_1_861' title='bbox 3534 5230 3692 5285; x_wconf 86' lang='lat' dir='ltr'><strong>dubi-</strong></span> 
     </span>
    </p>
   </div>
   <div class='ocr_carea' id='block_1_121' title="bbox 2094 5300 3692 5380">
    <p class='ocr_par' dir='ltr' id='par_1_121' title="bbox 2094 5300 3692 5380">
     <span class='ocr_line' id='line_1_122' title="bbox 2094 5300 3692 5380; baseline -0.003 -20"><span class='ocrx_word' id='word_1_862' title='bbox 2094 5308 2354 5380; x_wconf 76' lang='lat' dir='ltr'><strong>tationem</strong></span> <span class='ocrx_word' id='word_1_863' title='bbox 2370 5305 2529 5380; x_wconf 89' lang='lat' dir='ltr'><strong>_edi_ta</strong></span> <span class='ocrx_word' id='word_1_864' title='bbox 2554 5300 2937 5380; x_wconf 77' lang='lat' dir='ltr'><strong>constitutione</strong></span> <span class='ocrx_word' id='word_1_865' title='bbox 2963 5303 3179 5380; x_wconf 81' lang='lat' dir='ltr'><strong>sustulit</strong></span> <span class='ocrx_word' id='word_1_866' title='bbox 3201 5300 3373 5380; x_wconf 81' lang='lat' dir='ltr'><strong>Guido</strong></span> <span class='ocrx_word' id='word_1_867' title='bbox 3393 5300 3692 5380; x_wconf 85' lang='lat' dir='ltr'><strong>_episcopus</strong></span> 
     </span>
    </p>
   </div>
   <div class='ocr_carea' id='block_1_122' title="bbox 2095 5369 3692 5446">
    <p class='ocr_par' dir='ltr' id='par_1_122' title="bbox 2095 5369 3692 5446">
     <span class='ocr_line' id='line_1_123' title="bbox 2095 5369 3692 5446; baseline -0.003 -15"><span class='ocrx_word' id='word_1_868' title='bbox 2095 5377 2413 5446; x_wconf 84' lang='lat' dir='ltr'><strong>Ilelenensis</strong></span> <span class='ocrx_word' id='word_1_869' title='bbox 2469 5377 2523 5430; x_wconf 92' lang='lat' dir='ltr'><strong>in</strong></span> <span class='ocrx_word' id='word_1_870' title='bbox 2574 5375 2780 5446; x_wconf 84' lang='lat' dir='ltr'><strong>synodo</strong></span> <span class='ocrx_word' id='word_1_871' title='bbox 2826 5375 3276 5446; x_wconf 77' lang='lat' dir='ltr'><strong>sua__di(ecesana</strong></span> <span class='ocrx_word' id='word_1_872' title='bbox 3319 5369 3504 5424; x_wconf 89' lang='lat' dir='ltr'><strong>habita</strong></span> <span class='ocrx_word' id='word_1_873' title='bbox 3545 5369 3692 5426; x_wconf 77' lang='lat' dir='ltr'><strong>atmo</strong></span> 
     </span>
    </p>
   </div>
   <div class='ocr_carea' id='block_1_123' title="bbox 2096 5443 3041 5513">
    <p class='ocr_par' dir='ltr' id='par_1_123' title="bbox 2096 5443 3041 5513">
     <span class='ocr_line' id='line_1_124' title="bbox 2096 5443 3041 5513; baseline -0.005 -12"><span class='ocrx_word' id='word_1_874' title='bbox 2096 5445 2234 5502; x_wconf 77' lang='grc'><strong>1559</strong></span> <span class='ocrx_word' id='word_1_875' title='bbox 2261 5447 2346 5502; x_wconf 88' lang='lat' dir='ltr'><strong>die</strong></span> <span class='ocrx_word' id='word_1_876' title='bbox 2370 5453 2567 5501; x_wconf 84' lang='lat' dir='ltr'><strong>octava</strong></span> <span class='ocrx_word' id='word_1_877' title='bbox 2594 5443 2798 5499; x_wconf 82' lang='lat' dir='ltr'><strong>mensis</strong></span> <span class='ocrx_word' id='word_1_878' title='bbox 2819 5443 3041 5513; x_wconf 86' lang='lat' dir='ltr'><strong>Aprilis.</strong></span> 
     </span>
    </p>
   </div>
   <div class='ocr_carea' id='block_1_124' title="bbox 2171 5507 3691 5584">
    <p class='ocr_par' dir='ltr' id='par_1_124' title="bbox 2171 5507 3691 5584">
     <span class='ocr_line' id='line_1_125' title="bbox 2171 5507 3691 5584; baseline -0.003 -14"><span class='ocrx_word' id='word_1_879' title='bbox 2171 5528 2194 5556; x_wconf 73' lang='grc' dir='ltr'><strong>ο</strong></span> <span class='ocrx_word' id='word_1_880' title='bbox 2239 5516 2342 5570; x_wconf 85' lang='lat' dir='ltr'><strong>Hic</strong></span> <span class='ocrx_word' id='word_1_881' title='bbox 2380 5515 2521 5568; x_wconf 88' lang='lat' dir='ltr'><strong>talis.</strong></span> <span class='ocrx_word' id='word_1_882' title='bbox 2561 5515 2654 5568; x_wconf 82' lang='lat' dir='ltr'><strong>Ait</strong></span> <span class='ocrx_word' id='word_1_883' title='bbox 2697 5507 3045 5584; x_wconf 78' lang='lat' dir='ltr'><strong>episcopum,</strong></span> <span class='ocrx_word' id='word_1_884' title='bbox 3093 5512 3309 5566; x_wconf 87' lang='lat' dir='ltr'><strong>tametsi</strong></span> <span class='ocrx_word' id='word_1_885' title='bbox 3355 5510 3548 5584; x_wconf 79' lang='lat' dir='ltr'><strong>doctus</strong></span> <span class='ocrx_word' id='word_1_886' title='bbox 3587 5507 3691 5584; x_wconf 66' lang='lat' dir='ltr'><strong>sit,</strong></span> 
     </span>
    </p>
   </div>
   <div class='ocr_carea' id='block_1_125' title="bbox 2098 5578 3690 5660">
    <p class='ocr_par' dir='ltr' id='par_1_125' title="bbox 2098 5578 3690 5660">
     <span class='ocr_line' id='line_1_126' title="bbox 2098 5578 3690 5660; baseline -0.006 -18"><span class='ocrx_word' id='word_1_887' title='bbox 2098 5603 2161 5642; x_wconf 88' lang='lat' dir='ltr'><strong>ac</strong></span> <span class='ocrx_word' id='word_1_888' title='bbox 2187 5585 2443 5660; x_wconf 82' lang='lat' dir='ltr'><strong>pepulum</strong></span> <span class='ocrx_word' id='word_1_889' title='bbox 2473 5578 2762 5653; x_wconf 73' lang='lat' dir='ltr'><strong>diligenter</strong></span> <span class='ocrx_word' id='word_1_890' title='bbox 2802 5578 3054 5660; x_wconf 64' lang='lat' dir='ltr'><strong>instruat,</strong></span> <span class='ocrx_word' id='word_1_891' title='bbox 3084 5584 3302 5660; x_wconf 75' lang='lat' dir='ltr'><strong>:eterpis</strong></span> <span class='ocrx_word' id='word_1_892' title='bbox 3329 5578 3690 5660; x_wconf 69' lang='lat' dir='ltr'><strong>poenisaddi-</strong></span> 
     </span>
    </p>
   </div>
   <div class='ocr_carea' id='block_1_126' title="bbox 2098 5653 3697 5782">
    <p class='ocr_par' dir='ltr' id='par_1_126' title="bbox 2098 5653 3697 5782">
     <span class='ocr_line' id='line_1_127' title="bbox 2098 5653 3697 5725; baseline -0.006 -13"><span class='ocrx_word' id='word_1_893' title='bbox 2098 5653 2365 5721; x_wconf 44' lang='lat' dir='ltr'><strong>ctum—iri,</strong></span> <span class='ocrx_word' id='word_1_894' title='bbox 2395 5657 2441 5710; x_wconf 88' lang='lat' dir='ltr'><strong>si</strong></span> <span class='ocrx_word' id='word_1_895' title='bbox 2472 5659 2683 5725; x_wconf 79' lang='lat' dir='ltr'><strong>pompis</strong></span> <span class='ocrx_word' id='word_1_896' title='bbox 2715 5655 2898 5712; x_wconf 78' lang='lat' dir='ltr'><strong>saeculi</strong></span> <span class='ocrx_word' id='word_1_897' title='bbox 2933 5653 3148 5713; x_wconf 87' lang='lat' dir='ltr'><strong>deditus</strong></span> <span class='ocrx_word' id='word_1_898' title='bbox 3185 5653 3275 5712; x_wconf 90' lang='lat' dir='ltr'><strong>sit.</strong></span> <span class='ocrx_word' id='word_1_899' title='bbox 3311 5659 3366 5708; x_wconf 90' lang='lat' dir='ltr'><strong>et</strong></span> <span class='ocrx_word' id='word_1_900' title='bbox 3393 5653 3570 5704; x_wconf 89' lang='lat' dir='ltr'><strong>sacris</strong></span> <span class='ocrx_word' id='word_1_901' title='bbox 3606 5663 3697 5703; x_wconf 65' lang='lat' dir='ltr'><strong>reo</strong></span> 
     </span>
     <span class='ocr_line' id='line_1_128' title="bbox 2099 5727 2504 5782; baseline -0.007 0"><span class='ocrx_word' id='word_1_902' title='bbox 2099 5729 2200 5782; x_wconf 88' lang='lat' dir='ltr'><strong>bus</strong></span> <span class='ocrx_word' id='word_1_903' title='bbox 2233 5727 2504 5782; x_wconf 85' lang='lat' dir='ltr'><strong>abutatur.</strong></span> 
     </span>
    </p>
   </div>
   <div class='ocr_carea' id='block_1_127' title="bbox 2099 5729 2504 5783">
    <p class='ocr_par' dir='ltr' id='par_1_127' title="bbox 2099 5729 2504 5783">
     <span class='ocr_line' id='line_1_129' title="bbox 2099 5729 2504 5783; baseline -0.01 0"><span class='ocrx_word' id='word_1_904' title='bbox 2099 5729 2200 5783; x_wconf 87' lang='lat' dir='ltr'><strong>bus</strong></span> <span class='ocrx_word' id='word_1_905' title='bbox 2233 5729 2504 5782; x_wconf 85' lang='lat' dir='ltr'><strong>abutatur.</strong></span> 
     </span>
    </p>
   </div>
  </div>
