3930 6356
156 404 253 462 Ξόῐ)

1273 405 1476 463 LIBER
1518 405 1798 465 CONTRA
1837 403 2161 465 JUDlCIUM
2203 405 2337 465 DEI.

3325 407 3396 445 3’?

3327 441 3393 465 δυ

149 522 312 576 rebus
332 521 536 585 utitur,
560 528 767 591 quanto
795 519 982 588 majori
1013 523 1155 577 malo
1180 539 1278 578 suo
1303 524 1547 578 convivia
1571 523 1749 594 splen-
1776 526 1827 584 Α
1853 530 2009 590 rent,
2053 522 2138 577 vel
2184 537 2214 577 a
2261 521 2423 578 tineis
2465 521 2787 577 vestimenta
2832 523 3281 588 comederentur;
3325 525 3436 583 into

149 608 270 663 dida
297 609 365 664 de
397 611 576 666 sacris
611 610 792 674 rebus,
837 612 1033 679 quibus
1067 621 1344 684 gementes
1373 622 1427 668 et
1451 624 1746 670 mmrentes

149 702 200 755 in
223 700 580 757 tribulatione
615 704 952 772 paupertatis
977 704 1278 760 debuerant
1299 705 1587 772 consolari,
1616 721 1746 777 epu-

147 793 288 848 latur
333 808 462 849 eum
510 795 772 850 divitibus
821 796 1183 866 epulantibus,
1228 798 1488 870 gaudens,
1541 797 1748 856 ridens-

147 898 268 954 que,
301 890 359 938 et
384 899 529 954 opus
559 884 772 939 Domini
815 903 923 941 non
968 888 1258 958 recipiens,
1299 896 1356 943 et
1399 889 1553 958 quasi
1580 905 1746 962 agens

147 989 262 1043 qua:
309 973 425 1028 Deo
472 973 731 1044 placeant
769 975 1123 1046 jucundatur,
1174 978 1339 1032 satiat
1380 990 1644 1048 praeterea
1691 991 1747 1036 et

148 1065 381 1119 inebriat
435 1065 758 1131 histriones,
796 1067 1016 1131 mimos,
1060 1067 1518 1139 turpissimosque
1553 1079 1608 1126 et
1648 1087 1742 1126 va.

147 1155 404 1212 nissimos
434 1169 460 1197 ι
490 1156 785 1226 ioculares,
833 1173 958 1212 eum
1003 1172 1271 1227 pauperes
1301 1159 1558 1218 Ecclesia:
1600 1161 1744 1220 fame

147 1246 461 1302 diserueiati
524 1249 815 1304 intereant.
884 1248 1057 1315 Quam
1119 1266 1233 1306 rem
1289 1253 1741 1309 considerandam

146 1337 506 1408 prudentibus
543 1338 842 1403 offerimus,
882 1355 990 1395 non
1016 1348 1198 1396 autem
1220 1343 1540 1412 exponendo
1562 1345 1741 1414 aperi-

147 1441 281 1492 mus,
305 1429 571 1497 quoniam
597 1431 700 1485 etsi
724 1430 927 1485 dictum
953 1439 1037 1486 est
1075 1430 1337 1488 divitibus
1365 1451 1377 1486 :
1401 1434 1554 1504 Agite
1578 1451 1737 1502 nunc,

147 1520 348 1582 divites,
398 1519 610 1588 plorate
655 1520 918 1601 ululantes
954 1523 1009 1576 in
1038 1523 1282 1588 miseriis,
1321 1541 1439 1594 qua?
1468 1525 1741 1580 advenient

147 1607 322 1666 vobis:
353 1612 563 1666 divitiis
597 1623 781 1667 vestra:
817 1613 1128 1684 putrefacta:
1169 1622 1313 1679 sunt,
1361 1623 1408 1667 et
1435 1616 1738 1670 vestimenta

149 1710 310 1756 restra
335 1718 367 1754 a
397 1702 560 1758 tineis
606 1714 831 1758 comesta
869 1713 1014 1768 sunt,
1062 1721 1251 1758 aurum
1280 1714 1326 1758 et
1360 1715 1630 1776 argentum
1658 1723 1739 1760 ve-

148 1802 306 1845 strum
351 1795 691 1864 trruginavit,
735 1805 784 1848 et
821 1811 999 1864 terugo
1041 1810 1223 1848 eorum
1263 1795 1616 1849 testimonium
1639 1797 1739 1850 erit

1849 612 1992 666 sicut
2035 627 2136 683 pro
2176 611 2424 676 avaritia,
2472 612 2550 667 sic
2603 620 2658 666 et
2705 627 2804 682 pro
2847 611 3040 682 epulis,
3101 622 3157 668 et
3199 629 3298 684 pro
3346 614 3433 670 lu-

1848 700 2021 757 xuriis
2050 743 2064 769 ,
2141 702 2425 772 praesentis
2496 703 2779 758 sententias
2854 703 3276 760 comminatione
3347 704 3431 761 fe-

1847 796 2076 850 riuntur.

1917 885 2110 940 XXXI.
2171 885 2230 942 Si
2281 893 2462 940 autem
2507 883 2623 940 haec
2667 884 2810 939 dicta
2856 893 2982 940 sunt
3027 884 3132 939 illis
3180 885 3272 954 qui
3305 884 3434 941 talia

1845 977 2073 1032 forsitan
2123 978 2188 1032 de
2232 978 2468 1048 pr0priis
2523 977 2685 1032 rebus
2732 977 2993 1047 agebant,
3043 977 3216 1031 multo
3257 978 3434 1046 magis

1845 1069 2167 1139 quibusdam
2207 1069 2493 1138 prtesentis
2522 1069 2778 1138 temporis
2798 1067 3055 1122 divitibus
3080 1067 3184 1122 diei
3213 1077 3390 1137 potest
3415 1084 3428 1123 :

1846 1160 2059 1216 Ululate
2089 1161 2140 1214 in
2169 1159 2405 1215 miseriis
2433 1158 2844 1215 advenientibus
2869 1174 2884 1223 ;
2925 1158 3176 1228 quoniam
3204 1157 3429 1228 epulan-

1845 1253 1990 1307 tibus
2034 1251 2188 1305 vobis
2232 1250 2298 1305 de
2345 1250 2506 1304 rebus
2539 1265 2646 1304 non
2688 1248 2903 1313 vestris,
2935 1257 2989 1302 et
3014 1247 3433 1301 thesaurizanti—

1842 1345 1943 1399 bus
1971 1344 2037 1399 de
2065 1345 2150 1398 his
2177 1358 2296 1413 quae
2331 1344 2398 1398 ad
2441 1342 2890 1397 sustentationem
2917 1355 3216 1409 pauperum
3245 1339 3431 1394 Eccle-

1841 1433 1936 1488 siae
1966 1434 2166 1488 tradita
2195 1443 2339 1497 sunt,
2371 1435 2472 1504 ipsi
2504 1445 2772 1504 pauperes
2797 1441 2850 1486 et
2877 1430 3248 1486 ecclesiastica
3275 1427 3430 1483 fami-

1840 1523 1909 1578 lia
1940 1523 2083 1579 fame
2109 1525 2451 1588 cruciantur;
2497 1533 2552 1578 et
2586 1524 2675 1593 qui
2704 1538 2770 1577 ex
2796 1538 2875 1577 eis
2909 1522 3186 1576 fraudatus
3217 1536 3247 1575 a
3278 1519 3430 1574 vobis

1838 1624 1920 1670 est
1945 1615 2031 1670 vel
2067 1631 2382 1685 oppressus,
2430 1616 2649 1677 clamat,
2687 1622 2738 1668 et
2773 1614 2977 1668 clamor
3023 1627 3208 1666 eorum
3241 1612 3294 1665 in
3325 1627 3425 1664 au-

1836 1721 1924 1762 res
1947 1706 2159 1761 Domini
2192 1705 2434 1761 Sabaoth
2476 1706 2707 1770 introiit,
2736 1705 2826 1774 qui
2865 1704 3002 1758 dixit
3027 1703 3172 1758 :Non
3215 1704 3426 1773 negabis

1841 1797 2126 1850 mercedem
2165 1797 2446 1867 indigentis
2472 1805 2518 1850 et
2535 1796 2781 1867 pauperis
2803 1813 2820 1860 ;
2864 1794 2952 1848 sed
2982 1794 3164 1848 eadem
3191 1794 3275 1848 die
3296 1793 3428 1847 .red-

147 1883 304 1947 vobis,
355 1893 403 1936 et
468 1885 810 1940 manducavit
864 1895 1059 1940 uestras
1116 1902 1316 1948 carnes,
1375 1888 1510 1940 sicut
1562 1889 1735 1956 ignis;
1768 1875 1812 1933 Β
1841 1886 1930 1940 des
1965 1887 2012 1940 ei
2037 1891 2260 1955 pretium
2286 1885 2483 1940 laboris
2509 1887 2594 1941 sui
2630 1895 2750 1939 ante
2776 1884 2901 1939 solis
2936 1900 3197 1945 occasum,
3229 1900 3292 1938 ne
3320 1881 3426 1936 cla-

148 1974 514 2028 thesaurizatis
550 1975 604 2027 in
640 1976 934 2030 novissimis
968 1975 1169 2030 diebus.
1212 1976 1280 2030 Et
1320 1977 1512 2031 iterum
1545 1995 1557 2028 :
1595 1975 1738 2046 Epu-

149 2061 238 2115 lati
271 2061 392 2116 estis
423 2078 589 2133 super
617 2074 834 2131 terram,
869 2074 919 2119 et
948 2067 1004 2118 in
1046 2065 1247 2119 deliciis
1286 2068 1530 2122 enutritis
1575 2068 1734 2122 corda

150 2163 328 2207 vestra.
372 2152 492 2208 Non
535 2163 716 2210 tamen
746 2167 1075 2227 praeceptum
1105 2166 1188 2213 est
1218 2159 1296 2214 eis
1322 2169 1381 2213 ut
1408 2160 1581 2230 epulis
1608 2175 1738 2229 quo-

150 2243 357 2298 tidianis
379 2255 666 2312 vacarent,
693 2256 747 2303 et
768 2249 1179 2318 pretiosissimis
1202 2250 1557 2306 induerentur
1580 2252 1737 2306 vesti-

149 2335 263 2400 bus,
298 2351 364 2390 ne
389 2335 536 2393 forte
561 2338 645 2394 vel
670 2354 857 2394 eorum
895 2341 1096 2395 divitiae
1131 2340 1448 2411 putrefactas
1491 2358 1734 2396 remane-

1840 1986 1944 2031 met
1985 1987 2167 2031 contra
2211 1989 2260 2032 te
2289 1977 2361 2031 ad
2407 1977 2714 2040 Dominum,
2741 1985 2789 2029 et
2814 1974 2908 2044 ﬁat
2935 1973 3025 2027 tibi
3049 1975 3102 2026 in
3129 1981 3416 2043 peccatum.

1838 2065 1920 2128 Et
1949 2068 2118 2122 multa
2157 2067 2509 2137 hujusmodi,
2561 2080 2680 2135 quze
2722 2065 2788 2120 de
2838 2065 2947 2119 hac
2971 2078 3048 2128 re,
3097 2071 3151 2117 et
3196 2063 3262 2117 de
3306 2076 3423 2115 om-

1837 2161 1995 2216 nibus
2047 2178 2168 2232 quae
2222 2161 2473 2231 superius
2519 2158 2909 2229 comprehensa
2955 2165 3118 2221 sunt,
3169 2157 3221 2210 in
3277 2154 3416 2209 divi-

1835 2256 1921 2310 nis
1958 2253 2114 2310 libris
2159 2255 2436 2319 dicuntur,
2490 2269 2592 2309 nec
2632 2251 2700 2306 ab
2738 2251 2846 2306 ullo
2878 2266 3105 2320 prorsus
3140 2250 3422 2305 hominum

1838 2347 2041 2415 absque
2069 2347 2152 2400 sui
2178 2346 2500 2417 gravissimo
2523 2345 2720 2399 damno
2749 2342 3092 2413 negliguntur

1506 2432 1779 2489 BALUZII
1821 2432 2056 2492 ΝΟΤᾹΞ.

217 2518 570 2597 {Iocularem
629 2523 962 2597 ﬂistrionum
1012 2539 1222 2597 genus,
1275 2524 1424 2580 tibiis
1469 2537 1733 2597 praeterea

151 2589 447 2663 ﬁdibusque
478 2601 573 2663 aut
610 2595 731 2649 aliis
768 2589 1141 2650 instruméntis
1182 2589 1616 2652 canentes-Hos
1651 2613 1732 2652 se-

151 2675 310 2730 quens
355 2662 490 2720 artas
530 2662 738 2720 Gallico
787 2674 900 2721 tum
954 2679 1170 2736 recep'o
1219 2665 1480 2722 vocabulo
1520 2669 1735 2722 vocavit

1840 2530 2143 2600 Jongleurs.
2194 2529 2332 2585 Dicti
2387 2538 2568 2585 autem
2602 2528 2882 2600 joeulares
2931 2544 2959 2581 a
3004 2523 3145 2594 joeis
3188 2533 3242 2580 et
3283 2523 3422 2578 ludis

1841 2616 1976 2670 quos
2001 2600 2195 2672 populo
2220 2600 2509 2656 faciebant.

1518 2921 2078 3037 LIBER

702 3154 861 3237 DE
937 3152 1385 3239 DIVINIS
1459 3150 2146 3240 SENTENTHS
2222 3148 2861 3243 DIGESTUS,

221 3351 345 3396 CUM
389 3354 792 3398 Βιιενιδειωε
835 3355 1417 3410 Δυηοτλτιοκωυε,
1459 3355 1705 3400 CONTRA

1840 3352 2174 3395 MNABILEM
2218 3350 2572 3394 OPINIONEM
2618 3348 2986 3392 PUTANTIUM
3016 3374 3030 3400 ,
3071 3347 3093 3374 ⁸
3129 3344 3330 3390 DIVI!"

477 3433 714 3477 JUDICII
759 3435 1122 3479 VEBITATEM
1168 3434 1341 3490 IGNE,
1378 3436 1493 3479 VEL
1536 3434 1720 3488 AQUIS

1832 3433 1902 3474 ΕΙ.
1945 3431 2296 3474 CONFLICTU
2343 3429 2660 3471 ΑΜιΟιιυΜ
2709 3426 3066 3471 PATEFIEBI.

1564 3557 1957 3572 ———-———

214 3645 250 3699 l.
289 3647 343 3700 ln
383 3647 609 3701 nomine
638 3644 850 3701 Domini
884 3645 978 3702 Dei
1005 3655 1060 3700 et
1081 3645 1378 3700 Salvatoris
1403 3644 1573 3698 nostri
1599 3639 1726 3698 Jesu
1755 3645 1798 3707 C
1834 3640 1964 3695 tioni
2017 3638 2237 3710 generis
2289 3635 2552 3697 humani,
2606 3647 2670 3686 ac
2720 3629 3121 3684 reconciliatori
3165 3627 3408 3690 Christo.

151 3736 337 3793 Christi
361 3739 450 3808 qui
473 3747 552 3793 est
579 3755 686 3808 paa:
707 3748 906 3802 nostra,
933 3739 1123 3809 quique
1148 3737 1270 3806 fecit
1293 3746 1514 3807 utraque
1533 3752 1718 3799 unum,

152 3840 193 3882 et
228 3828 452 3882 medium
500 3825 752 3898 parietem
792 3827 1031 3882 maceriae
1071 3825 1272 3880 solvens
1308 3823 1639 3878 inimicitiam
1665 3824 1722 3876 in

151 3936 292 3974 carne
326 3932 445 3984 sua,
478 3919 643 3990 legem
674 3919 1043 3973 mandatorum
1082 3917 1302 3970 decretis
1341 3931 1620 3976 evacuans,
1665 3923 1719 3966 ut

151 4011 268 4065 duos
295 4011 484 4066 condat
513 4013 569 4065 in
592 4012 923 4080 semetipsum
943 4008 996 4062 in
1022 4025 1125 4062 uno
1151 4024 1279 4062 novo
1300 4006 1525 4070 homine,
1557 4005 1719 4071 faciat

150 4119 334 4170 pacem,
362 4113 410 4156 et
442 4101 738 4156 reconciliet
768 4100 945 4158 ambos
972 4098 1024 4153 in
1069 4115 1171 4152 uno
1218 4113 1434 4167 corpore
1473 4096 1583 4149 Deo
1625 4111 1718 4166 per

153 4210 356 4256 crucem,
387 4195 708 4263 interﬁciens
747 4191 1052 4247 inimicitias
1091 4191 1147 4245 in
1196 4189 1491 4259 semetipso,
1536 4198 1585 4242 et
1636 4203 1716 4242 ve-

153 4285 282 4338 niens
318 4285 686 4356 evangelisarit
723 4300 903 4355 pacem
931 4284 1095 4348 vobis,
1122 4282 1211 4352 qui
1239 4281 1388 4351 longe
1430 4279 1624 4350 fuistis,
1665 4287 1714 4332 et

151 4388 310 4439 pacem
347 4375 426 4428 his
453 4375 545 4445 qui
578 4390 757 4444 prope.
807 4372 1070 4438 Quoniam
1112 4387 1204 4441 per
1248 4370 1418 4439 ipsum
1465 4367 1713 4421 habemus

151 4477 392 4518 accessum
429 4464 581 4518 ambo
608 4464 663 4518 in
690 4479 796 4516 uno
821 4463 1011 4531 spiritu
1049 4461 1118 4515 ad
1158 4457 1623 4527 PatremlEp/tes.
1655 4473 1716 4521 ιι,

154 4550 335 4625 14-18).
378 4554 650 4624 incipiunt
683 4551 988 4607 testimonia
1021 4550 1198 4604 divina
1244 4549 1309 4603 de
1345 4547 1539 4601 litteris
1561 4562 1719 4602 evan-

153 4639 351 4708 gelicis,
398 4650 455 4696 et
501 4641 846 4711 apostolicis,
893 4647 1058 4708 atque
1105 4635 1472 4707 propheticis,
1520 4635 1716 4705 quibus

153 4729 254 4785 luce
277 4731 472 4788 clarius
497 4731 903 4786 demonstratur
927 4728 1200 4784 contraria
1234 4741 1356 4781 esse
1397 4727 1716 4781 reconcilia-

1828 3745 2022 3799 pugnte
2062 3727 2375 3784 domesticae
2421 3734 2476 3781 et
2521 3722 2802 3780 conﬂictus
2830 3720 3073 3784 fraterni,
3102 3719 3409 3790 putantium

1829 3834 2010 3873 rerum
2039 3817 2333 3872 labentium
2361 3814 2523 3870 dubia
2553 3822 2608 3868 et
2632 3812 2840 3869 occulta
2863 3825 3019 3880 posse
3057 3809 3322 3880 patefieri,
3355 3821 3410 3864 et

1825 3925 1922 3980 per
1951 3926 2038 3966 res
2067 3911 2374 3965 contrarias
2403 3906 2622 3960 veritati
2649 3905 2933 3960 veritatem
2966 3903 3219 3958 latentem
3252 3919 3408 3957 mon-

1826 4000 2008 4056 strari.
2042 3999 2176 4053 Nam
2219 3999 2264 4054 si
2301 3998 2646 4066 omnipotens
2680 3995 2842 4058 Deus,
2873 3994 3058 4050 mundi
3086 3995 3335 4049 conditor
3354 4003 3408 4048 et

1827 4098 2029 4152 rector,
2055 4087 2243 4157 judicii
2273 4088 2558 4142 veritatem
2585 4086 2637 4139 in
2666 4084 2829 4140 rebus
2854 4084 3147 4139 latentibus
3171 4098 3267 4153 per
3289 4099 3408 4138 mu-

1822 4189 1941 4235 tuas
1982 4179 2157 4234 caedes
2196 4177 2422 4233 inveniri
2470 4177 2749 4241 voluisset,
2780 4184 2873 4230 aut
2900 4176 3257 4246 permisisset,
3307 4189 3406 4231 nec

1813 4270 2028 4340 judices
2048 4279 2141 4324 aut
2167 4271 2196 4311 δ
2243 4269 2532 4340 magistros
2560 4285 2658 4338 per
2687 4267 2929 4337 singulas
2955 4267 3118 4321 urbes
3144 4266 3403 4321 constitui

1819 4363 2190 4433 praecepisset,
2240 4375 2339 4417 nec
2383 4362 2608 4416 testibus
2647 4361 2950 4414 inﬂeiantes
2994 4358 3258 4421 convinci,
3303 4373 3403 4413 nec

1818 4454 1910 4508 ubi
1959 4461 2124 4509 testes
2164 4454 2379 4518 desunt,
2420 4450 2844 4507 controversiam
2888 4465 2984 4520 per
3020 4446 3399 4518 jusjurandum

1819 4545 1984 4600 finiri.
2021 4545 2128 4602 Sed
2159 4561 2260 4600 nec
2301 4546 2450 4600 illam
2490 4544 2662 4612 legem
2701 4543 2844 4596 inter
2867 4541 3046 4595 virum
3071 4551 3125 4596 et
3151 4555 3397 4605 uxorem,

1818 4638 1864 4693 si
1907 4639 2133 4708 spiritus
2178 4637 2460 4708 zelotypize
2506 4635 2685 4691 virum
2724 4633 3092 4696 concitaverit,
3134 4633 3305 4699 daret,
3340 4642 3400 4687 ut

1817 4743 1914 4798 per
1933 4745 2104 4799 aquas
2131 4729 2500 4783 amarissimas
2531 4737 2552 4765 ο
2578 4726 2901 4796 probaretur
2930 4724 3122 4780 mulier
3151 4723 3396 4780 adultera

1473 4817 1744 4873 BALUZII
1784 4817 2015 4873 NOTAE.

561 4859 565 4863 .
1473 4817 1605 4870 BAL
1661 4818 1719 4871 ΖΙ
2000 4859 2015 4873 .

212 4921 233 4992 ξ
451 4910 635 4967 ferens
665 4903 992 4992 Agebardus.
1019 4907 1368 4992 iniquitatem
1397 4817 1707 4992 legis‘thiJn-
1726 4816 2084 4990 ιυῗῖἷέἓιοὶοε
2111 4909 2344 4992 0pe_r_um
2365 4908 2654 4992 Agobardi‘.
2685 4906 2802 4992 Quo
2831 4906 3031 4992 factum
3054 4913 3219 4992 estut
3248 4922 3398 4992 gina-

153 4976 370 5050 dobadzé,
399 4997 521 5050 quas
558 4976 740 5036 causis
772 4980 936 5034 linem
964 4976 1181 5050 imponi
1211 4976 1556 5050 praecipiebat
1592 4977 1706 5029 sin-

155 5049 304 5120 gulari
351 5045 649 5106 Certamine
694 5052 806 5105 sive
852 5045 1072 5120 duello,‘
1102 5047 1245 5120 quod
1279 5045 1440 5120 stulte
1484 5059 1709 5120 prorsus

156 5115 208 5172 ac
248 5132 520 5188 perperam
576 5121 840 5174 vocabant
883 5115 1153 5171 Iudicium
1199 5115 1316 5188 Qei,
1365 5115 1608 5184 congerit
1653 5116 1706 5168 in

156 5185 261 5242 boc—
289 5185 420 5244 libro
472 5190 771 5244 sententias
821 5204 887 5242 ex
934 5196 1164 5255 utroque
1221 5186 1588 5248 Testamento,
1650 5193 1709 5238 ut

156 5259 374 5331 ostendat
397 5261 569 5331 legem
604 5259 751 5331 illam
778 5272 898 5331 esse
934 5257 1175 5331 impiam,
1202 5255 1464 5331 valdeque
1488 5262 1705 5331 contra—

157 5327 274 5382 riam
315 5325 496 5399 pietaii
545 5345 608 5384 ac
648 5327 976 5399 simplicitati
1014 5325 1351 5399 Christianae.
1388 5325 1455 5378 Et
1486 5325 1705 5399 omnino

156 5393 370 5466 eruditus
402 5410 483 5456 est
529 5401 618 5455 hic
657 5393 810 5462 liber,
851 5404 906 5451 et
942 5396 1233 5466 Agobardo
1275 5396 1485 5464 dignus.
1519 5393 1706 5466 Porro

159 5465 274 5520 duos
295 5483 354 5523 ex
390 5472 494 5525 isto
533 5471 673 5524 libro
711 5467 912 5522 fecerat
937 5464 1246 5527 Massonus;
1297 5464 1705 5532 sententiasque

161 5534 448 5594 distinxerat
479 5542 550 5594 ab
586 5540 691 5593 hcc
730 5536 909 5592 libello
954 5543 1139 5589 contra
1170 5533 1329 5587 tidem
1361 5532 1534 5595 tituli,
1575 5549 1704 5587 con-

162 5611 324 5677 traque
367 5609 743 5664 testimonium’
773 5604 1066 5677 Agobardi.
1109 5603 1243 5677 l‘ios,
1296 5603 1573 5677 quod_res
1610 5618 1705 5671 po-

163 5671 381 5748 stulabat,
411 5695 626 5734 rursum
656 5671 1052 5748 conjunximus.
1104 5673 1209 5748 Sed
1247 5682 1301 5748 et
1338 5671 1463 5748 illud
1505 5680 1562 5748 te
1596 5687 1704 5726 mo-

167 5747 364 5802 nendum
409 5742 986 5818 existimaviflector.
1016 5743 1280 5818 Agobardi
1329 5742 1703 5818 adnotationes

170 5827 264 5878 Quae
292 5820 600 5890 respondent
639 5819 939 5881 sententiis,
975 5815 1026 5869 in
1065 5812 1309 5882 margine
1343 5812 1545 5881 positas
1585 5827 1702 5868 esse

1817 4980 2060 5043 nuensis,
2087 4977 2194 5048 quo
2221 4977 2499 5033 Massonus
2542 4977 2806 5048 utebatur,
2840 4992 2959 5048 eum
2992 4991 3098 5030 non
3133 4977 3396 5048 intellige-

1817 5057 1900 5102 ret
1951 5049 2017 5102 ad
2060 5047 2219 5118 quem
2265 5064 2491 5116 quaeque
2536 5047 2812 5118 adnotatio
2862 5047 3036 5100 locum
3074 5055 3219 5118 esset
3255 5047 3393 5102 refe-

1817 5119 1999 5180 renda,
2029 5115 2211 5172 omnia
2251 5115 2570 5173 turbaverit.
2619 5116 2728 5173 Nos
2756 5132 2850 5171 sua
2879 5132 3105 5186 quaeque
3142 5115 3276 5171 locis
3307 5133 3396 5174 re-

1813 5187 2106 5241 stituimus.

1885 5255 2245 5339 bJiilagistros,
2275 5258 2325 5339 id
2351 5259 2832 5339 estumagistratus
2858 5277 2869 5310 :
2900 5271 3004 5339 qua
3033 5257 3196 5339 etiam
3225 5256 3394 5339 signi-

1814 5323 2065 5397 licatigne
2091 5323 2383 5396 usurpatur
2407 5327 2549 5397 infra
2578 5323 2640 5380 in
2671 5327 2845 5396 capite
2879 5323 3033 5380 sexto
3061 5327 3221 5397 hujus
3245 5323 3386 5397 libri.

1881 5408 1902 5435 ο
1947 5393 2272 5467 Probaretur
2305 5396 2491 5450 mulier
2522 5393 2762 5449 adultera
2782 5435 2796 5460 ,
2835 5397 3088 5450 nimirum
3119 5393 3229 5467 per‘
3246 5396 3389 5467 judi-

1807 5466 1946 5536 cium
1978 5481 2130 5534 aqua:
2167 5466 2375 5536 frigidae
2414 5485 2425 5519 :
2460 5467 2601 5534 quod
2633 5476 2809 5520 tamen
2844 5463 3165 5535 judicium‘a
3193 5463 3389 5536 Garolo

1807 5535 1998 5604 Magno
2044 5535 2267 5591 vetitum
2322 5543 2444 5600 est,
2496 5547 2552 5589 ut
2597 5545 2746 5604 patet
2790 5551 2854 5590 ex
2902 5536 3196 5604 Capitulari
3242 5535 3387 5592 edito

1805 5619 1944 5658 anno
1976 5605 2061 5658 16.
2095 5604 2336 5661 Meminit
2379 5615 2556 5660 autem
2600 5605 2758 5671 hujus
2801 5606 2934 5675 legis
2962 5604 3283 5660 Hincmarus
3329 5606 3383 5661 in

1804 5675 2060 5746 opusculo
2093 5676 2158 5730 de
2195 5676 2706 5746 DivortﬁioLotharii
2736 5685 2789 5730 et
2819 5677 3116 5746 Tetbergae,
3151 5676 3385 5746 itemque

1807 5743 1857 5796 in
1883 5745 2108 5826 epistola
2154 5746 2222 5800 39
2271 5746 2334 5798 ad
2378 5745 2767 5826 Hil'degariumr
2795 5743 3104 5826 episcOpum
3139 5743 3385 5826 .Melden-

1809 5829 1942 5877 sem,
1997 5816 2047 5868 in
2091 5831 2194 5884 qua
2241 5833 2302 5869 ex
2351 5815 2593 5884 professo
2642 5825 2831 5871 tractat
2881 5817 2944 5871 de
2983 5815 3186 5887 judicio
3228 5829 3383 5883 aqua
