  <div class='ocr_page' id='page_1' title='image "/cluster/home/n/w/nwhite01/storage/ocr_20150623/104/uva.x000827061/134.png"; bbox 0 0 3930 6316; ppageno 0'>
   <div class='ocr_carea' id='block_1_1' title="bbox 159 398 265 457">
    <p class='ocr_par' dir='ltr' id='par_1_1' title="bbox 159 398 265 457">
     <span class='ocr_line' id='line_1_1' title="bbox 159 398 265 457; baseline -0.009 0"><span class='ocrx_word' id='word_1_1' title='bbox 159 398 265 457; x_wconf 65' lang='lat'><strong><em>153</em></strong></span> 
     </span>
    </p>
   </div>
   <div class='ocr_carea' id='block_1_2' title="bbox 1260 408 2303 475">
    <p class='ocr_par' dir='ltr' id='par_1_2' title="bbox 1260 408 2303 475">
     <span class='ocr_line' id='line_1_2' title="bbox 1260 408 2303 475; baseline 0.008 -8"><span class='ocrx_word' id='word_1_2' title='bbox 1260 408 1464 469; x_wconf 78' lang='lat' dir='ltr'><strong>LIBER</strong></span> <span class='ocrx_word' id='word_1_3' title='bbox 1500 412 1778 469; x_wconf 76' lang='lat' dir='ltr'><strong><em>CONTRA</em></strong></span> <span class='ocrx_word' id='word_1_4' title='bbox 1817 412 2138 472; x_wconf 75' lang='lat' dir='ltr'><strong><em>JUDICIUM</em></strong></span> <span class='ocrx_word' id='word_1_5' title='bbox 2176 418 2303 475; x_wconf 79' lang='lat' dir='ltr'><strong><em>DEI.</em></strong></span> 
     </span>
    </p>
   </div>
   <div class='ocr_carea' id='block_1_3' title="bbox 3312 415 3419 476">
    <p class='ocr_par' dir='ltr' id='par_1_3' title="bbox 3312 415 3419 476">
     <span class='ocr_line' id='line_1_3' title="bbox 3312 415 3419 476; baseline -0.019 0"><span class='ocrx_word' id='word_1_6' title='bbox 3312 415 3419 476; x_wconf 71' lang='grc'><strong><em>256</em></strong></span> 
     </span>
    </p>
   </div>
   <div class='ocr_carea' id='block_1_4' title="bbox 158 514 3412 604">
    <p class='ocr_par' dir='ltr' id='par_1_4' title="bbox 158 514 3412 604">
     <span class='ocr_line' id='line_1_4' title="bbox 158 514 3412 604; baseline 0.008 -38"><span class='ocrx_word' id='word_1_7' title='bbox 158 514 468 587; x_wconf 66' lang='lat' dir='ltr'><strong><em>intelligens.</em></strong></span> <span class='ocrx_word' id='word_1_8' title='bbox 511 518 580 574; x_wconf 87' lang='lat' dir='ltr'><strong><em>Et</em></strong></span> <span class='ocrx_word' id='word_1_9' title='bbox 625 521 678 574; x_wconf 91' lang='lat' dir='ltr'><strong><em>in</em></strong></span> <span class='ocrx_word' id='word_1_10' title='bbox 724 519 828 575; x_wconf 81' lang='lat' dir='ltr'><strong><em>alio</em></strong></span> <span class='ocrx_word' id='word_1_11' title='bbox 880 519 1035 576; x_wconf 89' lang='lat' dir='ltr'><strong><em>loco:</em></strong></span> <span class='ocrx_word' id='word_1_12' title='bbox 1071 521 1357 579; x_wconf 71' lang='lat' dir='ltr'><strong><em>Multitudo</em></strong></span> <span class='ocrx_word' id='word_1_13' title='bbox 1396 527 1733 596; x_wconf 88' lang='lat' dir='ltr'><strong><em>sapientium,</em></strong></span> <span class='ocrx_word' id='word_1_14' title='bbox 1765 534 1818 591; x_wconf 79' lang='grc' dir='ltr'><strong>Α</strong></span> <span class='ocrx_word' id='word_1_15' title='bbox 1842 529 1934 582; x_wconf 84' lang='lat' dir='ltr'><strong><em>ﬁat</em></strong></span> <span class='ocrx_word' id='word_1_16' title='bbox 1964 530 2017 583; x_wconf 91' lang='lat' dir='ltr'><strong><em>in</em></strong></span> <span class='ocrx_word' id='word_1_17' title='bbox 2039 531 2259 596; x_wconf 90' lang='lat' dir='ltr'><strong><em>mundo,</em></strong></span> <span class='ocrx_word' id='word_1_18' title='bbox 2283 531 2386 585; x_wconf 85' lang='lat' dir='ltr'><strong><em>nisi</em></strong></span> <span class='ocrx_word' id='word_1_19' title='bbox 2414 531 2524 588; x_wconf 90' lang='lat' dir='ltr'><strong><em>Deo</em></strong></span> <span class='ocrx_word' id='word_1_20' title='bbox 2553 540 2645 587; x_wconf 90' lang='lat' dir='ltr'><strong><em>aut</em></strong></span> <span class='ocrx_word' id='word_1_21' title='bbox 2677 532 3044 602; x_wconf 80' lang='lat' dir='ltr'><strong><em>dispensante,</em></strong></span> <span class='ocrx_word' id='word_1_22' title='bbox 3079 542 3166 588; x_wconf 90' lang='lat' dir='ltr'><strong><em>aut</em></strong></span> <span class='ocrx_word' id='word_1_23' title='bbox 3198 538 3412 604; x_wconf 88' lang='lat' dir='ltr'><strong><em>permit-</em></strong></span> 
     </span>
    </p>
   </div>
   <div class='ocr_carea' id='block_1_5' title="bbox 157 604 1738 684">
    <p class='ocr_par' dir='ltr' id='par_1_5' title="bbox 157 604 1738 684">
     <span class='ocr_line' id='line_1_5' title="bbox 157 604 1738 684; baseline 0.007 -26"><span class='ocrx_word' id='word_1_24' title='bbox 157 607 361 660; x_wconf 84' lang='lat' dir='ltr'><strong><em>sanitas</em></strong></span> <span class='ocrx_word' id='word_1_25' title='bbox 412 616 486 662; x_wconf 86' lang='lat' dir='ltr'><strong><em>est</em></strong></span> <span class='ocrx_word' id='word_1_26' title='bbox 532 609 671 663; x_wconf 90' lang='lat' dir='ltr'><strong><em>orbis</em></strong></span> <span class='ocrx_word' id='word_1_27' title='bbox 721 604 978 665; x_wconf 80' lang='lat' dir='ltr'><strong><em>terrarum</em></strong></span> <span class='ocrx_word' id='word_1_28' title='bbox 1002 629 1020 677; x_wconf 87' lang='lat'><strong><em>;</em></strong></span> <span class='ocrx_word' id='word_1_29' title='bbox 1060 622 1106 667; x_wconf 89' lang='lat' dir='ltr'><strong><em>et</em></strong></span> <span class='ocrx_word' id='word_1_30' title='bbox 1153 630 1244 667; x_wconf 80' lang='lat' dir='ltr'><strong><em>rea;</em></strong></span> <span class='ocrx_word' id='word_1_31' title='bbox 1289 615 1515 683; x_wconf 84' lang='lat' dir='ltr'><strong><em>sapiens,</em></strong></span> <span class='ocrx_word' id='word_1_32' title='bbox 1560 614 1738 684; x_wconf 81' lang='lat' dir='ltr'><strong><em>populi</em></strong></span> 
     </span>
    </p>
   </div>
   <div class='ocr_carea' id='block_1_6' title="bbox 158 695 1738 774">
    <p class='ocr_par' dir='ltr' id='par_1_6' title="bbox 158 695 1738 774">
     <span class='ocr_line' id='line_1_6' title="bbox 158 695 1738 774; baseline 0.006 -26"><span class='ocrx_word' id='word_1_33' title='bbox 158 695 570 752; x_wconf 86' lang='lat' dir='ltr'><strong><em>stabilimentum</em></strong></span> <span class='ocrx_word' id='word_1_34' title='bbox 609 709 706 755; x_wconf 91' lang='lat' dir='ltr'><strong><em>est.</em></strong></span> <span class='ocrx_word' id='word_1_35' title='bbox 756 700 823 754; x_wconf 88' lang='lat' dir='ltr'><strong><em>Et</em></strong></span> <span class='ocrx_word' id='word_1_36' title='bbox 865 703 1060 757; x_wconf 80' lang='lat' dir='ltr'><strong>iterum</strong></span> <span class='ocrx_word' id='word_1_37' title='bbox 1091 717 1106 756; x_wconf 89' lang='lat'><strong>:</strong></span> <span class='ocrx_word' id='word_1_38' title='bbox 1142 702 1334 757; x_wconf 77' lang='lat' dir='ltr'><strong><em>Melior</em></strong></span> <span class='ocrx_word' id='word_1_39' title='bbox 1366 713 1439 758; x_wconf 89' lang='lat' dir='ltr'><strong><em>est</em></strong></span> <span class='ocrx_word' id='word_1_40' title='bbox 1481 703 1738 774; x_wconf 75' lang='lat' dir='ltr'><strong><em>sapientia</em></strong></span> 
     </span>
    </p>
   </div>
   <div class='ocr_carea' id='block_1_7' title="bbox 157 789 1738 864">
    <p class='ocr_par' dir='ltr' id='par_1_7' title="bbox 157 789 1738 864">
     <span class='ocr_line' id='line_1_7' title="bbox 157 789 1738 864; baseline 0.006 -25"><span class='ocrx_word' id='word_1_41' title='bbox 157 803 315 857; x_wconf 84' lang='lat' dir='ltr'><strong><em>quam</em></strong></span> <span class='ocrx_word' id='word_1_42' title='bbox 339 789 493 854; x_wconf 84' lang='lat' dir='ltr'><strong><em>vires,</em></strong></span> <span class='ocrx_word' id='word_1_43' title='bbox 517 799 566 843; x_wconf 90' lang='lat' dir='ltr'><strong><em>et</em></strong></span> <span class='ocrx_word' id='word_1_44' title='bbox 597 791 674 845; x_wconf 75' lang='lat' dir='ltr'><strong><em>vir</em></strong></span> <span class='ocrx_word' id='word_1_45' title='bbox 707 791 934 862; x_wconf 78' lang='lat' dir='ltr'><strong><em>prudens</em></strong></span> <span class='ocrx_word' id='word_1_46' title='bbox 970 795 1136 864; x_wconf 90' lang='lat' dir='ltr'><strong><em>magis</em></strong></span> <span class='ocrx_word' id='word_1_47' title='bbox 1157 809 1313 864; x_wconf 89' lang='lat' dir='ltr'><strong><em>quam</em></strong></span> <span class='ocrx_word' id='word_1_48' title='bbox 1345 793 1515 861; x_wconf 90' lang='lat' dir='ltr'><strong><em>fortis.</em></strong></span> <span class='ocrx_word' id='word_1_49' title='bbox 1547 795 1738 850; x_wconf 82' lang='lat' dir='ltr'><strong><em>Audite</em></strong></span> 
     </span>
    </p>
   </div>
   <div class='ocr_carea' id='block_1_8' title="bbox 158 877 1732 951">
    <p class='ocr_par' dir='ltr' id='par_1_8' title="bbox 158 877 1732 951">
     <span class='ocr_line' id='line_1_8' title="bbox 158 877 1732 951; baseline 0.003 -21"><span class='ocrx_word' id='word_1_50' title='bbox 158 891 305 946; x_wconf 86' lang='lat' dir='ltr'><strong><em>ergo,</em></strong></span> <span class='ocrx_word' id='word_1_51' title='bbox 323 893 488 945; x_wconf 89' lang='lat' dir='ltr'><strong><em>reges,</em></strong></span> <span class='ocrx_word' id='word_1_52' title='bbox 507 887 553 931; x_wconf 89' lang='lat' dir='ltr'><strong><em>et</em></strong></span> <span class='ocrx_word' id='word_1_53' title='bbox 574 877 860 949; x_wconf 88' lang='lat' dir='ltr'><strong><em>intelligite,</em></strong></span> <span class='ocrx_word' id='word_1_54' title='bbox 878 881 1078 944; x_wconf 86' lang='lat' dir='ltr'><strong><em>discite,</em></strong></span> <span class='ocrx_word' id='word_1_55' title='bbox 1089 881 1320 951; x_wconf 86' lang='lat' dir='ltr'><strong><em>judices,</em></strong></span> <span class='ocrx_word' id='word_1_56' title='bbox 1348 881 1534 949; x_wconf 81' lang='lat' dir='ltr'><strong><em>finium</em></strong></span> <span class='ocrx_word' id='word_1_57' title='bbox 1561 891 1732 937; x_wconf 85' lang='lat' dir='ltr'><strong><em>teme.</em></strong></span> 
     </span>
    </p>
   </div>
   <div class='ocr_carea' id='block_1_9' title="bbox 157 965 1735 1043">
    <p class='ocr_par' dir='ltr' id='par_1_9' title="bbox 157 965 1735 1043">
     <span class='ocr_line' id='line_1_9' title="bbox 157 965 1735 1043; baseline 0.005 -23"><span class='ocrx_word' id='word_1_58' title='bbox 157 965 401 1036; x_wconf 83' lang='lat' dir='ltr'><strong><em>Itemque</em></strong></span> <span class='ocrx_word' id='word_1_59' title='bbox 429 987 443 1021; x_wconf 88' lang='lat'><strong><em>:</em></strong></span> <span class='ocrx_word' id='word_1_60' title='bbox 475 967 689 1024; x_wconf 88' lang='lat' dir='ltr'><strong><em>Habebo</em></strong></span> <span class='ocrx_word' id='word_1_61' title='bbox 736 981 943 1041; x_wconf 75' lang='lat' dir='ltr'><strong><em>propter</em></strong></span> <span class='ocrx_word' id='word_1_62' title='bbox 985 973 1118 1026; x_wconf 86' lang='lat' dir='ltr'><strong><em>hanc</em></strong></span> <span class='ocrx_word' id='word_1_63' title='bbox 1166 972 1330 1043; x_wconf 87' lang='lat' dir='ltr'><strong><em>(haud</em></strong></span> <span class='ocrx_word' id='word_1_64' title='bbox 1359 970 1578 1026; x_wconf 88' lang='lat' dir='ltr'><strong><em>dubium</em></strong></span> <span class='ocrx_word' id='word_1_65' title='bbox 1606 973 1735 1041; x_wconf 88' lang='lat' dir='ltr'><strong><em>quin</em></strong></span> 
     </span>
    </p>
   </div>
   <div class='ocr_carea' id='block_1_10' title="bbox 157 1050 1736 1136">
    <p class='ocr_par' dir='ltr' id='par_1_10' title="bbox 157 1050 1736 1136">
     <span class='ocr_line' id='line_1_10' title="bbox 157 1050 1736 1136; baseline 0.003 -21"><span class='ocrx_word' id='word_1_66' title='bbox 157 1072 384 1130; x_wconf 76' lang='lat' dir='ltr'><strong><em>propter</em></strong></span> <span class='ocrx_word' id='word_1_67' title='bbox 413 1050 755 1136; x_wconf 84' lang='lat' dir='ltr'><strong><em>sapientiam)</em></strong></span> <span class='ocrx_word' id='word_1_68' title='bbox 778 1065 1071 1118; x_wconf 78' lang='lat' dir='ltr'><strong><em>claritatem</em></strong></span> <span class='ocrx_word' id='word_1_69' title='bbox 1091 1063 1161 1117; x_wconf 90' lang='lat' dir='ltr'><strong><em>ad</em></strong></span> <span class='ocrx_word' id='word_1_70' title='bbox 1191 1066 1394 1130; x_wconf 84' lang='lat' dir='ltr'><strong><em>turbas,</em></strong></span> <span class='ocrx_word' id='word_1_71' title='bbox 1421 1077 1469 1120; x_wconf 90' lang='lat' dir='ltr'><strong><em>et</em></strong></span> <span class='ocrx_word' id='word_1_72' title='bbox 1491 1068 1736 1121; x_wconf 83' lang='lat' dir='ltr'><strong><em>honorem</em></strong></span> 
     </span>
    </p>
   </div>
   <div class='ocr_carea' id='block_1_11' title="bbox 155 1151 1733 1224">
    <p class='ocr_par' dir='ltr' id='par_1_11' title="bbox 155 1151 1733 1224">
     <span class='ocr_line' id='line_1_11' title="bbox 155 1151 1733 1224; baseline 0.003 -20"><span class='ocrx_word' id='word_1_73' title='bbox 155 1151 300 1222; x_wconf 88' lang='lat' dir='ltr'><strong><em>apud</em></strong></span> <span class='ocrx_word' id='word_1_74' title='bbox 342 1153 570 1207; x_wconf 87' lang='lat' dir='ltr'><strong><em>seniores</em></strong></span> <span class='ocrx_word' id='word_1_75' title='bbox 608 1153 836 1224; x_wconf 80' lang='lat' dir='ltr'><strong><em>juvenis,</em></strong></span> <span class='ocrx_word' id='word_1_76' title='bbox 881 1163 928 1208; x_wconf 90' lang='lat' dir='ltr'><strong><em>et</em></strong></span> <span class='ocrx_word' id='word_1_77' title='bbox 954 1162 1138 1208; x_wconf 87' lang='lat' dir='ltr'><strong><em>acutus</em></strong></span> <span class='ocrx_word' id='word_1_78' title='bbox 1169 1155 1407 1209; x_wconf 87' lang='lat' dir='ltr'><strong><em>inveniar</em></strong></span> <span class='ocrx_word' id='word_1_79' title='bbox 1433 1155 1487 1209; x_wconf 92' lang='lat' dir='ltr'><strong><em>in</em></strong></span> <span class='ocrx_word' id='word_1_80' title='bbox 1507 1156 1733 1224; x_wconf 88' lang='lat' dir='ltr'><strong><em>judicio.</em></strong></span> 
     </span>
    </p>
   </div>
   <div class='ocr_carea' id='block_1_12' title="bbox 155 1236 1736 1311">
    <p class='ocr_par' dir='ltr' id='par_1_12' title="bbox 155 1236 1736 1311">
     <span class='ocr_line' id='line_1_12' title="bbox 155 1236 1736 1311; baseline 0.003 -19"><span class='ocrx_word' id='word_1_81' title='bbox 155 1236 236 1294; x_wconf 90' lang='lat' dir='ltr'><strong><em>De</em></strong></span> <span class='ocrx_word' id='word_1_82' title='bbox 263 1256 370 1309; x_wconf 91' lang='lat' dir='ltr'><strong><em>quo</em></strong></span> <span class='ocrx_word' id='word_1_83' title='bbox 399 1242 588 1296; x_wconf 84' lang='lat' dir='ltr'><strong><em>beatus</em></strong></span> <span class='ocrx_word' id='word_1_84' title='bbox 630 1257 844 1311; x_wconf 91' lang='lat' dir='ltr'><strong><em>quoque</em></strong></span> <span class='ocrx_word' id='word_1_85' title='bbox 884 1241 984 1297; x_wconf 84' lang='lat' dir='ltr'><strong><em>Job</em></strong></span> <span class='ocrx_word' id='word_1_86' title='bbox 1021 1241 1222 1298; x_wconf 81' lang='lat' dir='ltr'><strong><em>fatetur</em></strong></span> <span class='ocrx_word' id='word_1_87' title='bbox 1251 1243 1438 1298; x_wconf 90' lang='lat' dir='ltr'><strong><em>dicens</em></strong></span> <span class='ocrx_word' id='word_1_88' title='bbox 1468 1261 1482 1296; x_wconf 89' lang='lat'><strong>:</strong></span> <span class='ocrx_word' id='word_1_89' title='bbox 1518 1243 1579 1298; x_wconf 88' lang='lat' dir='ltr'><strong><em>Si</em></strong></span> <span class='ocrx_word' id='word_1_90' title='bbox 1609 1260 1736 1296; x_wconf 86' lang='lat' dir='ltr'><strong><em>con-</em></strong></span> 
     </span>
    </p>
   </div>
   <div class='ocr_carea' id='block_1_13' title="bbox 155 1331 1737 1400">
    <p class='ocr_par' dir='ltr' id='par_1_13' title="bbox 155 1331 1737 1400">
     <span class='ocr_line' id='line_1_13' title="bbox 155 1331 1737 1400; baseline 0.002 -19"><span class='ocrx_word' id='word_1_91' title='bbox 155 1332 343 1399; x_wconf 86' lang='lat' dir='ltr'><strong><em>tempsi</em></strong></span> <span class='ocrx_word' id='word_1_92' title='bbox 384 1331 558 1384; x_wconf 88' lang='lat' dir='ltr'><strong><em>subire</em></strong></span> <span class='ocrx_word' id='word_1_93' title='bbox 603 1331 867 1400; x_wconf 85' lang='lat' dir='ltr'><strong><em>judicium</em></strong></span> <span class='ocrx_word' id='word_1_94' title='bbox 915 1348 1032 1386; x_wconf 86' lang='lat' dir='ltr'><strong><em>cum</em></strong></span> <span class='ocrx_word' id='word_1_95' title='bbox 1080 1348 1224 1386; x_wconf 85' lang='lat' dir='ltr'><strong><em>servo</em></strong></span> <span class='ocrx_word' id='word_1_96' title='bbox 1278 1349 1414 1396; x_wconf 92' lang='lat' dir='ltr'><strong><em>meo,</em></strong></span> <span class='ocrx_word' id='word_1_97' title='bbox 1455 1341 1503 1386; x_wconf 87' lang='lat' dir='ltr'><strong><em>et</em></strong></span> <span class='ocrx_word' id='word_1_98' title='bbox 1542 1331 1737 1386; x_wconf 86' lang='lat' dir='ltr'><strong><em>ancilla</em></strong></span> 
     </span>
    </p>
   </div>
   <div class='ocr_carea' id='block_1_14' title="bbox 156 1419 1737 1490">
    <p class='ocr_par' dir='ltr' id='par_1_14' title="bbox 156 1419 1737 1490">
     <span class='ocr_line' id='line_1_14' title="bbox 156 1419 1737 1490; baseline 0.003 -18"><span class='ocrx_word' id='word_1_99' title='bbox 156 1436 295 1485; x_wconf 86' lang='lat' dir='ltr'><strong><em>mea,</em></strong></span> <span class='ocrx_word' id='word_1_100' title='bbox 347 1437 465 1474; x_wconf 90' lang='lat' dir='ltr'><strong><em>cum</em></strong></span> <span class='ocrx_word' id='word_1_101' title='bbox 512 1421 861 1490; x_wconf 85' lang='lat' dir='ltr'><strong><em>disceptarent</em></strong></span> <span class='ocrx_word' id='word_1_102' title='bbox 910 1420 1182 1475; x_wconf 84' lang='lat' dir='ltr'><strong><em>adversum</em></strong></span> <span class='ocrx_word' id='word_1_103' title='bbox 1231 1437 1329 1474; x_wconf 91' lang='lat' dir='ltr'><strong><em>me.</em></strong></span> <span class='ocrx_word' id='word_1_104' title='bbox 1378 1419 1562 1490; x_wconf 84' lang='lat' dir='ltr'><strong><em>Neque</em></strong></span> <span class='ocrx_word' id='word_1_105' title='bbox 1592 1421 1737 1476; x_wconf 84' lang='lat' dir='ltr'><strong><em>enim</em></strong></span> 
     </span>
    </p>
   </div>
   <div class='ocr_carea' id='block_1_15' title="bbox 153 1508 1736 1581">
    <p class='ocr_par' dir='ltr' id='par_1_15' title="bbox 153 1508 1736 1581">
     <span class='ocr_line' id='line_1_15' title="bbox 153 1508 1736 1581; baseline 0.001 -19"><span class='ocrx_word' id='word_1_106' title='bbox 153 1517 379 1564; x_wconf 85' lang='lat' dir='ltr'><strong><em>sanctus</em></strong></span> <span class='ocrx_word' id='word_1_107' title='bbox 403 1508 503 1565; x_wconf 81' lang='lat' dir='ltr'><strong><em>Job</em></strong></span> <span class='ocrx_word' id='word_1_108' title='bbox 528 1526 651 1565; x_wconf 87' lang='lat' dir='ltr'><strong><em>cum</em></strong></span> <span class='ocrx_word' id='word_1_109' title='bbox 683 1511 858 1567; x_wconf 80' lang='lat' dir='ltr'><strong><em>servis</em></strong></span> <span class='ocrx_word' id='word_1_110' title='bbox 886 1509 1206 1580; x_wconf 88' lang='lat' dir='ltr'><strong><em>ancillisque</em></strong></span> <span class='ocrx_word' id='word_1_111' title='bbox 1236 1509 1428 1581; x_wconf 92' lang='lat' dir='ltr'><strong><em>gladiis</em></strong></span> <span class='ocrx_word' id='word_1_112' title='bbox 1455 1518 1550 1565; x_wconf 90' lang='lat' dir='ltr'><strong><em>aut</em></strong></span> <span class='ocrx_word' id='word_1_113' title='bbox 1577 1508 1736 1565; x_wconf 80' lang='lat' dir='ltr'><strong><em>fusti-</em></strong></span> 
     </span>
    </p>
   </div>
   <div class='ocr_carea' id='block_1_16' title="bbox 155 1599 1736 1671">
    <p class='ocr_par' dir='ltr' id='par_1_16' title="bbox 155 1599 1736 1671">
     <span class='ocr_line' id='line_1_16' title="bbox 155 1599 1736 1671; baseline 0 -17"><span class='ocrx_word' id='word_1_114' title='bbox 155 1601 257 1654; x_wconf 86' lang='lat' dir='ltr'><strong><em>bus</em></strong></span> <span class='ocrx_word' id='word_1_115' title='bbox 290 1599 648 1671; x_wconf 87' lang='lat' dir='ltr'><strong><em>conlligebat;</em></strong></span> <span class='ocrx_word' id='word_1_116' title='bbox 696 1617 817 1656; x_wconf 89' lang='lat' dir='ltr'><strong><em>cum</em></strong></span> <span class='ocrx_word' id='word_1_117' title='bbox 865 1601 1032 1656; x_wconf 83' lang='lat' dir='ltr'><strong><em>sciret</em></strong></span> <span class='ocrx_word' id='word_1_118' title='bbox 1076 1599 1387 1669; x_wconf 68' lang='lat' dir='ltr'><strong><em>aequitatem</em></strong></span> <span class='ocrx_word' id='word_1_119' title='bbox 1432 1613 1539 1654; x_wconf 90' lang='lat' dir='ltr'><strong><em>non</em></strong></span> <span class='ocrx_word' id='word_1_120' title='bbox 1574 1599 1736 1654; x_wconf 64' lang='lat' dir='ltr'><strong><em>caidi-</em></strong></span> 
     </span>
    </p>
   </div>
   <div class='ocr_carea' id='block_1_17' title="bbox 156 1689 1733 1760">
    <p class='ocr_par' dir='ltr' id='par_1_17' title="bbox 156 1689 1733 1760">
     <span class='ocr_line' id='line_1_17' title="bbox 156 1689 1733 1760; baseline 0 -16"><span class='ocrx_word' id='word_1_121' title='bbox 156 1689 282 1754; x_wconf 86' lang='lat' dir='ltr'><strong><em>bus,</em></strong></span> <span class='ocrx_word' id='word_1_122' title='bbox 322 1689 415 1745; x_wconf 89' lang='lat' dir='ltr'><strong><em>sed</em></strong></span> <span class='ocrx_word' id='word_1_123' title='bbox 470 1691 735 1760; x_wconf 78' lang='lat' dir='ltr'><strong><em>sapientia</em></strong></span> <span class='ocrx_word' id='word_1_124' title='bbox 783 1699 838 1745; x_wconf 89' lang='lat' dir='ltr'><strong><em>et</em></strong></span> <span class='ocrx_word' id='word_1_125' title='bbox 884 1691 1256 1746; x_wconf 84' lang='lat' dir='ltr'><strong><em>misericordia</em></strong></span> <span class='ocrx_word' id='word_1_126' title='bbox 1283 1691 1733 1760; x_wconf 87' lang='lat' dir='ltr'><strong><em>componendam,</em></strong></span> 
     </span>
    </p>
   </div>
   <div class='ocr_carea' id='block_1_18' title="bbox 153 1779 1734 1850">
    <p class='ocr_par' dir='ltr' id='par_1_18' title="bbox 153 1779 1734 1850">
     <span class='ocr_line' id='line_1_18' title="bbox 153 1779 1734 1850; baseline -0.001 -17"><span class='ocrx_word' id='word_1_127' title='bbox 153 1794 275 1849; x_wconf 74' lang='lat' dir='ltr'><strong><em>quae</em></strong></span> <span class='ocrx_word' id='word_1_128' title='bbox 297 1795 398 1850; x_wconf 90' lang='lat' dir='ltr'><strong><em>per</em></strong></span> <span class='ocrx_word' id='word_1_129' title='bbox 438 1779 668 1849; x_wconf 87' lang='lat' dir='ltr'><strong><em>seipsam</em></strong></span> <span class='ocrx_word' id='word_1_130' title='bbox 709 1780 946 1850; x_wconf 85' lang='lat' dir='ltr'><strong><em>loquitur</em></strong></span> <span class='ocrx_word' id='word_1_131' title='bbox 979 1781 1200 1836; x_wconf 89' lang='lat' dir='ltr'><strong><em>dicens:</em></strong></span> <span class='ocrx_word' id='word_1_132' title='bbox 1230 1779 1411 1835; x_wconf 78' lang='lat' dir='ltr'><strong><em>Meum</em></strong></span> <span class='ocrx_word' id='word_1_133' title='bbox 1445 1789 1520 1835; x_wconf 89' lang='lat' dir='ltr'><strong><em>est</em></strong></span> <span class='ocrx_word' id='word_1_134' title='bbox 1562 1781 1734 1834; x_wconf 87' lang='lat' dir='ltr'><strong><em>consi-</em></strong></span> 
     </span>
    </p>
   </div>
   <div class='ocr_carea' id='block_1_19' title="bbox 1843 620 3418 692">
    <p class='ocr_par' dir='ltr' id='par_1_19' title="bbox 1843 620 3418 692">
     <span class='ocr_line' id='line_1_19' title="bbox 1843 620 3418 692; baseline 0.006 -21"><span class='ocrx_word' id='word_1_135' title='bbox 1843 625 2015 684; x_wconf 90' lang='lat' dir='ltr'><strong><em>tente;</em></strong></span> <span class='ocrx_word' id='word_1_136' title='bbox 2049 634 2174 674; x_wconf 92' lang='lat' dir='ltr'><strong><em>cum</em></strong></span> <span class='ocrx_word' id='word_1_137' title='bbox 2202 628 2257 674; x_wconf 91' lang='lat' dir='ltr'><strong><em>et</em></strong></span> <span class='ocrx_word' id='word_1_138' title='bbox 2288 620 2464 689; x_wconf 83' lang='lat' dir='ltr'><strong><em>capilli</em></strong></span> <span class='ocrx_word' id='word_1_139' title='bbox 2495 622 2685 692; x_wconf 86' lang='lat' dir='ltr'><strong><em>capitis</em></strong></span> <span class='ocrx_word' id='word_1_140' title='bbox 2715 621 2952 678; x_wconf 88' lang='lat' dir='ltr'><strong><em>ﬁdelium</em></strong></span> <span class='ocrx_word' id='word_1_141' title='bbox 2993 638 3183 678; x_wconf 89' lang='lat' dir='ltr'><strong><em>omnes</em></strong></span> <span class='ocrx_word' id='word_1_142' title='bbox 3227 640 3418 681; x_wconf 85' lang='lat' dir='ltr'><strong><em>nume-</em></strong></span> 
     </span>
    </p>
   </div>
   <div class='ocr_carea' id='block_1_20' title="bbox 1840 709 3423 782">
    <p class='ocr_par' dir='ltr' id='par_1_20' title="bbox 1840 709 3423 782">
     <span class='ocr_line' id='line_1_20' title="bbox 1840 709 3423 782; baseline 0.006 -20"><span class='ocrx_word' id='word_1_143' title='bbox 1840 709 1942 762; x_wconf 85' lang='lat' dir='ltr'><strong><em>rati</em></strong></span> <span class='ocrx_word' id='word_1_144' title='bbox 1982 709 2106 775; x_wconf 90' lang='lat' dir='ltr'><strong><em>sint,</em></strong></span> <span class='ocrx_word' id='word_1_145' title='bbox 2138 719 2194 765; x_wconf 90' lang='lat' dir='ltr'><strong><em>et</em></strong></span> <span class='ocrx_word' id='word_1_146' title='bbox 2217 725 2359 765; x_wconf 92' lang='lat' dir='ltr'><strong><em>unus</em></strong></span> <span class='ocrx_word' id='word_1_147' title='bbox 2384 726 2450 765; x_wconf 84' lang='lat' dir='ltr'><strong><em>ex</em></strong></span> <span class='ocrx_word' id='word_1_148' title='bbox 2476 711 2682 766; x_wconf 88' lang='lat' dir='ltr'><strong><em>duobus</em></strong></span> <span class='ocrx_word' id='word_1_149' title='bbox 2712 721 2804 767; x_wconf 89' lang='lat' dir='ltr'><strong><em>aut</em></strong></span> <span class='ocrx_word' id='word_1_150' title='bbox 2839 714 3078 782; x_wconf 85' lang='lat' dir='ltr'><strong><em>quinque</em></strong></span> <span class='ocrx_word' id='word_1_151' title='bbox 3111 714 3423 782; x_wconf 87' lang='lat' dir='ltr'><strong><em>passeribus</em></strong></span> 
     </span>
    </p>
   </div>
   <div class='ocr_carea' id='block_1_21' title="bbox 1839 799 3422 871">
    <p class='ocr_par' dir='ltr' id='par_1_21' title="bbox 1839 799 3422 871">
     <span class='ocr_line' id='line_1_21' title="bbox 1839 799 3422 871; baseline 0.003 -18"><span class='ocrx_word' id='word_1_152' title='bbox 1839 813 1946 853; x_wconf 91' lang='lat' dir='ltr'><strong><em>non</em></strong></span> <span class='ocrx_word' id='word_1_153' title='bbox 1973 799 2132 854; x_wconf 87' lang='lat' dir='ltr'><strong><em>cadat</em></strong></span> <span class='ocrx_word' id='word_1_154' title='bbox 2153 801 2208 855; x_wconf 91' lang='lat' dir='ltr'><strong><em>in</em></strong></span> <span class='ocrx_word' id='word_1_155' title='bbox 2236 809 2436 855; x_wconf 89' lang='lat' dir='ltr'><strong><em>terram</em></strong></span> <span class='ocrx_word' id='word_1_156' title='bbox 2467 799 2584 855; x_wconf 91' lang='lat' dir='ltr'><strong><em>sine</em></strong></span> <span class='ocrx_word' id='word_1_157' title='bbox 2608 801 2742 866; x_wconf 88' lang='lat' dir='ltr'><strong><em>Deo,</em></strong></span> <span class='ocrx_word' id='word_1_158' title='bbox 2774 810 2829 855; x_wconf 90' lang='lat' dir='ltr'><strong><em>et</em></strong></span> <span class='ocrx_word' id='word_1_159' title='bbox 2865 801 3006 856; x_wconf 86' lang='lat' dir='ltr'><strong><em>sicut</em></strong></span> <span class='ocrx_word' id='word_1_160' title='bbox 3037 802 3252 871; x_wconf 89' lang='lat' dir='ltr'><strong><em>quidam</em></strong></span> <span class='ocrx_word' id='word_1_161' title='bbox 3294 818 3422 858; x_wconf 85' lang='lat' dir='ltr'><strong><em>sau-</em></strong></span> 
     </span>
    </p>
   </div>
   <div class='ocr_carea' id='block_1_22' title="bbox 1837 889 3417 961">
    <p class='ocr_par' dir='ltr' id='par_1_22' title="bbox 1837 889 3417 961">
     <span class='ocr_line' id='line_1_22' title="bbox 1837 889 3417 961; baseline 0.003 -18"><span class='ocrx_word' id='word_1_162' title='bbox 1837 896 2046 943; x_wconf 87' lang='lat' dir='ltr'><strong><em>ctorum</em></strong></span> <span class='ocrx_word' id='word_1_163' title='bbox 2081 891 2154 944; x_wconf 86' lang='lat' dir='ltr'><strong><em>ait</em></strong></span> <span class='ocrx_word' id='word_1_164' title='bbox 2185 890 2340 961; x_wconf 82' lang='lat' dir='ltr'><strong><em>(Aug.</em></strong></span> <span class='ocrx_word' id='word_1_165' title='bbox 2376 890 2429 944; x_wconf 86' lang='lat' dir='ltr'><strong><em>in</em></strong></span> <span class='ocrx_word' id='word_1_166' title='bbox 2470 889 2661 943; x_wconf 83' lang='lat' dir='ltr'><strong><em>Matth.</em></strong></span> <span class='ocrx_word' id='word_1_167' title='bbox 2691 907 2845 944; x_wconf 82' lang='lat' dir='ltr'><strong><em>serm.</em></strong></span> <span class='ocrx_word' id='word_1_168' title='bbox 2889 891 2941 961; x_wconf 89' lang='lat'><strong><em>6)</em></strong></span> <span class='ocrx_word' id='word_1_169' title='bbox 2973 907 2985 944; x_wconf 94' lang='lat'>:</span> <span class='ocrx_word' id='word_1_170' title='bbox 3023 910 3040 940; x_wconf 85' lang='grc'><strong>‹</strong></span> <span class='ocrx_word' id='word_1_171' title='bbox 3078 890 3188 946; x_wconf 87' lang='lat' dir='ltr'><strong><em>Nec</em></strong></span> <span class='ocrx_word' id='word_1_172' title='bbox 3232 891 3417 947; x_wconf 83' lang='lat' dir='ltr'><strong><em>folium</em></strong></span> 
     </span>
    </p>
   </div>
   <div class='ocr_carea' id='block_1_23' title="bbox 1838 979 3421 1051">
    <p class='ocr_par' dir='ltr' id='par_1_23' title="bbox 1838 979 3421 1051">
     <span class='ocr_line' id='line_1_23' title="bbox 1838 979 3421 1051; baseline 0.002 -18"><span class='ocrx_word' id='word_1_173' title='bbox 1838 979 1905 1034; x_wconf 90' lang='lat' dir='ltr'><strong><em>de</em></strong></span> <span class='ocrx_word' id='word_1_174' title='bbox 1932 981 2126 1035; x_wconf 90' lang='lat' dir='ltr'><strong><em>arbore</em></strong></span> <span class='ocrx_word' id='word_1_175' title='bbox 2176 981 2293 1035; x_wconf 89' lang='lat' dir='ltr'><strong><em>sine</em></strong></span> <span class='ocrx_word' id='word_1_176' title='bbox 2329 989 2458 1034; x_wconf 88' lang='lat' dir='ltr'><strong><em>nutu</em></strong></span> <span class='ocrx_word' id='word_1_177' title='bbox 2488 980 2579 1034; x_wconf 88' lang='lat' dir='ltr'><strong><em>Dei</em></strong></span> <span class='ocrx_word' id='word_1_178' title='bbox 2611 981 2841 1034; x_wconf 82' lang='lat' dir='ltr'><strong><em>decidat.</em></strong></span> <span class='ocrx_word' id='word_1_179' title='bbox 2882 1001 2898 1030; x_wconf 72' lang='grc' dir='ltr'><strong><em>ι</em></strong></span> <span class='ocrx_word' id='word_1_180' title='bbox 2930 981 3133 1035; x_wconf 86' lang='lat' dir='ltr'><strong><em>Tamen</em></strong></span> <span class='ocrx_word' id='word_1_181' title='bbox 3165 982 3291 1051; x_wconf 90' lang='lat' dir='ltr'><strong><em>quia</em></strong></span> <span class='ocrx_word' id='word_1_182' title='bbox 3323 997 3421 1036; x_wconf 87' lang='lat' dir='ltr'><strong><em>no-</em></strong></span> 
     </span>
    </p>
   </div>
   <div class='ocr_carea' id='block_1_24' title="bbox 1837 1068 3418 1138">
    <p class='ocr_par' dir='ltr' id='par_1_24' title="bbox 1837 1068 3418 1138">
     <span class='ocr_line' id='line_1_24' title="bbox 1837 1068 3418 1138; baseline -0.001 -14"><span class='ocrx_word' id='word_1_183' title='bbox 1837 1069 2109 1124; x_wconf 84' lang='lat' dir='ltr'><strong><em>tissimum</em></strong></span> <span class='ocrx_word' id='word_1_184' title='bbox 2136 1075 2220 1123; x_wconf 88' lang='lat' dir='ltr'><strong><em>est</em></strong></span> <span class='ocrx_word' id='word_1_185' title='bbox 2238 1069 2407 1124; x_wconf 89' lang='lat' dir='ltr'><strong><em>bonos</em></strong></span> <span class='ocrx_word' id='word_1_186' title='bbox 2428 1085 2458 1123; x_wconf 89' lang='lat' dir='ltr'><strong><em>a</em></strong></span> <span class='ocrx_word' id='word_1_187' title='bbox 2484 1070 2641 1123; x_wconf 91' lang='lat' dir='ltr'><strong><em>malis</em></strong></span> <span class='ocrx_word' id='word_1_188' title='bbox 2664 1068 2913 1130; x_wconf 89' lang='lat' dir='ltr'><strong><em>interﬁci,</em></strong></span> <span class='ocrx_word' id='word_1_189' title='bbox 2934 1085 3206 1138; x_wconf 88' lang='lat' dir='ltr'><strong><em>nunquam</em></strong></span> <span class='ocrx_word' id='word_1_190' title='bbox 3236 1077 3418 1124; x_wconf 82' lang='lat' dir='ltr'><strong><em>autem</em></strong></span> 
     </span>
    </p>
   </div>
   <div class='ocr_carea' id='block_1_25' title="bbox 1837 1157 3418 1228">
    <p class='ocr_par' dir='ltr' id='par_1_25' title="bbox 1837 1157 3418 1228">
     <span class='ocr_line' id='line_1_25' title="bbox 1837 1157 3418 1228; baseline 0.001 -16"><span class='ocrx_word' id='word_1_191' title='bbox 1837 1159 2010 1214; x_wconf 88' lang='lat' dir='ltr'><strong><em>malos</em></strong></span> <span class='ocrx_word' id='word_1_192' title='bbox 2033 1159 2268 1224; x_wconf 62' lang='lat' dir='ltr'><strong><em>a&#39;bonis,</em></strong></span> <span class='ocrx_word' id='word_1_193' title='bbox 2291 1159 2393 1213; x_wconf 88' lang='lat' dir='ltr'><strong><em>nisi</em></strong></span> <span class='ocrx_word' id='word_1_194' title='bbox 2436 1160 2488 1212; x_wconf 91' lang='lat' dir='ltr'><strong><em>in</em></strong></span> <span class='ocrx_word' id='word_1_195' title='bbox 2529 1157 2682 1213; x_wconf 89' lang='lat' dir='ltr'><strong><em>bellis</em></strong></span> <span class='ocrx_word' id='word_1_196' title='bbox 2716 1157 2944 1226; x_wconf 85' lang='lat' dir='ltr'><strong><em>publicis</em></strong></span> <span class='ocrx_word' id='word_1_197' title='bbox 2969 1165 3021 1212; x_wconf 89' lang='lat' dir='ltr'><strong><em>et</em></strong></span> <span class='ocrx_word' id='word_1_198' title='bbox 3044 1158 3303 1228; x_wconf 84' lang='lat' dir='ltr'><strong><em>legalibus</em></strong></span> <span class='ocrx_word' id='word_1_199' title='bbox 3329 1158 3418 1227; x_wconf 82' lang='lat' dir='ltr'><strong><em>ju-</em></strong></span> 
     </span>
    </p>
   </div>
   <div class='ocr_carea' id='block_1_26' title="bbox 1838 1248 3417 1322">
    <p class='ocr_par' dir='ltr' id='par_1_26' title="bbox 1838 1248 3417 1322">
     <span class='ocr_line' id='line_1_26' title="bbox 1838 1248 3417 1322; baseline 0 -17"><span class='ocrx_word' id='word_1_200' title='bbox 1838 1251 2016 1315; x_wconf 91' lang='lat' dir='ltr'><strong><em>diciis,</em></strong></span> <span class='ocrx_word' id='word_1_201' title='bbox 2046 1251 2278 1322; x_wconf 88' lang='lat' dir='ltr'><strong><em>pertinet</em></strong></span> <span class='ocrx_word' id='word_1_202' title='bbox 2301 1253 2404 1306; x_wconf 87' lang='lat' dir='ltr'><strong><em>hoc</em></strong></span> <span class='ocrx_word' id='word_1_203' title='bbox 2433 1251 2501 1304; x_wconf 91' lang='lat' dir='ltr'><strong><em>ad</em></strong></span> <span class='ocrx_word' id='word_1_204' title='bbox 2535 1251 2743 1305; x_wconf 88' lang='lat' dir='ltr'><strong><em>occulta</em></strong></span> <span class='ocrx_word' id='word_1_205' title='bbox 2763 1248 2965 1318; x_wconf 89' lang='lat' dir='ltr'><strong><em>judicia</em></strong></span> <span class='ocrx_word' id='word_1_206' title='bbox 2992 1249 3110 1314; x_wconf 89' lang='lat' dir='ltr'><strong><em>Dei,</em></strong></span> <span class='ocrx_word' id='word_1_207' title='bbox 3142 1264 3260 1319; x_wconf 72' lang='lat' dir='ltr'><strong><em>qua:</em></strong></span> <span class='ocrx_word' id='word_1_208' title='bbox 3289 1261 3417 1306; x_wconf 89' lang='lat' dir='ltr'><strong><em>sunt</em></strong></span> 
     </span>
    </p>
   </div>
   <div class='ocr_carea' id='block_1_27' title="bbox 1837 1339 3416 1412">
    <p class='ocr_par' dir='ltr' id='par_1_27' title="bbox 1837 1339 3416 1412">
     <span class='ocr_line' id='line_1_27' title="bbox 1837 1339 3416 1412; baseline -0.001 -15"><span class='ocrx_word' id='word_1_209' title='bbox 1837 1340 1979 1397; x_wconf 79' lang='lat' dir='ltr'><strong><em>sicut</em></strong></span> <span class='ocrx_word' id='word_1_210' title='bbox 2003 1341 2226 1412; x_wconf 85' lang='lat' dir='ltr'><strong><em>abyssus</em></strong></span> <span class='ocrx_word' id='word_1_211' title='bbox 2245 1341 2433 1407; x_wconf 90' lang='lat' dir='ltr'><strong><em>multa,</em></strong></span> <span class='ocrx_word' id='word_1_212' title='bbox 2457 1355 2558 1395; x_wconf 89' lang='lat' dir='ltr'><strong><em>nec</em></strong></span> <span class='ocrx_word' id='word_1_213' title='bbox 2588 1348 2671 1395; x_wconf 92' lang='lat' dir='ltr'><strong><em>est</em></strong></span> <span class='ocrx_word' id='word_1_214' title='bbox 2706 1339 2889 1395; x_wconf 84' lang='lat' dir='ltr'><strong><em>datum</em></strong></span> <span class='ocrx_word' id='word_1_215' title='bbox 2919 1339 3226 1395; x_wconf 88' lang='lat' dir='ltr'><strong><em>hominibus</em></strong></span> <span class='ocrx_word' id='word_1_216' title='bbox 3253 1356 3416 1396; x_wconf 90' lang='lat' dir='ltr'><strong><em>nosse</em></strong></span> 
     </span>
    </p>
   </div>
   <div class='ocr_carea' id='block_1_28' title="bbox 1836 1430 3412 1503">
    <p class='ocr_par' dir='ltr' id='par_1_28' title="bbox 1836 1430 3412 1503">
     <span class='ocr_line' id='line_1_28' title="bbox 1836 1430 3412 1503; baseline -0.001 -16"><span class='ocrx_word' id='word_1_217' title='bbox 1836 1446 1936 1487; x_wconf 89' lang='lat' dir='ltr'><strong><em>cur</em></strong></span> <span class='ocrx_word' id='word_1_218' title='bbox 1980 1432 2320 1503; x_wconf 88' lang='lat' dir='ltr'><strong><em>omnipotens</em></strong></span> <span class='ocrx_word' id='word_1_219' title='bbox 2368 1432 2441 1486; x_wconf 92' lang='lat' dir='ltr'><strong><em>ita</em></strong></span> <span class='ocrx_word' id='word_1_220' title='bbox 2483 1432 2763 1501; x_wconf 87' lang='lat' dir='ltr'><strong><em>permittat</em></strong></span> <span class='ocrx_word' id='word_1_221' title='bbox 2814 1432 2950 1486; x_wconf 90' lang='lat' dir='ltr'><strong><em>ﬁeri.</em></strong></span> <span class='ocrx_word' id='word_1_222' title='bbox 2999 1430 3186 1486; x_wconf 89' lang='lat' dir='ltr'><strong><em>Solere</em></strong></span> <span class='ocrx_word' id='word_1_223' title='bbox 3233 1441 3412 1486; x_wconf 88' lang='lat' dir='ltr'><strong><em>autem</em></strong></span> 
     </span>
    </p>
   </div>
   <div class='ocr_carea' id='block_1_29' title="bbox 1828 1520 3419 1593">
    <p class='ocr_par' dir='ltr' id='par_1_29' title="bbox 1828 1520 3419 1593">
     <span class='ocr_line' id='line_1_29' title="bbox 1828 1520 3419 1593; baseline -0.001 -16"><span class='ocrx_word' id='word_1_224' title='bbox 1828 1521 2008 1593; x_wconf 82' lang='lat' dir='ltr'><strong><em>justos</em></strong></span> <span class='ocrx_word' id='word_1_225' title='bbox 2045 1524 2113 1577; x_wconf 90' lang='lat' dir='ltr'><strong><em>ab</em></strong></span> <span class='ocrx_word' id='word_1_226' title='bbox 2153 1523 2353 1591; x_wconf 89' lang='lat' dir='ltr'><strong><em>iniquis</em></strong></span> <span class='ocrx_word' id='word_1_227' title='bbox 2396 1521 2629 1577; x_wconf 87' lang='lat' dir='ltr'><strong><em>interﬁci</em></strong></span> <span class='ocrx_word' id='word_1_228' title='bbox 2673 1529 2903 1576; x_wconf 89' lang='lat' dir='ltr'><strong><em>testatur</em></strong></span> <span class='ocrx_word' id='word_1_229' title='bbox 2949 1530 3003 1576; x_wconf 91' lang='lat' dir='ltr'><strong><em>et</em></strong></span> <span class='ocrx_word' id='word_1_230' title='bbox 3032 1520 3220 1586; x_wconf 88' lang='lat' dir='ltr'><strong><em>David,</em></strong></span> <span class='ocrx_word' id='word_1_231' title='bbox 3255 1535 3419 1589; x_wconf 87' lang='lat' dir='ltr'><strong><em>super</em></strong></span> 
     </span>
    </p>
   </div>
   <div class='ocr_carea' id='block_1_30' title="bbox 1833 1611 3414 1683">
    <p class='ocr_par' dir='ltr' id='par_1_30' title="bbox 1833 1611 3414 1683">
     <span class='ocr_line' id='line_1_30' title="bbox 1833 1611 3414 1683; baseline -0.002 -14"><span class='ocrx_word' id='word_1_232' title='bbox 1833 1613 2018 1669; x_wconf 81' lang='lat' dir='ltr'><strong><em>Abner</em></strong></span> <span class='ocrx_word' id='word_1_233' title='bbox 2058 1612 2300 1678; x_wconf 88' lang='lat' dir='ltr'><strong><em>interitu,</em></strong></span> <span class='ocrx_word' id='word_1_234' title='bbox 2349 1613 2574 1668; x_wconf 81' lang='lat' dir='ltr'><strong><em>dicens:</em></strong></span> <span class='ocrx_word' id='word_1_235' title='bbox 2603 1611 2947 1683; x_wconf 83' lang='lat' dir='ltr'><strong><em>Nequaquam</em></strong></span> <span class='ocrx_word' id='word_1_236' title='bbox 2976 1622 3032 1665; x_wconf 88' lang='lat' dir='ltr'><strong><em>ut</em></strong></span> <span class='ocrx_word' id='word_1_237' title='bbox 3069 1613 3202 1666; x_wconf 87' lang='lat' dir='ltr'><strong><em>mori</em></strong></span> <span class='ocrx_word' id='word_1_238' title='bbox 3247 1612 3414 1666; x_wconf 87' lang='lat' dir='ltr'><strong><em>solent</em></strong></span> 
     </span>
    </p>
   </div>
   <div class='ocr_carea' id='block_1_31' title="bbox 1834 1700 3413 1773">
    <p class='ocr_par' dir='ltr' id='par_1_31' title="bbox 1834 1700 3413 1773">
     <span class='ocr_line' id='line_1_31' title="bbox 1834 1700 3413 1773; baseline -0.002 -16"><span class='ocrx_word' id='word_1_239' title='bbox 1834 1702 2031 1773; x_wconf 79' lang='lat' dir='ltr'><strong><em>ignaui,</em></strong></span> <span class='ocrx_word' id='word_1_240' title='bbox 2058 1711 2297 1756; x_wconf 86' lang='lat' dir='ltr'><strong><em>mortuus</em></strong></span> <span class='ocrx_word' id='word_1_241' title='bbox 2326 1710 2403 1755; x_wconf 88' lang='lat' dir='ltr'><strong><em>est</em></strong></span> <span class='ocrx_word' id='word_1_242' title='bbox 2430 1701 2624 1766; x_wconf 82' lang='lat' dir='ltr'><strong><em>Abner;</em></strong></span> <span class='ocrx_word' id='word_1_243' title='bbox 2647 1700 2740 1756; x_wconf 89' lang='lat' dir='ltr'><strong><em>sed</em></strong></span> <span class='ocrx_word' id='word_1_244' title='bbox 2758 1703 2890 1754; x_wconf 82' lang='lat' dir='ltr'><strong><em>sicut</em></strong></span> <span class='ocrx_word' id='word_1_245' title='bbox 2918 1701 3081 1755; x_wconf 81' lang='lat' dir='ltr'><strong><em>solent</em></strong></span> <span class='ocrx_word' id='word_1_246' title='bbox 3114 1702 3298 1756; x_wconf 86' lang='lat' dir='ltr'><strong><em>cadere</em></strong></span> <span class='ocrx_word' id='word_1_247' title='bbox 3322 1718 3413 1755; x_wconf 85' lang='lat' dir='ltr'><strong><em>co-</em></strong></span> 
     </span>
    </p>
   </div>
   <div class='ocr_carea' id='block_1_32' title="bbox 1835 1789 3414 1863">
    <p class='ocr_par' dir='ltr' id='par_1_32' title="bbox 1835 1789 3414 1863">
     <span class='ocr_line' id='line_1_32' title="bbox 1835 1789 3414 1863; baseline -0.001 -17"><span class='ocrx_word' id='word_1_248' title='bbox 1835 1810 1948 1847; x_wconf 90' lang='lat' dir='ltr'><strong><em>ram</em></strong></span> <span class='ocrx_word' id='word_1_249' title='bbox 1973 1791 2096 1862; x_wconf 77' lang='lat' dir='ltr'><strong><em>ﬁliis</em></strong></span> <span class='ocrx_word' id='word_1_250' title='bbox 2127 1791 2438 1863; x_wconf 81' lang='lat' dir='ltr'><strong><em>iniquitatis,</em></strong></span> <span class='ocrx_word' id='word_1_251' title='bbox 2472 1791 2686 1845; x_wconf 85' lang='lat' dir='ltr'><strong><em>corruit.</em></strong></span> <span class='ocrx_word' id='word_1_252' title='bbox 2713 1790 2841 1858; x_wconf 88' lang='lat' dir='ltr'><strong><em>Sed,</em></strong></span> <span class='ocrx_word' id='word_1_253' title='bbox 2885 1799 2945 1845; x_wconf 89' lang='lat' dir='ltr'><strong><em>ut</em></strong></span> <span class='ocrx_word' id='word_1_254' title='bbox 2987 1792 3240 1855; x_wconf 80' lang='lat' dir='ltr'><strong><em>diximus,</em></strong></span> <span class='ocrx_word' id='word_1_255' title='bbox 3283 1789 3414 1845; x_wconf 86' lang='lat' dir='ltr'><strong><em>nulli</em></strong></span> 
     </span>
    </p>
   </div>
   <div class='ocr_carea' id='block_1_33' title="bbox 153 1867 1729 1952">
    <p class='ocr_par' dir='ltr' id='par_1_33' title="bbox 153 1867 1729 1941">
     <span class='ocr_line' id='line_1_33' title="bbox 153 1867 1729 1941; baseline 0.001 -21"><span class='ocrx_word' id='word_1_256' title='bbox 153 1867 305 1935; x_wconf 86' lang='lat' dir='ltr'><strong><em>lium,</em></strong></span> <span class='ocrx_word' id='word_1_257' title='bbox 334 1879 382 1923; x_wconf 88' lang='lat' dir='ltr'><strong><em>et</em></strong></span> <span class='ocrx_word' id='word_1_258' title='bbox 408 1871 647 1940; x_wconf 84' lang='lat' dir='ltr'><strong><em>tequitas,</em></strong></span> <span class='ocrx_word' id='word_1_259' title='bbox 690 1887 804 1925; x_wconf 90' lang='lat' dir='ltr'><strong><em>mea</em></strong></span> <span class='ocrx_word' id='word_1_260' title='bbox 851 1879 926 1925; x_wconf 88' lang='lat' dir='ltr'><strong><em>est</em></strong></span> <span class='ocrx_word' id='word_1_261' title='bbox 973 1871 1270 1941; x_wconf 85' lang='lat' dir='ltr'><strong><em>prudentia,</em></strong></span> <span class='ocrx_word' id='word_1_262' title='bbox 1310 1886 1428 1924; x_wconf 88' lang='lat' dir='ltr'><strong><em>mea</em></strong></span> <span class='ocrx_word' id='word_1_263' title='bbox 1472 1879 1549 1924; x_wconf 90' lang='lat' dir='ltr'><strong><em>est</em></strong></span> <span class='ocrx_word' id='word_1_264' title='bbox 1578 1869 1729 1938; x_wconf 90' lang='lat' dir='ltr'><strong><em>forti-</em></strong></span> 
     </span>
    </p>
   </div>
   <div class='ocr_carea' id='block_1_34' title="bbox 1834 1867 3414 1952">
    <p class='ocr_par' dir='ltr' id='par_1_34' title="bbox 1834 1879 3414 1952">
     <span class='ocr_line' id='line_1_34' title="bbox 1834 1879 3414 1952; baseline -0.002 -16"><span class='ocrx_word' id='word_1_265' title='bbox 1834 1882 1947 1938; x_wconf 84' lang='lat' dir='ltr'><strong><em>haec</em></strong></span> <span class='ocrx_word' id='word_1_266' title='bbox 1978 1882 2300 1952; x_wconf 88' lang='lat' dir='ltr'><strong><em>investigare</em></strong></span> <span class='ocrx_word' id='word_1_267' title='bbox 2323 1895 2638 1936; x_wconf 88' lang='lat' dir='ltr'><strong><em>concessum</em></strong></span> <span class='ocrx_word' id='word_1_268' title='bbox 2670 1887 2769 1944; x_wconf 86' lang='lat' dir='ltr'><strong><em>est,</em></strong></span> <span class='ocrx_word' id='word_1_269' title='bbox 2804 1879 3017 1950; x_wconf 86' lang='lat' dir='ltr'><strong><em>quando</em></strong></span> <span class='ocrx_word' id='word_1_270' title='bbox 3053 1889 3108 1934; x_wconf 90' lang='lat' dir='ltr'><strong><em>et</em></strong></span> <span class='ocrx_word' id='word_1_271' title='bbox 3134 1880 3248 1950; x_wconf 89' lang='lat' dir='ltr'><strong><em>ipse</em></strong></span> <span class='ocrx_word' id='word_1_272' title='bbox 3274 1880 3414 1934; x_wconf 87' lang='lat' dir='ltr'><strong><em>Pau-</em></strong></span> 
     </span>
    </p>
   </div>
   <div class='ocr_carea' id='block_1_35' title="bbox 152 1959 1732 2034">
    <p class='ocr_par' dir='ltr' id='par_1_35' title="bbox 152 1959 1732 2034">
     <span class='ocr_line' id='line_1_35' title="bbox 152 1959 1732 2034; baseline -0.001 -18"><span class='ocrx_word' id='word_1_273' title='bbox 152 1963 299 2016; x_wconf 89' lang='lat' dir='ltr'><strong><em>tudo.</em></strong></span> <span class='ocrx_word' id='word_1_274' title='bbox 359 1959 465 2016; x_wconf 90' lang='lat' dir='ltr'><strong><em>Per</em></strong></span> <span class='ocrx_word' id='word_1_275' title='bbox 511 1980 592 2018; x_wconf 88' lang='lat' dir='ltr'><strong><em>me</em></strong></span> <span class='ocrx_word' id='word_1_276' title='bbox 643 1980 786 2034; x_wconf 87' lang='lat' dir='ltr'><strong><em>reges</em></strong></span> <span class='ocrx_word' id='word_1_277' title='bbox 836 1972 1075 2034; x_wconf 89' lang='lat' dir='ltr'><strong><em>regnant,</em></strong></span> <span class='ocrx_word' id='word_1_278' title='bbox 1127 1971 1178 2017; x_wconf 87' lang='lat' dir='ltr'><strong><em>et</em></strong></span> <span class='ocrx_word' id='word_1_279' title='bbox 1227 1962 1399 2033; x_wconf 90' lang='lat' dir='ltr'><strong><em>legum</em></strong></span> <span class='ocrx_word' id='word_1_280' title='bbox 1435 1961 1732 2017; x_wconf 85' lang='lat' dir='ltr'><strong><em>conditores</em></strong></span> 
     </span>
    </p>
   </div>
   <div class='ocr_carea' id='block_1_36' title="bbox 146 2050 1731 2125">
    <p class='ocr_par' dir='ltr' id='par_1_36' title="bbox 146 2050 1731 2125">
     <span class='ocr_line' id='line_1_36' title="bbox 146 2050 1731 2125; baseline 0 -19"><span class='ocrx_word' id='word_1_281' title='bbox 146 2050 296 2122; x_wconf 84' lang='lat' dir='ltr'><strong><em>justa</em></strong></span> <span class='ocrx_word' id='word_1_282' title='bbox 339 2053 645 2109; x_wconf 83' lang='lat' dir='ltr'><strong><em>decernunt.</em></strong></span> <span class='ocrx_word' id='word_1_283' title='bbox 677 2054 782 2108; x_wconf 88' lang='lat' dir='ltr'><strong><em>Per</em></strong></span> <span class='ocrx_word' id='word_1_284' title='bbox 804 2071 884 2109; x_wconf 89' lang='lat' dir='ltr'><strong><em>me</em></strong></span> <span class='ocrx_word' id='word_1_285' title='bbox 929 2055 1189 2125; x_wconf 85' lang='lat' dir='ltr'><strong><em>principes</em></strong></span> <span class='ocrx_word' id='word_1_286' title='bbox 1234 2056 1514 2125; x_wconf 87' lang='lat' dir='ltr'><strong><em>imperant,</em></strong></span> <span class='ocrx_word' id='word_1_287' title='bbox 1551 2062 1600 2107; x_wconf 90' lang='lat' dir='ltr'><strong><em>et</em></strong></span> <span class='ocrx_word' id='word_1_288' title='bbox 1634 2069 1731 2122; x_wconf 83' lang='lat' dir='ltr'><strong><em>po-</em></strong></span> 
     </span>
    </p>
   </div>
   <div class='ocr_carea' id='block_1_37' title="bbox 151 2143 1731 2215">
    <p class='ocr_par' dir='ltr' id='par_1_37' title="bbox 151 2143 1731 2215">
     <span class='ocr_line' id='line_1_37' title="bbox 151 2143 1731 2215; baseline 0 -18"><span class='ocrx_word' id='word_1_289' title='bbox 151 2153 313 2198; x_wconf 85' lang='lat' dir='ltr'><strong><em>tentes</em></strong></span> <span class='ocrx_word' id='word_1_290' title='bbox 341 2144 625 2199; x_wconf 88' lang='lat' dir='ltr'><strong><em>decernunt</em></strong></span> <span class='ocrx_word' id='word_1_291' title='bbox 661 2144 962 2215; x_wconf 62' lang='lat' dir='ltr'><strong><em>justitiam.</em></strong></span> <span class='ocrx_word' id='word_1_292' title='bbox 993 2144 1131 2199; x_wconf 85' lang='lat' dir='ltr'><strong><em>Hinc</em></strong></span> <span class='ocrx_word' id='word_1_293' title='bbox 1174 2152 1352 2199; x_wconf 88' lang='lat' dir='ltr'><strong><em>autem</em></strong></span> <span class='ocrx_word' id='word_1_294' title='bbox 1396 2150 1598 2198; x_wconf 67' lang='lat' dir='ltr'><strong><em>atterna</em></strong></span> <span class='ocrx_word' id='word_1_295' title='bbox 1634 2143 1731 2197; x_wconf 90' lang='lat' dir='ltr'><strong><em>Dei</em></strong></span> 
     </span>
    </p>
   </div>
   <div class='ocr_carea' id='block_1_38' title="bbox 151 2232 1731 2304">
    <p class='ocr_par' dir='ltr' id='par_1_38' title="bbox 151 2232 1731 2304">
     <span class='ocr_line' id='line_1_38' title="bbox 151 2232 1731 2304; baseline 0.001 -19"><span class='ocrx_word' id='word_1_296' title='bbox 151 2232 415 2300; x_wconf 79' lang='lat' dir='ltr'><strong><em>sapientia</em></strong></span> <span class='ocrx_word' id='word_1_297' title='bbox 451 2233 772 2288; x_wconf 90' lang='lat' dir='ltr'><strong><em>indubitanti</em></strong></span> <span class='ocrx_word' id='word_1_298' title='bbox 800 2233 902 2288; x_wconf 84' lang='lat' dir='ltr'><strong><em>ﬁde</em></strong></span> <span class='ocrx_word' id='word_1_299' title='bbox 923 2235 1211 2304; x_wconf 77' lang='lat' dir='ltr'><strong><em>quaerenda</em></strong></span> <span class='ocrx_word' id='word_1_300' title='bbox 1240 2241 1342 2299; x_wconf 91' lang='lat' dir='ltr'><strong><em>est,</em></strong></span> <span class='ocrx_word' id='word_1_301' title='bbox 1393 2234 1646 2303; x_wconf 90' lang='lat' dir='ltr'><strong><em>precibus</em></strong></span> <span class='ocrx_word' id='word_1_302' title='bbox 1665 2243 1731 2288; x_wconf 83' lang='lat' dir='ltr'><strong><em>&#39;et</em></strong></span> 
     </span>
    </p>
   </div>
   <div class='ocr_carea' id='block_1_39' title="bbox 150 2321 1731 2392">
    <p class='ocr_par' dir='ltr' id='par_1_39' title="bbox 150 2321 1731 2392">
     <span class='ocr_line' id='line_1_39' title="bbox 150 2321 1731 2392; baseline 0 -14"><span class='ocrx_word' id='word_1_303' title='bbox 150 2324 473 2380; x_wconf 87' lang='lat' dir='ltr'><strong><em>lectionibus</em></strong></span> <span class='ocrx_word' id='word_1_304' title='bbox 519 2324 752 2380; x_wconf 87' lang='lat' dir='ltr'><strong><em>assiduis</em></strong></span> <span class='ocrx_word' id='word_1_305' title='bbox 789 2325 1078 2379; x_wconf 86' lang='lat' dir='ltr'><strong><em>obtinenda</em></strong></span> <span class='ocrx_word' id='word_1_306' title='bbox 1111 2333 1216 2388; x_wconf 88' lang='lat' dir='ltr'><strong><em>est,</em></strong></span> <span class='ocrx_word' id='word_1_307' title='bbox 1239 2323 1498 2392; x_wconf 78' lang='lat' dir='ltr'><strong><em>Apostolo</em></strong></span> <span class='ocrx_word' id='word_1_308' title='bbox 1527 2321 1731 2378; x_wconf 82' lang='lat' dir='ltr'><strong><em>Jacobo</em></strong></span> 
     </span>
    </p>
   </div>
   <div class='ocr_carea' id='block_1_40' title="bbox 148 2410 1729 2486">
    <p class='ocr_par' dir='ltr' id='par_1_40' title="bbox 148 2410 1729 2486">
     <span class='ocr_line' id='line_1_40' title="bbox 148 2410 1729 2486; baseline -0.002 -17"><span class='ocrx_word' id='word_1_309' title='bbox 148 2424 484 2486; x_wconf 88' lang='lat' dir='ltr'><strong><em>protestante</em></strong></span> <span class='ocrx_word' id='word_1_310' title='bbox 509 2434 521 2469; x_wconf 88' lang='lat'><strong>:</strong></span> <span class='ocrx_word' id='word_1_311' title='bbox 549 2413 607 2470; x_wconf 90' lang='lat' dir='ltr'><strong><em>Si</em></strong></span> <span class='ocrx_word' id='word_1_312' title='bbox 631 2416 767 2486; x_wconf 88' lang='lat' dir='ltr'><strong><em>quis,</em></strong></span> <span class='ocrx_word' id='word_1_313' title='bbox 809 2415 1001 2484; x_wconf 88' lang='lat' dir='ltr'><strong><em>inquit,</em></strong></span> <span class='ocrx_word' id='word_1_314' title='bbox 1030 2423 1254 2469; x_wconf 80' lang='lat' dir='ltr'><strong><em>vestrum</em></strong></span> <span class='ocrx_word' id='word_1_315' title='bbox 1292 2411 1496 2482; x_wconf 84' lang='lat' dir='ltr'><strong><em>indiget</em></strong></span> <span class='ocrx_word' id='word_1_316' title='bbox 1517 2410 1729 2482; x_wconf 87' lang='lat' dir='ltr'><strong><em>sapien-</em></strong></span> 
     </span>
    </p>
   </div>
   <div class='ocr_carea' id='block_1_41' title="bbox 149 2503 1730 2576">
    <p class='ocr_par' dir='ltr' id='par_1_41' title="bbox 149 2503 1730 2576">
     <span class='ocr_line' id='line_1_41' title="bbox 149 2503 1730 2576; baseline -0.003 -17"><span class='ocrx_word' id='word_1_317' title='bbox 149 2507 242 2571; x_wconf 86' lang='lat' dir='ltr'><strong><em>tia,</em></strong></span> <span class='ocrx_word' id='word_1_318' title='bbox 291 2505 513 2575; x_wconf 87' lang='lat' dir='ltr'><strong><em>postulet</em></strong></span> <span class='ocrx_word' id='word_1_319' title='bbox 541 2523 571 2559; x_wconf 91' lang='lat' dir='ltr'><strong><em>a</em></strong></span> <span class='ocrx_word' id='word_1_320' title='bbox 603 2505 711 2558; x_wconf 90' lang='lat' dir='ltr'><strong><em>Deo</em></strong></span> <span class='ocrx_word' id='word_1_321' title='bbox 737 2505 824 2576; x_wconf 87' lang='lat' dir='ltr'><strong><em>qui</em></strong></span> <span class='ocrx_word' id='word_1_322' title='bbox 850 2505 940 2558; x_wconf 89' lang='lat' dir='ltr'><strong><em>dat</em></strong></span> <span class='ocrx_word' id='word_1_323' title='bbox 966 2503 1202 2558; x_wconf 87' lang='lat' dir='ltr'><strong><em>omnibus</em></strong></span> <span class='ocrx_word' id='word_1_324' title='bbox 1227 2503 1516 2574; x_wconf 75' lang='lat' dir='ltr'><strong><em>afﬂuenter,</em></strong></span> <span class='ocrx_word' id='word_1_325' title='bbox 1546 2509 1596 2555; x_wconf 86' lang='lat' dir='ltr'><strong><em>et</em></strong></span> <span class='ocrx_word' id='word_1_326' title='bbox 1623 2517 1730 2555; x_wconf 87' lang='lat' dir='ltr'><strong><em>non</em></strong></span> 
     </span>
    </p>
   </div>
   <div class='ocr_carea' id='block_1_42' title="bbox 147 2590 1728 2667">
    <p class='ocr_par' dir='ltr' id='par_1_42' title="bbox 147 2590 1728 2667">
     <span class='ocr_line' id='line_1_42' title="bbox 147 2590 1728 2667; baseline -0.005 -16"><span class='ocrx_word' id='word_1_327' title='bbox 147 2599 488 2667; x_wconf 84' lang='lat' dir='ltr'><strong><em>improperat,</em></strong></span> <span class='ocrx_word' id='word_1_328' title='bbox 513 2605 562 2650; x_wconf 91' lang='lat' dir='ltr'><strong><em>et</em></strong></span> <span class='ocrx_word' id='word_1_329' title='bbox 595 2596 806 2649; x_wconf 89' lang='lat' dir='ltr'><strong><em>dabitur</em></strong></span> <span class='ocrx_word' id='word_1_330' title='bbox 827 2596 894 2648; x_wconf 90' lang='lat' dir='ltr'><strong><em>ei.</em></strong></span> <span class='ocrx_word' id='word_1_331' title='bbox 922 2593 1161 2648; x_wconf 89' lang='lat' dir='ltr'><strong><em>Postulet</em></strong></span> <span class='ocrx_word' id='word_1_332' title='bbox 1188 2601 1360 2646; x_wconf 88' lang='lat' dir='ltr'><strong><em>autem</em></strong></span> <span class='ocrx_word' id='word_1_333' title='bbox 1391 2591 1446 2644; x_wconf 88' lang='lat' dir='ltr'><strong><em>in</em></strong></span> <span class='ocrx_word' id='word_1_334' title='bbox 1472 2591 1577 2660; x_wconf 83' lang='lat' dir='ltr'><strong><em>ﬁde</em></strong></span> <span class='ocrx_word' id='word_1_335' title='bbox 1600 2590 1728 2644; x_wconf 82' lang='lat' dir='ltr'><strong><em>nihil</em></strong></span> 
     </span>
    </p>
   </div>
   <div class='ocr_carea' id='block_1_43' title="bbox 147 2681 1726 2752">
    <p class='ocr_par' dir='ltr' id='par_1_43' title="bbox 147 2681 1726 2752">
     <span class='ocr_line' id='line_1_43' title="bbox 147 2681 1726 2752; baseline -0.001 -13"><span class='ocrx_word' id='word_1_336' title='bbox 147 2686 419 2740; x_wconf 68' lang='lat' dir='ltr'><strong><em>hasit&#39;ans.</em></strong></span> <span class='ocrx_word' id='word_1_337' title='bbox 454 2685 605 2752; x_wconf 86' lang='lat' dir='ltr'><strong><em>Quod</em></strong></span> <span class='ocrx_word' id='word_1_338' title='bbox 630 2700 760 2739; x_wconf 88' lang='lat' dir='ltr'><strong><em>vero</em></strong></span> <span class='ocrx_word' id='word_1_339' title='bbox 795 2685 1015 2740; x_wconf 89' lang='lat' dir='ltr'><strong><em>instanti</em></strong></span> <span class='ocrx_word' id='word_1_340' title='bbox 1056 2683 1284 2738; x_wconf 88' lang='lat' dir='ltr'><strong><em>lectione</em></strong></span> <span class='ocrx_word' id='word_1_341' title='bbox 1321 2681 1388 2736; x_wconf 87' lang='lat' dir='ltr'><strong><em>sit</em></strong></span> <span class='ocrx_word' id='word_1_342' title='bbox 1423 2681 1612 2737; x_wconf 87' lang='lat' dir='ltr'><strong><em>eadem</em></strong></span> <span class='ocrx_word' id='word_1_343' title='bbox 1639 2696 1726 2738; x_wconf 90' lang='lat' dir='ltr'><strong><em>sa-</em></strong></span> 
     </span>
    </p>
   </div>
   <div class='ocr_carea' id='block_1_44' title="bbox 148 2769 1729 2845">
    <p class='ocr_par' dir='ltr' id='par_1_44' title="bbox 148 2769 1729 2845">
     <span class='ocr_line' id='line_1_44' title="bbox 148 2769 1729 2845; baseline 0 -19"><span class='ocrx_word' id='word_1_344' title='bbox 148 2773 349 2843; x_wconf 84' lang='lat' dir='ltr'><strong><em>pientia</em></strong></span> <span class='ocrx_word' id='word_1_345' title='bbox 387 2773 768 2845; x_wconf 87' lang='lat' dir='ltr'><strong><em>perquirenda,</em></strong></span> <span class='ocrx_word' id='word_1_346' title='bbox 811 2774 884 2827; x_wconf 90' lang='lat' dir='ltr'><strong><em>ita</em></strong></span> <span class='ocrx_word' id='word_1_347' title='bbox 923 2773 1182 2828; x_wconf 83' lang='lat' dir='ltr'><strong><em>Dominus</em></strong></span> <span class='ocrx_word' id='word_1_348' title='bbox 1226 2769 1389 2827; x_wconf 83' lang='lat' dir='ltr'><strong><em>Josue</em></strong></span> <span class='ocrx_word' id='word_1_349' title='bbox 1421 2779 1729 2827; x_wconf 81' lang='lat' dir='ltr'><strong><em>contestans</em></strong></span> 
     </span>
    </p>
   </div>
   <div class='ocr_carea' id='block_1_45' title="bbox 146 2859 1725 2934">
    <p class='ocr_par' dir='ltr' id='par_1_45' title="bbox 146 2859 1725 2934">
     <span class='ocr_line' id='line_1_45' title="bbox 146 2859 1725 2934; baseline -0.004 -16"><span class='ocrx_word' id='word_1_350' title='bbox 146 2863 420 2919; x_wconf 87' lang='lat' dir='ltr'><strong><em>ostendit:</em></strong></span> <span class='ocrx_word' id='word_1_351' title='bbox 450 2861 760 2934; x_wconf 90' lang='lat' dir='ltr'><strong><em>Confortare</em></strong></span> <span class='ocrx_word' id='word_1_352' title='bbox 798 2863 979 2933; x_wconf 88' lang='lat' dir='ltr'><strong><em>igitur,</em></strong></span> <span class='ocrx_word' id='word_1_353' title='bbox 1017 2869 1064 2917; x_wconf 86' lang='lat' dir='ltr'><strong><em>et</em></strong></span> <span class='ocrx_word' id='word_1_354' title='bbox 1103 2873 1210 2916; x_wconf 89' lang='lat' dir='ltr'><strong><em>esto</em></strong></span> <span class='ocrx_word' id='word_1_355' title='bbox 1258 2861 1499 2915; x_wconf 89' lang='lat' dir='ltr'><strong><em>robustus</em></strong></span> <span class='ocrx_word' id='word_1_356' title='bbox 1546 2859 1725 2924; x_wconf 83' lang='lat' dir='ltr'><strong><em>valde,</em></strong></span> 
     </span>
    </p>
   </div>
   <div class='ocr_carea' id='block_1_46' title="bbox 146 2952 1728 3024">
    <p class='ocr_par' dir='ltr' id='par_1_46' title="bbox 146 2952 1728 3024">
     <span class='ocr_line' id='line_1_46' title="bbox 146 2952 1728 3024; baseline -0.004 -15"><span class='ocrx_word' id='word_1_357' title='bbox 146 2967 200 3008; x_wconf 86' lang='lat' dir='ltr'><strong><em>ut</em></strong></span> <span class='ocrx_word' id='word_1_358' title='bbox 246 2954 514 3009; x_wconf 87' lang='lat' dir='ltr'><strong><em>custodias</em></strong></span> <span class='ocrx_word' id='word_1_359' title='bbox 556 2964 603 3008; x_wconf 90' lang='lat' dir='ltr'><strong><em>et</em></strong></span> <span class='ocrx_word' id='word_1_360' title='bbox 641 2955 808 3024; x_wconf 80' lang='lat' dir='ltr'><strong><em>facias</em></strong></span> <span class='ocrx_word' id='word_1_361' title='bbox 850 2971 1052 3008; x_wconf 89' lang='lat' dir='ltr'><strong><em>omnem</em></strong></span> <span class='ocrx_word' id='word_1_362' title='bbox 1093 2953 1256 3023; x_wconf 88' lang='lat' dir='ltr'><strong><em>legem</em></strong></span> <span class='ocrx_word' id='word_1_363' title='bbox 1295 2969 1452 3021; x_wconf 90' lang='lat' dir='ltr'><strong><em>quam</em></strong></span> <span class='ocrx_word' id='word_1_364' title='bbox 1486 2952 1728 3021; x_wconf 70' lang='lat' dir='ltr'><strong><em>pracepit</em></strong></span> 
     </span>
    </p>
   </div>
   <div class='ocr_carea' id='block_1_47' title="bbox 147 3041 1730 3120">
    <p class='ocr_par' dir='ltr' id='par_1_47' title="bbox 147 3041 1730 3120">
     <span class='ocr_line' id='line_1_47' title="bbox 147 3041 1730 3120; baseline -0.005 -18"><span class='ocrx_word' id='word_1_365' title='bbox 147 3047 236 3102; x_wconf 85' lang='lat' dir='ltr'><strong><em>tibi</em></strong></span> <span class='ocrx_word' id='word_1_366' title='bbox 269 3047 476 3120; x_wconf 71' lang='lat' dir='ltr'><strong><em>Moyses</em></strong></span> <span class='ocrx_word' id='word_1_367' title='bbox 513 3064 688 3102; x_wconf 86' lang='lat' dir='ltr'><strong><em>servus</em></strong></span> <span class='ocrx_word' id='word_1_368' title='bbox 716 3063 879 3112; x_wconf 78' lang='lat' dir='ltr'><strong><em>meus.</em></strong></span> <span class='ocrx_word' id='word_1_369' title='bbox 920 3045 1003 3099; x_wconf 89' lang='lat' dir='ltr'><strong><em>Ne</em></strong></span> <span class='ocrx_word' id='word_1_370' title='bbox 1027 3045 1252 3099; x_wconf 85' lang='lat' dir='ltr'><strong><em>declines</em></strong></span> <span class='ocrx_word' id='word_1_371' title='bbox 1283 3044 1347 3097; x_wconf 92' lang='lat' dir='ltr'><strong><em>ab</em></strong></span> <span class='ocrx_word' id='word_1_372' title='bbox 1377 3061 1438 3097; x_wconf 91' lang='lat' dir='ltr'><strong><em>ea</em></strong></span> <span class='ocrx_word' id='word_1_373' title='bbox 1463 3042 1533 3095; x_wconf 90' lang='lat' dir='ltr'><strong><em>ad</em></strong></span> <span class='ocrx_word' id='word_1_374' title='bbox 1559 3041 1730 3096; x_wconf 74' lang='lat' dir='ltr'><strong><em>dexte-</em></strong></span> 
     </span>
    </p>
   </div>
   <div class='ocr_carea' id='block_1_48' title="bbox 146 3133 1726 3204">
    <p class='ocr_par' dir='ltr' id='par_1_48' title="bbox 146 3133 1726 3204">
     <span class='ocr_line' id='line_1_48' title="bbox 146 3133 1726 3204; baseline -0.004 -14"><span class='ocrx_word' id='word_1_375' title='bbox 146 3154 297 3204; x_wconf 89' lang='lat' dir='ltr'><strong><em>ram,</em></strong></span> <span class='ocrx_word' id='word_1_376' title='bbox 354 3138 428 3192; x_wconf 80' lang='lat' dir='ltr'><strong><em>vel</em></strong></span> <span class='ocrx_word' id='word_1_377' title='bbox 474 3137 542 3192; x_wconf 82' lang='lat' dir='ltr'><strong><em>ad</em></strong></span> <span class='ocrx_word' id='word_1_378' title='bbox 588 3136 894 3200; x_wconf 80' lang='lat' dir='ltr'><strong><em>sini:tram,</em></strong></span> <span class='ocrx_word' id='word_1_379' title='bbox 952 3143 1005 3188; x_wconf 89' lang='lat' dir='ltr'><strong><em>ut</em></strong></span> <span class='ocrx_word' id='word_1_380' title='bbox 1054 3133 1319 3204; x_wconf 86' lang='lat' dir='ltr'><strong><em>intelligas</em></strong></span> <span class='ocrx_word' id='word_1_381' title='bbox 1374 3141 1564 3186; x_wconf 87' lang='lat' dir='ltr'><strong><em>cuncta</em></strong></span> <span class='ocrx_word' id='word_1_382' title='bbox 1609 3146 1726 3202; x_wconf 67' lang='lat' dir='ltr'><strong><em>qui:</em></strong></span> 
     </span>
    </p>
   </div>
   <div class='ocr_carea' id='block_1_49' title="bbox 1834 1969 3413 2039">
    <p class='ocr_par' dir='ltr' id='par_1_49' title="bbox 1834 1969 3413 2039">
     <span class='ocr_line' id='line_1_49' title="bbox 1834 1969 3413 2039; baseline -0.003 -12"><span class='ocrx_word' id='word_1_383' title='bbox 1834 1973 1940 2037; x_wconf 91' lang='lat' dir='ltr'><strong><em>lus,</em></strong></span> <span class='ocrx_word' id='word_1_384' title='bbox 1980 1971 2047 2026; x_wconf 90' lang='lat' dir='ltr'><strong><em>ad</em></strong></span> <span class='ocrx_word' id='word_1_385' title='bbox 2100 1971 2313 2026; x_wconf 89' lang='lat' dir='ltr'><strong><em>tertium</em></strong></span> <span class='ocrx_word' id='word_1_386' title='bbox 2353 1970 2548 2025; x_wconf 80' lang='lat' dir='ltr'><strong><em>ccelum</em></strong></span> <span class='ocrx_word' id='word_1_387' title='bbox 2597 1979 2802 2038; x_wconf 88' lang='lat' dir='ltr'><strong><em>raptus,</em></strong></span> <span class='ocrx_word' id='word_1_388' title='bbox 2853 1978 2906 2023; x_wconf 91' lang='lat' dir='ltr'><strong><em>et</em></strong></span> <span class='ocrx_word' id='word_1_389' title='bbox 2939 1970 3132 2023; x_wconf 82' lang='lat' dir='ltr'><strong><em>iterum</em></strong></span> <span class='ocrx_word' id='word_1_390' title='bbox 3171 1969 3223 2022; x_wconf 90' lang='lat' dir='ltr'><strong><em>in</em></strong></span> <span class='ocrx_word' id='word_1_391' title='bbox 3255 1984 3413 2039; x_wconf 73' lang='lat' dir='ltr'><strong><em>para-</em></strong></span> 
     </span>
    </p>
   </div>
   <div class='ocr_carea' id='block_1_50' title="bbox 1833 2056 3411 2126">
    <p class='ocr_par' dir='ltr' id='par_1_50' title="bbox 1833 2056 3411 2126">
     <span class='ocr_line' id='line_1_50' title="bbox 1833 2056 3411 2126; baseline -0.004 -10"><span class='ocrx_word' id='word_1_392' title='bbox 1833 2062 1951 2116; x_wconf 91' lang='lat' dir='ltr'><strong><em>diso</em></strong></span> <span class='ocrx_word' id='word_1_393' title='bbox 1979 2060 2274 2125; x_wconf 87' lang='lat' dir='ltr'><strong><em>admirans,</em></strong></span> <span class='ocrx_word' id='word_1_394' title='bbox 2302 2059 2583 2123; x_wconf 86' lang='lat' dir='ltr'><strong><em>exclamet,</em></strong></span> <span class='ocrx_word' id='word_1_395' title='bbox 2627 2059 2810 2113; x_wconf 88' lang='lat' dir='ltr'><strong><em>dicens</em></strong></span> <span class='ocrx_word' id='word_1_396' title='bbox 2844 2056 3411 2126; x_wconf 81' lang='lat' dir='ltr'><strong><em>incomprehensibilia</em></strong></span> 
     </span>
    </p>
   </div>
   <div class='ocr_carea' id='block_1_51' title="bbox 1831 2145 3412 2220">
    <p class='ocr_par' dir='ltr' id='par_1_51' title="bbox 1831 2145 3412 2220">
     <span class='ocr_line' id='line_1_51' title="bbox 1831 2145 3412 2220; baseline -0.004 -13"><span class='ocrx_word' id='word_1_397' title='bbox 1831 2167 1952 2207; x_wconf 89' lang='lat' dir='ltr'><strong><em>esse</em></strong></span> <span class='ocrx_word' id='word_1_398' title='bbox 1969 2150 2173 2220; x_wconf 85' lang='lat' dir='ltr'><strong><em>judicia</em></strong></span> <span class='ocrx_word' id='word_1_399' title='bbox 2194 2150 2290 2205; x_wconf 94' lang='lat' dir='ltr'><strong><em>Dei</em></strong></span> <span class='ocrx_word' id='word_1_400' title='bbox 2312 2158 2367 2206; x_wconf 90' lang='lat' dir='ltr'><strong><em>et</em></strong></span> <span class='ocrx_word' id='word_1_401' title='bbox 2387 2149 2788 2220; x_wconf 81' lang='lat' dir='ltr'><strong><em>investigabiles</em></strong></span> <span class='ocrx_word' id='word_1_402' title='bbox 2817 2149 2931 2203; x_wconf 86' lang='lat' dir='ltr'><strong><em>vias</em></strong></span> <span class='ocrx_word' id='word_1_403' title='bbox 2958 2145 3094 2216; x_wconf 76' lang='lat' dir='ltr'><strong><em>ejus.</em></strong></span> <span class='ocrx_word' id='word_1_404' title='bbox 3124 2146 3252 2213; x_wconf 86' lang='lat' dir='ltr'><strong><em>Quis</em></strong></span> <span class='ocrx_word' id='word_1_405' title='bbox 3275 2147 3412 2201; x_wconf 88' lang='lat' dir='ltr'><strong><em>enim</em></strong></span> 
     </span>
    </p>
   </div>
   <div class='ocr_carea' id='block_1_52' title="bbox 1830 2237 3414 2312">
    <p class='ocr_par' dir='ltr' id='par_1_52' title="bbox 1830 2237 3414 2312">
     <span class='ocr_line' id='line_1_52' title="bbox 1830 2237 3414 2312; baseline -0.001 -17"><span class='ocrx_word' id='word_1_406' title='bbox 1830 2243 2064 2312; x_wconf 84' lang='lat' dir='ltr'><strong><em>cognouit</em></strong></span> <span class='ocrx_word' id='word_1_407' title='bbox 2111 2257 2318 2295; x_wconf 88' lang='lat' dir='ltr'><strong><em>sensum</em></strong></span> <span class='ocrx_word' id='word_1_408' title='bbox 2350 2240 2604 2294; x_wconf 85' lang='lat' dir='ltr'><strong><em>Domini?</em></strong></span> <span class='ocrx_word' id='word_1_409' title='bbox 2643 2248 2732 2293; x_wconf 91' lang='lat' dir='ltr'><strong><em>aut</em></strong></span> <span class='ocrx_word' id='word_1_410' title='bbox 2775 2239 2891 2310; x_wconf 90' lang='lat' dir='ltr'><strong><em>quis</em></strong></span> <span class='ocrx_word' id='word_1_411' title='bbox 2924 2237 3256 2293; x_wconf 89' lang='lat' dir='ltr'><strong><em>consiliarius</em></strong></span> <span class='ocrx_word' id='word_1_412' title='bbox 3293 2238 3414 2308; x_wconf 83' lang='lat' dir='ltr'><strong><em>ejus</em></strong></span> 
     </span>
    </p>
   </div>
   <div class='ocr_carea' id='block_1_53' title="bbox 1831 2331 1971 2400">
    <p class='ocr_par' dir='ltr' id='par_1_53' title="bbox 1831 2331 1971 2400">
     <span class='ocr_line' id='line_1_53' title="bbox 1831 2331 1971 2400; baseline -0.007 -16"><span class='ocrx_word' id='word_1_413' title='bbox 1831 2331 1971 2400; x_wconf 86' lang='lat' dir='ltr'><strong><em>fuit?</em></strong></span> 
     </span>
    </p>
   </div>
   <div class='ocr_carea' id='block_1_54' title="bbox 1902 2419 3409 2492">
    <p class='ocr_par' dir='ltr' id='par_1_54' title="bbox 1902 2419 3409 2492">
     <span class='ocr_line' id='line_1_54' title="bbox 1902 2419 3409 2492; baseline 0.001 -18"><span class='ocrx_word' id='word_1_414' title='bbox 1902 2419 1987 2474; x_wconf 81' lang='lat' dir='ltr'><strong><em>Vl.</em></strong></span> <span class='ocrx_word' id='word_1_415' title='bbox 2034 2419 2160 2476; x_wconf 67' lang='lat' dir='ltr'><strong><em>Haec</em></strong></span> <span class='ocrx_word' id='word_1_416' title='bbox 2192 2420 2281 2491; x_wconf 91' lang='lat' dir='ltr'><strong><em>pie</em></strong></span> <span class='ocrx_word' id='word_1_417' title='bbox 2313 2419 2694 2489; x_wconf 88' lang='lat' dir='ltr'><strong><em>humiliterque</em></strong></span> <span class='ocrx_word' id='word_1_418' title='bbox 2739 2421 3202 2477; x_wconf 88' lang='lat' dir='ltr'><strong><em>considerantibus</em></strong></span> <span class='ocrx_word' id='word_1_419' title='bbox 3247 2437 3409 2492; x_wconf 85' lang='lat' dir='ltr'><strong><em>appa-</em></strong></span> 
     </span>
    </p>
   </div>
   <div class='ocr_carea' id='block_1_55' title="bbox 1831 2509 3410 2580">
    <p class='ocr_par' dir='ltr' id='par_1_55' title="bbox 1831 2509 3410 2580">
     <span class='ocr_line' id='line_1_55' title="bbox 1831 2509 3410 2580; baseline 0.001 -16"><span class='ocrx_word' id='word_1_420' title='bbox 1831 2517 1914 2565; x_wconf 89' lang='lat' dir='ltr'><strong><em>ret</em></strong></span> <span class='ocrx_word' id='word_1_421' title='bbox 1940 2525 2044 2565; x_wconf 92' lang='lat' dir='ltr'><strong><em>non</em></strong></span> <span class='ocrx_word' id='word_1_422' title='bbox 2087 2525 2247 2580; x_wconf 87' lang='lat' dir='ltr'><strong><em>posse</em></strong></span> <span class='ocrx_word' id='word_1_423' title='bbox 2285 2510 2542 2574; x_wconf 79' lang='lat' dir='ltr'><strong><em>caedibus,</em></strong></span> <span class='ocrx_word' id='word_1_424' title='bbox 2590 2509 2736 2565; x_wconf 83' lang='lat' dir='ltr'><strong><em>ferro</em></strong></span> <span class='ocrx_word' id='word_1_425' title='bbox 2763 2510 2844 2563; x_wconf 89' lang='lat' dir='ltr'><strong><em>vel</em></strong></span> <span class='ocrx_word' id='word_1_426' title='bbox 2891 2525 3049 2579; x_wconf 89' lang='lat' dir='ltr'><strong><em>aqua,</em></strong></span> <span class='ocrx_word' id='word_1_427' title='bbox 3093 2511 3330 2566; x_wconf 84' lang='lat' dir='ltr'><strong><em>occultas</em></strong></span> <span class='ocrx_word' id='word_1_428' title='bbox 3356 2519 3410 2566; x_wconf 89' lang='lat' dir='ltr'><strong><em>et</em></strong></span> 
     </span>
    </p>
   </div>
   <div class='ocr_carea' id='block_1_56' title="bbox 1830 2599 3408 2670">
    <p class='ocr_par' dir='ltr' id='par_1_56' title="bbox 1830 2599 3408 2670">
     <span class='ocr_line' id='line_1_56' title="bbox 1830 2599 3408 2670; baseline 0.003 -17"><span class='ocrx_word' id='word_1_429' title='bbox 1830 2600 2060 2654; x_wconf 83' lang='lat' dir='ltr'><strong><em>latentes</em></strong></span> <span class='ocrx_word' id='word_1_430' title='bbox 2083 2615 2172 2654; x_wconf 86' lang='lat' dir='ltr'><strong><em>res</em></strong></span> <span class='ocrx_word' id='word_1_431' title='bbox 2195 2599 2448 2654; x_wconf 85' lang='lat' dir='ltr'><strong><em>inveniri.</em></strong></span> <span class='ocrx_word' id='word_1_432' title='bbox 2482 2599 2616 2652; x_wconf 89' lang='lat' dir='ltr'><strong><em>Nam</em></strong></span> <span class='ocrx_word' id='word_1_433' title='bbox 2647 2601 2693 2654; x_wconf 88' lang='lat' dir='ltr'><strong><em>si</em></strong></span> <span class='ocrx_word' id='word_1_434' title='bbox 2722 2609 2956 2670; x_wconf 91' lang='lat' dir='ltr'><strong><em>possent,</em></strong></span> <span class='ocrx_word' id='word_1_435' title='bbox 2989 2601 3079 2655; x_wconf 91' lang='lat' dir='ltr'><strong><em>ubi</em></strong></span> <span class='ocrx_word' id='word_1_436' title='bbox 3110 2611 3291 2656; x_wconf 84' lang='lat' dir='ltr'><strong><em>essent</em></strong></span> <span class='ocrx_word' id='word_1_437' title='bbox 3319 2617 3408 2657; x_wconf 74' lang='lat' dir='ltr'><strong><em>oc-</em></strong></span> 
     </span>
    </p>
   </div>
   <div class='ocr_carea' id='block_1_57' title="bbox 1830 2690 3406 2761">
    <p class='ocr_par' dir='ltr' id='par_1_57' title="bbox 1830 2690 3406 2761">
     <span class='ocr_line' id='line_1_57' title="bbox 1830 2690 3406 2761; baseline -0.003 -11"><span class='ocrx_word' id='word_1_438' title='bbox 1830 2694 1970 2750; x_wconf 87' lang='lat' dir='ltr'><strong><em>culta</em></strong></span> <span class='ocrx_word' id='word_1_439' title='bbox 1999 2690 2093 2748; x_wconf 87' lang='lat' dir='ltr'><strong><em>Dei</em></strong></span> <span class='ocrx_word' id='word_1_440' title='bbox 2119 2690 2355 2761; x_wconf 89' lang='lat' dir='ltr'><strong><em>judicia?</em></strong></span> <span class='ocrx_word' id='word_1_441' title='bbox 2400 2690 2627 2745; x_wconf 87' lang='lat' dir='ltr'><strong><em>Deberet</em></strong></span> <span class='ocrx_word' id='word_1_442' title='bbox 2673 2706 2799 2760; x_wconf 88' lang='lat' dir='ltr'><strong><em>ergo</em></strong></span> <span class='ocrx_word' id='word_1_443' title='bbox 2851 2692 2991 2744; x_wconf 88' lang='lat' dir='ltr'><strong><em>inter</em></strong></span> <span class='ocrx_word' id='word_1_444' title='bbox 3032 2691 3321 2745; x_wconf 88' lang='lat' dir='ltr'><strong><em>catholicos</em></strong></span> <span class='ocrx_word' id='word_1_445' title='bbox 3353 2699 3406 2746; x_wconf 88' lang='lat' dir='ltr'><strong><em>ct</em></strong></span> 
     </span>
    </p>
   </div>
   <div class='ocr_carea' id='block_1_58' title="bbox 1829 2781 3404 2853">
    <p class='ocr_par' dir='ltr' id='par_1_58' title="bbox 1829 2781 3404 2853">
     <span class='ocr_line' id='line_1_58' title="bbox 1829 2781 3404 2853; baseline -0.003 -15"><span class='ocrx_word' id='word_1_446' title='bbox 1829 2785 2111 2838; x_wconf 67' lang='lat' dir='ltr'><strong><em>haereticos</em></strong></span> <span class='ocrx_word' id='word_1_447' title='bbox 2134 2783 2226 2838; x_wconf 89' lang='lat' dir='ltr'><strong><em>tali</em></strong></span> <span class='ocrx_word' id='word_1_448' title='bbox 2245 2781 2492 2838; x_wconf 84' lang='lat' dir='ltr'><strong><em>examine</em></strong></span> <span class='ocrx_word' id='word_1_449' title='bbox 2511 2781 2708 2837; x_wconf 86' lang='lat' dir='ltr'><strong><em>veritas</em></strong></span> <span class='ocrx_word' id='word_1_450' title='bbox 2738 2781 2997 2853; x_wconf 78' lang='lat' dir='ltr'><strong><em>indagari,</em></strong></span> <span class='ocrx_word' id='word_1_451' title='bbox 3028 2783 3163 2837; x_wconf 72' lang='lat' dir='ltr'><strong><em>sicut</em></strong></span> <span class='ocrx_word' id='word_1_452' title='bbox 3188 2781 3404 2852; x_wconf 87' lang='lat' dir='ltr'><strong><em>quidam</em></strong></span> 
     </span>
    </p>
   </div>
   <div class='ocr_carea' id='block_1_59' title="bbox 1829 2871 3405 2943">
    <p class='ocr_par' dir='ltr' id='par_1_59' title="bbox 1829 2871 3405 2943">
     <span class='ocr_line' id='line_1_59' title="bbox 1829 2871 3405 2943; baseline -0.002 -15"><span class='ocrx_word' id='word_1_453' title='bbox 1829 2876 2092 2943; x_wconf 87' lang='lat' dir='ltr'><strong><em>superbus</em></strong></span> <span class='ocrx_word' id='word_1_454' title='bbox 2141 2889 2204 2928; x_wconf 92' lang='lat' dir='ltr'><strong><em>ac</em></strong></span> <span class='ocrx_word' id='word_1_455' title='bbox 2249 2873 2444 2927; x_wconf 89' lang='lat' dir='ltr'><strong><em>stultus</em></strong></span> <span class='ocrx_word' id='word_1_456' title='bbox 2474 2885 2500 2913; x_wconf 77' lang='grc' dir='ltr'>ιι</span> <span class='ocrx_word' id='word_1_457' title='bbox 2532 2871 2818 2927; x_wconf 77' lang='lat' dir='ltr'><strong><em>haereticus</em></strong></span> <span class='ocrx_word' id='word_1_458' title='bbox 2869 2871 3228 2927; x_wconf 90' lang='lat' dir='ltr'><strong><em>Gundobadus</em></strong></span> <span class='ocrx_word' id='word_1_459' title='bbox 3271 2871 3405 2925; x_wconf 88' lang='lat' dir='ltr'><strong><em>Bur-</em></strong></span> 
     </span>
    </p>
   </div>
   <div class='ocr_carea' id='block_1_60' title="bbox 1827 2961 3402 3036">
    <p class='ocr_par' dir='ltr' id='par_1_60' title="bbox 1827 2961 3402 3036">
     <span class='ocr_line' id='line_1_60' title="bbox 1827 2961 3402 3036; baseline -0.002 -17"><span class='ocrx_word' id='word_1_460' title='bbox 1827 2966 2157 3036; x_wconf 85' lang='lat' dir='ltr'><strong><em>gundionum</em></strong></span> <span class='ocrx_word' id='word_1_461' title='bbox 2203 2979 2296 3018; x_wconf 92' lang='lat' dir='ltr'><strong><em>rex</em></strong></span> <span class='ocrx_word' id='word_1_462' title='bbox 2359 2964 2600 3018; x_wconf 90' lang='lat' dir='ltr'><strong><em>tentabat</em></strong></span> <span class='ocrx_word' id='word_1_463' title='bbox 2651 2970 2900 3032; x_wconf 86' lang='lat' dir='ltr'><strong><em>expetere</em></strong></span> <span class='ocrx_word' id='word_1_464' title='bbox 2943 2978 2972 3016; x_wconf 88' lang='lat' dir='ltr'><strong><em>a</em></strong></span> <span class='ocrx_word' id='word_1_465' title='bbox 3018 2961 3175 3018; x_wconf 89' lang='lat' dir='ltr'><strong><em>beato</em></strong></span> <span class='ocrx_word' id='word_1_466' title='bbox 3226 2962 3402 3026; x_wconf 82' lang='lat' dir='ltr'><strong><em>Avito,</em></strong></span> 
     </span>
    </p>
   </div>
   <div class='ocr_carea' id='block_1_61' title="bbox 1829 3051 3404 3126">
    <p class='ocr_par' dir='ltr' id='par_1_61' title="bbox 1829 3051 3404 3126">
     <span class='ocr_line' id='line_1_61' title="bbox 1829 3051 3404 3126; baseline -0.003 -16"><span class='ocrx_word' id='word_1_467' title='bbox 1829 3054 2043 3126; x_wconf 80' lang='lat' dir='ltr'><strong><em>egregio</em></strong></span> <span class='ocrx_word' id='word_1_468' title='bbox 2079 3063 2132 3108; x_wconf 90' lang='lat' dir='ltr'><strong><em>et</em></strong></span> <span class='ocrx_word' id='word_1_469' title='bbox 2160 3053 2459 3107; x_wconf 76' lang='lat' dir='ltr'><strong><em>orthodoxo</em></strong></span> <span class='ocrx_word' id='word_1_470' title='bbox 2481 3051 2856 3120; x_wconf 54' lang='lat' dir='ltr'><strong><em>praedicatore,</em></strong></span> <span class='ocrx_word' id='word_1_471' title='bbox 2881 3052 2968 3119; x_wconf 90' lang='lat' dir='ltr'><strong><em>qui</em></strong></span> <span class='ocrx_word' id='word_1_472' title='bbox 2993 3051 3109 3119; x_wconf 83' lang='lat' dir='ltr'><strong><em>ejus</em></strong></span> <span class='ocrx_word' id='word_1_473' title='bbox 3134 3052 3404 3106; x_wconf 84' lang='lat' dir='ltr'><strong><em>vesaniam</em></strong></span> 
     </span>
    </p>
   </div>
   <div class='ocr_carea' id='block_1_62' title="bbox 1830 3141 3407 3214">
    <p class='ocr_par' dir='ltr' id='par_1_62' title="bbox 1830 3141 3407 3214">
     <span class='ocr_line' id='line_1_62' title="bbox 1830 3141 3407 3214; baseline -0.003 -15"><span class='ocrx_word' id='word_1_474' title='bbox 1830 3145 2230 3214; x_wconf 86' lang='lat' dir='ltr'><strong><em>sapientissime</em></strong></span> <span class='ocrx_word' id='word_1_475' title='bbox 2270 3142 2716 3212; x_wconf 84' lang='lat' dir='ltr'><strong><em>laudabiliterque</em></strong></span> <span class='ocrx_word' id='word_1_476' title='bbox 2752 3143 3010 3211; x_wconf 91' lang='lat' dir='ltr'><strong><em>repressit</em></strong></span> <span class='ocrx_word' id='word_1_477' title='bbox 3035 3150 3196 3210; x_wconf 89' lang='lat' dir='ltr'><strong><em>atque</em></strong></span> <span class='ocrx_word' id='word_1_478' title='bbox 3224 3141 3407 3196; x_wconf 79' lang='lat' dir='ltr'><strong><em>redar-</em></strong></span> 
     </span>
    </p>
   </div>
   <div class='ocr_carea' id='block_1_63' title="bbox 145 3221 1729 3306">
    <p class='ocr_par' dir='ltr' id='par_1_63' title="bbox 145 3221 1724 3296">
     <span class='ocr_line' id='line_1_63' title="bbox 145 3221 1724 3296; baseline -0.004 -18"><span class='ocrx_word' id='word_1_479' title='bbox 145 3228 279 3296; x_wconf 86' lang='lat' dir='ltr'><strong><em>agis.</em></strong></span> <span class='ocrx_word' id='word_1_480' title='bbox 325 3225 450 3280; x_wconf 89' lang='lat' dir='ltr'><strong><em>Non</em></strong></span> <span class='ocrx_word' id='word_1_481' title='bbox 484 3228 688 3281; x_wconf 88' lang='lat' dir='ltr'><strong><em>recedat</em></strong></span> <span class='ocrx_word' id='word_1_482' title='bbox 717 3230 954 3280; x_wconf 79' lang='lat' dir='ltr'><strong><em>volumen</em></strong></span> <span class='ocrx_word' id='word_1_483' title='bbox 998 3222 1122 3294; x_wconf 87' lang='lat' dir='ltr'><strong><em>legis</em></strong></span> <span class='ocrx_word' id='word_1_484' title='bbox 1168 3223 1329 3291; x_wconf 85' lang='lat' dir='ltr'><strong><em>hujus</em></strong></span> <span class='ocrx_word' id='word_1_485' title='bbox 1375 3221 1439 3274; x_wconf 88' lang='lat' dir='ltr'><strong><em>de</em></strong></span> <span class='ocrx_word' id='word_1_486' title='bbox 1468 3237 1556 3274; x_wconf 91' lang='lat' dir='ltr'><strong><em>ore</em></strong></span> <span class='ocrx_word' id='word_1_487' title='bbox 1591 3229 1682 3272; x_wconf 89' lang='lat' dir='ltr'><strong><em>tuo</em></strong></span> <span class='ocrx_word' id='word_1_488' title='bbox 1706 3235 1724 3272; x_wconf 90' lang='lat'><strong><em>:</em></strong></span> 
     </span>
    </p>
   </div>
   <div class='ocr_carea' id='block_1_64' title="bbox 1834 3221 3404 3306">
    <p class='ocr_par' dir='ltr' id='par_1_64' title="bbox 1834 3224 3404 3306">
     <span class='ocr_line' id='line_1_64' title="bbox 1834 3224 3404 3306; baseline -0.004 -17"><span class='ocrx_word' id='word_1_489' title='bbox 1834 3235 1961 3306; x_wconf 85' lang='lat' dir='ltr'><strong><em>guit.</em></strong></span> <span class='ocrx_word' id='word_1_490' title='bbox 1984 3234 2143 3301; x_wconf 86' lang='lat' dir='ltr'><strong><em>Quod</em></strong></span> <span class='ocrx_word' id='word_1_491' title='bbox 2172 3234 2218 3288; x_wconf 89' lang='lat' dir='ltr'><strong><em>si</em></strong></span> <span class='ocrx_word' id='word_1_492' title='bbox 2244 3233 2441 3287; x_wconf 85' lang='lat' dir='ltr'><strong><em>talibus</em></strong></span> <span class='ocrx_word' id='word_1_493' title='bbox 2479 3224 2963 3295; x_wconf 82' lang='lat' dir='ltr'><strong><em>adinventionibus,</em></strong></span> <span class='ocrx_word' id='word_1_494' title='bbox 2994 3238 3052 3284; x_wconf 91' lang='lat' dir='ltr'><strong><em>ut</em></strong></span> <span class='ocrx_word' id='word_1_495' title='bbox 3089 3247 3228 3299; x_wconf 69' lang='lat' dir='ltr'><strong><em>smpe</em></strong></span> <span class='ocrx_word' id='word_1_496' title='bbox 3262 3231 3404 3284; x_wconf 79' lang='lat' dir='ltr'><strong><em>dixi-</em></strong></span> 
     </span>
    </p>
   </div>
   <div class='ocr_carea' id='block_1_65' title="bbox 145 3311 1730 3375">
    <p class='ocr_par' dir='ltr' id='par_1_65' title="bbox 145 3311 1730 3375">
     <span class='ocr_line' id='line_1_65' title="bbox 145 3311 1730 3375; baseline -0.004 -6"><span class='ocrx_word' id='word_1_497' title='bbox 145 3316 234 3369; x_wconf 86' lang='lat' dir='ltr'><strong><em>sed</em></strong></span> <span class='ocrx_word' id='word_1_498' title='bbox 295 3316 628 3370; x_wconf 83' lang='lat' dir='ltr'><strong><em>meditaberis</em></strong></span> <span class='ocrx_word' id='word_1_499' title='bbox 672 3316 728 3369; x_wconf 88' lang='lat' dir='ltr'><strong><em>in</em></strong></span> <span class='ocrx_word' id='word_1_500' title='bbox 775 3332 835 3369; x_wconf 89' lang='lat' dir='ltr'><strong><em>eo</em></strong></span> <span class='ocrx_word' id='word_1_501' title='bbox 880 3313 1060 3368; x_wconf 90' lang='lat' dir='ltr'><strong><em>diebus</em></strong></span> <span class='ocrx_word' id='word_1_502' title='bbox 1103 3329 1164 3367; x_wconf 91' lang='lat' dir='ltr'><strong><em>ac</em></strong></span> <span class='ocrx_word' id='word_1_503' title='bbox 1213 3311 1452 3366; x_wconf 85' lang='lat' dir='ltr'><strong><em>noctibus</em></strong></span> <span class='ocrx_word' id='word_1_504' title='bbox 1480 3351 1495 3375; x_wconf 94' lang='lat'><strong><em>,</em></strong></span> <span class='ocrx_word' id='word_1_505' title='bbox 1557 3319 1612 3364; x_wconf 90' lang='lat' dir='ltr'><strong><em>ut</em></strong></span> <span class='ocrx_word' id='word_1_506' title='bbox 1639 3327 1730 3363; x_wconf 87' lang='lat' dir='ltr'><strong><em>cu-</em></strong></span> 
     </span>
    </p>
   </div>
   <div class='ocr_carea' id='block_1_66' title="bbox 142 3401 1527 3474">
    <p class='ocr_par' dir='ltr' id='par_1_66' title="bbox 142 3401 1527 3474">
     <span class='ocr_line' id='line_1_66' title="bbox 142 3401 1527 3474; baseline -0.003 -16"><span class='ocrx_word' id='word_1_507' title='bbox 142 3403 344 3458; x_wconf 88' lang='lat' dir='ltr'><strong><em>stodias</em></strong></span> <span class='ocrx_word' id='word_1_508' title='bbox 377 3414 424 3457; x_wconf 91' lang='lat' dir='ltr'><strong><em>et</em></strong></span> <span class='ocrx_word' id='word_1_509' title='bbox 452 3404 618 3474; x_wconf 79' lang='lat' dir='ltr'><strong><em>facias</em></strong></span> <span class='ocrx_word' id='word_1_510' title='bbox 648 3405 821 3458; x_wconf 87' lang='lat' dir='ltr'><strong><em>omnia</em></strong></span> <span class='ocrx_word' id='word_1_511' title='bbox 846 3420 962 3474; x_wconf 74' lang='lat' dir='ltr'><strong><em>qua:</em></strong></span> <span class='ocrx_word' id='word_1_512' title='bbox 987 3404 1182 3474; x_wconf 88' lang='lat' dir='ltr'><strong><em>scripta</em></strong></span> <span class='ocrx_word' id='word_1_513' title='bbox 1204 3410 1325 3457; x_wconf 86' lang='lat' dir='ltr'><strong><em>sunt</em></strong></span> <span class='ocrx_word' id='word_1_514' title='bbox 1362 3401 1418 3456; x_wconf 86' lang='lat' dir='ltr'><strong><em>in</em></strong></span> <span class='ocrx_word' id='word_1_515' title='bbox 1445 3416 1527 3455; x_wconf 90' lang='lat' dir='ltr'><strong><em>eo.</em></strong></span> 
     </span>
    </p>
   </div>
   <div class='ocr_carea' id='block_1_67' title="bbox 209 3498 1732 3584">
    <p class='ocr_par' dir='ltr' id='par_1_67' title="bbox 209 3498 1732 3584">
     <span class='ocr_line' id='line_1_67' title="bbox 209 3498 1732 3584; baseline -0.002 -17"><span class='ocrx_word' id='word_1_516' title='bbox 209 3513 299 3568; x_wconf 82' lang='lat' dir='ltr'><strong><em>IV.</em></strong></span> <span class='ocrx_word' id='word_1_517' title='bbox 325 3498 513 3584; x_wconf 86' lang='lat' dir='ltr'><strong><em>Neque</em></strong></span> <span class='ocrx_word' id='word_1_518' title='bbox 557 3514 850 3584; x_wconf 82' lang='lat' dir='ltr'><strong><em>putandum</em></strong></span> <span class='ocrx_word' id='word_1_519' title='bbox 893 3521 978 3568; x_wconf 92' lang='lat' dir='ltr'><strong><em>est</em></strong></span> <span class='ocrx_word' id='word_1_520' title='bbox 1021 3510 1163 3583; x_wconf 91' lang='lat' dir='ltr'><strong><em>quod</em></strong></span> <span class='ocrx_word' id='word_1_521' title='bbox 1207 3520 1301 3566; x_wconf 89' lang='lat' dir='ltr'><strong><em>aut</em></strong></span> <span class='ocrx_word' id='word_1_522' title='bbox 1336 3511 1389 3565; x_wconf 93' lang='lat' dir='ltr'><strong><em>in</em></strong></span> <span class='ocrx_word' id='word_1_523' title='bbox 1426 3508 1547 3565; x_wconf 88' lang='lat' dir='ltr'><strong><em>istis</em></strong></span> <span class='ocrx_word' id='word_1_524' title='bbox 1573 3509 1732 3564; x_wconf 88' lang='lat' dir='ltr'><strong><em>bellis</em></strong></span> 
     </span>
    </p>
   </div>
   <div class='ocr_carea' id='block_1_68' title="bbox 141 3602 1733 3672">
    <p class='ocr_par' dir='ltr' id='par_1_68' title="bbox 141 3602 1733 3672">
     <span class='ocr_line' id='line_1_68' title="bbox 141 3602 1733 3672; baseline -0.003 -11"><span class='ocrx_word' id='word_1_525' title='bbox 141 3605 476 3670; x_wconf 90' lang='lat' dir='ltr'><strong><em>domesticis,</em></strong></span> <span class='ocrx_word' id='word_1_526' title='bbox 500 3613 593 3660; x_wconf 90' lang='lat' dir='ltr'><strong><em>aut</em></strong></span> <span class='ocrx_word' id='word_1_527' title='bbox 616 3605 668 3659; x_wconf 89' lang='lat' dir='ltr'><strong><em>in</em></strong></span> <span class='ocrx_word' id='word_1_528' title='bbox 705 3605 912 3659; x_wconf 89' lang='lat' dir='ltr'><strong><em>insidiis</em></strong></span> <span class='ocrx_word' id='word_1_529' title='bbox 939 3604 1230 3669; x_wconf 87' lang='lat' dir='ltr'><strong><em>latronum,</em></strong></span> <span class='ocrx_word' id='word_1_530' title='bbox 1269 3611 1361 3657; x_wconf 89' lang='lat' dir='ltr'><strong><em>aut</em></strong></span> <span class='ocrx_word' id='word_1_531' title='bbox 1403 3602 1733 3672; x_wconf 87' lang='lat' dir='ltr'><strong><em>quibuslibet</em></strong></span> 
     </span>
    </p>
   </div>
   <div class='ocr_carea' id='block_1_69' title="bbox 141 3693 1730 3763">
    <p class='ocr_par' dir='ltr' id='par_1_69' title="bbox 141 3693 1730 3763">
     <span class='ocr_line' id='line_1_69' title="bbox 141 3693 1730 3763; baseline 0 -14"><span class='ocrx_word' id='word_1_532' title='bbox 141 3694 277 3750; x_wconf 83' lang='lat' dir='ltr'><strong><em>rixis</em></strong></span> <span class='ocrx_word' id='word_1_533' title='bbox 297 3695 548 3750; x_wconf 79' lang='lat' dir='ltr'><strong><em>civilibus</em></strong></span> <span class='ocrx_word' id='word_1_534' title='bbox 579 3697 690 3750; x_wconf 85' lang='lat' dir='ltr'><strong><em>sive</em></strong></span> <span class='ocrx_word' id='word_1_535' title='bbox 717 3695 1028 3763; x_wconf 84' lang='lat' dir='ltr'><strong><em>domesticis</em></strong></span> <span class='ocrx_word' id='word_1_536' title='bbox 1056 3696 1213 3750; x_wconf 89' lang='lat' dir='ltr'><strong><em>cadat</em></strong></span> <span class='ocrx_word' id='word_1_537' title='bbox 1239 3695 1422 3758; x_wconf 86' lang='lat' dir='ltr'><strong><em>homo,</em></strong></span> <span class='ocrx_word' id='word_1_538' title='bbox 1471 3694 1572 3749; x_wconf 85' lang='lat' dir='ltr'><strong><em>nisi</em></strong></span> <span class='ocrx_word' id='word_1_539' title='bbox 1618 3693 1730 3749; x_wconf 91' lang='lat' dir='ltr'><strong><em>Deo</em></strong></span> 
     </span>
    </p>
   </div>
   <div class='ocr_carea' id='block_1_70' title="bbox 142 3781 1730 3853">
    <p class='ocr_par' dir='ltr' id='par_1_70' title="bbox 142 3781 1730 3853">
     <span class='ocr_line' id='line_1_70' title="bbox 142 3781 1730 3853; baseline -0.001 -16"><span class='ocrx_word' id='word_1_540' title='bbox 142 3786 391 3839; x_wconf 87' lang='lat' dir='ltr'><strong><em>tradente</em></strong></span> <span class='ocrx_word' id='word_1_541' title='bbox 436 3784 490 3837; x_wconf 92' lang='lat' dir='ltr'><strong><em>in</em></strong></span> <span class='ocrx_word' id='word_1_542' title='bbox 533 3799 724 3838; x_wconf 89' lang='lat' dir='ltr'><strong><em>manus</em></strong></span> <span class='ocrx_word' id='word_1_543' title='bbox 763 3783 995 3852; x_wconf 80' lang='lat' dir='ltr'><strong><em>proximi</em></strong></span> <span class='ocrx_word' id='word_1_544' title='bbox 1026 3782 1130 3847; x_wconf 90' lang='lat' dir='ltr'><strong><em>sui,</em></strong></span> <span class='ocrx_word' id='word_1_545' title='bbox 1163 3781 1302 3837; x_wconf 89' lang='lat' dir='ltr'><strong><em>sicut</em></strong></span> <span class='ocrx_word' id='word_1_546' title='bbox 1331 3782 1446 3853; x_wconf 91' lang='lat' dir='ltr'><strong><em>ipse</em></strong></span> <span class='ocrx_word' id='word_1_547' title='bbox 1481 3795 1578 3851; x_wconf 92' lang='lat' dir='ltr'><strong><em>per</em></strong></span> <span class='ocrx_word' id='word_1_548' title='bbox 1597 3781 1730 3836; x_wconf 88' lang='lat' dir='ltr'><strong><em>Pro—</em></strong></span> 
     </span>
    </p>
   </div>
   <div class='ocr_carea' id='block_1_71' title="bbox 135 3869 1724 3944">
    <p class='ocr_par' dir='ltr' id='par_1_71' title="bbox 135 3869 1724 3944">
     <span class='ocr_line' id='line_1_71' title="bbox 135 3869 1724 3944; baseline -0.001 -18"><span class='ocrx_word' id='word_1_549' title='bbox 135 3872 356 3944; x_wconf 87' lang='lat' dir='ltr'><strong><em>phetam</em></strong></span> <span class='ocrx_word' id='word_1_550' title='bbox 398 3870 684 3925; x_wconf 86' lang='lat' dir='ltr'><strong><em>adversum</em></strong></span> <span class='ocrx_word' id='word_1_551' title='bbox 724 3870 895 3925; x_wconf 89' lang='lat' dir='ltr'><strong><em>malos</em></strong></span> <span class='ocrx_word' id='word_1_552' title='bbox 935 3877 1182 3940; x_wconf 90' lang='lat' dir='ltr'><strong><em>pastores</em></strong></span> <span class='ocrx_word' id='word_1_553' title='bbox 1211 3869 1467 3940; x_wconf 90' lang='lat' dir='ltr'><strong><em>loquitur,</em></strong></span> <span class='ocrx_word' id='word_1_554' title='bbox 1503 3870 1724 3924; x_wconf 89' lang='lat' dir='ltr'><strong><em>dicens:</em></strong></span> 
     </span>
    </p>
   </div>
   <div class='ocr_carea' id='block_1_72' title="bbox 137 3959 1728 4032">
    <p class='ocr_par' dir='ltr' id='par_1_72' title="bbox 137 3959 1728 4032">
     <span class='ocr_line' id='line_1_72' title="bbox 137 3959 1728 4032; baseline -0.002 -17"><span class='ocrx_word' id='word_1_555' title='bbox 137 3959 204 4015; x_wconf 83' lang='lat' dir='ltr'><strong><em>Et</em></strong></span> <span class='ocrx_word' id='word_1_556' title='bbox 227 3971 468 4032; x_wconf 86' lang='lat' dir='ltr'><strong><em>pastores</em></strong></span> <span class='ocrx_word' id='word_1_557' title='bbox 497 3977 677 4014; x_wconf 86' lang='lat' dir='ltr'><strong><em>eorum</em></strong></span> <span class='ocrx_word' id='word_1_558' title='bbox 708 3977 810 4013; x_wconf 91' lang='lat' dir='ltr'><strong><em>non</em></strong></span> <span class='ocrx_word' id='word_1_559' title='bbox 839 3959 1123 4030; x_wconf 88' lang='lat' dir='ltr'><strong><em>parcebant</em></strong></span> <span class='ocrx_word' id='word_1_560' title='bbox 1154 3961 1250 4026; x_wconf 88' lang='lat' dir='ltr'><strong><em>eis,</em></strong></span> <span class='ocrx_word' id='word_1_561' title='bbox 1284 3968 1332 4014; x_wconf 90' lang='lat' dir='ltr'><strong><em>et</em></strong></span> <span class='ocrx_word' id='word_1_562' title='bbox 1354 3976 1449 4029; x_wconf 90' lang='lat' dir='ltr'><strong><em>ego</em></strong></span> <span class='ocrx_word' id='word_1_563' title='bbox 1476 3975 1578 4014; x_wconf 87' lang='lat' dir='ltr'><strong><em>non</em></strong></span> <span class='ocrx_word' id='word_1_564' title='bbox 1606 3977 1728 4030; x_wconf 88' lang='lat' dir='ltr'><strong><em>par-</em></strong></span> 
     </span>
    </p>
   </div>
   <div class='ocr_carea' id='block_1_73' title="bbox 135 4038 1722 4120">
    <p class='ocr_par' dir='ltr' id='par_1_73' title="bbox 135 4038 1722 4120">
     <span class='ocr_line' id='line_1_73' title="bbox 135 4038 1722 4120; baseline -0.001 -16"><span class='ocrx_word' id='word_1_565' title='bbox 135 4067 248 4105; x_wconf 87' lang='lat' dir='ltr'><strong><em>cam</em></strong></span> <span class='ocrx_word' id='word_1_566' title='bbox 297 4050 444 4105; x_wconf 88' lang='lat' dir='ltr'><strong><em>ultra</em></strong></span> <span class='ocrx_word' id='word_1_567' title='bbox 494 4038 650 4120; x_wconf 86' lang='lat' dir='ltr'><strong><em>super</em></strong></span> <span class='ocrx_word' id='word_1_568' title='bbox 679 4050 974 4104; x_wconf 81' lang='lat' dir='ltr'><strong><em>habitantes</em></strong></span> <span class='ocrx_word' id='word_1_569' title='bbox 1017 4060 1234 4114; x_wconf 88' lang='lat' dir='ltr'><strong><em>terram,</em></strong></span> <span class='ocrx_word' id='word_1_570' title='bbox 1282 4050 1408 4103; x_wconf 87' lang='lat' dir='ltr'><strong><em>dicit</em></strong></span> <span class='ocrx_word' id='word_1_571' title='bbox 1446 4049 1722 4104; x_wconf 87' lang='lat' dir='ltr'><strong><em>Dominus.</em></strong></span> 
     </span>
    </p>
   </div>
   <div class='ocr_carea' id='block_1_74' title="bbox 135 4139 1725 4211">
    <p class='ocr_par' dir='ltr' id='par_1_74' title="bbox 135 4139 1725 4211">
     <span class='ocr_line' id='line_1_74' title="bbox 135 4139 1725 4211; baseline -0.001 -17"><span class='ocrx_word' id='word_1_572' title='bbox 135 4139 270 4195; x_wconf 78' lang='lat' dir='ltr'><strong><em>Ecce</em></strong></span> <span class='ocrx_word' id='word_1_573' title='bbox 319 4158 415 4211; x_wconf 90' lang='lat' dir='ltr'><strong><em>ego</em></strong></span> <span class='ocrx_word' id='word_1_574' title='bbox 461 4141 669 4195; x_wconf 88' lang='lat' dir='ltr'><strong><em>tradam</em></strong></span> <span class='ocrx_word' id='word_1_575' title='bbox 709 4141 962 4204; x_wconf 83' lang='lat' dir='ltr'><strong><em>homines,</em></strong></span> <span class='ocrx_word' id='word_1_576' title='bbox 1012 4156 1429 4210; x_wconf 82' lang='lat' dir='ltr'><strong><em>unumquemque</em></strong></span> <span class='ocrx_word' id='word_1_577' title='bbox 1471 4140 1528 4192; x_wconf 88' lang='lat' dir='ltr'><strong><em>in</em></strong></span> <span class='ocrx_word' id='word_1_578' title='bbox 1567 4156 1725 4193; x_wconf 83' lang='lat' dir='ltr'><strong><em>manu</em></strong></span> 
     </span>
    </p>
   </div>
   <div class='ocr_carea' id='block_1_75' title="bbox 134 4229 1724 4299">
    <p class='ocr_par' dir='ltr' id='par_1_75' title="bbox 134 4229 1724 4299">
     <span class='ocr_line' id='line_1_75' title="bbox 134 4229 1724 4299; baseline 0 -17"><span class='ocrx_word' id='word_1_579' title='bbox 134 4231 364 4298; x_wconf 74' lang='lat' dir='ltr'><strong><em>proximi</em></strong></span> <span class='ocrx_word' id='word_1_580' title='bbox 390 4231 495 4295; x_wconf 89' lang='lat' dir='ltr'><strong><em>sui,</em></strong></span> <span class='ocrx_word' id='word_1_581' title='bbox 524 4239 573 4284; x_wconf 92' lang='lat' dir='ltr'><strong><em>et</em></strong></span> <span class='ocrx_word' id='word_1_582' title='bbox 595 4231 649 4284; x_wconf 90' lang='lat' dir='ltr'><strong><em>in</em></strong></span> <span class='ocrx_word' id='word_1_583' title='bbox 671 4246 831 4283; x_wconf 87' lang='lat' dir='ltr'><strong><em>manu</em></strong></span> <span class='ocrx_word' id='word_1_584' title='bbox 855 4230 989 4299; x_wconf 88' lang='lat' dir='ltr'><strong><em>regis</em></strong></span> <span class='ocrx_word' id='word_1_585' title='bbox 1016 4230 1118 4294; x_wconf 88' lang='lat' dir='ltr'><strong><em>sui,</em></strong></span> <span class='ocrx_word' id='word_1_586' title='bbox 1142 4239 1189 4282; x_wconf 91' lang='lat' dir='ltr'><strong><em>et</em></strong></span> <span class='ocrx_word' id='word_1_587' title='bbox 1213 4229 1482 4283; x_wconf 81' lang='lat' dir='ltr'><strong><em>concident</em></strong></span> <span class='ocrx_word' id='word_1_588' title='bbox 1509 4237 1724 4294; x_wconf 88' lang='lat' dir='ltr'><strong><em>terram,</em></strong></span> 
     </span>
    </p>
   </div>
   <div class='ocr_carea' id='block_1_76' title="bbox 134 4318 1725 4387">
    <p class='ocr_par' dir='ltr' id='par_1_76' title="bbox 134 4318 1725 4387">
     <span class='ocr_line' id='line_1_76' title="bbox 134 4318 1725 4387; baseline -0.001 -15"><span class='ocrx_word' id='word_1_589' title='bbox 134 4327 183 4372; x_wconf 91' lang='lat' dir='ltr'><strong><em>et</em></strong></span> <span class='ocrx_word' id='word_1_590' title='bbox 211 4336 317 4373; x_wconf 88' lang='lat' dir='ltr'><strong><em>non</em></strong></span> <span class='ocrx_word' id='word_1_591' title='bbox 366 4335 548 4372; x_wconf 86' lang='lat' dir='ltr'><strong><em>eruam</em></strong></span> <span class='ocrx_word' id='word_1_592' title='bbox 576 4318 641 4372; x_wconf 89' lang='lat' dir='ltr'><strong><em>de</em></strong></span> <span class='ocrx_word' id='word_1_593' title='bbox 664 4335 824 4372; x_wconf 90' lang='lat' dir='ltr'><strong><em>manu</em></strong></span> <span class='ocrx_word' id='word_1_594' title='bbox 856 4335 1057 4383; x_wconf 89' lang='lat' dir='ltr'><strong><em>eorum,</em></strong></span> <span class='ocrx_word' id='word_1_595' title='bbox 1087 4327 1135 4371; x_wconf 91' lang='lat' dir='ltr'><strong><em>et</em></strong></span> <span class='ocrx_word' id='word_1_596' title='bbox 1164 4334 1378 4387; x_wconf 89' lang='lat' dir='ltr'><strong><em>pascam</em></strong></span> <span class='ocrx_word' id='word_1_597' title='bbox 1405 4333 1558 4387; x_wconf 89' lang='lat' dir='ltr'><strong><em>pecus</em></strong></span> <span class='ocrx_word' id='word_1_598' title='bbox 1585 4319 1725 4371; x_wconf 88' lang='lat' dir='ltr'><strong><em>occi-</em></strong></span> 
     </span>
    </p>
   </div>
   <div class='ocr_carea' id='block_1_77' title="bbox 134 4407 1723 4481">
    <p class='ocr_par' dir='ltr' id='par_1_77' title="bbox 134 4407 1723 4481">
     <span class='ocr_line' id='line_1_77' title="bbox 134 4407 1723 4481; baseline -0.001 -17"><span class='ocrx_word' id='word_1_599' title='bbox 134 4411 294 4464; x_wconf 88' lang='lat' dir='ltr'><strong><em>sionis</em></strong></span> <span class='ocrx_word' id='word_1_600' title='bbox 322 4420 539 4481; x_wconf 88' lang='lat' dir='ltr'><strong><em>prapter</em></strong></span> <span class='ocrx_word' id='word_1_601' title='bbox 561 4410 680 4474; x_wconf 90' lang='lat' dir='ltr'><strong><em>hoc,</em></strong></span> <span class='ocrx_word' id='word_1_602' title='bbox 710 4426 738 4462; x_wconf 94' lang='grc' dir='ltr'><em>ο</em></span> <span class='ocrx_word' id='word_1_603' title='bbox 765 4425 1016 4479; x_wconf 88' lang='lat' dir='ltr'><strong><em>pauperes</em></strong></span> <span class='ocrx_word' id='word_1_604' title='bbox 1057 4409 1246 4478; x_wconf 90' lang='lat' dir='ltr'><strong><em>gregis.</em></strong></span> <span class='ocrx_word' id='word_1_605' title='bbox 1280 4407 1386 4462; x_wconf 88' lang='lat' dir='ltr'><strong><em>Sed</em></strong></span> <span class='ocrx_word' id='word_1_606' title='bbox 1421 4416 1475 4461; x_wconf 88' lang='lat' dir='ltr'><strong><em>et</em></strong></span> <span class='ocrx_word' id='word_1_607' title='bbox 1505 4407 1633 4461; x_wconf 92' lang='lat' dir='ltr'><strong><em>illud</em></strong></span> <span class='ocrx_word' id='word_1_608' title='bbox 1668 4409 1723 4462; x_wconf 88' lang='lat' dir='ltr'><strong><em>in</em></strong></span> 
     </span>
    </p>
   </div>
   <div class='ocr_carea' id='block_1_78' title="bbox 137 4498 1728 4577">
    <p class='ocr_par' dir='ltr' id='par_1_78' title="bbox 137 4498 1728 4577">
     <span class='ocr_line' id='line_1_78' title="bbox 137 4498 1728 4577; baseline -0.004 -21"><span class='ocrx_word' id='word_1_609' title='bbox 137 4502 236 4556; x_wconf 87' lang='lat' dir='ltr'><strong><em>hac</em></strong></span> <span class='ocrx_word' id='word_1_610' title='bbox 263 4502 540 4557; x_wconf 89' lang='lat' dir='ltr'><strong><em>sententia</em></strong></span> <span class='ocrx_word' id='word_1_611' title='bbox 571 4501 866 4555; x_wconf 91' lang='lat' dir='ltr'><strong><em>notandum</em></strong></span> <span class='ocrx_word' id='word_1_612' title='bbox 893 4507 977 4553; x_wconf 92' lang='lat' dir='ltr'><strong><em>est</em></strong></span> <span class='ocrx_word' id='word_1_613' title='bbox 997 4499 1139 4568; x_wconf 90' lang='lat' dir='ltr'><strong><em>quod</em></strong></span> <span class='ocrx_word' id='word_1_614' title='bbox 1165 4498 1323 4553; x_wconf 90' lang='lat' dir='ltr'><strong><em>electi</em></strong></span> <span class='ocrx_word' id='word_1_615' title='bbox 1358 4498 1611 4577; x_wconf 84' lang='lat' dir='ltr'><strong><em>dicantur</em></strong></span> <span class='ocrx_word' id='word_1_616' title='bbox 1638 4511 1728 4568; x_wconf 88' lang='lat' dir='ltr'><strong><em>pe-</em></strong></span> 
     </span>
    </p>
   </div>
   <div class='ocr_carea' id='block_1_79' title="bbox 1832 3322 3403 3394">
    <p class='ocr_par' dir='ltr' id='par_1_79' title="bbox 1832 3322 3403 3394">
     <span class='ocr_line' id='line_1_79' title="bbox 1832 3322 3403 3394; baseline -0.004 -13"><span class='ocrx_word' id='word_1_617' title='bbox 1832 3342 1974 3394; x_wconf 89' lang='lat' dir='ltr'><strong><em>mus,</em></strong></span> <span class='ocrx_word' id='word_1_618' title='bbox 2001 3325 2240 3381; x_wconf 83' lang='lat' dir='ltr'><strong><em>valerent</em></strong></span> <span class='ocrx_word' id='word_1_619' title='bbox 2266 3324 2494 3378; x_wconf 89' lang='lat' dir='ltr'><strong><em>latentes</em></strong></span> <span class='ocrx_word' id='word_1_620' title='bbox 2515 3323 2684 3391; x_wconf 75' lang='lat' dir='ltr'><strong><em>culpa:</em></strong></span> <span class='ocrx_word' id='word_1_621' title='bbox 2713 3322 2962 3386; x_wconf 89' lang='lat' dir='ltr'><strong><em>inveniri,</em></strong></span> <span class='ocrx_word' id='word_1_622' title='bbox 2992 3337 3092 3376; x_wconf 89' lang='lat' dir='ltr'><strong><em>nec</em></strong></span> <span class='ocrx_word' id='word_1_623' title='bbox 3121 3322 3403 3391; x_wconf 88' lang='lat' dir='ltr'><strong><em>sapientia,</em></strong></span> 
     </span>
    </p>
   </div>
   <div class='ocr_carea' id='block_1_80' title="bbox 1831 3412 3407 3485">
    <p class='ocr_par' dir='ltr' id='par_1_80' title="bbox 1831 3412 3407 3485">
     <span class='ocr_line' id='line_1_80' title="bbox 1831 3412 3407 3485; baseline -0.003 -14"><span class='ocrx_word' id='word_1_624' title='bbox 1831 3431 1930 3471; x_wconf 91' lang='lat' dir='ltr'><strong><em>nec</em></strong></span> <span class='ocrx_word' id='word_1_625' title='bbox 1969 3416 2256 3485; x_wconf 89' lang='lat' dir='ltr'><strong><em>sapientes,</em></strong></span> <span class='ocrx_word' id='word_1_626' title='bbox 2302 3429 2477 3484; x_wconf 90' lang='lat' dir='ltr'><strong><em>neque</em></strong></span> <span class='ocrx_word' id='word_1_627' title='bbox 2497 3412 2731 3484; x_wconf 89' lang='lat' dir='ltr'><strong><em>judices,</em></strong></span> <span class='ocrx_word' id='word_1_628' title='bbox 2755 3426 2927 3480; x_wconf 90' lang='lat' dir='ltr'><strong><em>neque</em></strong></span> <span class='ocrx_word' id='word_1_629' title='bbox 2953 3412 3198 3480; x_wconf 82' lang='lat' dir='ltr'><strong><em>magistri</em></strong></span> <span class='ocrx_word' id='word_1_630' title='bbox 3224 3419 3407 3467; x_wconf 87' lang='lat' dir='ltr'><strong><em>essent</em></strong></span> 
     </span>
    </p>
   </div>
   <div class='ocr_carea' id='block_1_81' title="bbox 1829 3499 3411 3572">
    <p class='ocr_par' dir='ltr' id='par_1_81' title="bbox 1829 3499 3411 3572">
     <span class='ocr_line' id='line_1_81' title="bbox 1829 3499 3411 3572; baseline -0.003 -14"><span class='ocrx_word' id='word_1_631' title='bbox 1829 3505 2145 3560; x_wconf 89' lang='lat' dir='ltr'><strong><em>necessarii.</em></strong></span> <span class='ocrx_word' id='word_1_632' title='bbox 2185 3503 2293 3558; x_wconf 90' lang='lat' dir='ltr'><strong><em>Sed</em></strong></span> <span class='ocrx_word' id='word_1_633' title='bbox 2337 3503 2463 3572; x_wconf 90' lang='lat' dir='ltr'><strong><em>quia</em></strong></span> <span class='ocrx_word' id='word_1_634' title='bbox 2507 3501 2848 3555; x_wconf 86' lang='lat' dir='ltr'><strong><em>verissimum</em></strong></span> <span class='ocrx_word' id='word_1_635' title='bbox 2878 3508 2964 3555; x_wconf 91' lang='lat' dir='ltr'><strong><em>est</em></strong></span> <span class='ocrx_word' id='word_1_636' title='bbox 2997 3501 3139 3571; x_wconf 85' lang='lat' dir='ltr'><strong><em>quod</em></strong></span> <span class='ocrx_word' id='word_1_637' title='bbox 3186 3499 3253 3555; x_wconf 89' lang='lat' dir='ltr'><strong><em>de</em></strong></span> <span class='ocrx_word' id='word_1_638' title='bbox 3295 3499 3411 3555; x_wconf 89' lang='lat' dir='ltr'><strong><em>Deo</em></strong></span> 
     </span>
    </p>
   </div>
   <div class='ocr_carea' id='block_1_82' title="bbox 1832 3593 3406 3666">
    <p class='ocr_par' dir='ltr' id='par_1_82' title="bbox 1832 3593 3406 3666">
     <span class='ocr_line' id='line_1_82' title="bbox 1832 3593 3406 3666; baseline -0.003 -16"><span class='ocrx_word' id='word_1_639' title='bbox 1832 3596 2064 3651; x_wconf 89' lang='lat' dir='ltr'><strong><em>dicitur:</em></strong></span> <span class='ocrx_word' id='word_1_640' title='bbox 2099 3595 2250 3665; x_wconf 84' lang='lat' dir='ltr'><strong><em>Apud</em></strong></span> <span class='ocrx_word' id='word_1_641' title='bbox 2292 3596 2462 3666; x_wconf 89' lang='lat' dir='ltr'><strong><em>ipsum</em></strong></span> <span class='ocrx_word' id='word_1_642' title='bbox 2506 3602 2580 3648; x_wconf 87' lang='lat' dir='ltr'><strong><em>est</em></strong></span> <span class='ocrx_word' id='word_1_643' title='bbox 2626 3593 2877 3663; x_wconf 78' lang='lat' dir='ltr'><strong><em>fortitudo</em></strong></span> <span class='ocrx_word' id='word_1_644' title='bbox 2918 3602 2966 3646; x_wconf 91' lang='lat' dir='ltr'><strong><em>et</em></strong></span> <span class='ocrx_word' id='word_1_645' title='bbox 2993 3593 3270 3662; x_wconf 88' lang='lat' dir='ltr'><strong><em>sapientia,</em></strong></span> <span class='ocrx_word' id='word_1_646' title='bbox 3299 3594 3406 3662; x_wconf 89' lang='lat' dir='ltr'><strong><em>ipse</em></strong></span> 
     </span>
    </p>
   </div>
   <div class='ocr_carea' id='block_1_83' title="bbox 1832 3683 3406 3756">
    <p class='ocr_par' dir='ltr' id='par_1_83' title="bbox 1832 3683 3406 3756">
     <span class='ocr_line' id='line_1_83' title="bbox 1832 3683 3406 3756; baseline -0.004 -14"><span class='ocrx_word' id='word_1_647' title='bbox 1832 3689 1969 3743; x_wconf 84' lang='lat' dir='ltr'><strong><em>novit</em></strong></span> <span class='ocrx_word' id='word_1_648' title='bbox 1998 3696 2045 3740; x_wconf 89' lang='lat' dir='ltr'><strong><em>et</em></strong></span> <span class='ocrx_word' id='word_1_649' title='bbox 2071 3686 2405 3756; x_wconf 76' lang='lat' dir='ltr'><strong><em>desipientem</em></strong></span> <span class='ocrx_word' id='word_1_650' title='bbox 2435 3695 2482 3739; x_wconf 86' lang='lat' dir='ltr'><strong><em>et</em></strong></span> <span class='ocrx_word' id='word_1_651' title='bbox 2508 3701 2625 3739; x_wconf 87' lang='lat' dir='ltr'><strong><em>eum</em></strong></span> <span class='ocrx_word' id='word_1_652' title='bbox 2671 3685 2759 3754; x_wconf 88' lang='lat' dir='ltr'><strong><em>qui</em></strong></span> <span class='ocrx_word' id='word_1_653' title='bbox 2789 3683 3077 3754; x_wconf 88' lang='lat' dir='ltr'><strong><em>decipitur;</em></strong></span> <span class='ocrx_word' id='word_1_654' title='bbox 3105 3683 3173 3736; x_wconf 89' lang='lat' dir='ltr'><strong><em>ab</em></strong></span> <span class='ocrx_word' id='word_1_655' title='bbox 3197 3683 3314 3752; x_wconf 90' lang='lat' dir='ltr'><strong><em>ipso</em></strong></span> <span class='ocrx_word' id='word_1_656' title='bbox 3352 3692 3406 3738; x_wconf 89' lang='lat' dir='ltr'><strong><em>et</em></strong></span> 
     </span>
    </p>
   </div>
   <div class='ocr_carea' id='block_1_84' title="bbox 1830 3771 3404 3846">
    <p class='ocr_par' dir='ltr' id='par_1_84' title="bbox 1830 3771 3404 3846">
     <span class='ocr_line' id='line_1_84' title="bbox 1830 3771 3404 3846; baseline -0.004 -13"><span class='ocrx_word' id='word_1_657' title='bbox 1830 3777 2123 3834; x_wconf 91' lang='lat' dir='ltr'><strong><em>secundum</em></strong></span> <span class='ocrx_word' id='word_1_658' title='bbox 2156 3777 2330 3846; x_wconf 92' lang='lat' dir='ltr'><strong><em>ipsum</em></strong></span> <span class='ocrx_word' id='word_1_659' title='bbox 2361 3771 2649 3844; x_wconf 84' lang='lat' dir='ltr'><strong><em>quaerenda</em></strong></span> <span class='ocrx_word' id='word_1_660' title='bbox 2678 3782 2760 3828; x_wconf 89' lang='lat' dir='ltr'><strong><em>est</em></strong></span> <span class='ocrx_word' id='word_1_661' title='bbox 2778 3787 2955 3827; x_wconf 89' lang='lat' dir='ltr'><strong><em>rerum</em></strong></span> <span class='ocrx_word' id='word_1_662' title='bbox 2994 3781 3048 3845; x_wconf 87' lang='lat' dir='ltr'><strong><em>et</em></strong></span> <span class='ocrx_word' id='word_1_663' title='bbox 3077 3773 3404 3841; x_wconf 72' lang='lat' dir='ltr'><strong><em>indiciorum</em></strong></span> 
     </span>
    </p>
   </div>
   <div class='ocr_carea' id='block_1_85' title="bbox 1829 3863 3403 3934">
    <p class='ocr_par' dir='ltr' id='par_1_85' title="bbox 1829 3863 3403 3934">
     <span class='ocr_line' id='line_1_85' title="bbox 1829 3863 3403 3934; baseline -0.001 -15"><span class='ocrx_word' id='word_1_664' title='bbox 1829 3868 2051 3922; x_wconf 89' lang='lat' dir='ltr'><strong><em>veritas.</em></strong></span> <span class='ocrx_word' id='word_1_665' title='bbox 2077 3863 2198 3919; x_wconf 82' lang='lat' dir='ltr'><strong><em>Jam</em></strong></span> <span class='ocrx_word' id='word_1_666' title='bbox 2229 3879 2371 3918; x_wconf 91' lang='lat' dir='ltr'><strong><em>nunc</em></strong></span> <span class='ocrx_word' id='word_1_667' title='bbox 2393 3863 2420 3904; x_wconf 69' lang='grc' dir='ltr'>δ</span> <span class='ocrx_word' id='word_1_668' title='bbox 2445 3864 2707 3934; x_wconf 66' lang='lat' dir='ltr'><strong><em>ponendae</em></strong></span> <span class='ocrx_word' id='word_1_669' title='bbox 2736 3871 2861 3918; x_wconf 91' lang='lat' dir='ltr'><strong><em>sunt</em></strong></span> <span class='ocrx_word' id='word_1_670' title='bbox 2886 3864 3014 3932; x_wconf 75' lang='lat' dir='ltr'><strong><em>ipsa:</em></strong></span> <span class='ocrx_word' id='word_1_671' title='bbox 3053 3863 3248 3918; x_wconf 68' lang='lat' dir='ltr'><strong><em>divinat</em></strong></span> <span class='ocrx_word' id='word_1_672' title='bbox 3276 3877 3403 3918; x_wconf 79' lang='lat' dir='ltr'><strong><em>sen-</em></strong></span> 
     </span>
    </p>
   </div>
   <div class='ocr_carea' id='block_1_86' title="bbox 1828 3954 3401 4027">
    <p class='ocr_par' dir='ltr' id='par_1_86' title="bbox 1828 3954 3401 4027">
     <span class='ocr_line' id='line_1_86' title="bbox 1828 3954 3401 4027; baseline -0.003 -16"><span class='ocrx_word' id='word_1_673' title='bbox 1828 3958 2030 4023; x_wconf 72' lang='lat' dir='ltr'><strong><em>tentiae,</em></strong></span> <span class='ocrx_word' id='word_1_674' title='bbox 2060 3965 2114 4011; x_wconf 90' lang='lat' dir='ltr'><strong><em>et</em></strong></span> <span class='ocrx_word' id='word_1_675' title='bbox 2134 3955 2563 4027; x_wconf 87' lang='lat' dir='ltr'><strong><em>perspiciendum</em></strong></span> <span class='ocrx_word' id='word_1_676' title='bbox 2592 3955 2645 4008; x_wconf 91' lang='lat' dir='ltr'><strong><em>in</em></strong></span> <span class='ocrx_word' id='word_1_677' title='bbox 2671 3955 2749 4008; x_wconf 88' lang='lat' dir='ltr'><strong><em>eis</em></strong></span> <span class='ocrx_word' id='word_1_678' title='bbox 2786 3954 2974 4023; x_wconf 86' lang='lat' dir='ltr'><strong><em>quales</em></strong></span> <span class='ocrx_word' id='word_1_679' title='bbox 3004 3961 3191 4009; x_wconf 89' lang='lat' dir='ltr'><strong><em>auctor</em></strong></span> <span class='ocrx_word' id='word_1_680' title='bbox 3217 3968 3401 4007; x_wconf 87' lang='lat' dir='ltr'><strong><em>earum</em></strong></span> 
     </span>
    </p>
   </div>
   <div class='ocr_carea' id='block_1_87' title="bbox 1826 4043 3404 4115">
    <p class='ocr_par' dir='ltr' id='par_1_87' title="bbox 1826 4043 3404 4115">
     <span class='ocr_line' id='line_1_87' title="bbox 1826 4043 3404 4115; baseline -0.003 -13"><span class='ocrx_word' id='word_1_681' title='bbox 1826 4047 1955 4102; x_wconf 85' lang='lat' dir='ltr'><strong><em>velit</em></strong></span> <span class='ocrx_word' id='word_1_682' title='bbox 1976 4061 2116 4112; x_wconf 89' lang='lat' dir='ltr'><strong><em>esse,</em></strong></span> <span class='ocrx_word' id='word_1_683' title='bbox 2146 4046 2230 4102; x_wconf 80' lang='lat' dir='ltr'><strong><em>vel</em></strong></span> <span class='ocrx_word' id='word_1_684' title='bbox 2256 4045 2385 4115; x_wconf 88' lang='lat' dir='ltr'><strong><em>quid</em></strong></span> <span class='ocrx_word' id='word_1_685' title='bbox 2407 4051 2500 4099; x_wconf 89' lang='lat' dir='ltr'><strong><em>aut</em></strong></span> <span class='ocrx_word' id='word_1_686' title='bbox 2525 4043 2752 4113; x_wconf 85' lang='lat' dir='ltr'><strong><em>qualiter</em></strong></span> <span class='ocrx_word' id='word_1_687' title='bbox 2779 4058 2940 4113; x_wconf 86' lang='lat' dir='ltr'><strong><em>agere</em></strong></span> <span class='ocrx_word' id='word_1_688' title='bbox 2966 4043 3192 4098; x_wconf 83' lang='lat' dir='ltr'><strong><em>debeant</em></strong></span> <span class='ocrx_word' id='word_1_689' title='bbox 3215 4058 3404 4098; x_wconf 88' lang='lat' dir='ltr'><strong><em>recon-</em></strong></span> 
     </span>
    </p>
   </div>
   <div class='ocr_carea' id='block_1_88' title="bbox 1827 4134 3402 4208">
    <p class='ocr_par' dir='ltr' id='par_1_88' title="bbox 1827 4134 3402 4208">
     <span class='ocr_line' id='line_1_88' title="bbox 1827 4134 3402 4208; baseline -0.003 -15"><span class='ocrx_word' id='word_1_690' title='bbox 1827 4136 2239 4208; x_wconf 81' lang='lat' dir='ltr'><strong><em>ciliatipOpulus</em></strong></span> <span class='ocrx_word' id='word_1_691' title='bbox 2262 4135 2651 4206; x_wconf 88' lang='lat' dir='ltr'><strong><em>acquisitionis,</em></strong></span> <span class='ocrx_word' id='word_1_692' title='bbox 2691 4134 2784 4188; x_wconf 88' lang='lat' dir='ltr'><strong><em>ﬁlii</em></strong></span> <span class='ocrx_word' id='word_1_693' title='bbox 2809 4135 3238 4199; x_wconf 88' lang='lat' dir='ltr'><strong><em>resurrectionis,</em></strong></span> <span class='ocrx_word' id='word_1_694' title='bbox 3273 4149 3402 4190; x_wconf 80' lang='lat' dir='ltr'><strong><em>oves</em></strong></span> 
     </span>
    </p>
   </div>
   <div class='ocr_carea' id='block_1_89' title="bbox 1828 4224 3401 4298">
    <p class='ocr_par' dir='ltr' id='par_1_89' title="bbox 1828 4224 3401 4298">
     <span class='ocr_line' id='line_1_89' title="bbox 1828 4224 3401 4298; baseline -0.001 -15"><span class='ocrx_word' id='word_1_695' title='bbox 1828 4229 2022 4283; x_wconf 89' lang='lat' dir='ltr'><strong><em>summi</em></strong></span> <span class='ocrx_word' id='word_1_696' title='bbox 2049 4228 2300 4298; x_wconf 89' lang='lat' dir='ltr'><strong><em>pastoris,</em></strong></span> <span class='ocrx_word' id='word_1_697' title='bbox 2335 4235 2390 4281; x_wconf 91' lang='lat' dir='ltr'><strong><em>et</em></strong></span> <span class='ocrx_word' id='word_1_698' title='bbox 2430 4241 2555 4296; x_wconf 85' lang='lat' dir='ltr'><strong><em>erga</em></strong></span> <span class='ocrx_word' id='word_1_699' title='bbox 2581 4241 2638 4280; x_wconf 86' lang='lat' dir='ltr'><strong><em>se</em></strong></span> <span class='ocrx_word' id='word_1_700' title='bbox 2664 4225 2892 4280; x_wconf 85' lang='lat' dir='ltr'><strong><em>invicem</em></strong></span> <span class='ocrx_word' id='word_1_701' title='bbox 2919 4231 2973 4280; x_wconf 90' lang='lat' dir='ltr'><strong><em>et</em></strong></span> <span class='ocrx_word' id='word_1_702' title='bbox 3001 4239 3127 4295; x_wconf 87' lang='lat' dir='ltr'><strong><em>erga</em></strong></span> <span class='ocrx_word' id='word_1_703' title='bbox 3155 4224 3310 4295; x_wconf 88' lang='lat' dir='ltr'><strong><em>lupos</em></strong></span> <span class='ocrx_word' id='word_1_704' title='bbox 3337 4241 3401 4281; x_wconf 86' lang='lat' dir='ltr'><strong><em>ac</em></strong></span> 
     </span>
    </p>
   </div>
   <div class='ocr_carea' id='block_1_90' title="bbox 1826 4321 2391 4378">
    <p class='ocr_par' dir='ltr' id='par_1_90' title="bbox 1826 4321 2391 4378">
     <span class='ocr_line' id='line_1_90' title="bbox 1826 4321 2391 4378; baseline -0.005 -2"><span class='ocrx_word' id='word_1_705' title='bbox 1826 4321 2032 4378; x_wconf 86' lang='lat' dir='ltr'><strong><em>bestias</em></strong></span> <span class='ocrx_word' id='word_1_706' title='bbox 2053 4321 2391 4376; x_wconf 90' lang='lat' dir='ltr'><strong><em>insidiantes.</em></strong></span> 
     </span>
    </p>
   </div>
   <div class='ocr_carea' id='block_1_91' title="bbox 2167 4446 3058 4520">
    <p class='ocr_par' dir='ltr' id='par_1_91' title="bbox 2167 4446 3058 4520">
     <span class='ocr_line' id='line_1_91' title="bbox 2167 4446 3058 4520; baseline -0.008 -12"><span class='ocrx_word' id='word_1_707' title='bbox 2167 4451 2591 4520; x_wconf 69' lang='lat' dir='ltr'><strong><em>SEQUUNTUR</em></strong></span> <span class='ocrx_word' id='word_1_708' title='bbox 2630 4446 3058 4505; x_wconf 71' lang='lat' dir='ltr'><strong><em>SENTENTM‘Z.</em></strong></span> 
     </span>
    </p>
   </div>
   <div class='ocr_carea' id='block_1_92' title="bbox 135 4564 1729 4659">
    <p class='ocr_par' dir='ltr' id='par_1_92' title="bbox 135 4572 1723 4659">
     <span class='ocr_line' id='line_1_92' title="bbox 135 4572 1723 4659; baseline -0.004 -12"><span class='ocrx_word' id='word_1_709' title='bbox 135 4606 260 4647; x_wconf 82' lang='lat' dir='ltr'><strong><em>cora</em></strong></span> <span class='ocrx_word' id='word_1_710' title='bbox 282 4591 593 4655; x_wconf 88' lang='lat' dir='ltr'><strong><em>occisionis,</em></strong></span> <span class='ocrx_word' id='word_1_711' title='bbox 622 4591 762 4651; x_wconf 89' lang='lat' dir='ltr'><strong><em>sicut</em></strong></span> <span class='ocrx_word' id='word_1_712' title='bbox 785 4597 839 4644; x_wconf 92' lang='lat' dir='ltr'><strong><em>et</em></strong></span> <span class='ocrx_word' id='word_1_713' title='bbox 858 4588 1147 4659; x_wconf 85' lang='lat' dir='ltr'><strong><em>Apostolus</em></strong></span> <span class='ocrx_word' id='word_1_714' title='bbox 1177 4589 1243 4642; x_wconf 89' lang='lat' dir='ltr'><strong><em>de</em></strong></span> <span class='ocrx_word' id='word_1_715' title='bbox 1271 4587 1479 4656; x_wconf 90' lang='lat' dir='ltr'><strong><em>psalmo</em></strong></span> <span class='ocrx_word' id='word_1_716' title='bbox 1503 4572 1723 4641; x_wconf 87' lang='lat' dir='ltr'><strong><em>sumens</em></strong></span> 
     </span>
    </p>
   </div>
   <div class='ocr_carea' id='block_1_93' title="bbox 1834 4564 3401 4659">
    <p class='ocr_par' dir='ltr' id='par_1_93' title="bbox 1894 4564 3401 4634">
     <span class='ocr_line' id='line_1_93' title="bbox 1894 4564 3401 4634; baseline -0.007 -7"><span class='ocrx_word' id='word_1_717' title='bbox 1894 4570 2076 4627; x_wconf 84' lang='lat' dir='ltr'><strong><em>Gloria</em></strong></span> <span class='ocrx_word' id='word_1_718' title='bbox 2107 4571 2162 4624; x_wconf 90' lang='lat' dir='ltr'><strong><em>in</em></strong></span> <span class='ocrx_word' id='word_1_719' title='bbox 2187 4567 2402 4623; x_wconf 69' lang='lat' dir='ltr'><strong><em>excelsis</em></strong></span> <span class='ocrx_word' id='word_1_720' title='bbox 2434 4566 2569 4633; x_wconf 88' lang='lat' dir='ltr'><strong><em>Deo,</em></strong></span> <span class='ocrx_word' id='word_1_721' title='bbox 2611 4574 2658 4620; x_wconf 88' lang='lat' dir='ltr'><strong><em>et</em></strong></span> <span class='ocrx_word' id='word_1_722' title='bbox 2686 4566 2741 4619; x_wconf 89' lang='lat' dir='ltr'><strong><em>in</em></strong></span> <span class='ocrx_word' id='word_1_723' title='bbox 2780 4573 2918 4618; x_wconf 90' lang='lat' dir='ltr'><strong><em>terra</em></strong></span> <span class='ocrx_word' id='word_1_724' title='bbox 2956 4579 3061 4634; x_wconf 70' lang='lat' dir='ltr'><strong><em>pas;</em></strong></span> <span class='ocrx_word' id='word_1_725' title='bbox 3105 4564 3401 4617; x_wconf 83' lang='lat' dir='ltr'><strong><em>hominibus</em></strong></span> 
     </span>
    </p>
   </div>
   <div class='ocr_carea' id='block_1_94' title="bbox 135 4677 1725 4749">
    <p class='ocr_par' dir='ltr' id='par_1_94' title="bbox 135 4677 1725 4749">
     <span class='ocr_line' id='line_1_94' title="bbox 135 4677 1725 4749; baseline -0.003 -15"><span class='ocrx_word' id='word_1_726' title='bbox 135 4681 506 4736; x_wconf 86' lang='lat' dir='ltr'><strong><em>testimonium</em></strong></span> <span class='ocrx_word' id='word_1_727' title='bbox 536 4680 666 4734; x_wconf 89' lang='lat' dir='ltr'><strong><em>dicit</em></strong></span> <span class='ocrx_word' id='word_1_728' title='bbox 692 4697 704 4732; x_wconf 89' lang='lat'><strong>:</strong></span> <span class='ocrx_word' id='word_1_729' title='bbox 738 4678 875 4744; x_wconf 86' lang='lat' dir='ltr'><strong><em>Quia</em></strong></span> <span class='ocrx_word' id='word_1_730' title='bbox 904 4687 1114 4749; x_wconf 89' lang='lat' dir='ltr'><strong><em>propter</em></strong></span> <span class='ocrx_word' id='word_1_731' title='bbox 1144 4689 1190 4731; x_wconf 88' lang='lat' dir='ltr'><strong><em>te</em></strong></span> <span class='ocrx_word' id='word_1_732' title='bbox 1216 4677 1596 4745; x_wconf 84' lang='lat' dir='ltr'><strong><em>mortificamur</em></strong></span> <span class='ocrx_word' id='word_1_733' title='bbox 1616 4683 1725 4730; x_wconf 85' lang='lat' dir='ltr'><strong><em>tota</em></strong></span> 
     </span>
    </p>
   </div>
   <div class='ocr_carea' id='block_1_95' title="bbox 124 4767 1725 4838">
    <p class='ocr_par' dir='ltr' id='par_1_95' title="bbox 124 4767 1725 4838">
     <span class='ocr_line' id='line_1_95' title="bbox 124 4767 1725 4838; baseline -0.002 -13"><span class='ocrx_word' id='word_1_734' title='bbox 124 4770 234 4835; x_wconf 82' lang='lat' dir='ltr'><strong><em>die,</em></strong></span> <span class='ocrx_word' id='word_1_735' title='bbox 266 4773 519 4826; x_wconf 73' lang='lat' dir='ltr'><strong><em>cstimati</em></strong></span> <span class='ocrx_word' id='word_1_736' title='bbox 538 4788 718 4826; x_wconf 87' lang='lat' dir='ltr'><strong><em>sumus</em></strong></span> <span class='ocrx_word' id='word_1_737' title='bbox 745 4779 802 4823; x_wconf 88' lang='lat' dir='ltr'><strong><em>ut</em></strong></span> <span class='ocrx_word' id='word_1_738' title='bbox 827 4786 941 4824; x_wconf 85' lang='lat' dir='ltr'><strong><em>oves</em></strong></span> <span class='ocrx_word' id='word_1_739' title='bbox 970 4770 1262 4824; x_wconf 87' lang='lat' dir='ltr'><strong><em>occisionis.</em></strong></span> <span class='ocrx_word' id='word_1_740' title='bbox 1287 4769 1354 4822; x_wconf 85' lang='lat' dir='ltr'><strong><em>Et</em></strong></span> <span class='ocrx_word' id='word_1_741' title='bbox 1375 4768 1427 4821; x_wconf 88' lang='lat' dir='ltr'><strong><em>in</em></strong></span> <span class='ocrx_word' id='word_1_742' title='bbox 1455 4767 1569 4838; x_wconf 91' lang='lat' dir='ltr'><strong><em>lege</em></strong></span> <span class='ocrx_word' id='word_1_743' title='bbox 1587 4781 1725 4837; x_wconf 61' lang='lat' dir='ltr'><strong><em>prat-</em></strong></span> 
     </span>
    </p>
   </div>
   <div class='ocr_carea' id='block_1_96' title="bbox 133 4855 1728 4930">
    <p class='ocr_par' dir='ltr' id='par_1_96' title="bbox 133 4855 1728 4930">
     <span class='ocr_line' id='line_1_96' title="bbox 133 4855 1728 4930; baseline -0.003 -16"><span class='ocrx_word' id='word_1_744' title='bbox 133 4868 351 4929; x_wconf 84' lang='lat' dir='ltr'><strong><em>ceptum</em></strong></span> <span class='ocrx_word' id='word_1_745' title='bbox 383 4868 508 4914; x_wconf 89' lang='lat' dir='ltr'><strong><em>est:</em></strong></span> <span class='ocrx_word' id='word_1_746' title='bbox 543 4859 648 4926; x_wconf 85' lang='lat' dir='ltr'><strong><em>Qui</em></strong></span> <span class='ocrx_word' id='word_1_747' title='bbox 684 4859 995 4930; x_wconf 88' lang='lat' dir='ltr'><strong><em>percusserit</em></strong></span> <span class='ocrx_word' id='word_1_748' title='bbox 1044 4859 1330 4922; x_wconf 88' lang='lat' dir='ltr'><strong><em>hominem,</em></strong></span> <span class='ocrx_word' id='word_1_749' title='bbox 1379 4856 1551 4912; x_wconf 84' lang='lat' dir='ltr'><strong><em>volens</em></strong></span> <span class='ocrx_word' id='word_1_750' title='bbox 1591 4855 1728 4910; x_wconf 86' lang='lat' dir='ltr'><strong><em>occi-</em></strong></span> 
     </span>
    </p>
   </div>
   <div class='ocr_carea' id='block_1_97' title="bbox 134 4946 1724 5015">
    <p class='ocr_par' dir='ltr' id='par_1_97' title="bbox 134 4946 1724 5015">
     <span class='ocr_line' id='line_1_97' title="bbox 134 4946 1724 5015; baseline -0.004 -11"><span class='ocrx_word' id='word_1_751' title='bbox 134 4954 272 5015; x_wconf 61' lang='lat' dir='ltr'><strong><em>dere,</em></strong></span> <span class='ocrx_word' id='word_1_752' title='bbox 305 4959 480 5004; x_wconf 84' lang='lat' dir='ltr'><strong><em>morte</em></strong></span> <span class='ocrx_word' id='word_1_753' title='bbox 508 4951 785 5003; x_wconf 89' lang='lat' dir='ltr'><strong><em>moriatur.</em></strong></span> <span class='ocrx_word' id='word_1_754' title='bbox 819 4948 926 5014; x_wconf 89' lang='lat' dir='ltr'><strong><em>Qui</em></strong></span> <span class='ocrx_word' id='word_1_755' title='bbox 966 4957 1141 5002; x_wconf 87' lang='lat' dir='ltr'><strong><em>autem</em></strong></span> <span class='ocrx_word' id='word_1_756' title='bbox 1169 4965 1273 5001; x_wconf 88' lang='lat' dir='ltr'><strong><em>non</em></strong></span> <span class='ocrx_word' id='word_1_757' title='bbox 1307 4956 1382 5000; x_wconf 88' lang='lat' dir='ltr'><strong><em>est</em></strong></span> <span class='ocrx_word' id='word_1_758' title='bbox 1416 4946 1724 5012; x_wconf 88' lang='lat' dir='ltr'><strong><em>insidiatus,</em></strong></span> 
     </span>
    </p>
   </div>
   <div class='ocr_carea' id='block_1_98' title="bbox 132 5033 1726 5107">
    <p class='ocr_par' dir='ltr' id='par_1_98' title="bbox 132 5033 1726 5107">
     <span class='ocr_line' id='line_1_98' title="bbox 132 5033 1726 5107; baseline -0.001 -16"><span class='ocrx_word' id='word_1_759' title='bbox 132 5037 222 5091; x_wconf 85' lang='lat' dir='ltr'><strong><em>sed</em></strong></span> <span class='ocrx_word' id='word_1_760' title='bbox 248 5037 392 5092; x_wconf 88' lang='lat' dir='ltr'><strong><em>Deus</em></strong></span> <span class='ocrx_word' id='word_1_761' title='bbox 417 5037 567 5091; x_wconf 87' lang='lat' dir='ltr'><strong><em>illum</em></strong></span> <span class='ocrx_word' id='word_1_762' title='bbox 592 5037 810 5091; x_wconf 86' lang='lat' dir='ltr'><strong><em>tradidit</em></strong></span> <span class='ocrx_word' id='word_1_763' title='bbox 838 5039 893 5092; x_wconf 91' lang='lat' dir='ltr'><strong><em>in</em></strong></span> <span class='ocrx_word' id='word_1_764' title='bbox 923 5053 1083 5090; x_wconf 88' lang='lat' dir='ltr'><strong><em>manu</em></strong></span> <span class='ocrx_word' id='word_1_765' title='bbox 1105 5037 1254 5107; x_wconf 86' lang='lat' dir='ltr'><strong><em>ejus;</em></strong></span> <span class='ocrx_word' id='word_1_766' title='bbox 1293 5033 1607 5098; x_wconf 82' lang='lat' dir='ltr'><strong><em>constituam</em></strong></span> <span class='ocrx_word' id='word_1_767' title='bbox 1629 5034 1726 5090; x_wconf 85' lang='lat' dir='ltr'><strong><em>tibi</em></strong></span> 
     </span>
    </p>
   </div>
   <div class='ocr_carea' id='block_1_99' title="bbox 135 5127 874 5198">
    <p class='ocr_par' dir='ltr' id='par_1_99' title="bbox 135 5127 874 5198">
     <span class='ocr_line' id='line_1_99' title="bbox 135 5127 874 5198; baseline 0 -18"><span class='ocrx_word' id='word_1_768' title='bbox 135 5127 303 5182; x_wconf 81' lang='lat' dir='ltr'><strong><em>locum</em></strong></span> <span class='ocrx_word' id='word_1_769' title='bbox 331 5144 439 5198; x_wconf 89' lang='lat' dir='ltr'><strong><em>quo</em></strong></span> <span class='ocrx_word' id='word_1_770' title='bbox 470 5127 648 5197; x_wconf 88' lang='lat' dir='ltr'><strong><em>fugere</em></strong></span> <span class='ocrx_word' id='word_1_771' title='bbox 673 5127 874 5181; x_wconf 88' lang='lat' dir='ltr'><strong><em>debeat.</em></strong></span> 
     </span>
    </p>
   </div>
   <div class='ocr_carea' id='block_1_100' title="bbox 207 5213 1723 5287">
    <p class='ocr_par' dir='ltr' id='par_1_100' title="bbox 207 5213 1723 5287">
     <span class='ocr_line' id='line_1_100' title="bbox 207 5213 1723 5287; baseline -0.003 -14"><span class='ocrx_word' id='word_1_772' title='bbox 207 5217 265 5273; x_wconf 73' lang='grc' dir='ltr'><strong>ν.</strong></span> <span class='ocrx_word' id='word_1_773' title='bbox 297 5218 440 5274; x_wconf 82' lang='lat' dir='ltr'><strong><em>Tota</em></strong></span> <span class='ocrx_word' id='word_1_774' title='bbox 479 5233 712 5287; x_wconf 89' lang='lat' dir='ltr'><strong><em>namque</em></strong></span> <span class='ocrx_word' id='word_1_775' title='bbox 737 5217 840 5272; x_wconf 84' lang='lat' dir='ltr'><strong><em>ﬁde</em></strong></span> <span class='ocrx_word' id='word_1_776' title='bbox 869 5218 1090 5272; x_wconf 90' lang='lat' dir='ltr'><strong><em>credere</em></strong></span> <span class='ocrx_word' id='word_1_777' title='bbox 1125 5216 1383 5272; x_wconf 90' lang='lat' dir='ltr'><strong><em>debemus</em></strong></span> <span class='ocrx_word' id='word_1_778' title='bbox 1409 5214 1552 5284; x_wconf 89' lang='lat' dir='ltr'><strong><em>quod</em></strong></span> <span class='ocrx_word' id='word_1_779' title='bbox 1586 5213 1723 5269; x_wconf 87' lang='lat' dir='ltr'><strong><em>nihil</em></strong></span> 
     </span>
    </p>
   </div>
   <div class='ocr_carea' id='block_1_101' title="bbox 1827 4658 2299 4716">
    <p class='ocr_par' dir='ltr' id='par_1_101' title="bbox 1827 4658 2299 4716">
     <span class='ocr_line' id='line_1_101' title="bbox 1827 4658 2299 4716; baseline -0.006 -2"><span class='ocrx_word' id='word_1_780' title='bbox 1827 4660 1974 4716; x_wconf 72' lang='lat' dir='ltr'><strong><em>bona:</em></strong></span> <span class='ocrx_word' id='word_1_781' title='bbox 1999 4658 2299 4714; x_wconf 83' lang='lat' dir='ltr'><strong><em>voluntatis.</em></strong></span> 
     </span>
    </p>
   </div>
   <div class='ocr_carea' id='block_1_102' title="bbox 1896 4745 3395 4819">
    <p class='ocr_par' dir='ltr' id='par_1_102' title="bbox 1896 4745 3395 4819">
     <span class='ocr_line' id='line_1_102' title="bbox 1896 4745 3395 4819; baseline -0.005 -14"><span class='ocrx_word' id='word_1_782' title='bbox 1896 4753 2122 4819; x_wconf 88' lang='lat' dir='ltr'><strong><em>Quando</em></strong></span> <span class='ocrx_word' id='word_1_783' title='bbox 2156 4758 2303 4806; x_wconf 89' lang='lat' dir='ltr'><strong><em>stant</em></strong></span> <span class='ocrx_word' id='word_1_784' title='bbox 2341 4749 2449 4805; x_wconf 92' lang='lat' dir='ltr'><strong><em>duo</em></strong></span> <span class='ocrx_word' id='word_1_785' title='bbox 2491 4747 2812 4802; x_wconf 88' lang='lat' dir='ltr'><strong><em>altrinsecus</em></strong></span> <span class='ocrx_word' id='word_1_786' title='bbox 2856 4745 3029 4815; x_wconf 89' lang='lat' dir='ltr'><strong><em>parati</em></strong></span> <span class='ocrx_word' id='word_1_787' title='bbox 3059 4745 3125 4798; x_wconf 89' lang='lat' dir='ltr'><strong><em>ad</em></strong></span> <span class='ocrx_word' id='word_1_788' title='bbox 3156 4752 3395 4798; x_wconf 85' lang='lat' dir='ltr'><strong><em>mutuam</em></strong></span> 
     </span>
    </p>
   </div>
   <div class='ocr_carea' id='block_1_103' title="bbox 1826 4834 3398 4907">
    <p class='ocr_par' dir='ltr' id='par_1_103' title="bbox 1826 4834 3398 4907">
     <span class='ocr_line' id='line_1_103' title="bbox 1826 4834 3398 4907; baseline -0.01 -5"><span class='ocrx_word' id='word_1_789' title='bbox 1826 4846 2048 4907; x_wconf 64' lang='lat' dir='ltr'><strong><em>caedem,</em></strong></span> <span class='ocrx_word' id='word_1_790' title='bbox 2107 4857 2215 4897; x_wconf 90' lang='lat' dir='ltr'><strong><em>non</em></strong></span> <span class='ocrx_word' id='word_1_791' title='bbox 2259 4848 2345 4896; x_wconf 91' lang='lat' dir='ltr'><strong><em>est</em></strong></span> <span class='ocrx_word' id='word_1_792' title='bbox 2388 4840 2468 4896; x_wconf 91' lang='lat' dir='ltr'><strong><em>eis</em></strong></span> <span class='ocrx_word' id='word_1_793' title='bbox 2512 4840 2628 4894; x_wconf 81' lang='lat' dir='ltr'><strong><em>haec</em></strong></span> <span class='ocrx_word' id='word_1_794' title='bbox 2673 4839 2810 4893; x_wconf 90' lang='lat' dir='ltr'><strong><em>bona</em></strong></span> <span class='ocrx_word' id='word_1_795' title='bbox 2854 4835 3128 4900; x_wconf 84' lang='lat' dir='ltr'><strong><em>voluntas;</em></strong></span> <span class='ocrx_word' id='word_1_796' title='bbox 3184 4844 3237 4888; x_wconf 91' lang='lat' dir='ltr'><strong><em>et</em></strong></span> <span class='ocrx_word' id='word_1_797' title='bbox 3278 4834 3398 4888; x_wconf 90' lang='lat' dir='ltr'><strong><em>idco</em></strong></span> 
     </span>
    </p>
   </div>
   <div class='ocr_carea' id='block_1_104' title="bbox 1827 4923 3400 5009">
    <p class='ocr_par' dir='ltr' id='par_1_104' title="bbox 1827 4923 3400 5009">
     <span class='ocr_line' id='line_1_104' title="bbox 1827 4923 3400 5009; baseline -0.01 -16"><span class='ocrx_word' id='word_1_798' title='bbox 1827 4936 2003 5009; x_wconf 85' lang='lat' dir='ltr'><strong><em>angeli</em></strong></span> <span class='ocrx_word' id='word_1_799' title='bbox 2052 4935 2200 5004; x_wconf 87' lang='lat' dir='ltr'><strong><em>pacis</em></strong></span> <span class='ocrx_word' id='word_1_800' title='bbox 2245 4947 2351 4987; x_wconf 92' lang='lat' dir='ltr'><strong><em>non</em></strong></span> <span class='ocrx_word' id='word_1_801' title='bbox 2391 4930 2585 4986; x_wconf 90' lang='lat' dir='ltr'><strong><em>adsunt</em></strong></span> <span class='ocrx_word' id='word_1_802' title='bbox 2628 4928 2734 4982; x_wconf 90' lang='lat' dir='ltr'><strong><em>illis</em></strong></span> <span class='ocrx_word' id='word_1_803' title='bbox 2781 4936 2980 4981; x_wconf 72' lang='lat' dir='ltr'><strong><em>atterna</em></strong></span> <span class='ocrx_word' id='word_1_804' title='bbox 3025 4925 3216 4995; x_wconf 88' lang='lat' dir='ltr'><strong><em>gaudia</em></strong></span> <span class='ocrx_word' id='word_1_805' title='bbox 3262 4923 3400 4978; x_wconf 60' lang='lat' dir='ltr'><strong><em>oﬁ&#39;e.</em></strong></span> 
     </span>
    </p>
   </div>
   <div class='ocr_carea' id='block_1_105' title="bbox 1828 5035 3396 5184">
    <p class='ocr_par' dir='ltr' id='par_1_105' title="bbox 1828 5035 3396 5184">
     <span class='ocr_line' id='line_1_105' title="bbox 1828 5035 3396 5184; baseline -0.006 -15"><span class='ocrx_word' id='word_1_806' title='bbox 1828 5035 2026 5170; x_wconf 54' lang='grc' dir='ltr'><strong><em>Μὶξέ</em></strong></span> <span class='ocrx_word' id='word_1_807' title='bbox 2043 5113 2210 5168; x_wconf 84' lang='lat' dir='ltr'><strong><em>multa</em></strong></span> <span class='ocrx_word' id='word_1_808' title='bbox 2234 5111 2566 5184; x_wconf 87' lang='lat' dir='ltr'><strong><em>diligentibus</em></strong></span> <span class='ocrx_word' id='word_1_809' title='bbox 2601 5110 2761 5181; x_wconf 89' lang='lat' dir='ltr'><strong><em>legem</em></strong></span> <span class='ocrx_word' id='word_1_810' title='bbox 2799 5119 2961 5175; x_wconf 86' lang='lat' dir='ltr'><strong><em>tuam,</em></strong></span> <span class='ocrx_word' id='word_1_811' title='bbox 2991 5117 3036 5162; x_wconf 90' lang='lat' dir='ltr'><strong><em>et</em></strong></span> <span class='ocrx_word' id='word_1_812' title='bbox 3068 5123 3171 5161; x_wconf 89' lang='lat' dir='ltr'><strong><em>non</em></strong></span> <span class='ocrx_word' id='word_1_813' title='bbox 3195 5115 3268 5159; x_wconf 83' lang='lat' dir='ltr'><strong><em>est</em></strong></span> <span class='ocrx_word' id='word_1_814' title='bbox 3293 5106 3396 5160; x_wconf 79' lang='lat' dir='ltr'><strong><em>illis</em></strong></span> 
     </span>
    </p>
   </div>
   <div class='ocr_carea' id='block_1_106' title="bbox 1830 5207 2159 5266">
    <p class='ocr_par' dir='ltr' id='par_1_106' title="bbox 1830 5207 2159 5266">
     <span class='ocr_line' id='line_1_106' title="bbox 1830 5207 2159 5266; baseline -0.021 0"><span class='ocrx_word' id='word_1_815' title='bbox 1830 5207 2159 5266; x_wconf 85' lang='lat' dir='ltr'><strong><em>scandalum.</em></strong></span> 
     </span>
    </p>
   </div>
   <div class='ocr_carea' id='block_1_107' title="bbox 1482 5319 2033 5382">
    <p class='ocr_par' dir='ltr' id='par_1_107' title="bbox 1482 5319 2033 5382">
     <span class='ocr_line' id='line_1_107' title="bbox 1482 5319 2033 5382; baseline -0.016 -2"><span class='ocrx_word' id='word_1_816' title='bbox 1482 5325 1762 5382; x_wconf 80' lang='lat' dir='ltr'><strong>BALUZII</strong></span> <span class='ocrx_word' id='word_1_817' title='bbox 1799 5319 2033 5378; x_wconf 61' lang='grc' dir='ltr'><strong><em>ΝΟΤᾸΕ.</em></strong></span> 
     </span>
    </p>
   </div>
   <div class='ocr_carea' id='block_1_108' title="bbox 204 5418 1724 5490">
    <p class='ocr_par' dir='ltr' id='par_1_108' title="bbox 204 5418 1724 5490">
     <span class='ocr_line' id='line_1_108' title="bbox 204 5418 1724 5490; baseline -0.003 -13"><span class='ocrx_word' id='word_1_818' title='bbox 204 5437 228 5465; x_wconf 77' lang='grc' dir='ltr'>ι</span> <span class='ocrx_word' id='word_1_819' title='bbox 270 5423 565 5478; x_wconf 72' lang='grc' dir='ltr'><strong><em>Ηιενειίσυε</em></strong></span> <span class='ocrx_word' id='word_1_820' title='bbox 591 5420 967 5475; x_wconf 84' lang='lat' dir='ltr'><strong><em>Gundobadus.</em></strong></span> <span class='ocrx_word' id='word_1_821' title='bbox 1003 5421 1135 5476; x_wconf 78' lang='lat' dir='ltr'><strong><em>Vide</em></strong></span> <span class='ocrx_word' id='word_1_822' title='bbox 1166 5435 1327 5490; x_wconf 88' lang='lat' dir='ltr'><strong><em>supra</em></strong></span> <span class='ocrx_word' id='word_1_823' title='bbox 1370 5419 1423 5472; x_wconf 87' lang='lat' dir='ltr'><strong><em>in</em></strong></span> <span class='ocrx_word' id='word_1_824' title='bbox 1459 5418 1596 5472; x_wconf 90' lang='lat' dir='ltr'><strong><em>libro</em></strong></span> <span class='ocrx_word' id='word_1_825' title='bbox 1625 5419 1724 5473; x_wconf 86' lang='lat' dir='ltr'><strong><em>ad-</em></strong></span> 
     </span>
    </p>
   </div>
   <div class='ocr_carea' id='block_1_109' title="bbox 137 5490 1135 5562">
    <p class='ocr_par' dir='ltr' id='par_1_109' title="bbox 137 5490 1135 5562">
     <span class='ocr_line' id='line_1_109' title="bbox 137 5490 1135 5562; baseline -0.005 -16"><span class='ocrx_word' id='word_1_826' title='bbox 137 5509 324 5562; x_wconf 86' lang='lat' dir='ltr'><strong><em>versus</em></strong></span> <span class='ocrx_word' id='word_1_827' title='bbox 355 5493 529 5562; x_wconf 83' lang='lat' dir='ltr'><strong><em>legem</em></strong></span> <span class='ocrx_word' id='word_1_828' title='bbox 559 5490 871 5547; x_wconf 79' lang='lat' dir='ltr'><strong><em>Gundebadi</em></strong></span> <span class='ocrx_word' id='word_1_829' title='bbox 899 5505 1017 5562; x_wconf 90' lang='lat' dir='ltr'><strong><em>cap.</em></strong></span> <span class='ocrx_word' id='word_1_830' title='bbox 1050 5490 1135 5562; x_wconf 71' lang='lat' dir='ltr'><strong><em>l§.</em></strong></span> 
     </span>
    </p>
   </div>
   <div class='ocr_carea' id='block_1_110' title="bbox 207 5557 1725 5616">
    <p class='ocr_par' dir='ltr' id='par_1_110' title="bbox 207 5557 1725 5616">
     <span class='ocr_line' id='line_1_110' title="bbox 207 5557 1725 5616; baseline -0.002 -2"><span class='ocrx_word' id='word_1_831' title='bbox 207 5564 233 5603; x_wconf 70' lang='grc' dir='ltr'>ιι</span> <span class='ocrx_word' id='word_1_832' title='bbox 275 5557 550 5616; x_wconf 78' lang='grc' dir='ltr'><strong><em>Ροηὶηάιε</em></strong></span> <span class='ocrx_word' id='word_1_833' title='bbox 585 5570 707 5615; x_wconf 88' lang='lat' dir='ltr'><strong><em>sunt</em></strong></span> <span class='ocrx_word' id='word_1_834' title='bbox 745 5557 1030 5613; x_wconf 71' lang='lat' dir='ltr'><strong><em>sententiae.</em></strong></span> <span class='ocrx_word' id='word_1_835' title='bbox 1075 5558 1170 5613; x_wconf 74' lang='lat' dir='ltr'><strong><em>Vel</em></strong></span> <span class='ocrx_word' id='word_1_836' title='bbox 1215 5558 1406 5612; x_wconf 90' lang='lat' dir='ltr'><strong><em>unicus</em></strong></span> <span class='ocrx_word' id='word_1_837' title='bbox 1444 5557 1534 5611; x_wconf 88' lang='lat' dir='ltr'><strong><em>hic</em></strong></span> <span class='ocrx_word' id='word_1_838' title='bbox 1576 5557 1725 5611; x_wconf 86' lang='lat' dir='ltr'><strong><em>locus</em></strong></span> 
     </span>
    </p>
   </div>
   <div class='ocr_carea' id='block_1_111' title="bbox 137 5627 1724 5698">
    <p class='ocr_par' dir='ltr' id='par_1_111' title="bbox 137 5627 1724 5698">
     <span class='ocr_line' id='line_1_111' title="bbox 137 5627 1724 5698; baseline -0.004 -13"><span class='ocrx_word' id='word_1_839' title='bbox 137 5633 372 5689; x_wconf 89' lang='lat' dir='ltr'><strong><em>ostendit</em></strong></span> <span class='ocrx_word' id='word_1_840' title='bbox 410 5630 711 5686; x_wconf 87' lang='lat' dir='ltr'><strong><em>sententias</em></strong></span> <span class='ocrx_word' id='word_1_841' title='bbox 733 5636 1177 5698; x_wconf 76' lang='lat' dir='ltr'><strong><em>quaesequuntur</em></strong></span> <span class='ocrx_word' id='word_1_842' title='bbox 1202 5642 1316 5698; x_wconf 18' lang='lat' dir='ltr'><strong><em>non,</em></strong></span> <span class='ocrx_word' id='word_1_843' title='bbox 1332 5641 1454 5698; x_wconf 82' lang='lat' dir='ltr'><strong><em>esse</em></strong></span> <span class='ocrx_word' id='word_1_844' title='bbox 1483 5627 1724 5698; x_wconf 46' lang='lat' dir='ltr'><strong><em>dividenf</em></strong></span> 
     </span>
    </p>
   </div>
   <div class='ocr_carea' id='block_1_112' title="bbox 142 5696 1720 5769">
    <p class='ocr_par' dir='ltr' id='par_1_112' title="bbox 142 5696 1720 5769">
     <span class='ocr_line' id='line_1_112' title="bbox 142 5696 1720 5769; baseline -0.004 -15"><span class='ocrx_word' id='word_1_845' title='bbox 142 5703 232 5756; x_wconf 87' lang='lat' dir='ltr'><strong><em>das</em></strong></span> <span class='ocrx_word' id='word_1_846' title='bbox 271 5702 338 5755; x_wconf 91' lang='lat' dir='ltr'><strong><em>ab</em></strong></span> <span class='ocrx_word' id='word_1_847' title='bbox 377 5701 482 5756; x_wconf 88' lang='lat' dir='ltr'><strong><em>hoc</em></strong></span> <span class='ocrx_word' id='word_1_848' title='bbox 522 5700 660 5754; x_wconf 89' lang='lat' dir='ltr'><strong><em>libro</em></strong></span> <span class='ocrx_word' id='word_1_849' title='bbox 689 5717 702 5752; x_wconf 89' lang='lat'>:</span> <span class='ocrx_word' id='word_1_850' title='bbox 734 5696 889 5769; x_wconf 70' lang='lat' dir='ltr'><strong><em>quod</em></strong></span> <span class='ocrx_word' id='word_1_851' title='bbox 920 5696 1107 5769; x_wconf 76' lang='lat' dir='ltr'><strong><em>tamen</em></strong></span> <span class='ocrx_word' id='word_1_852' title='bbox 1133 5696 1258 5769; x_wconf 82' lang='lat' dir='ltr'><strong><em>fecit</em></strong></span> <span class='ocrx_word' id='word_1_853' title='bbox 1299 5696 1598 5769; x_wconf 62' lang='lat' dir='ltr'><strong><em>blassonus,</em></strong></span> <span class='ocrx_word' id='word_1_854' title='bbox 1629 5696 1720 5764; x_wconf 90' lang='lat' dir='ltr'><strong><em>qui</em></strong></span> 
     </span>
    </p>
   </div>
   <div class='ocr_carea' id='block_1_113' title="bbox 143 5762 1720 5835">
    <p class='ocr_par' dir='ltr' id='par_1_113' title="bbox 143 5762 1720 5835">
     <span class='ocr_line' id='line_1_113' title="bbox 143 5762 1720 5835; baseline -0.003 -12"><span class='ocrx_word' id='word_1_855' title='bbox 143 5771 279 5826; x_wconf 76' lang='lat' dir='ltr'><strong><em>hunc</em></strong></span> <span class='ocrx_word' id='word_1_856' title='bbox 317 5771 537 5825; x_wconf 89' lang='lat' dir='ltr'><strong><em>titulum</em></strong></span> <span class='ocrx_word' id='word_1_857' title='bbox 569 5769 635 5824; x_wconf 89' lang='lat' dir='ltr'><strong><em>de</em></strong></span> <span class='ocrx_word' id='word_1_858' title='bbox 673 5762 770 5822; x_wconf 77' lang='lat' dir='ltr'><strong><em>suo</em></strong></span> <span class='ocrx_word' id='word_1_859' title='bbox 808 5762 1043 5835; x_wconf 86' lang='lat' dir='ltr'><strong><em>adjecit:</em></strong></span> <span class='ocrx_word' id='word_1_860' title='bbox 1076 5765 1340 5835; x_wconf 80' lang='lat' dir='ltr'><strong><em>Agobardi</em></strong></span> <span class='ocrx_word' id='word_1_861' title='bbox 1376 5762 1720 5834; x_wconf 72' lang='lat' dir='ltr'><strong><em>expositiones</em></strong></span> 
     </span>
    </p>
   </div>
   <div class='ocr_carea' id='block_1_114' title="bbox 1827 5397 3396 5480">
    <p class='ocr_par' dir='ltr' id='par_1_114' title="bbox 1827 5397 3396 5480">
     <span class='ocr_line' id='line_1_114' title="bbox 1827 5397 3396 5480; baseline -0.01 -12"><span class='ocrx_word' id='word_1_862' title='bbox 1827 5417 1945 5469; x_wconf 77' lang='lat' dir='ltr'><strong><em>hinc</em></strong></span> <span class='ocrx_word' id='word_1_863' title='bbox 1974 5423 2020 5466; x_wconf 87' lang='lat' dir='ltr'><strong><em>et</em></strong></span> <span class='ocrx_word' id='word_1_864' title='bbox 2057 5412 2200 5465; x_wconf 87' lang='lat' dir='ltr'><strong><em>illinc</em></strong></span> <span class='ocrx_word' id='word_1_865' title='bbox 2226 5426 2253 5464; x_wconf 89' lang='lat' dir='ltr'><strong><em>e</em></strong></span> <span class='ocrx_word' id='word_1_866' title='bbox 2280 5408 2568 5480; x_wconf 68' lang='lat' dir='ltr'><strong><em>Scriptura,</em></strong></span> <span class='ocrx_word' id='word_1_867' title='bbox 2599 5407 2663 5458; x_wconf 89' lang='lat' dir='ltr'><strong><em>de</em></strong></span> <span class='ocrx_word' id='word_1_868' title='bbox 2691 5421 2837 5480; x_wconf 80' lang='lat' dir='ltr'><strong><em>pace,</em></strong></span> <span class='ocrx_word' id='word_1_869' title='bbox 2856 5403 2926 5480; x_wconf 81' lang='lat' dir='ltr'><strong><em>de</em></strong></span> <span class='ocrx_word' id='word_1_870' title='bbox 2951 5397 3196 5480; x_wconf 64' lang='lat' dir='ltr'><strong><em>sedandis</em></strong></span> <span class='ocrx_word' id='word_1_871' title='bbox 3224 5397 3396 5480; x_wconf 76' lang='lat' dir='ltr'><strong><em>cordis</em></strong></span> 
     </span>
    </p>
   </div>
   <div class='ocr_carea' id='block_1_115' title="bbox 1827 5467 3397 5553">
    <p class='ocr_par' dir='ltr' id='par_1_115' title="bbox 1827 5467 3397 5553">
     <span class='ocr_line' id='line_1_115' title="bbox 1827 5467 3397 5553; baseline -0.013 -15"><span class='ocrx_word' id='word_1_872' title='bbox 1827 5467 2120 5553; x_wconf 72' lang='lat' dir='ltr'><strong><em>affectibus,</em></strong></span> <span class='ocrx_word' id='word_1_873' title='bbox 2164 5489 2210 5537; x_wconf 90' lang='lat' dir='ltr'><strong><em>et</em></strong></span> <span class='ocrx_word' id='word_1_874' title='bbox 2238 5467 2481 5553; x_wconf 63' lang='lat' dir='ltr'><strong><em>apprime</em></strong></span> <span class='ocrx_word' id='word_1_875' title='bbox 2520 5467 2725 5553; x_wconf 70' lang='lat' dir='ltr'><strong><em>delata</em></strong></span> <span class='ocrx_word' id='word_1_876' title='bbox 2763 5473 2930 5553; x_wconf 63' lang='lat' dir='ltr'><strong><em>ethice</em></strong></span> <span class='ocrx_word' id='word_1_877' title='bbox 2968 5468 3289 5553; x_wconf 61' lang='lat' dir='ltr'><strong><em>Christique,</em></strong></span> 
     </span>
    </p>
   </div>
   <div class='ocr_carea' id='block_1_116' title="bbox 1826 5534 3397 5614">
    <p class='ocr_par' dir='ltr' id='par_1_116' title="bbox 1826 5534 3397 5614">
     <span class='ocr_line' id='line_1_116' title="bbox 1826 5534 3397 5614; baseline -0.012 -8"><span class='ocrx_word' id='word_1_878' title='bbox 1826 5534 2184 5612; x_wconf 41' lang='lat' dir='ltr'><strong><em>dntichrist’o,</em></strong></span> <span class='ocrx_word' id='word_1_879' title='bbox 2214 5534 2293 5600; x_wconf 46' lang='lat' dir='ltr'><strong><em>de.</em></strong></span> <span class='ocrx_word' id='word_1_880' title='bbox 2317 5534 2523 5614; x_wconf 74' lang='lat' dir='ltr'><strong><em>inferis,</em></strong></span> <span class='ocrx_word' id='word_1_881' title='bbox 2567 5545 2630 5598; x_wconf 91' lang='lat' dir='ltr'><strong><em>de</em></strong></span> <span class='ocrx_word' id='word_1_882' title='bbox 2671 5537 3126 5614; x_wconf 77' lang='lat' dir='ltr'><strong><em>persecutionibus.</em></strong></span> <span class='ocrx_word' id='word_1_883' title='bbox 3167 5534 3302 5589; x_wconf 82' lang='lat' dir='ltr'><strong><em>Nam</em></strong></span> <span class='ocrx_word' id='word_1_884' title='bbox 3343 5537 3397 5587; x_wconf 76' lang='lat' dir='ltr'><strong><em>in</em></strong></span> 
     </span>
    </p>
   </div>
   <div class='ocr_carea' id='block_1_117' title="bbox 1825 5610 3392 5687">
    <p class='ocr_par' dir='ltr' id='par_1_117' title="bbox 1825 5610 3392 5687">
     <span class='ocr_line' id='line_1_117' title="bbox 1825 5610 3392 5687; baseline -0.011 -10"><span class='ocrx_word' id='word_1_885' title='bbox 1825 5623 2010 5677; x_wconf 90' lang='lat' dir='ltr'><strong><em>codice</em></strong></span> <span class='ocrx_word' id='word_1_886' title='bbox 2040 5610 2204 5673; x_wconf 82' lang='lat' dir='ltr'><strong><em>veteri</em></strong></span> <span class='ocrx_word' id='word_1_887' title='bbox 2236 5610 2595 5687; x_wconf 62' lang='lat' dir='ltr'><strong><em>nihil&#39;legitur</em></strong></span> <span class='ocrx_word' id='word_1_888' title='bbox 2622 5610 2939 5687; x_wconf 79' lang='lat' dir='ltr'><strong><em>istiusmodi,</em></strong></span> <span class='ocrx_word' id='word_1_889' title='bbox 2972 5622 3072 5661; x_wconf 91' lang='lat' dir='ltr'><strong><em>nec</em></strong></span> <span class='ocrx_word' id='word_1_890' title='bbox 3097 5620 3233 5687; x_wconf 78' lang='lat' dir='ltr'><strong><em>opus</em></strong></span> <span class='ocrx_word' id='word_1_891' title='bbox 3257 5615 3392 5687; x_wconf 72' lang='lat' dir='ltr'><strong><em>erat.</em></strong></span> 
     </span>
    </p>
   </div>
   <div class='ocr_carea' id='block_1_118' title="bbox 1825 5674 3392 5758">
    <p class='ocr_par' dir='ltr' id='par_1_118' title="bbox 1825 5674 3392 5758">
     <span class='ocr_line' id='line_1_118' title="bbox 1825 5674 3392 5758; baseline -0.013 -12"><span class='ocrx_word' id='word_1_892' title='bbox 1825 5674 1934 5746; x_wconf 45' lang='lat' dir='ltr'><strong><em>ubi</em></strong></span> <span class='ocrx_word' id='word_1_893' title='bbox 1965 5674 2149 5742; x_wconf 76' lang='lat' dir='ltr'><strong><em>tamen</em></strong></span> <span class='ocrx_word' id='word_1_894' title='bbox 2181 5695 2241 5741; x_wconf 92' lang='lat' dir='ltr'><strong><em>ut</em></strong></span> <span class='ocrx_word' id='word_1_895' title='bbox 2268 5685 2405 5758; x_wconf 81' lang='lat' dir='ltr'><strong><em>viam</em></strong></span> <span class='ocrx_word' id='word_1_896' title='bbox 2446 5674 2636 5758; x_wconf 51' lang='lat' dir='ltr'><strong><em>lectori</em></strong></span> <span class='ocrx_word' id='word_1_897' title='bbox 2661 5680 3142 5758; x_wconf 77' lang='lat' dir='ltr'><strong><em>complanaremus,</em></strong></span> <span class='ocrx_word' id='word_1_898' title='bbox 3185 5675 3274 5728; x_wconf 86' lang='lat' dir='ltr'><strong><em>hic</em></strong></span> <span class='ocrx_word' id='word_1_899' title='bbox 3310 5674 3392 5727; x_wconf 51' lang='lat' dir='ltr'><strong><em>ad.</em></strong></span> 
     </span>
    </p>
   </div>
   <div class='ocr_carea' id='block_1_119' title="bbox 1825 5753 3061 5821">
    <p class='ocr_par' dir='ltr' id='par_1_119' title="bbox 1825 5753 3061 5821">
     <span class='ocr_line' id='line_1_119' title="bbox 1825 5753 3061 5821; baseline -0.015 -4"><span class='ocrx_word' id='word_1_900' title='bbox 1825 5763 2058 5817; x_wconf 85' lang='lat' dir='ltr'><strong><em>didimus</em></strong></span> <span class='ocrx_word' id='word_1_901' title='bbox 2084 5759 2197 5811; x_wconf 75' lang='lat' dir='ltr'><strong><em>lucc</em></strong></span> <span class='ocrx_word' id='word_1_902' title='bbox 2225 5757 2402 5819; x_wconf 76' lang='lat' dir='ltr'><strong><em>verba,</em></strong></span> <span class='ocrx_word' id='word_1_903' title='bbox 2437 5753 2735 5821; x_wconf 84' lang='lat' dir='ltr'><strong><em>Sequuntur</em></strong></span> <span class='ocrx_word' id='word_1_904' title='bbox 2764 5753 3061 5804; x_wconf 69' lang='lat' dir='ltr'><strong><em>Sententiae.</em></strong></span> 
     </span>
    </p>
   </div>
  </div>
