3930 6320
433 357 541 419 255

1410 356 1469 411 S.
1509 354 1862 414 AGOBARDI
1899 349 2212 410 EPISCOPI
2241 351 2733 414 LUGDUNENSIS

3615 359 3721 416 236

504 474 550 528 A
572 471 768 543 quibus
788 486 892 542 pax
923 470 1093 528 multa
1117 470 1433 527 scandalum
1463 487 1572 527 non
1606 471 1866 538 excludit,
1898 483 2026 527 nec-
2052 467 2104 526 Α
2129 473 2186 518 ut
2212 466 2411 536 faciant
2442 468 2582 522 vobis
2609 469 2866 536 homines,
2916 478 2965 525 et
3014 487 3104 526 vas
3146 471 3307 540 facite
3338 471 3432 526 eis.
3468 471 3599 527 Ua'c
3647 483 3722 528 est

435 563 563 622 dum
598 563 802 620 habent
824 562 1212 634 plenitudinem
1247 561 1405 634 legis,
1433 577 1554 634 quae
1578 562 1816 618 charitas
1847 570 1952 618 est.

505 655 659 711 Beati
679 656 854 720 mites,
876 653 1125 725 quoniam
1153 653 1254 724 ipsi
1277 652 1610 723 possidebunt
1629 663 1843 706 terram.

502 747 757 804 Forsitan
784 745 982 802 dicturi
1003 751 1145 800 sunt
1166 743 1511 808 contentiosi,
1544 743 1612 797 ad
1642 743 2028 812 possidendam

435 847 638 895 terram
671 837 967 893 viventium
993 835 1463 891 mansuetudinem
1484 849 1603 890 esse
1625 834 2024 900 necessariam;

436 928 504 984 ad
543 927 934 984 defendendam
972 934 1153 981 autem
1194 933 1398 980 terram
1429 925 1798 990 morientium,
1833 923 2030 979 frater-

432 1036 560 1076 nam
593 1017 1065 1090 congressionem?
1093 1014 1198 1072 Sed
1235 1015 1457 1070 audiant
1489 1013 1808 1085 Apostolum
1841 1015 2028 1069 dicen-

435 1121 546 1167 tem
575 1128 588 1164 ε
621 1109 734 1163 Nos
761 1106 920 1162 talem
963 1107 1388 1162 consuetudinem
1430 1122 1534 1159 non
1558 1105 1830 1170 habemus,
1867 1119 2030 1173 neque

435 1199 687 1256 Ecclesia:
717 1196 935 1254 Christi.

505 1289 657 1346 Beati
712 1288 1114 1356 misericordes,
1164 1291 1416 1360 quoniam
1465 1289 1564 1359 ipsi
1612 1288 2029 1343 misericordiam

434 1390 832 1453 consequentur.
856 1379 1010 1434 Beati
1032 1379 1263 1450 paciﬁci,
1308 1378 1558 1450 quoniam
1601 1377 1701 1448 ﬁlii
1740 1377 1836 1430 Dei
1879 1395 2031 1432 voca-

436 1473 655 1528 buntur.

506 1566 624 1620 Non
651 1563 877 1620 offertur
900 1570 1100 1617 aeterna
1121 1561 1497 1616 misericordia
1524 1569 1578 1614 et
1598 1562 1774 1613 honor
1797 1558 2033 1613 fil'rorum

435 1659 532 1715 Dei
565 1653 1106 1720 immisericordibus,
1130 1663 1186 1708 et
1212 1667 1400 1724 pacem
1431 1650 1911 1716 disrumpentibus,
1937 1649 2036 1705 sed

437 1749 786 1805 facientibus.

2125 556 2267 610 enim
2292 555 2378 610 lea:
2403 565 2452 610 et
2477 558 2760 628 prophetae.

2201 644 2358 700 Nullo
2391 647 2551 701 modo
2588 649 2711 717 quis
2755 658 2934 720 potest
2962 651 3106 707 illius
3132 650 3228 707 Dei
3262 668 3404 718 esse,
3453 653 3560 709 nisi
3610 653 3727 709 imi-

2131 740 2295 790 tetur.
2346 737 2448 802 Qui
2495 751 2625 807 ergo
2672 753 2780 793 non
2826 739 3107 806 imitando,
3160 757 3191 795 a
3246 750 3397 797 tanta
3444 743 3728 800 nobilitate

2131 826 2457 899 degenerat,
2497 845 2606 884 non
2640 833 2908 886 veraciter
2941 833 3039 889 sed
3082 832 3219 889 falso
3245 835 3416 890 dicit:
3449 835 3614 889 Pater
3636 851 3730 890 na-

2129 926 2255 983 ster,
2296 920 2386 989 qui
2412 936 2466 973 es
2494 915 2758 976 in’cmlis.
2792 922 2860 976 Et
2893 923 3014 978 ideo
3071 940 3180 980 non
3229 933 3438 980 tantum
3497 926 3730 982 crudeli-

2133 1015 2265 1074 tate,
2309 1010 2404 1064 sed
2445 1018 2500 1064 et
2544 1009 2781 1066 falsitate
2816 1013 3125 1068 damnatur.
3171 1013 3364 1071 Sinon
3404 1017 3731 1074 intrabimus

2133 1098 2186 1152 in
2234 1114 2459 1169 regnum
2505 1101 2790 1168 caelorum,
2833 1104 2938 1158 nisi
2985 1105 3345 1162 abundaverit
3377 1105 3595 1176 justitia
3642 1124 3734 1164 no-

2131 1195 2245 1242 stra
2281 1189 2567 1261 plusquam
2615 1190 2930 1247 Scribarum
2959 1201 3014 1248 et
3042 1194 3483 1251 Pharisaeorum:
3525 1206 3733 1268 quanto

2133 1279 2306 1350 magis
2344 1280 2449 1334 nisi
2484 1281 2841 1337 abundaverit
2886 1283 3173 1355 plusquam
3219 1286 3636 1358 publicanorum
3680 1298 3734 1346 et

2132 1372 2509 1427 ethnicorum?

2205 1461 2305 1528 Qui
2356 1461 2746 1532 perfectionem
2806 1475 3158 1534 remunerat,
3217 1469 3352 1523 nihil
3396 1473 3735 1542 carruptioni

2134 1554 2241 1608 nisi
2297 1554 2697 1610 damnationem
2738 1567 3020 1612 reservat.
3066 1557 3395 1627 Considera,
3444 1577 3476 1616 ο
3523 1572 3738 1618 amator

2135 1660 2318 1699 rerum
2354 1645 2744 1715 periturarum,
2795 1656 2850 1703 et
2894 1649 3172 1721 neglector
3227 1652 3326 1716 tui,
3367 1653 3492 1722 quia
3543 1653 3635 1708 alii
3682 1654 3737 1708 in

2135 1746 2190 1791 te
2215 1738 2463 1807 peccanti
2489 1746 2646 1807 potes
2689 1740 2998 1807 dimittere,
3040 1743 3359 1813 tibimetipsi
3401 1761 3509 1800 non
3558 1753 3735 1816 potes.

507 1839 743 1894 Audistis
791 1839 917 1909 quia
959 1837 1160 1890 dictum
1199 1844 1272 1890 est
1322 1835 1552 1907 antiquis
1590 1851 1606 1888 :
1647 1833 1771 1888 Non
1810 1835 2031 1889 occides.
2063 1837 2111 1897 B
2139 1829 2208 1883 Et
2260 1830 2386 1899 quia
2433 1832 2500 1885 ad
2545 1838 2658 1885 tam
2702 1848 2865 1904 grave
2904 1833 3106 1888 malum
3157 1834 3363 1889 nullum
3418 1837 3596 1908 majus
3655 1855 3741 1895 re-

439 1931 543 1997 Qui
571 1940 746 1984 autem
767 1926 1035 1992 acciderit,
1056 1942 1174 1980 reus
1200 1925 1297 1979 erit
1319 1924 1547 1995 judicio.
1579 1924 1690 1996 Ego
1715 1934 1889 1978 autem
1915 1925 2034 1978 dico

439 2021 601 2086 vobis,
634 2022 759 2093 quia
793 2020 960 2074 omnis
990 2018 1081 2090 qui
1127 2018 1376 2071 irascitur
1430 2015 1586 2087 fratri
1619 2032 1735 2082 suo,
1773 2032 1893 2069 reus
1937 2017 2035 2070 erit

431 2114 659 2186 judicia.
693 2112 796 2178 Qui
832 2121 1007 2166 autem
1028 2110 1219 2163 dixerit
1245 2109 1400 2179 fratri
1429 2124 1522 2162 suo
1550 2108 1759 2173 Racba,
1794 2124 1915 2161 reus
1939 2108 2035 2162 erit

440 2204 665 2260 consilii.
715 2202 819 2270 Qui
859 2211 1034 2256 autem
1063 2201 1253 2255 dixerit
1281 2198 1476 2264 Fatue,
1507 2216 1627 2253 reus
1663 2199 1764 2276 erit
1788 2200 2036 2269 gehennae

436 2298 597 2369 ignis,
651 2306 756 2351 etc.
803 2294 1041 2348 Audistis
1077 2293 1203 2363 quia
1251 2291 1448 2345 dictum
1493 2299 1570 2344 est
1606 2304 1624 2342 .'
1668 2288 1893 2343 Oculum
1941 2306 2036 2359 pro

438 2387 609 2454 oculo,
642 2397 689 2442 et
710 2387 914 2441 dentem
943 2401 1038 2456 pro
1065 2384 1236 2438 dente.
1269 2381 1384 2452 Ego
1412 2389 1588 2435 autem
1616 2380 1734 2434 dico
1765 2379 1904 2434 vobis
1934 2396 2038 2433 non

438 2481 678 2536 resistere
715 2477 891 2543 malo;
935 2476 1024 2530 sed
1059 2475 1106 2529 si
1130 2473 1246 2545 quis
1289 2484 1338 2527 te
1375 2471 1688 2543 percusserit
1724 2471 1779 2524 in
1822 2471 2038 2524 dextera

439 2569 657 2626 maxilla
681 2577 792 2632 tua,
814 2565 985 2638 prtebe
1009 2565 1089 2618 illi
1120 2574 1168 2618 et
1189 2563 1430 2617 alteram.
1458 2562 1526 2615 Et
1545 2563 1591 2615 ei
1617 2563 1707 2632 qui
1729 2560 1838 2615 vult
1865 2571 2036 2615 tecum

434 2660 637 2732 judicia
667 2658 998 2722 contendere,
1024 2665 1072 2709 et
1108 2654 1339 2710 tunicam
1368 2663 1512 2708 tuam
1539 2651 1962 2718 tollere,dimitte
1992 2653 2040 2705 ei

442 2760 494 2807 et
522 2749 762 2822 pallium,
794 2751 846 2802 et
869 2747 1100 2816 reliqua.

511 2841 749 2909 Antiqua
783 2837 981 2913 populo
1016 2843 1349 2907 praeceptum
1380 2842 1439 2888 ut
1477 2850 1691 2905 quaiem
1724 2835 1847 2904 quis
1884 2834 2040 2889 alteri

441 2929 711 2986 maculam
743 2921 1052 2992 inflixisset,
1079 2926 1238 2996 talem
1280 2926 1550 2980 sustinere
1591 2923 2037 2993 compelleretur;

442 3038 584 3078 navo
631 3029 845 3085 autem,
893 3019 1100 3074 nullum
1151 3017 1354 3073 malum
1405 3016 1640 3083 inferre,
1695 3018 1789 3072 sed
1835 3016 2043 3071 illatum

441 3114 822 3185 mquanimiter
858 3112 1112 3167 tolerare.
1157 3110 1258 3177 Qui
1302 3125 1431 3181 ergo
1463 3126 1569 3164 non
1604 3109 1777 3164 solum
1810 3126 1918 3164 non
1955 3125 2043 3164 re-

2138 1922 2376 1977 medium
2403 1922 2698 1990 invenitur,
2731 1940 2894 1995 quam
2925 1933 2985 1980 ut
3025 1927 3268 1982 dimittas
3306 1943 3426 1998 qua:
3459 1940 3640 2000 potes,
3684 1941 3743 1988 ut

2138 2010 2484 2067 dimittantur
2520 2014 2614 2068 tibi
2643 2029 2764 2084 quae
2795 2017 3137 2073 committere
3173 2018 3341 2085 vales,
3395 2020 3581 2078 delere
3633 2038 3739 2079 non

2137 2109 2318 2172 potes.

2213 2193 2316 2259 Qui
2345 2206 2488 2250 amat
2518 2205 2722 2267 patrem
2751 2207 2842 2252 aut
2869 2209 3086 2254 matrem
3115 2201 3232 2271 plus
3275 2221 3433 2274 quam
3480 2222 3585 2270 me,
3637 2223 3740 2260 non

2139 2293 2214 2337 est
2266 2302 2348 2338 me
2382 2286 2606 2356 dignus;
2634 2299 2682 2341 et
2721 2289 2811 2359 qui
2860 2300 3003 2343 amat
3033 2291 3205 2359 ﬁlium
3251 2304 3342 2348 aut
3377 2295 3545 2362 ﬁliam
3585 2314 3743 2366 super

2142 2389 2242 2437 me,
2276 2391 2379 2428 non
2404 2387 2478 2429 est
2501 2394 2584 2432 me
2606 2378 2816 2448 dignus.

2215 2465 2270 2520 Si
2320 2467 2406 2522 ille
2459 2469 2550 2537 qui
2607 2479 2820 2538 patrem
2869 2480 3166 2528 matrenve
3219 2473 3338 2543 plus
3388 2486 3537 2530 amat
3578 2491 3743 2546 quam

2141 2558 2344 2623 Deum,
2385 2575 2493 2614 non
2539 2576 2604 2616 eo
2655 2570 2741 2616 est
2774 2562 2998 2632 dignus,
3046 2574 3249 2634 quanto
3278 2568 3450 2635 magis
3484 2577 3571 2622 est
3609 2569 3747 2624 indi-

2141 2665 2300 2719 gnus,
2328 2651 2375 2704 si
2406 2652 2528 2720 plus
2557 2653 2824 2708 amaverit
2855 2663 3056 2708 terram
3087 2655 3169 2709 vel
3211 2659 3472 2725 porcum?
3500 2659 3745 2729 Amplius

2141 2739 2289 2793 enim
2318 2740 2435 2794 haec
2461 2756 2645 2797 amare
2679 2742 3043 2807 convincitur,
3088 2745 3177 2813 qui
3208 2760 3307 2814 pro
3334 2747 3534 2802 talibus
3563 2750 3745 2803 chari-

2146 2835 2332 2894 tatem,
2363 2845 2483 2899 qua:
2512 2830 2656 2886 Deus
2684 2840 2786 2898 est,
2823 2831 3096 2890 offendere
3125 2851 3230 2889 non
3259 2845 3492 2892 veretur.

2214 2921 2378 2974 Amen
2434 2921 2551 2975 dico
2602 2923 2789 2977 vobis:
2825 2923 2945 2978 Nisi
2995 2927 3228 2979 conversi
3279 2927 3487 2994 fueritis
3539 2939 3589 2983 et
3642 2932 3748 3001 effi-

2144 3010 2361 3063 ciamini
2390 3010 2525 3063 sicut
2551 3008 2781 3080 parvuli,
2815 3028 2919 3065 non
2965 3013 3230 3067 intrabitis
3263 3015 3317 3067 in
3349 3033 3566 3086 regnum
3593 3019 3750 3073 caela-

2148 3114 2286 3150 rum.

444 3177 606 3270 sistit,
640 3200 735 3258 sed
769 3203 934 3257 etiam
960 3201 1181 3256 modum
1219 3177 1434 3254 talionis
1483 3199 1899 3270 supergrediens
1951 3215 2039 3254 ex-

2215 3187 2383 3257 Hujus
2410 3191 2665 3260 praecepti
2695 3191 3078 3263 negligentiam
3106 3194 3386 3249 cruciatus
3427 3197 3750 3254 irremedia—

444 3296 613 3361 cedit,
643 3310 744 3351 nec
792 3295 860 3350 ad
906 3294 1190 3364 antiquum
1235 3291 1490 3362 papulum
1527 3291 1780 3362 pertinet,
1827 3305 1930 3345 uec
1974 3291 2041 3344 ad

445 3403 665 3445 novum.
700 3386 847 3456 Quos
863 3384 1118 3455 iubemur
1144 3384 1388 3454 diligere,
1416 3397 1522 3437 non
1553 3382 1919 3452 permittimur
1950 3397 2044 3437 nor

447 3490 639 3535 centes
669 3478 886 3532 laedere.

519 3569 715 3624 Tribus
746 3567 920 3622 modis
963 3574 1239 3637 peccatur,
1285 3565 1636 3635 cogitatione,
1679 3564 1953 3621 locutione
1988 3574 2043 3619 et

448 3661 680 3714 actione.
708 3659 866 3714 Patet
893 3673 1024 3729 ergo
1050 3658 1104 3712 in
1134 3657 1460 3727 cogitatione
1496 3656 1735 3712 radicem
1777 3671 1900 3712 esse
1931 3673 2044 3712 ma-

450 3750 648 3816 iorum,
676 3748 886 3804 fructus
910 3758 1090 3804 autem
1119 3748 1172 3802 in
1201 3748 1530 3817 operatione.
1563 3748 1628 3801 Et
1649 3758 2044 3817 consequenter

453 3841 620 3895 veteri
670 3839 865 3910 populo
912 3838 1119 3893 fructus
1160 3838 1426 3893 malorum
1469 3847 1741 3905 vetantur,
1791 3841 1845 3893 in
1901 3856 2044 3895 novo

451 3947 580 3986 vero
602 3931 814 3986 radices
840 3933 1141 4001 exstirpare
1159 3930 1414 4001 jubemur
1441 3950 1452 3985 :
1487 3932 1715 4003 ideoque
1752 3934 1894 4002 apud
1924 3933 2045 3988 illos

452 4025 804 4081 homicidium
847 4025 901 4079 in
952 4034 1108 4080 reatu
1165 4031 1325 4090 erat;
1378 4026 1518 4093 apud
1574 4039 1674 4080 nos
1727 4036 1910 4080 autem
1963 4027 2044 4080 ira

450 4114 662 4170 occulta
708 4122 764 4169 et
807 4128 986 4170 sermo
1035 4111 1350 4180 iniuriosus.
1396 4113 1738 4184 Quapropter
1769 4117 1860 4184 qui
1888 4129 2043 4169 men-

456 4216 563 4263 tem
593 4222 700 4262 nan
741 4213 937 4277 purgat
977 4220 1009 4260 a
1059 4204 1263 4271 furore,
1303 4220 1405 4261 nec
1433 4221 1626 4262 manus
1673 4207 1970 4278 compescit
2014 4208 2080 4261 a'

453 4297 621 4362 easde,
651 4313 753 4351 nec
795 4311 919 4350 cum
955 4296 1193 4366 antiquis
1234 4295 1336 4367 legi
1388 4296 1635 4352 subditus
1664 4305 1767 4362 est,
1796 4312 1897 4352 nec
1923 4313 2046 4352 cum

453 4389 609 4444 novis
634 4387 959 4456 evangelicze
989 4386 1178 4454 gratiae
1205 4385 1452 4441 libertate
1483 4388 1734 4442 donatus.

2142 3280 2266 3335 bilis
2324 3290 2378 3336 et
2425 3281 2668 3337 infinitus
2720 3293 2994 3352 sequetur.
3058 3284 3222 3340 Porta
3290 3288 3443 3358 regni
3501 3291 3749 3348 caelestis

2143 3381 2369 3442 angusta
2398 3381 2516 3428 est:
2550 3389 2668 3443 quae
2692 3375 2948 3444 parvulos
2969 3377 3134 3445 capit,
3157 3377 3253 3432 sed
3280 3393 3535 3435 enormes
3562 3382 3753 3436 exclu—

2143 3466 2238 3519 dit.
2266 3466 2368 3532 Qui
2408 3482 2537 3536 ergo
2577 3475 2688 3522 stat
2724 3477 2950 3538 paratus
2970 3469 3038 3523 ad
3063 3469 3292 3535 caedem,
3319 3470 3446 3525 dum
3474 3487 3581 3527 non
3608 3474 3735 3528 sim-

2143 3556 2382 3626 plicitate
2416 3559 2762 3628 parvulorum
2789 3560 3033 3626 humilis,
3077 3561 3172 3616 sed
3214 3563 3466 3633 gigantea
3504 3573 3752 3620 ostenta-

2144 3649 2290 3704 tione
2311 3650 2425 3703 vult
2446 3651 2619 3704 videri
2650 3650 2929 3717 terribilis,
2961 3652 3027 3706 ab
3055 3650 3215 3721 hujus
3237 3653 3488 3724 ingressu
3514 3656 3746 3710 omnino

2145 3740 2406 3808 rejicitur.

2217 3834 2435 3889 Festina
2462 3834 2708 3903 implere,
2736 3834 2862 3889 dum
2891 3850 3087 3890 manus
3112 3844 3168 3891 et
3201 3837 3368 3907 pedes
3413 3836 3616 3892 solutos
3649 3838 3750 3891 ha-

2145 3925 2263 3990 bes,
2292 3925 2419 3994 quia
2457 3925 2682 3980 venient
2723 3924 2841 3980 dies
2880 3925 2946 3980 de
2994 3926 3191 3996 quibus
3237 3927 3428 3982 dices:
3464 3927 3588 3981 Non
3615 3927 3750 3981 mihi

2143 4017 2382 4088 placent;
2419 4018 2510 4072 ubi
2541 4016 2722 4087 ligatis
2749 4017 2978 4085 pedibus
3023 4025 3097 4096 et.
3124 4018 3376 4072 manibus
3424 4018 3665 4072 mitteris
3693 4019 3751 4072 in

2149 4112 2401 4165 tenebras
2443 4110 2763 4172 exteriores,
2820 4108 2872 4162 id
2925 4117 3026 4174 est,
3082 4109 3323 4179 fugiendi
3374 4108 3752 4179 operandique

2145 4203 2367 4257 licentia
2400 4203 2778 4256 subtrahetur.
2814 4261 2824 4270 δ

2218 4295 2462 4358 Domine,
2506 4294 2705 4364 quaties
2753 4293 3037 4363 peccaverit
3084 4294 3140 4346 in
3178 4310 3261 4346 me
3287 4293 3454 4363 frater
3493 4311 3663 4359 meus,
3697 4304 3746 4348 et

2147 4382 2407 4437 dimittam
2456 4385 2728 4456 ei?usque
2775 4383 3001 4453 septies?
3053 4382 3194 4436 Dicit
3244 4382 3322 4436 illi
3372 4383 3566 4438 Iesus:
3614 4385 3750 4441 Non

526 4477 906 4547 Audistis'quia
940 4476 1137 4530 dictum
1176 4486 1250 4531 est
1279 4493 1297 4530 :
1330 4477 1526 4548 Diliges
1552 4480 1846 4549 proximum
1870 4489 2041 4544 tuum,
2069 4523 2124 4584 Β
2148 4475 2265 4529 dico
2295 4474 2388 4528 tibi
2417 4492 2579 4546 usque
2607 4475 2815 4545 septies,
2838 4473 2927 4528 sed
2957 4490 3118 4543 usque
3141 4474 3434 4544 septuagies
3462 4476 3671 4544 septies.

457 4581 504 4626 et
530 4571 673 4625 adies
699 4570 969 4623 inimicum
1008 4577 1176 4622 tuum.
1221 4566 1333 4639 Ego
1363 4580 1538 4624 autem
1562 4571 1678 4625 dico
1703 4571 1843 4626 vobis
1867 4585 1883 4623 :
1910 4572 2047 4629 Dili-

453 4663 558 4735 gite
585 4661 826 4715 inimicas
857 4669 1070 4723 vestias,
1095 4659 1380 4728 benefacite
1405 4660 1486 4713 his
1510 4661 1601 4730 qui
1619 4661 1839 4714 aderunt
1861 4679 1970 4727 vos,
2000 4673 2049 4718 et

456 4762 602 4808 orate
625 4768 720 4822 pro
743 4751 1166 4822 persequentibus
1191 4759 1238 4803 et
1261 4749 1704 4805 calumniantibus
1730 4768 1835 4816 vos,
1862 4762 1915 4805 ut
1934 4754 2049 4808 sitis

456 4842 556 4911 ﬁlii
604 4842 786 4896 Patris
833 4841 1008 4905 vestri,
1046 4840 1136 4910 qui
1175 4840 1230 4893 in
1270 4839 1410 4894 caelis
1451 4850 1548 4906 est,
1579 4842 1667 4912 qui
1709 4842 1870 4897 salem
1895 4860 2049 4897 suum

458 4933 584 4986 oriri
609 4930 741 5000 facit
761 4946 919 5000 super
939 4930 1097 4982 bonas
1119 4938 1166 4983 et
1195 4928 1384 4994 malas,
1409 4939 1458 4984 et
1479 4929 1610 5001 pluit
1633 4949 1790 5002 super
1803 4933 1978 5002 justas
2001 4945 2048 4989 et

459 5022 702 5090 injustas.
737 5019 798 5075 Si
825 5020 965 5072 enim
999 5018 1217 5096 diligitis
1257 5036 1344 5073 eos
1383 5020 1471 5089 qui
1498 5036 1584 5074 vas
1609 5020 1858 5091 diligunt,
1890 5038 2048 5093 quam

458 5111 745 5165 mercedem
773 5109 1067 5164 habebitis?
1092 5109 1282 5163 Nonne
1309 5119 1356 5162 et
1381 5110 1644 5180 publicani
1677 5113 1772 5165 hoc
1802 5113 2003 5182 faciunt
2026 5115 2051 5167 γ

464 5201 530 5256 Et
561 5201 606 5254 si
632 5199 984 5254 salutaveritis
1024 5199 1215 5269 fratres
1262 5207 1454 5253 vestras
1485 5208 1724 5266 tantum,
1772 5203 1898 5272 quid
1935 5219 2049 5255 am-

458 5291 596 5362 plius
626 5289 841 5360 facitis?
865 5288 1056 5343 Nonne
1084 5288 1275 5342 ethnici
1319 5287 1416 5341 hac
1446 5287 1686 5356 faciunt?
1712 5289 1892 5345 Estore
1927 5308 2050 5361 ergo

462 5399 549 5439 vos
569 5381 806 5452 perfecti,
830 5381 962 5435 sicut
991 5389 1036 5434 et
1064 5379 1227 5434 Pater
1246 5389 1412 5434 vester
1431 5378 1649 5434 cmlestis
1669 5381 1927 5450 perfectus
1952 5392 2046 5437 est.

465 5474 526 5531 Si
548 5475 686 5528 enim
705 5472 1011 5527 dimiseritis
1032 5471 1326 5526 hominibus
1354 5481 1569 5541 peccata
1591 5488 1794 5536 eorum,
1825 5472 2050 5528 dimittet

462 5574 512 5618 et
539 5562 678 5618 vobis
720 5561 881 5617 Pater
925 5571 1090 5616 vester
1137 5560 1356 5615 celestis
1395 5560 1585 5614 delicta
1624 5570 1813 5622 vestra.
1857 5559 1915 5614 Si
1949 5579 2051 5615 au-

465 5664 566 5709 tem
609 5669 713 5707 non
754 5651 1060 5708 dimiseritis
1101 5651 1431 5715 hominibus,
1475 5666 1566 5703 nec
1595 5647 1758 5703 Pater
1786 5661 1948 5704 vester
1972 5651 2052 5704 di-

467 5744 632 5797 mittet
673 5751 888 5813 peccata
918 5731 1104 5796 vestra.
1141 5737 1333 5796 Omnia
1381 5755 1502 5808 ergo
1544 5753 1864 5809 quacunque
1900 5739 2050 5793 vultis

2224 4566 2383 4622 Serve
2413 4582 2654 4637 nequam,
2680 4582 2833 4618 omne
2874 4564 3103 4618 debitum
3149 4563 3325 4618 dimisi
3349 4565 3462 4630 tibi,
3488 4567 3747 4636 quoniam

2151 4659 2347 4729 rogasti
2369 4676 2471 4725 me,
2503 4673 2710 4727 usque:
2745 4654 2832 4717 Sic
2875 4665 2923 4710 et
2967 4653 3130 4709 Pater
3157 4673 3302 4710 meus
3332 4656 3550 4711 cwlestis
3582 4657 3747 4726 faciet

2150 4749 2312 4813 vobis,
2361 4749 2406 4802 si
2449 4764 2551 4800 non
2597 4747 2900 4800 remiseritis
2944 4747 3300 4816 unusquisque
3343 4747 3499 4816 fratri
3539 4764 3634 4801 suo
3679 4749 3747 4803 ds

2150 4837 2391 4892 cordibus
2442 4837 2643 4891 vestris.
2694 4834 2944 4890 Converte
2983 4822 3218 4906 gladium
3268 4845 3416 4889 tuum
3463 4837 3518 4889 in
3566 4835 3745 4890 locum

2148 4945 2321 4983 suum.
2365 4927 2556 4981 Omnes
2596 4928 2735 4980 enim
2781 4927 2873 4996 qui
2912 4927 3205 4996 acceperint
3252 4925 3510 4996 gladium,
3559 4925 3746 4995 gladio

2146 5020 2406 5090 peribunt.
2464 5018 2663 5073 Habete
2697 5019 2832 5072 inter
2880 5034 2967 5072 vos
3007 5016 3206 5083 salem,
3250 5026 3299 5072 et
3342 5033 3523 5086 pacem
3559 5017 3747 5074 habete

2148 5111 2283 5164 inter
2310 5127 2414 5164 vos.

2220 5201 2487 5268 Quoniam
2517 5216 2682 5271 grave
2710 5200 2909 5254 malum
2931 5209 3018 5254 est
3037 5199 3281 5270 peccanti
3309 5198 3461 5253 fratri
3483 5198 3550 5254 de
3576 5202 3746 5257 corde

2149 5307 2256 5346 non
2285 5293 2588 5362 ignoscere.
2623 5291 2739 5357 Qua
2774 5290 2834 5345 fit
2869 5299 2930 5345 ut
2956 5291 3083 5345 olim
3114 5305 3213 5358 per
3239 5290 3618 5360 paenitentiam
3653 5290 3746 5345 di-

2150 5382 2315 5436 missa
2344 5390 2564 5450 peccata
2596 5391 2918 5436 revocentur
2947 5380 3014 5433 ad
3040 5381 3356 5435 vindictam.

2222 5471 2436 5537 Quanto
2471 5471 2664 5526 melior
2691 5480 2776 5526 est
2805 5471 2984 5525 anima
3013 5484 3262 5539 corpore,
3296 5478 3448 5524 tanto
3477 5468 3630 5540 pejor
3659 5479 3747 5528 est

2151 5563 2396 5633 gladius,
2439 5576 2545 5630 quo
2589 5561 2770 5614 anima
2821 5561 2875 5614 in
2918 5568 3182 5613 aeternum
3224 5558 3528 5628 perimitur,
3578 5574 3748 5628 quam

2153 5670 2260 5725 quo
2286 5667 2486 5724 corpus
2509 5655 2577 5707 ad
2607 5661 2820 5720 tempus
2842 5652 3128 5708 occiditur.

2227 5744 2376 5800 Sicut
2408 5743 2742 5812 pulmentum
2784 5741 3060 5811 quodlibet
3090 5743 3292 5810 absque
3339 5741 3452 5797 sale
3501 5757 3613 5796 non
3661 5750 3747 5796 est
