3930 6360
237 419 332 479 257

1341 415 1548 472 LIBER
1587 413 1869 473 CONTRA
1906 413 2231 472 JUDICIUM
2266 416 2398 472 DEI.

3407 420 3514 476 258

237 543 422 606 aptum
446 542 502 590 et
521 534 683 602 utile;
731 536 812 592 sic
840 534 1018 590 omnis
1055 534 1251 600 virtus,
1289 534 1456 590 etiam
1499 533 1616 606 ipsa
1666 532 1820 600 ﬁdes,
1852 534 1904 595 Α
1927 530 2062 586 sicut
2096 531 2258 587 dilexi
2293 549 2401 599 vos,
2431 540 2487 586 ut
2520 541 2567 586 et
2615 549 2703 590 vos
2750 532 2984 605 diligatis
3029 533 3267 591 invicem.
3309 537 3379 593 In
3418 541 3518 595 hoc

236 641 347 682 non
377 625 523 680 valet
547 624 614 680 ad
638 624 868 680 salutem
897 623 1132 680 hominis
1164 626 1281 680 sine
1302 638 1456 695 pace.

303 715 437 782 Quis
464 717 652 771 horum
695 714 856 768 trium
883 714 1086 769 videtur
1117 713 1209 768 tibi
1242 715 1510 785 proximus
1551 714 1715 784 fuisse
1750 715 1831 770 illi

237 805 324 880 qui
350 803 536 858 incidit
561 802 617 855 in
645 800 914 856 latrones?
945 799 1014 855 Et
1041 800 1129 856 ille
1153 801 1286 855 dixit
1313 815 1331 852 :
1361 800 1465 867 Qui
1493 803 1611 872 fecit
1632 803 1831 857 miseri-

235 894 470 949 cordiam
500 893 555 948 in
584 891 756 946 illum.
785 889 845 946 Si
875 891 975 962 ﬁlii
1004 891 1231 946 Abrahae
1257 891 1398 956 estis,
1426 910 1582 964 opera
1606 894 1832 949 Abrahae

231 985 414 1055 facite.
448 981 609 1037 Nunc
641 991 815 1037 autem
840 983 1077 1052 quwritis
1105 998 1186 1037 me
1206 983 1516 1054 interﬁcere,
1545 985 1830 1051 hominem,

229 1077 322 1147 qui
351 1093 472 1130 vera
509 1075 714 1128 locutus
741 1091 859 1136 sum
898 1075 1062 1140 vobis,
1103 1091 1222 1146 qua:
1268 1077 1446 1130 audivi
1475 1093 1507 1129 a
1538 1077 1670 1130 Deo.
1715 1076 1830 1132 Hoc

229 1164 501 1218 Abraham
546 1181 648 1218 non
690 1163 831 1232 fecit.
874 1162 978 1218 Vos
1015 1163 1191 1234 facitis
1235 1180 1393 1236 opera
1437 1167 1606 1236 patris
1652 1169 1827 1222 vestri.

231 1253 367 1310 Oves
397 1273 526 1310 mere
550 1272 722 1309 vocem
762 1272 931 1309 meam
962 1256 1208 1323 audiam,
1234 1267 1283 1311 et
1310 1274 1403 1329 ego
1433 1275 1688 1329 cognosco
1719 1276 1829 1324 eas,

230 1356 282 1400 et
307 1358 599 1416 sequuntur
624 1365 725 1402 me.

306 1434 363 1490 Si
410 1438 664 1492 sacerdos
699 1449 754 1492 et
779 1437 972 1504 levita,
1011 1439 1104 1509 qui
1150 1440 1430 1496 vulnerato
1459 1456 1490 1496 a
1531 1441 1832 1499 latronibus

229 1524 422 1598 plagas
457 1543 563 1583 non
602 1529 1001 1599 imposuerunt,
1054 1531 1148 1586 sed
1187 1533 1314 1602 quia
1354 1549 1460 1587 non
1491 1533 1829 1599 profuerunt,

229 1619 462 1686 proximi
489 1634 594 1673 non
623 1617 860 1687 fuerunt,
888 1631 1091 1690 quanto
1129 1625 1297 1693 magis
1324 1623 1400 1678 illi
1429 1625 1520 1693 qui
1543 1624 1728 1696 plagas
1754 1626 1834 1680 in-

230 1705 452 1779 ﬂigunt,
477 1711 713 1779 proximi
742 1727 848 1766 non
880 1713 1043 1766 sunt?
1068 1713 1167 1780 Qui
1190 1729 1319 1784 ergo
1341 1731 1448 1770 non
1477 1717 1833 1786 impertienda

231 1799 662 1854 misericordiam
692 1818 718 1856 a
747 1803 1093 1871 proximitate
1139 1820 1197 1860 se
1226 1805 1462 1859 alienum
1508 1805 1660 1872 facit,
1701 1806 1833 1861 alie—

1930 632 2237 692 cognoscent
2268 639 2442 676 omnes
2469 624 2594 693 quia
2621 623 2723 678 mei
2747 622 2995 696 discipuli
3034 626 3178 693 estis,
3205 627 3252 681 si
3277 627 3517 685 dilectio-

1931 729 2048 767 nem
2077 713 2368 767 habueritis
2396 713 2464 766 ad
2491 715 2730 768 invicem.

1993 802 2127 857 ‘Non
2166 819 2261 874 pro
2299 803 2379 856 his
2411 812 2586 857 autem
2631 820 2756 874 rogo
2796 811 3022 872 tantum,
3069 807 3160 860 sed
3202 823 3298 878 pro
3328 809 3402 864 eis
3430 826 3519 883 qui

1931 894 2183 948 credituri
2235 903 2354 949 sunt
2399 911 2491 966 per
2529 894 2738 948 verbum
2785 912 2965 950 eorum
3013 898 3067 952 in
3107 915 3205 962 me,
3245 908 3303 953 ut
3343 917 3519 956 omnes

1930 1001 2094 1038 unum
2112 986 2242 1051 sint,
2269 985 2404 1039 sicut
2430 994 2487 1037 tu
2516 983 2678 1038 Pater
2715 985 2771 1038 in
2807 1002 2909 1052 me,
2949 995 2993 1039 et
3023 1003 3114 1058 ego
3157 989 3213 1042 in
3252 997 3320 1056 te,
3369 999 3427 1044 ut
3473 1001 3521 1045 et

1930 1077 2031 1147 ipsi
2061 1077 2114 1130 in
2151 1075 2297 1130 nobis
2331 1091 2497 1129 unum
2535 1076 2658 1138 sint,
2698 1086 2754 1128 ut
2784 1078 3022 1130 ’mundus
3068 1077 3246 1131 credat
3291 1081 3416 1149 quia
3465 1091 3520 1134 tu

1931 1181 2015 1219 me
2043 1166 2254 1219 misisti.
2297 1163 2377 1219 Sit
2423 1173 2599 1217 autem
2635 1165 2802 1216 omnis
2830 1163 2986 1218 homo
3016 1165 3163 1220 veloa:
3194 1167 3262 1220 ad
3296 1168 3520 1222 audien-

1931 1252 2096 1318 dum,
2148 1253 2331 1307 tardus
2382 1263 2559 1306 autem
2609 1252 2677 1305 ad
2720 1250 3065 1322 loquendum,
3116 1265 3165 1309 et
3214 1257 3399 1313 tardus
3453 1259 3522 1312 ad

1931 1344 2088 1397 iram.
2129 1343 2223 1397 Ira
2245 1344 2384 1398 enim
2413 1343 2508 1397 viri
2528 1341 2794 1412 justitiam
2823 1344 2918 1398 Dei
2943 1361 3048 1399 non
3075 1357 3343 1416 operatur.

2005 1432 2061 1487 Si
2096 1433 2381 1489 dilectione
2413 1442 2814 1501 cognoscuntur
2841 1434 3091 1504 discipuli
3130 1436 3360 1502 Domini,
3387 1439 3518 1509 rixis

1934 1530 1990 1577 et
2015 1524 2452 1579 contentionibus
2474 1532 2874 1594 cognoscuntur
2899 1525 3150 1594 discipuli
3185 1528 3405 1584 diaboli.

2005 1613 2062 1669 Si
2089 1616 2268 1671 unitas
2316 1615 2482 1669 trahit
2531 1615 2790 1669 mundum
2821 1615 2887 1671 ad
2930 1615 3106 1683 (idem,
3141 1618 3408 1676 dissensio
3429 1621 3526 1676 im-

1933 1704 2085 1775 pellit
2104 1705 2362 1759 mundum
2388 1705 2456 1760 ad
2482 1702 2784 1774 perﬁdiam.

2008 1794 2161 1860 Quod
2197 1796 2242 1848 si
2281 1793 2452 1847 zelum
2493 1809 2734 1846 amarum
2768 1794 2992 1860 habetis,
3017 1804 3066 1849 et
3095 1797 3446 1853 contentiones
3471 1801 3527 1853 in

229 1906 338 1945 nus
387 1903 471 1946 est
515 1900 569 1947 et
615 1909 645 1948 α
697 1894 1093 1950 medicamento
1129 1895 1270 1965 quod
1304 1896 1588 1953 γυιηει-ειο
1627 1897 1831 1966 iacenti
1861 1886 1907 1945 B
1935 1885 2177 1938 cordibus
2195 1885 2393 1948 vestris,
2423 1883 2581 1937 nolite
2604 1882 2822 1952 gloriari
2847 1893 2895 1937 et
2917 1885 3198 1942 mendaces.
3213 1903 3322 1940 esse
3346 1888 3529 1942 adver-

231 1981 476 2038 ccelestis
506 1981 885 2038 Samaritanus
915 1983 1210 2040 clementer
1233 1984 1448 2046 infudit.

302 2072 404 2140 Qui
453 2073 808 2128 domesticum
854 2073 977 2129 fidei
1022 2076 1271 2131 occidere
1324 2077 1536 2146 quaerit,
1585 2093 1691 2132 non
1748 2085 1833 2133 est

230 2161 381 2218 illius
411 2163 667 2228 Abrahae,
714 2164 841 2232 quia
879 2165 982 2220 hoc
1028 2164 1303 2221 Abraham
1344 2183 1451 2222 non
1495 2166 1642 2224 fecit.
1677 2167 1831 2223 Facit

228 2261 413 2307 autem
439 2267 603 2322 opera
648 2253 840 2320 patris,
899 2253 951 2307 id
995 2263 1101 2319 est,
1153 2255 1377 2321 diaboli,
1428 2256 1520 2325 qui
1563 2257 1631 2311 ab
1672 2257 1829 2311 initio

228 2338 501 2394 homicida
529 2348 669 2395 erat.
695 2339 795 2407 Qui
828 2356 1042 2397 summe
1062 2342 1264 2398 bonum
1293 2352 1571 2415 pastorem
1594 2361 1832 2416 sequun-

227 2439 345 2495 tur,
385 2445 516 2486 oves
556 2439 713 2498 sunt;
758 2431 849 2500 qui
900 2439 1079 2488 autem
1112 2435 1164 2488 in
1197 2436 1474 2490 membris
1513 2437 1628 2492 suis
1680 2437 1832 2492 illum

232 2523 619 2594 insequuntur,
649 2522 762 2594 lupi
793 2532 939 2578 sunt.

306 2611 371 2668 Si
404 2614 521 2683 quis
562 2613 692 2668 mihi
737 2613 1023 2680 ministrat,
1070 2632 1151 2668 me
1192 2625 1476 2687 sequatur:
1510 2627 1560 2672 et
1598 2621 1687 2674 ubi
1715 2637 1832 2675 sum

230 2721 348 2776 ego,
374 2704 486 2760 illic
516 2714 562 2759 et
593 2705 834 2760 minister
863 2723 1010 2761 meus
1046 2707 1164 2760 erit.

309 2795 366 2851 Si
392 2797 482 2866 qui
526 2797 818 2863 ministrat,
851 2798 1130 2866 sequitur;
1161 2798 1263 2866 qui.
1297 2799 1645 2865 adversatur,
1687 2800 1832 2856 inse-

231 2888 328 2957 qui
337 2897 441 2942 tur.

309 2990 334 3019 ι
364 2977 677 3033 Mandatum
701 2996 891 3034 novum
933 2981 1002 3035 do
1031 2982 1195 3047 vobis,
1227 2991 1284 3035 ut
1321 2980 1555 3053 diligatis
1585 2984 1822 3049 invicem,

1932 1994 2022 2032 sus
2046 1976 2332 2030 veritatem.
2361 1973 2485 2028 Non
2506 1983 2580 2028 est
2604 1974 2706 2028 ista
2738 1975 2995 2042 sapientia
3017 1975 3290 2031 desursum
3319 1977 3527 2036 ducen-

1933 2069 2078 2134 dens,
2107 2067 2197 2122 sed
2225 2077 2452 2132 terrena,
2473 2065 2742 2131 animalis,
2765 2067 3045 2122 diabolica.
3078 2065 3177 2123 Ubi
3215 2071 3354 2125 enim
3383 2070 3526 2127 salus

1932 2173 1980 2216 et
2019 2162 2315 2227 contentio,
2347 2160 2420 2213 ibi
2447 2159 2800 2214 inconstantia
2832 2169 2880 2214 et
2922 2176 3074 2215 omne
3117 2178 3246 2232 opus
3283 2180 3523 2234 pravum.

2003 2255 2073 2310 Et
2097 2254 2294 2308 Paulus
2333 2251 2608 2322 apostolus
2655 2252 2772 2306 ait:
2801 2251 2930 2306 Noli
2971 2252 3142 2308 verbis
3191 2256 3522 2319 contendere,

1935 2346 2005 2400 ad
2033 2344 2163 2400 nihil
2193 2345 2330 2398 enim
2357 2342 2481 2396 utile
2507 2352 2607 2408 est,
2653 2342 2752 2395 nisi
2780 2343 2848 2395 ad
2895 2342 3277 2398 subversionem
3301 2347 3524 2400 audien-

1935 2439 2090 2504 tium,
2123 2437 2190 2492 de
2219 2435 2322 2489 hac
2350 2433 2636 2504 sapientia,
2669 2447 2790 2502 qua:
2833 2447 2938 2488 non
2969 2440 3053 2489 est
3095 2434 3400 2502 desursum,
3432 2438 3526 2493 sed

1934 2538 2153 2587 terrena
2186 2537 2346 2596 atque
2375 2525 2638 2580 diabolica
2670 2526 2760 2579 sit.
2808 2523 2875 2578 Et
2921 2523 3049 2578 illud
3094 2526 3284 2583 beatus
3328 2526 3528 2584 Paulus

1936 2617 2196 2679 insinuat,
2225 2615 2410 2669 dicens
2440 2630 2451 2664 :
2495 2609 2735 2680 Profana
2766 2619 2941 2663 autem
2971 2619 3019 2663 et
3053 2609 3234 2664 inania
3268 2610 3411 2683 loqui
3436 2613 3527 2668 de-

1938 2708 2062 2764 vita.
2091 2704 2318 2760 Multum
2348 2703 2484 2756 enim
2508 2700 2788 2771 proﬁciunt
2818 2698 2888 2752 ad
2915 2699 3255 2768 impietatem,
3283 2711 3333 2756 et
3357 2719 3526 2758 sermo

1936 2816 2117 2855 eorum
2145 2807 2201 2851 ut
2228 2812 2416 2851 cancer
2440 2795 2616 2864 serpit.

2007 2891 2065 2946 Si
2091 2905 2221 2959 ergo
2250 2885 2524 2943 contentio
2555 2885 2796 2940 cordium
2839 2885 3131 2943 mendaces
3156 2888 3396 2945 ostendit
3433 2889 3529 2945 ad-

1932 2998 2122 3039 versus
2153 2980 2475 3042 veritatem,
2520 2983 2578 3031 et
2614 2976 2888 3030 contentio
2929 2977 3212 3032 verborum
3262 2979 3529 3035 subvertit

1591 3101 1865 3157 BALUZII
1901 3099 2131 3166 NOTAE.

310 3201 337 3260 ξι
378 3187 698 3260 Mandatum
729 3204 917 3243 novum
944 3189 1011 3242 do
1039 3187 1201 3260 vobis.
1225 3187 1381 3243 Nulla
1405 3193 1675 3246 sententia
1701 3193 1834 3248 mihi
1862 3199 1906 3260 C

230 3258 454 3314 videtur
492 3258 814 3330 a_ptior__au_t
848 3259 1206 3330 opportunior
1233 3260 1302 3330 ad
1347 3262 1832 3330 commendandam

231 3337 479 3384 mutuam
504 3325 647 3381 inter
661 3325 999 3397 Christianos
1021 3329 1366 3397 concordiam
1387 3338 1442 3383 et
1464 3329 1826 3397 dilectionem,

231 3412 400 3468 quam
428 3395 797 3468 supremailla
820 3395 1022 3468 Christi
1049 3396 1262 3451 Domini
1280 3399 1453 3468 verba
1481 3415 1600 3467 quae
1629 3401 1717 3456 hic
1741 3395 1833 3456 de-

231 3465 428 3524 scribit
447 3466 785 3536 Agobardus.
815 3465 924 3536 Res
948 3477 1128 3520 autem
1157 3467 1290 3520 tanti
1315 3465 1575 3522 momenti
1605 3471 1717 3524 visa
1746 3479 1832 3525 est

231 3536 473 3601 Christo,
504 3534 580 3590 ‘ut
617 3534 782 3589 etiam
812 3535 962 3589 velut
1003 3550 1268 3603 suprema:
1310 3537 1601 3592 voluntatis
1632 3540 1831 3596 tabulis

231 3622 354 3662 eam
387 3605 651 3676 apostolis
687 3619 751 3659 ac
779 3605 1214 3676 discipulisisuis
1257 3605 1488 3661 voluerit
1529 3622 1650 3663 esse
1687 3625 1832 3663 com-

231 3674 574 3750 menda—tam;
603 3675 766 3750 idque
793 3690 899 3728 non
922 3674 992 3730 ub
1012 3674 1157 3750 aliud
1183 3676 1342 3750 toties
1364 3678 1645 3750 repetierit
1667 3688 1832 3750 atque

231 3746 614 3809 inculcaverit,
641 3745 746 3799 nisi
770 3753 831 3798 ut
856 3744 1168 3800 ostenderet
1205 3745 1309 3799 sibi
1340 3744 1574 3801 maxime
1606 3749 1663 3802 in
1692 3744 1832 3804 votis

231 3823 446 3878 essent
481 3813 705 3884 apostoli
736 3822 792 3868 et
815 3813 1061 3884 discipuli
1092 3813 1166 3883 (in
1199 3813 1397 3884 quibus
1425 3830 1615 3872 omnes
1646 3817 1831 3873 Eccle—

231 3887 438 3950 siarum
463 3882 721 3955 praesules
742 3882 1105 3955 docebantur,
1122 3892 1182 3937 ut
1202 3882 1253 3937 in
1279 3884 1508 3955 epistola
1533 3897 1728 3955 quarta
1754 3887 1833 3942 ait

231 3953 605 4024 sanctusLeo)
623 3953 822 4027 _vi_vant_
843 3953 1209 4027 concorditer,
1227 3953 1584 4027 exemploque
1611 3972 1711 4011 suo
1734 3971 1831 4027 po-

269 4027 436 4097 ulum_
457 4022 737 4097 stimulent
759 4022 826 4097 ad
870 4031 1112 4097 mutuam
1140 4022 1511 4097 dilectionem;
1530 4022 1832 4097 Prassagie-

269 4040 421 4079 unum
457 4040 737 4079 stimulent
759 4040 826 4076 au
870 4040 1112 4077 mutuam
1140 4040 1502 4078 directionem.
1530 4040 1830 4097 ιιι-κερκιδ-

230 4040 497 4167 Eatenim
519 4094 735 4167 divinus
763 4090 854 4167 ille
883 4092 1117 4167 animus,
1140 4093 1281 4162 quod
1309 4109 1418 4149 non
1439 4095 1669 4167 obscure
1691 4111 1830 4167 pra:-

233 4164 373 4236 dixit
396 4163 540 4234 apud
567 4162 947 4236 evangelistas,
989 4159 1231 4236 futurum
1256 4171 1338 4236 _ut
1381 4179 1502 4219 cum
1545 4166 1660 4236 ipse
1691 4159 1832 4221 'reli-

232 4232 448 4305 quissei
499 4241 718 4298 terras,
786 4233 1005 4305 inimico
1065 4232 1299 4305 hominis
1361 4232 1831 4305 superséminante

233 4302 470 4367 iizania,
499 4302 885 4358 controversiae
918 4303 1156 4371 rixaeque
1186 4302 1462 4357 orirentur
1496 4304 1643 4359 inter
1671 4304 1832 4360 Chri-

234 4375 570 4436 stianos,’et
596 4388 727 4442 Anon
770 4371 943 4427 solum
987 4373 1042 4426 in
1089 4372 1303 4442 populo,
1345 4374 1440 4428 sed
1478 4375 1643 4429 etiam
1689 4375 1833 4429 inter

233 4445 535 4525 ministros.
579 4440 1379 4525 Quidlnihquandoquidemuet
1421 4442 1554 4525 ipsi"
1575 4445 1826 4525 apostoli,

233 4515 340 4584 viri
364 4513 556 4584 spiritu
583 4513 674 4566 illo
700 4511 916 4584 Christi
931 4511 1109 4584 pleni,
1143 4519 1201 4584 et
1226 4512 1468 4584 adhuca
1494 4511 1714 4584 Christo
1739 4530 1831 4570 ca-

234 4583 356 4647 lidi,
386 4580 586 4652 quique
612 4581 863 4650 exemplo
887 4580 1098 4635 Dumini
1125 4580 1260 4635 nihil
1289 4581 1431 4652 aliud
1460 4582 1740 4652 spirabant
1766 4600 1830 4638 ac

234 4651 784 4734 preedicabantquam
811 4665 1005 4734 pacem.
1023 4651 1470 4734 et_concordiat_n,
1497 4654 1830 4734 usque‘ade‘o

236 4720 539 4778 retrorsum
579 4720 848 4782 abierunt,
895 4730 956 4791 ut
993 4720 1222 4775 invicem
1250 4721 1512 4791 quasdam
1545 4720 1692 4778 velut
1727 4723 1832 4777 ini-

237 4792 478 4848 micitias
521 4791 851 4847 miscerent?
896 4789 1083 4860 Neque
1131 4789 1283 4861 vero'
1310 4790 1434 4861 dico
1478 4791 1713 4861 aliquem
1763 4793 1831 4848 de

235 4861 398 4934 plebe
438 4861 803 4934 apostolorum
827 4859 1023 4934 ,_absit
1062 4860 1228 4934 verbo
1272 4859 1509 4934 invidia;
1540 4859 1653 4934 sed
1693 4861 1831 4918 duos

239 4930 365 4988 illos
389 4930 757 5015 apostoloeum
782 4930 1073 5015 principes,
1097 4931 1400 5015 Petrumlet
1421 4930 1831 5015 Paulumque-

239 5017 364 5058 rum
389 4999 480 5070 hic
506 5015 566 5056 se
591 5001 866 5070 mirumin
897 4999 1116 5070 modum
1146 4999 1410 5070 gloriatur
1433 5014 1554 5055 esse
1591 4999 1829 5056 imitato-

239 5085 361 5128 rem
387 5069 608 5126 Christi.
653 5071 723 5125 Et
749 5069 839 5124 hic
863 5077 1047 5123 tamen
1071 5067 1272 5124 Chi-isti
1304 5069 1563 5139 imitator,
1596 5070 1686 5126 hic
1713 5071 1828 5139 ipse

237 5141 447 5200 Paulus
493 5155 590 5196 nos
630 5141 807 5204 docet,
850 5154 929 5203 se,
977 5153 1100 5193 cum
1129 5139 1368 5194 venisset
1411 5138 1604 5194 Petrus
1641 5138 1830 5194 Antio-

243 5211 457 5293 chiam,
508 5219 672 5293 atque
815 5207 1032 5293 quidem
1073 5216 1197 5292 post
1238 5217 1517 5290 aceeptum
1549 5208 1828 5293 Spiritum

241 5289 514 5345 sanctum,
542 5276 602 5335 ei
622 5276 885 5349 restiti_sse
911 5277 966 5349 in
994 5276 1210 5349 faciem,
1236 5276 1830 5349 quia—reprehensibilis

243 5349 385 5408 erat.
431 5349 683 5420 Nunquid
729 5347 892 5402 etiam
938 5347 1084 5401 inter
1130 5347 1469 5420 Paulumet'
1500 5347 1828 5415 Barnabam,

242 5419 552 5477 Antiochia:
569 5417 811 5490 quoque,
826 5431 910 5490 eeo
934 5417 1411 5490 usquejneanduit
1438 5427 1710 5490 certamen
1729 5459 1743 5484 ,
1769 5428 1831 5474 ut

243 5490 522 5546 desineret
561 5485 618 5546 in
643 5485 970 5544 divortium?
994 5485 1061 5541 Et
1090 5485 1378 5552 Corinthii,
1409 5488 1634 5544 novella:
1655 5489 1831 5544 adhuc

243 5559 452 5615 Christi
491 5558 706 5628 planta,
738 5570 915 5613 nonne
951 5556 1347 5628 redarguuntur
1387 5572 1419 5610 a
1459 5555 1663 5628 Paulo,
1687 5559 1831 5628 quod

243 5628 389 5685 inter
423 5625 574 5699 ipsos
610 5627 726 5696 jam
751 5635 884 5699 tum
924 5625 1829 5699 essentLdissidia,dissensiones,

243 5695 537 5763 mmulatio,
567 5695 623 5751 et
649 5696 1056 5753 contentiones?
1092 5695 1308 5751 Exortus
1345 5695 1538 5751 deinde
1573 5706 1700 5752 sunt
1727 5699 1832 5754 ba)-

248 5783 419 5835 reses,
458 5777 651 5825 exorta
695 5767 1006 5831 schismata,
1042 5782 1161 5836 quas
1196 5766 1433 5836 tunicam
1472 5765 1619 5822 illam
1651 5767 1831 5822 incon-

245 5839 460 5895 sutilem
506 5838 839 5902 lacerarunt,
888 5835 1074 5908 paceni
1118 5835 1371 5892 Ecclesiae
1418 5837 1726 5905 turbarunt,
1773 5846 1831 5892 et

1938 3189 2286 3249 concordiam
2315 3185 2671 3241 fraternitatis
2697 3199 2833 3254 pene
2869 3186 3277 3243 interfecerunt.
3318 3189 3388 3245 Et
3412 3192 3529 3249 haec

1937 3262 2155 3333 quidem
2185 3257 2428 3333 fervente
2459 3255 2896 3333 Christia‘nism‘o,
2930 3272 3050 3310 cum
3082 3259 3256 3333 adhuc
3284 3260 3526 3318 Ecclesia

1935 3325 2196 3387 innocens
2226 3325 2568 3397 vagiebatein
2610 3325 2787 3397 cunis,
2833 3341 2955 3379 cum
2997 3342 3127 3396 grex
3166 3330 3342 3384 adhuc
3383 3341 3527 3388 esset

1933 3394 2339 3472 pusillus,_curn
2369 3394 2552 3472 gloriae
2592 3394 2890 3472 ducebatur
2925 3394 3524 3472 pro‘nomineeChristi

1933 3464 2474 3542 contumeliampati.
2521 3464 2591 3517 At
2619 3470 2804 3542 postea
2833 3480 2994 3534 quam
3025 3467 3221 3542 fascias
3260 3470 3525 3542 ablegavit

1933 3539 2194 3603 Ecclesia,
2218 3533 2501 3603 positaque
2525 3533 2715 3603 puerili
2742 3533 3021 3602 praetexta,
3049 3535 3164 3602 jam
3191 3537 3330 3593 facta
3359 3533 3525 3597 robu-

1932 3611 2089 3671 stior,
2129 3602 2548 3661 adolescentiam
2575 3602 2818 3673 ingressa
2845 3612 2948 3676 est,
2975 3607 3178 3660 excidit
3205 3608 3463 3676 paulatim
3494 3627 3524 3666 a

1933 3679 2187 3735 cordibus
2206 3675 2650 3750 Christianorum
2679 3688 2840 3750 amore
2865 3673 3244 3750 fraternitatis,
3278 3679 3525 3750 irrepsit-

1974 3765 2038 3824 ue
2067 3747 2322 3824 pervicax
2359 3740 2954 3824 noeendiiallendique
2976 3740 3237 3824 invicem
3262 3740 3520 3824 studium.

1983 3813 2236 3874 inc'ortaa
2267 3813 2569 3885 lites,ehinc
2592 3813 2790 3883 jurgia,
2823 3813 2950 3868 hinc
2976 3814 3134 3878 bella,
3168 3826 3222 3870 et
3245 3820 3440 3885 caedes,
3470 3831 3526 3877 et

1930 3887 2193 3958 quidquid
2219 3883 2493 3958 exitiabile
2519 3889 2844 3958 esse__po_test
2867 3885 3166 3958 eoncordia;
3190 3883 3526 3945 Christiano.

1931 3950 2190 4012 fumCEx
2217 3969 2282 4009 eo
2310 3953 2456 4024 fonte
2495 3951 2696 4024 prodiit
2734 3950 2820 4005 lex
2860 3951 3214 4024 Cundobada,
3241 3972 3361 4024 quae
3401 3960 3524 4016 lites

1931 4027 2229 4098 certamine
2268 4021 2526 4098 singulari
2569 4026 2825 4091 praecepit
2867 4021 3033 4098 ﬁniri,
3065 4025 3155 4078 ubi
3186 4021 3305 4082 alia:
3327 4029 3525 4098 proba-

1935 4098 2107 4152 tiones
2136 4093 2375 4166 desunt;
2393 4094 2648 4166 adversus
2676 4106 2840 4166 quam
2870 4093 3092 4158 acriter,
3121 4103 3179 4149 ut
3216 4112 3305 4166 res
3327 4093 3521 4166 postu-

1932 4166 2112 4231 labat,
2167 4165 2438 4223 invehitur
2483 4162 2831 4233 Agobardus,
2885 4171 3144 4233 tanquam
3199 4162 3522 4224 Christianae

1929 4236 2119 4307 pietati
2150 4249 2214 4288 ac
2244 4233 2576 4307 simplicitati
2621 4231 2776 4287 valde
2814 4231 3161 4307 conuariam.
3204 4233 3272 4289 Et
3315 4245 3519 4304 tanien,

1931 4303 2052 4377 quae
2077 4313 2172 4377 est
2198 4319 2381 4377 rerum
2421 4303 2780 4356 humanarum
2812 4303 3164 4377 vicissitudo,_
3189 4316 3406 4377 recepta
3435 4303 3519 4364 est

1930 4370 2119 4446 postea
2158 4373 2275 4429 haec
2314 4373 2400 4427 lex
2438 4385 2537 4446 per
2572 4380 2769 4446 omnes
2788 4370 2989 4440 ubique
3015 4370 3352 4446 provincias;
3385 4378 3521 4433 adeo

1932 4440 2181 4500 utetiam
2208 4457 2388 4498 causa:
2415 4440 2769 4516 ecclesiarum
2795 4455 2859 4516 ac
2879 4440 3364 4516 monasteriomm,
3398 4462 3518 4516 quae

1931 4517 2178 4570 obscurae
2208 4524 2386 4576 erant,
2417 4510 2595 4565 duello
2632 4510 2891 4580 singulari
2932 4512 3240 4579 (inirentur,
3283 4510 3431 4572 datis
3449 4519 3519 4573 ab

1931 4593 2162 4653 utraque
2196 4590 2348 4653 parte
2375 4579 2785 4653 campionibus;
2815 4580 2894 4653 sic
2932 4582 3080 4653 enim
3109 4584 3375 4640 vocabant
3404 4587 3518 4641 bel-

1929 4649 2152 4726 latores.
2184 4649 2424 4726 Tandem
2455 4650 2551 4726 Dei
2591 4649 2930 4726 providentia
2958 4650 3161 4726 factum
3194 4661 3279 4708 est
3306 4665 3365 4709 ut
3393 4670 3518 4726 pes-

1930 4725 2070 4781 sima
2095 4723 2212 4776 haec
2249 4722 2335 4775 lex
2362 4718 2672 4791 aboleretur
2698 4719 2888 4775 edictis
2914 4722 3240 4791 principum,
3277 4733 3332 4778 et
3357 4718 3520 4782 cano-

1931 4795 2092 4850 nibus
2117 4791 2488 4862 conciliorum.
2519 4787 2626 4862 Sed
2664 4797 2724 4841 ut
2751 4791 2890 4862 mala
2914 4787 3106 4862 magis
3123 4787 3364 4862 vinciunt,
3391 4798 3517 4852 reti-

1931 4870 2090 4940 netur
2117 4861 2331 4940 _hodie,_
2354 4874 2461 4940 non
2493 4858 2712 4940 quidem
2745 4859 2829 4940 ad.
2849 4858 3286 4940 ﬁniendasilites,
3324 4858 3418 4940 sed
3445 4868 3511 4923 ad

1931 4931 2167 4988 finienda
2190 4931 2370 5001 jurgia
2400 4936 2456 4982 et
2479 4927 2646 4983 rixas.
2674 4928 2756 5001 Ac
2796 4927 2922 4984 licet
2955 4931 3295 4986 severissima
3325 4935 3508 4991 adver-

1930 5017 2025 5058 sus
2066 4999 2837 5070 immane'mconsuetudinem
2873 5001 3050 5070 edicta
3088 5001 3416 5070 prodierint,
3448 5020 3504 5060 at

1928 5073 2241 5142 nuperrime
2268 5069 2706 5142 sapientissimus
2745 5084 2930 5142 regum
2966 5069 3266 5142 LudOvicus
3304 5072 3419 5127 XIV
3447 5090 3512 5129 ea

1929 5139 2290 5212 renovaverit,
2319 5139 2478 5194 durat
2505 5146 2682 5212 tamen
2718 5139 2962 5207 pertinax
2999 5141 3186 5195 isthmc
3213 5151 3270 5195 et
3295 5143 3514 5212 insupe-

1930 5211 2117 5294 rabilis
2139 5208 2645 5294 rabiespugnlandi,‘
2661 5223 2928 5294 qcmoque
2948 5225 3089 5294 unus
3115 5212 3257 5266 cedit
3282 5208 3509 5294 legibus.

1929 5279 2088 5351 Quod
2110 5280 2156 5335 si
2185 5278 2576 5351 monitionibus
2597 5286 2652 5351 et
2680 5278 3077 5351 hortationibus
3105 5278 3359 5351 revocari
3388 5297 3513 5351 pos-

1930 5358 2055 5404 sent
2079 5350 2327 5404 homines
2356 5349 2424 5403 ab
2450 5361 2512 5401 ea
2541 5347 2779 5412 feritate,
2813 5349 3137 5404 admonendi
3164 5360 3350 5406 essent
3376 5347 3514 5406 inul-

1930 5426 2045 5472 tum
2084 5420 2303 5478 Christo
2339 5418 2488 5474 cordi
2529 5431 2651 5472 esse
2690 5415 2983 5472 fraternam
3027 5421 3406 5485 concordiam,
3450 5437 3515 5475 ac

1931 5489 2205 5544 sinceram
2233 5489 2560 5555 minimeque
2585 5485 2820 5559 fucatam
2851 5487 3192 5544 dilectionem
3211 5531 3226 5556 ,
3257 5489 3513 5559 illumque

1929 5559 2255 5640 praecepisse
2293 5559 2406 5640 suis
2443 5557 2802 5640 sectatoribus
2822 5567 2890 5638 ,ιιι
2915 5557 3514 5640 quemadmodum-ipse

1931 5626 2053 5683 illos
2101 5626 2401 5694 dilexerat,
2453 5627 2529 5681 ita
2575 5626 2679 5696 ipsi
2727 5626 2956 5696 invicem
3006 5629 3306 5696 diligerent.
3360 5626 3512 5685 Hanc

1930 5699 2078 5753 enim
2105 5713 2228 5754 esse
2251 5713 2434 5754 veram
2463 5705 2648 5752 notam
2673 5695 3061 5766 discipulorum
3087 5695 3300 5754 Domini
3316 5738 3330 5761 ,
3355 5700 3400 5753 si
3429 5700 3512 5753 di-

1931 5767 2220 5823 lectionem
2245 5767 2482 5823 habeant
2505 5766 2825 5822 adinvicem.
2861 5766 2972 5820 Hoc
3000 5767 3099 5822 fuit
3125 5783 3320 5823 novum
3349 5777 3403 5823 et
3432 5768 3514 5821 ul-

1933 5839 2126 5893 timum
2153 5838 2465 5898 mandatum
2489 5834 2691 5891 Christi
2722 5835 2952 5889 Domini.
