3930 6318
471 325 580 384 2ἕὲ9

1447 319 1501 378 S.
1542 322 1891 380 AGOBARDI
1931 321 2242 380 EPlSCOPl
2284 325 2778 385 LUGDUNENSIS

3661 340 3763 397 260

472 441 792 507 audientes;
833 446 1037 509 quanto
1073 436 1245 508 magis
1289 436 1564 491 contentio
1605 452 1862 491 manuum
1897 443 1951 490 et
1979 451 2067 490 ar—
2091 436 2147 497 A
2241 435 2372 492 Haec
2401 442 2538 494 enim
2581 445 2759 497 omnia
2789 444 2836 497 si
2881 445 3141 500 vobiscum
3185 448 3360 502 adsint
3406 459 3456 503 et
3495 466 3764 522 superent,

473 532 724 588 morum?
1323 594 1332 606 λ

541 621 660 677 Νοη
691 635 858 675 unum
897 635 1033 690 opus
1068 633 1327 690 pravum,
1371 624 1465 671 aut
1505 632 1635 688 pars
1671 631 1932 685 operum,
1975 616 2068 672 sed

470 727 633 769 omne
658 727 815 782 opus,
849 712 990 767 sicut
1017 719 1073 765 et
1111 710 1314 764 Paulus
1339 709 1577 764 ostendit
1604 724 1618 761 :
1652 707 1750 762 His
1777 718 1953 763 autem
1980 709 2069 780 qui

470 818 536 856 ea:
559 803 907 866 contentione,
932 811 979 855 et
1003 802 1091 861 qui
1115 817 1220 854 non
1243 801 1575 870 acquiescant
1601 799 1826 862 veritati,
1851 799 2070 853 credunt

471 902 646 946 autem
673 894 963 962 iniquitati,
994 892 1076 945 ira
1107 900 1155 944 et
1185 891 1507 960 indignatio,
1537 889 1804 943 tribulatio
1831 899 1879 943 et
1903 906 2069 960 angu-

470 984 572 1038 stia
599 985 654 1037 in
679 1000 883 1036 onmem
911 983 1145 1036 animam
1174 980 1399 1033 hominis
1430 980 1693 1049 aperantis
1723 978 1940 1032 malum.

543 1072 674 1139 Qua:
700 1082 874 1127 autem
901 1073 1177 1127 desursum
1204 1079 1279 1125 est
1301 1071 1582 1140 sapientia,
1606 1071 1833 1140 primum
1860 1068 2071 1139 quidem

469 1167 663 1238 pudica
692 1175 791 1231 est,
818 1166 1006 1219 deinde
1034 1165 1275 1236 pacifica,
1307 1163 1565 1227 modesta,
1596 1161 1888 1227 suadibilis,
1923 1162 2069 1215 bonis

469 1259 817 1321 consentiens,
865 1257 1020 1327 plena
1063 1255 1459 1319 misericordiae,
1506 1262 1554 1306 et
1597 1252 1854 1321 fructibus
1898 1252 2067 1316 bonis,

461 1347 714 1419 judicans
739 1350 852 1402 sine
880 1345 1239 1400 simulatione.
1284 1344 1517 1398 Fructus
1548 1354 1723 1398 autem
1755 1344 1980 1412 justitiae
2014 1345 2070 1396 in

467 1457 596 1511 pace
624 1441 916 1493 seminatur
945 1437 1260 1508 facientibus
1290 1452 1491 1506 pacem.

540 1531 842 1602 Perpende,
871 1545 904 1584 o
925 1528 1116 1598 judex,
1146 1528 1273 1597 quia
1303 1527 1396 1580 illa
1427 1525 1693 1596 sapientia
1722 1541 1843 1595 quae
1863 1525 2070 1594 judicat

467 1620 585 1677 sine
629 1620 1007 1683 simulatione,
1061 1618 1183 1674 dolo
1235 1627 1292 1672 et
1340 1617 1562 1681 fraude,
1612 1617 1841 1688 paciﬁca
1886 1625 1973 1672 est
2016 1625 2071 1671 et

464 1711 625 1784 plena
653 1711 1062 1766 misericordiae.

2172 541 2278 580 non
2305 544 2494 585 vacuos
2531 549 2624 586 nec
2652 534 2762 588 sine
2800 534 2977 603 fructu
3005 554 3091 592 vos
3118 541 3434 596 constituent
3463 543 3518 596 in
3553 543 3767 604 Domini

2171 621 2336 673 nostri
2359 619 2488 675 Iesu
2514 622 2710 678 Christi
2735 628 3099 695 cognitionem.
3131 629 3230 684 Cui
3257 633 3394 687 enim
3435 651 3540 688 non
3576 648 3769 706 praesto

2170 722 2292 767 sunt
2319 715 2452 781 haec,
2481 723 2647 770 ctecus
2676 727 2769 784 est,
2799 728 2848 771 et
2874 735 3035 773 manu
3071 729 3299 789 tentans,
3328 724 3646 780 oblivionem
3674 743 3767 782 ac-

2171 805 2385 873 cipiens,
2429 809 2791 875 purgationem
2817 819 3044 862 veterum
3085 828 3302 866 suorum
3332 814 3669 870 delictorum.
3703 817 3770 872 In

2169 893 2266 946 hoc
2293 895 2557 963 manifesti
2595 907 2716 950 sunt
2753 897 2853 965 ﬁlii
2877 898 2977 952 Dei
3002 909 3050 953 et
3077 901 3176 968 ﬁlii
3202 903 3418 958 diaboli.
3465 904 3654 960 Omnis
3679 910 3770 978 qui

2171 1002 2274 1038 non
2303 996 2377 1040 est
2410 987 2609 1056 justus,
2636 1005 2739 1042 non
2765 999 2839 1043 est
2864 990 2926 1044 de
2957 990 3104 1056 Deo;
3134 1002 3180 1045 et
3209 995 3298 1064 qui
3325 1011 3427 1048 non
3450 997 3622 1066 diligit
3653 998 3769 1066 fra-

2170 1086 2301 1130 trem
2327 1093 2479 1130 suum
2510 1091 2528 1127 :
2560 1079 2808 1148 quoniam
2847 1080 2957 1133 haec
2986 1089 3061 1134 est
3091 1085 3446 1149 annuntiatio,
3479 1104 3640 1156 quam
3670 1105 3767 1141 aut

2171 1169 2319 1223 distis
2360 1170 2423 1223 ab
2453 1170 2625 1234 initio,
2670 1180 2725 1223 ut
2761 1171 3044 1241 diligamus
3087 1172 3421 1228 alterutrum.
3470 1176 3596 1230 Non
3636 1179 3770 1231 sicut

2172 1259 2328 1325 Cain,
2370 1260 2461 1329 qui
2501 1276 2564 1313 ea:
2607 1260 2840 1330 maligno
2865 1273 2999 1327 erat,
3034 1272 3081 1317 et
3123 1265 3310 1318 occidit
3343 1265 3564 1332 fratrem
3591 1284 3767 1323 suum.

2171 1350 2241 1403 Et
2281 1361 2492 1420 propter
2534 1352 2661 1422 quid
2708 1353 2897 1406 occidit
2938 1356 3098 1436 eum?
3141 1354 3404 1420 Quoniam
3450 1377 3608 1427 opera
3657 1361 3770 1429 ejus

2171 1443 2405 1512 maligna
2434 1452 2618 1505 erant;
2668 1445 2853 1513 fratris
2893 1456 3068 1500 autem
3095 1448 3210 1516 ejus
3246 1449 3418 1517 justa.
3453 1449 3638 1504 Nolite
3673 1453 3771 1504 mi-

2171 1534 2300 1596 rari,
2326 1534 2538 1602 fratres,
2562 1537 2607 1588 si
2630 1536 2738 1589 odit
2761 1553 2847 1590 vos
2875 1539 3124 1591 mundus.
3157 1538 3209 1592 Ν
3216 1557 3270 1593 os
3297 1542 3489 1594 scimus
3518 1543 3771 1611 quoniam

2169 1624 2416 1678 translati
2441 1643 2620 1680 sumus
2645 1627 2708 1681 de
2733 1639 2897 1681 morte
2926 1630 2982 1683 in
3009 1632 3188 1694 vitam,
3219 1634 3466 1703 quoniam
3500 1633 3771 1703 diligimus

2171 1716 2382 1787 fratres.
2419 1717 2523 1783 Qui
2556 1735 2658 1772 non
2701 1719 2873 1789 diligit
2903 1721 3122 1790 fratrem
3169 1740 3346 1788 suum,
3375 1725 3644 1778 homicida
3675 1735 3768 1779 est.

538 1823 690 1880 Unde
720 1823 854 1878 bella
884 1833 933 1878 ει
971 1825 1087 1878 tite;
1125 1824 1180 1877 ίη
1208 1823 1350 1877 vobis
1370 1824 1395 1876 ξ)
1428 1822 1620 1877 Nonne
1656 1822 1818 1876 hinc?
1853 1838 1918 1875 επ
1944 1838 2068 1876 con.
2092 1803 2140 1864 B
2169 1806 2240 1860 Et
2284 1808 2430 1860 scitis
2459 1809 2703 1879 quoniam
2737 1811 2903 1863 omnis
2948 1811 3213 1865 homicida
3261 1830 3366 1867 non
3411 1815 3565 1867 habet
3611 1817 3771 1869 vitam

464 1917 797 1988 cupiscentiis
828 1917 1031 1981 vestris,
1063 1932 1180 1987 qua:
1210 1915 1440 1968 militant
1482 1915 1538 1968 in
1575 1914 1819 1967 membris
1847 1914 2072 1968 vestris?

466 2006 873 2079 Concupiscitis,
920 2017 967 2062 et
1015 2025 1118 2062 non
1165 2007 1366 2062 habetis
1400 2021 1417 2058 :
1450 2006 1710 2070 occiditis,
1751 2017 1804 2059 .et
1851 2004 2069 2071 zelatis;

465 2116 571 2155 non
601 2100 817 2170 potestis
849 2098 1071 2169 adipisci
1098 2112 1116 2150 :
1149 2097 1388 2168 litigatis,
1432 2105 1478 2149 et
1521 2095 1858 2166 belligeratis,
1889 2104 1935 2149 et
1967 2112 2070 2150 non

464 2195 687 2259 habetis,
719 2204 930 2264 propter
967 2193 1106 2265 quod
1137 2209 1241 2246 non
1278 2189 1604 2262 postulastis.
1643 2187 1849 2251 Petitis,
1884 2198 1932 2242 et
1965 2204 2070 2241 non

467 2286 738 2355 accipitis;
768 2300 827 2338 eo
857 2283 996 2355 quod
1026 2282 1163 2337 male
1188 2282 1378 2351 petatis
1410 2295 1427 2332 :
1459 2290 1518 2334 ut
1542 2282 1598 2334 in
1639 2278 2068 2349 concupiscentiis

467 2378 648 2432 vestris
675 2376 978 2429 insumatis.
1011 2373 1274 2437 Adulteri,
1320 2372 1527 2426 nescitis
1555 2371 1677 2442 quia
1708 2371 1941 2424 amicitia
1971 2369 2073 2422 hu-

454 2467 718 2538 iusmodi,
752 2465 969 2519 inimica
1001 2476 1076 2518 est
1103 2463 1245 2516 Dei?

536 2557 690 2614 Unde
718 2557 829 2611 sint
856 2556 996 2610 bella
1025 2564 1079 2609 et
1104 2555 1249 2619 lites,
1279 2562 1467 2623 aperte
1492 2553 1581 2607 hic
1608 2552 1931 2606 ostenditur.

539 2649 851 2720 Quicunque
876 2667 998 2720 ergo
1029 2648 1254 2703 voluerit
1293 2650 1494 2702 amicus
1520 2664 1629 2702 esse
1670 2646 1850 2701 swculi
1884 2647 2061 2715 hujus,

465 2741 711 2797 inimicus
735 2741 834 2795 Dei
873 2741 1228 2795 constituitur.
1265 2741 1414 2810 Agite
1445 2757 1600 2804 nunc,
1631 2739 1837 2803 divites,
1866 2737 2072 2808 plorate

465 2833 727 2891 ululantes
755 2835 810 2888 in
837 2834 1059 2887 miseriis
1089 2849 1206 2904 qua:
1233 2833 1508 2885 advenient
1537 2831 1697 2886 vobis.

535 2942 670 2999 Cum
703 2959 810 2998 non
844 2943 1008 3006 dicat,
1048 2941 1356 3012 Quicunque
1385 2949 1482 3005 est,
1516 2941 1610 2994 sed
1644 2939 1954 3009 Quicunque
1982 2957 2070 2993 vo-

464 3033 623 3089 luerit
671 3035 873 3086 amicus
920 3049 1030 3086 esse
1076 3031 1257 3086 sceculi
1304 3031 1486 3100 hujus,
1535 3039 1787 3100 patenter
1836 3031 2070 3084 ostendit

464 3127 591 3194 quia
619 3125 808 3179 eodem
834 3123 1001 3177 modo
1033 3139 1140 3192 quo
1166 3122 1427 3176 Dominus
1460 3121 1763 3176 adulterum
1791 3136 1910 3175 esse
1941 3135 2067 3188 pro-

467 3218 679 3275 nuntiat
707 3217 759 3269 in
787 3215 1098 3284 Evangelio.
1127 3214 1215 3284 qui
1242 3213 1427 3266 viderit
1468 3211 1739 3265 mulierem
1776 3213 1842 3264 ad
1877 3227 2067 3263 concu-
2093 3183 2139 3246 Ο

465 3306 773 3378 piscenduus
801 3322 950 3368 eam,
986 3305 1106 3374 jam
1132 3305 1416 3356 moechatus
1444 3312 1518 3356 est
1544 3318 1661 3354 eam
1687 3302 1741 3354 in
1769 3302 1922 3355 corde
1948 3318 2066 3368 suo,

465 3399 678 3454 etiamsi
718 3399 785 3452 ad
826 3397 1190 3466 espletionem
1225 3396 1409 3466 operis
1450 3394 1642 3448 nefarii
1675 3409 1779 3448 non
1810 3409 2071 3462 pervene-

466 3490 559 3555 rit,
599 3489 907 3558 quicunque
951 3487 1061 3540 vult
1101 3487 1310 3540 amicus
1347 3500 1466 3540 esse
1511 3483 1692 3538 szeculi
1736 3481 1916 3550 hujus,
1953 3480 2070 3550 jam

466 3581 679 3636 adulter
706 3589 810 3644 est,
837 3579 1051 3632 etiamsi
1081 3593 1187 3631 non
1213 3577 1524 3648 pervenerit
1552 3575 1620 3629 ad
1651 3575 1884 3628 honores
1908 3583 1962 3628 et
1991 3575 2070 3629 di-

467 3675 629 3730 vitias
656 3673 859 3735 smculi,
884 3673 1025 3726 sicut
1051 3679 1105 3724 et
1129 3669 1406 3739 apostolus
1431 3667 1628 3721 Paulus
1653 3683 1759 3721 non
1787 3666 1890 3732 Qui
1912 3665 2067 3734 ﬁunt,

467 3768 665 3846 inquit,
697 3766 790 3820 sed
821 3764 924 3830 Qui
951 3762 1126 3818 volunt
1153 3763 1336 3817 divites
1366 3761 1505 3830 fieri,
1534 3759 1772 3813 incidunt
1819 3759 1873 3812 in
1900 3769 2072 3812 tenta-

466 3861 662 3914 tionem
687 3867 735 3912 et
761 3858 1005 3927 laqueum
1035 3854 1255 3919 diaboli,
1286 3869 1350 3908 ac
1377 3868 1476 3924 per
1499 3853 1604 3907 hoc
1629 3849 1939 3905 elﬁciuntur
1970 3850 2071 3904 ini-

469 3951 600 4007 mici
628 3948 746 4004 Dei.

542 4062 735 4118 Melius
779 4072 852 4116 est
880 4079 1017 4117 enim
1048 4063 1425 4131 oenefacientes
1458 4062 1525 4131 (si
1547 4060 1663 4115 velit
1684 4058 1925 4115 voluntas
1949 4058 2068 4130 Dei)

467 4154 601 4226 pati,
632 4169 791 4225 quam
819 4151 1230 4222 malefacientes.

541 4266 667 4322 Haec
708 4265 976 4321 sententia
1018 4264 1358 4319 demonstrat
1395 4271 1450 4317 et
1487 4261 1891 4316 benefacientes
1930 4260 2071 4313 mala

472 4357 632 4426 hujus
663 4356 843 4411 saeculi
880 4355 1012 4425 pati,
1045 4369 1152 4409 non
1180 4362 1388 4418 autem,
1409 4360 1470 4406 ut
1503 4353 1749 4422 plerique
1775 4351 2070 4415 aestimant,

474 4448 617 4504 solos
647 4447 786 4501 mala
819 4447 1099 4501 facientes.

2170 1905 2422 1950 veternum
2449 1898 2504 1950 in
2532 1914 2586 1950 se
2617 1909 2929 1952 manentem.
2964 1899 3030 1952 In
3057 1901 3154 1954 hoc
3181 1903 3513 1971 cognovimus
3540 1904 3773 1957 charito-

2169 1996 2272 2040 tem
2297 1985 2417 2053 Dei,
2445 1989 2693 2058 quoniam
2717 1987 2806 2042 ille
2831 2006 2926 2058 pro
2956 1990 3102 2044 nobis
3131 1993 3366 2046 animam
3391 2010 3544 2047 suam
3571 1995 3770 2065 posuit,

2169 2085 2216 2130 et
2244 2093 2337 2132 nos
2367 2078 2610 2133 debemus
2639 2097 2733 2150 pro
2761 2080 3016 2149 fratribus
3043 2099 3252 2154 ponere.

2239 2185 2440 2256 Aperte
2461 2183 2552 2243 hic
2572 2190 2811 2244 ostendit
2838 2190 3132 2260 Apostolus
3155 2194 3283 2263 quia
3313 2196 3397 2249 cui
3428 2196 3513 2250 ha:
3541 2197 3772 2253 virtutes

2170 2282 2400 2348 adSunt,
2443 2298 2551 2337 non
2590 2293 2673 2338 est
2710 2284 3098 2354 infructuosus,
3140 2298 3194 2343 et
3233 2305 3465 2356 vacuus;
3511 2294 3603 2347 cui
3644 2309 3774 2350 vero

2168 2387 2277 2426 non
2309 2370 2523 2436 adsunt,
2551 2387 2727 2428 cmcus
2755 2383 2857 2439 est,
2889 2384 2944 2429 et
2971 2376 3026 2429 in
3056 2378 3293 2433 tenebris
3316 2381 3622 2437 ambulans.

2239 2479 2541 2535 Benedicite
2576 2484 3000 2553 persequentibus
3030 2502 3149 2550 vos;
3182 2486 3486 2554 benedic’ite,
3523 2500 3573 2543 et
3613 2491 3774 2545 nolite

2168 2570 2496 2627 maledicere.
2519 2569 2560 2625 ϐ
2570 2571 2754 2625 audete
2778 2589 2894 2624 cum
2915 2573 3283 2643 gaudentibus,
3311 2577 3429 2644 flete
3451 2595 3572 2631 cum
3591 2581 3742 2649 ﬂenti
3757 2609 3773 2621 -

2170 2661 2284 2714 bus.
2325 2661 2390 2714 Id
2423 2661 2592 2732 ipsum
2634 2662 2850 2715 invicem
2881 2665 3180 2730 sentientes,
3217 2683 3320 2720 non
3348 2667 3456 2720 alta
3483 2670 3771 2738 sapientes,

2169 2756 2259 2809 sed
2314 2756 2598 2810 humilibus
2651 2756 3046 2812 consentientes.
3096 2759 3276 2815 Nolite
3332 2780 3440 2817 esse
3487 2765 3774 2834 prudentes

2170 2849 2312 2920 apud
2343 2852 2699 2920 vosmetipsos,
2731 2851 2863 2906 nulli
2908 2853 3107 2906 malum
3150 2871 3244 2924 pro
3273 2855 3413 2909 malo
3457 2858 3774 2925 reddentes;

2171 2940 2498 3009 providentes
2529 2942 2684 3006 bona,
2714 2959 2817 2995 non
2850 2951 3051 2996 tantum
3095 2959 3272 2997 coram
3313 2945 3444 3010 Deo,
3492 2948 3585 3000 sed
3611 2942 3775 3003 etiam

2173 3045 2351 3082 coram
2375 3031 2612 3083 omnibus
2635 3030 2930 3085 hominibus
2955 3033 3001 3086 si
3022 3033 3138 3102 ﬁeri
3161 3044 3351 3103 potest,
3379 3023 3518 3106 quod
3544 3055 3609 3091 ea:
3633 3040 3776 3095 vobis

2171 3129 2268 3186 est,
2315 3137 2435 3174 cum
2479 3123 2716 3175 omnibus
2763 3124 3059 3178 hominibus
3108 3143 3289 3195 pacem
3339 3128 3584 3183 habentes
3616 3145 3635 3182 :
3669 3149 3776 3186 non

2170 3214 2507 3280 vosmetipsos
2546 3212 2900 3282 defendentes,
2947 3216 3263 3280 citatissimi,
3305 3220 3394 3271 sed
3434 3221 3557 3274 date
3597 3221 3777 3277 locum

2169 3303 2283 3355 iraa.
2326 3301 2589 3371 Scriptum
2616 3312 2691 3356 est
2733 3307 2916 3359 enim:
2950 3305 3081 3359 Mihi
3122 3307 3437 3375 vindictam;
3481 3327 3575 3380 ego
3619 3312 3779 3366 retri-

2170 3393 2346 3456 buam,
2383 3393 2510 3445 dicit
2541 3393 2821 3448 Dominus.
2857 3394 2959 3449 Sed
2988 3398 3032 3450 si
3061 3399 3303 3452 esurierit
3346 3400 3592 3454 inimicus
3622 3412 3775 3465 tuus.

2170 3486 2284 3538 ciba
2312 3485 2462 3538 illum
2492 3500 2508 3537 .'
2540 3487 2585 3540 si
2613 3487 2743 3551 sitit,
2771 3497 2949 3557 potum
2979 3489 3048 3541 da
3091 3489 3190 3542 illi.
3236 3489 3352 3544 Hoc
3378 3494 3514 3545 enim
3543 3493 3775 3561 faciens,

2170 3575 2420 3629 carbones
2455 3578 2589 3647 ignis
2613 3594 2856 3648 congeres
2882 3596 3038 3649 super
3063 3591 3221 3649 caput
3250 3599 3390 3652 ejus.
3423 3583 3550 3636 Noli
3577 3587 3716 3640 vinci
3738 3605 3778 3642 ο

2170 3667 2327 3729 malo,
2374 3667 2464 3720 sed
2508 3667 2652 3721 vince
2693 3669 2749 3721 in
2791 3669 2922 3722 bona
2961 3669 3178 3724 malum.
3224 3671 3423 3742 Diliges
3467 3677 3775 3744 proximum

2170 3765 2598 3827 tuumtanquam
2635 3758 2877 3829 teipsum.
2916 3759 3135 3814 Dilectio
3165 3763 3391 3830 proximi
3431 3764 3631 3818 malum
3661 3783 3774 3823 nou

2171 3860 2436 3920 operatur.
2471 3850 2749 3905 Plenitudo
2777 3868 2898 3922 ergo
2928 3851 3056 3922 legis
3081 3864 3154 3907 est
3180 3853 3409 3908 dilectio.

2240 3961 2359 4016 Non
2401 3962 2574 4017 solum
2614 3966 2868 4034 persequi
2907 3979 3292 4038 persequentes
3332 3988 3440 4027 non
3481 3973 3773 4040 debemus,

2171 4053 2264 4108 sed
2292 4069 2469 4125 neque
2496 4057 2850 4125 maledicere,
2886 4065 2981 4116 sed
3008 4077 3038 4116 e
3062 4065 3359 4132 contrario,
3386 4080 3453 4120 ex
3482 4068 3643 4123 corde
3672 4068 3775 4125 be-

2171 4143 2443 4199 nedicere.

2247 4259 2338 4311 Vae
2377 4259 2578 4313 mundo
2620 4261 2687 4314 ab
2728 4262 3026 4319 scandalis!
3075 4264 3264 4336 Magna
3291 4269 3506 4326 caecitas
3542 4279 3596 4327 et
3633 4287 3777 4344 pro-

2175 4347 2340 4401 funda
2373 4347 2619 4403 miseria!
2657 4349 2899 4405 Nondum
2937 4357 3288 4423 cognovimus
3319 4360 3625 4428 proximum
3668 4378 3776 4419 no-

2177 4439 2262 4493 bis
2289 4438 2488 4493 malum
2520 4439 2740 4506 fecisse;
2770 4452 2825 4496 et
2854 4452 3039 4500 nostro
3065 4447 3207 4502 malo
3234 4464 3493 4505 conamur
3517 4467 3639 4507 eum
3670 4457 3769 4525 qui

545 4561 727 4618 Estote
766 4562 940 4630 itaque
976 4559 1256 4630 prudentes
1296 4567 1344 4611 et
1382 4557 1593 4627 vigilate
1630 4559 1685 4611 in
1720 4557 2062 4612 orationibus.
2093 4519 2146 4578 D
2174 4530 2314 4586 forte
2340 4532 2600 4592 innocens
2626 4543 2710 4589 θδί
2737 4535 3140 4593 ωδιθῖθειοτθιη
3165 4542 3469 4598 ostendere.

474 4650 607 4705 Ante
652 4651 853 4714 omnia,
905 4659 1143 4722 mutuam
1210 4648 1268 4701 in
1337 4646 1712 4716 vobismetipsis
1759 4646 2070 4700 charitatem

475 4743 779 4796 continuam
807 4739 1054 4793 habentes
1082 4752 1098 4789 :
1129 4739 1253 4806 quia
1293 4737 1522 4791 charitas
1564 4738 1727 4806 operit
1769 4735 2067 4789 multitudi-

477 4847 592 4885 nem
627 4839 978 4900 peccatorum.
1029 4826 1130 4881 Vos
1161 4835 1334 4880 autem
1375 4842 1556 4879 curam
1594 4842 1794 4879 omnem
1834 4825 2067 4893 subinfe-

478 4930 668 4985 rentes,
699 4918 992 4972 ministrate
1037 4917 1093 4970 in
1133 4917 1237 4985 fide
1283 4926 1453 4969 vestra
1484 4917 1745 4979 virtutem,
1790 4916 1844 4968 in
1887 4916 2070 4968 virtute

478 5018 654 5062 autem
695 5007 985 5070 scientiam,
1027 5006 1083 5058 in
1111 5005 1329 5058 scientia
1371 5014 1544 5057 autem
1590 5005 1980 5067 abstinentiam,
2016 5003 2072 5055 in

478 5097 792 5153 abstinentia
821 5104 994 5148 autem
1021 5095 1347 5170 patientiam,
1392 5095 1447 5146 in
1473 5095 1726 5163 patientia
1759 5104 1930 5148 autem
1959 5094 2069 5163 pie-

479 5199 662 5253 tatem,
685 5191 741 5241 in
760 5190 950 5258 pietate
973 5196 1146 5240 autem
1170 5202 1401 5240 amorem
1428 5185 1795 5255 fraternitatis,
1818 5188 1873 5239 in
1895 5202 2072 5240 amore

479 5292 655 5337 autem
682 5281 1029 5350 fraternitatis
1058 5281 1387 5333 charitatem.

553 5371 668 5426 Non
695 5372 858 5427 habet
879 5370 1194 5424 continuam
1215 5369 1536 5422 charitatem
1559 5368 1647 5435 qui
1671 5368 1931 5422 adversus
1952 5383 2073 5438 pro-

482 5462 688 5516 ximum
718 5461 999 5530 consurgit
1030 5459 1097 5513 ad
1127 5457 1603 5526 congrediendum.
1639 5455 1745 5511 Sed
1774 5466 1828 5511 et
1854 5458 1960 5512 hoc
1982 5473 2075 5512 no-

484 5551 705 5605 tandum
733 5550 859 5619 quia
882 5550 927 5604 si
947 5548 1187 5604 charitas
1207 5547 1384 5616 operit
1408 5545 1807 5600 multitudinem
1830 5554 2075 5616 peccato-

483 5656 602 5697 rum
622 5681 636 5708 ,
664 5642 797 5698 rixa:
825 5649 882 5697 et
908 5639 1284 5698 contentiones
1312 5636 1590 5693 cumulant
1616 5637 1825 5707 copiam
1852 5635 2076 5705 ﬂagitio-

483 5748 620 5789 rum.

2247 4645 2366 4701 Non
2395 4648 2568 4703 solum
2594 4648 2785 4706 ﬂentes
2809 4649 2988 4706 facere
3016 4668 3121 4706 non
3151 4654 3435 4722 debemus;
3467 4657 3559 4712 sed
3583 4672 3612 4712 e
3633 4673 3774 4714 cou-

2175 4739 2368 4802 trario,
2410 4754 2759 4810 quoscunque
2786 4740 2976 4798 ﬂentes
3005 4744 3323 4812 viderimus,
3353 4745 3482 4802 ﬂere
3521 4763 3645 4804 cum
3685 4750 3772 4807 eis

2175 4841 2228 4887 et
2255 4831 2356 4901 ipsi
2385 4830 2664 4888 debemus.

2253 4947 2506 5002 Debemus
2537 4957 2712 5002 autem
2742 4965 2835 5003 nos
2878 4949 3136 5018 firmiores
3179 4953 3585 5009 imbecillitatem
3612 4956 3776 5027 inﬁr-

2178 5056 2382 5096 morum
2410 5043 2684 5107 sustinere,
2733 5051 2780 5095 et
2825 5059 2929 5096 non
2958 5044 3103 5098 nobis
3146 5044 3368 5113 placere.
3399 5044 3778 5120 Unusquisque

2177 5137 2418 5206 proximo
2441 5151 2537 5188 suo
2577 5133 2780 5203 placeat
2810 5135 2863 5187 in
2890 5133 3078 5188 bonum
3124 5135 3193 5188 ad
3218 5137 3635 5206 cediﬁcationem.
3671 5139 3772 5195 Et-

2178 5226 2318 5280 enim
2338 5222 2578 5278 Christus
2602 5241 2704 5277 non
2728 5222 2827 5276 sibi
2850 5221 3082 5292 placuit;
3111 5224 3201 5278 sed
3227 5226 3361 5278 sicut
3382 5226 3633 5294 scriptum
3657 5237 3774 5290 est;

2180 5315 2509 5385 Improperia
2536 5315 2998 5384 imprOperantium
3025 5315 3118 5367 tibi
3155 5315 3451 5369 ceciderunt
3477 5333 3634 5387 super
3665 5336 3772 5375 πω,

2178 5404 2519 5475 Quaecunque
2543 5405 2680 5457 enim
2710 5404 2902 5474 scripta
2941 5415 3080 5471 sunt,
3113 5405 3184 5459 ad
3209 5416 3441 5461 nostram
3471 5407 3776 5466 doctrinam

2175 5501 2370 5568 scripta
2396 5506 2552 5563 sunt;
2577 5507 2635 5551 ut
2659 5514 2751 5566 per
2773 5498 3083 5567 patientiam
3107 5508 3155 5551 et
3181 5497 3594 5556 consolationem
3627 5499 3774 5556 Scri-

2173 5602 2452 5664 pturarum
2480 5607 2623 5658 spem
2652 5590 2955 5646 habeamus.

2249 5704 2365 5759 Non
2391 5705 2474 5759 vis
2495 5705 2544 5760 ei
2573 5704 2626 5758 in
2655 5705 2852 5758 bonum
2878 5704 3110 5776 placere,
3138 5715 3326 5760 contra
3355 5720 3517 5775 quem
3552 5716 3774 5762 exserto
