3930 6334
181 368 278 424 261

1242 374 1446 432 LIBER
1486 375 1772 434 CONTRA
1813 371 2138 429 JUDlClUM
2177 372 2308 426 DEI.

3358 373 3469 430 26!

177 487 404 548 brachio
428 485 665 558 gladium
685 490 921 556 vibrans,
951 501 1043 547 aut
1069 505 1093 532 ι
1127 503 1396 548 malarum
1422 504 1637 560 tenens,
1664 501 1778 547 stas
1807 495 1858 555 Α
1882 487 2196 554 occidendo,
2226 495 2318 541 aut
2346 488 2581 542 caedibus
2607 489 3021 556 prosternendo,
3054 490 3140 544 cui
3168 491 3320 555 vivit,
3350 493 3476 557 sibi,

175 585 400 646 paratus
426 576 494 630 ad
524 575 836 632 caedendum
868 588 980 635 tam
1012 584 1291 648 atrociter,
1320 591 1379 636 ut
1405 584 1551 637 omni
1580 583 1782 637 virtute

175 670 413 725 nudatus
442 672 496 724 in
524 678 723 725 terram
751 681 1146 742 prosternatur,
1171 684 1227 729 et
1250 690 1308 729 se
1339 689 1490 728 reum
1519 672 1778 736 fateatur,

175 761 389 816 etiamsi
422 777 528 816 non
557 763 648 817 sit.

246 853 390 907 Deus
422 863 596 906 autem
631 855 898 924 patientia:
935 865 985 911 et
1028 857 1206 912 solatii
1250 859 1335 912 det
1379 859 1523 912 vobis
1552 857 1780 927 idipsum

172 963 360 1016 sapere
402 947 458 999 in
505 946 815 1000 alterutrum
846 949 1135 1003 secundum
1175 949 1358 1004 Iesum
1402 948 1692 1014 Christum,
1723 957 1778 1002 ut

171 1037 453 1091 unanimes
483 1054 588 1091 uno
627 1054 716 1091 ore
753 1039 1111 1098 honori/icetis
1143 1040 1307 1095 Deum
1340 1052 1387 1096 et
1421 1042 1637 1096 Patrem
1663 1041 1776 1095 Do-

172 1128 306 1181 mini
339 1128 505 1181 nostri
544 1128 674 1182 Jesu
699 1128 915 1183 Christi.
951 1129 1177 1200 PrOpter
1199 1133 1340 1202 quod
1369 1133 1616 1203 suscipite
1641 1133 1775 1186 invi-

171 1230 308 1279 cem,
336 1217 468 1269 sicut
497 1227 545 1270 et
569 1215 809 1271 Christus
839 1221 1064 1289 suscepit
1090 1238 1175 1274 vos
1198 1222 1252 1274 in
1277 1223 1524 1276 honorem
1551 1221 1670 1274 Dei.

246 1305 352 1362 Ubi
383 1307 659 1361 contraria
690 1307 789 1361 sibi
821 1309 1068 1364 homines
1098 1325 1223 1377 ore,
1259 1313 1311 1366 id
1336 1320 1419 1366 est
1443 1314 1652 1375 verbis,
1682 1329 1777 1382 op-

169 1405 385 1467 ponunt
437 1398 909 1462 contentionibus,
959 1401 1032 1454 ibi
1084 1403 1416 1456 unanimitas
1470 1405 1773 1457 animorum

168 1501 296 1542 esse
324 1502 432 1540 non
462 1496 661 1556 potest,
693 1503 757 1542 ac
788 1504 883 1557 per
912 1490 1014 1544 hoc
1042 1506 1072 1543 a
1099 1490 1297 1546 talibus
1322 1507 1430 1546 non
1460 1490 1776 1546 honoriﬁca-

170 1587 264 1633 tur
293 1579 458 1644 Deus,
488 1579 580 1634 sed
609 1595 822 1649 semper
845 1581 1225 1636 inhonoratur.

245 1667 496 1724 Charitas
549 1672 752 1740 patiens
806 1682 910 1735 est,
962 1674 1187 1745 benigna
1232 1685 1328 1730 est.
1381 1675 1628 1731 Charitas
1673 1694 1775 1731 non

170 1757 484 1823 cmulatur,
529 1777 631 1814 non
663 1762 769 1830 agit
812 1779 1108 1832 perperam,
1152 1782 1255 1818 non
1297 1768 1534 1836 inﬂatur,
1568 1783 1671 1820 non
1699 1776 1774 1820 est

1883 593 1952 632 an
1982 578 2214 644 diabolo,
2249 592 2371 632 cum
2403 587 2610 632 certum
2642 579 2714 632 sit
2741 594 2864 633 eum
2892 578 3114 634 Christo
3139 596 3246 634 non
3276 582 3479 639 vivere.

1957 667 2193 733 Fratres,
2220 669 2463 738 gaudete,
2492 669 2708 738 perfecti
2735 679 2915 735 estote,
2942 672 3316 732 exhortamini.
3343 673 3482 727 idem

1880 759 2070 828 sapite,
2105 775 2284 828 pacem
2324 758 2536 822 habete;
2569 767 2617 811 et
2644 759 2785 813 Deus
2815 760 3106 815 dilectionis
3134 773 3180 815 et
3211 763 3356 832 pacis
3383 764 3482 816 erit

1879 846 2169 901 vobiscum.
2218 847 2401 901 Omnis
2440 848 2762 913 amaritudo,
2798 859 2845 902 et
2875 851 2979 914 ira,
3011 862 3058 904 et
3088 852 3400 922 indignatio,
3432 861 3483 908 et

1879 932 2100 998 clamor,
2131 945 2177 987 et
2206 933 2528 1004 blasphemia
2557 935 2775 987 tollatur
2800 953 2832 988 α
2860 937 3017 1000 vobis,
3050 954 3166 989 cum
3197 939 3337 991 omni
3368 955 3485 993 ma-

1879 1022 2016 1076 litia.
2052 1023 2234 1078 Estote
2264 1036 2436 1077 autem
2467 1025 2686 1077 invicem
2715 1025 2940 1094 benigni,
2972 1028 3355 1094 misericordes,
3386 1029 3485 1084 do-

1879 1123 2062 1166 nantes
2091 1115 2334 1178 invicem,
2363 1115 2496 1167 sicut
2523 1125 2570 1166 et
2602 1115 2742 1168 Deus
2771 1115 2981 1170 donavit
3014 1117 3180 1171 nobis.

1949 1203 2322 1258 Perfectorum
2354 1213 2440 1258 est
2476 1205 2647 1270 idem,
2690 1206 2742 1260 id
2771 1214 2855 1260 est
2889 1223 3056 1260 unum
3078 1248 3092 1272 ,
3127 1224 3232 1263 non
3263 1208 3480 1263 diversa

1879 1302 1935 1349 et
1962 1296 2189 1350 adversa
2221 1311 2431 1365 sapere,
2465 1305 2521 1350 et
2550 1297 2752 1352 idcirco
2780 1314 2969 1368 pacem
2997 1300 3218 1354 habere.
3253 1300 3354 1366 Qui
3386 1317 3478 1355 au-

1877 1392 1983 1438 tem
2021 1386 2298 1439 contraria
2345 1394 2513 1456 agunt
2552 1388 2779 1442 rixando
2824 1396 2880 1442 et
2920 1387 3205 1458 litigando,
3253 1405 3485 1460 perpen-

1876 1473 2007 1526 dant
2036 1482 2217 1527 utrum
2248 1473 2390 1528 Deus
2419 1475 2567 1543 pacis
2596 1491 2717 1528 cum
2751 1475 2857 1529 illis
2887 1476 2976 1530 sit.
3011 1477 3078 1529 Et
3116 1492 3236 1531 eum
3269 1485 3480 1532 eertum

1875 1563 1948 1618 sit
1996 1564 2164 1619 Deum
2211 1580 2319 1619 non
2361 1567 2674 1631 habentem,
2722 1564 2813 1634 qui
2857 1568 2968 1620 vita
3019 1576 3102 1622 est
3144 1569 3473 1635 animarum,

1875 1663 2149 1708 mortuum
2193 1671 2344 1719 esse;
2393 1655 2580 1723 procul
2624 1656 2789 1710 dubio
2828 1656 3096 1728 colligitur
3136 1667 3474 1714 mortuorum

1877 1759 1998 1799 esse
2028 1746 2376 1810 mortiﬁcare,
2408 1747 2712 1814 proximum
2747 1747 2880 1800 velle
2911 1763 3016 1801 non
3048 1749 3250 1802 vivere.

170 1852 476 1916 ambitiosa,
523 1870 625 1906 ηοη
669 1857 856 1923 quem
896 1873 1014 1926 qua,
1055 1875 1151 1911 sua
1180 1849 1324 1924 sum.
1354 1834 1472 1914 'non
1512 1862 1774 1926 irritatur,
1806 1839 1853 1896 B
1952 1834 2134 1926 Estote
2161 1853 2282 1906 ergo
2309 1836 2596 1890 imitatores
2630 1836 2748 1901 Dei,
2777 1838 2913 1890 sicut
2938 1837 3037 1906 ﬁlii
3067 1839 3397 1905 charissimi;
3425 1851 3475 1894 et

172 1957 284 1996 non
329 1944 523 2013 cogitat
570 1943 790 2008 malum,
846 1963 949 2000 non
990 1949 1182 2018 gaudet
1229 1967 1387 2020 super
1431 1935 1778 2021 iniquitatem,

173 2035 471 2104 congaudet
494 2046 669 2089 autem
699 2037 922 2101 veritati,
950 2040 1125 2093 omnia
1156 2043 1360 2110 su/fert,
1387 2044 1562 2096 omnia
1594 2045 1777 2110 credit,

177 2125 363 2177 omnia
392 2134 598 2193 sperat,
628 2127 808 2178 omnia
840 2128 1090 2191 sustinet,
1125 2131 1356 2186 Charitas
1391 2140 1655 2199 nunquam
1683 2151 1777 2189 ea:-

172 2214 327 2267 cidit.

247 2306 307 2360 Si
350 2315 577 2377 urgente
612 2308 880 2362 charitate
918 2309 1116 2365 Christi
1159 2322 1520 2383 congruentes
1555 2325 1612 2369 et
1651 2331 1778 2370 con-

170 2400 464 2469 teniperati
506 2414 625 2454 esse
670 2399 930 2454 debemus
974 2403 1258 2472 proximis,
1310 2407 1646 2474 pensandum
1695 2417 1781 2462 est

166 2491 267 2560 qui
300 2499 484 2562 surget
507 2491 572 2544 ad
603 2491 750 2546 rixas
775 2501 829 2546 et
851 2493 1238 2549 dissensiones.
1263 2493 1482 2550 Servum
1505 2508 1641 2552 certe
1663 2499 1776 2554 Do—

171 2581 310 2634 mini
334 2597 437 2635 non
465 2592 664 2650 oportet
693 2582 918 2652 litigare,
947 2584 1038 2638 sed
1068 2597 1399 2640 mansuetum
1429 2606 1538 2643 esse
1567 2591 1637 2643 ad
1663 2609 1776 2645 om-

171 2689 288 2735 nes,
323 2673 617 2734 docibilem,
641 2675 944 2743 patientem,
976 2693 1094 2730 cum
1124 2680 1381 2734 modestia
1410 2685 1775 2753 corripientem

170 2781 265 2820 eos
295 2767 384 2835 qui
416 2767 683 2819 resistunt.

244 2852 465 2908 Patiens
501 2863 584 2907 est
622 2864 676 2907 et
704 2854 965 2926 benigna,
999 2859 1123 2927 quia
1158 2875 1292 2928 quos
1325 2876 1422 2930 per
1457 2866 1776 2932 patientiam

170 2944 396 3010 tolerat,
426 2961 524 3014 per
553 2947 940 3016 benignitatem
969 2959 1134 3003 amat.
1175 2951 1242 3004 Et
1270 2953 1315 3006 si
1352 2954 1396 3008 is
1436 2955 1528 3024 qui
1560 2955 1773 3021 tolerat,

170 3053 277 3094 nec
339 3048 518 3092 tamen
573 3039 790 3109 diligit,
847 3055 951 3094 non
1005 3052 1222 3096 exercet
1276 3059 1413 3114 Opus
1462 3046 1774 3110 charitatis;

171 3139 383 3202 quanto
412 3129 583 3200 magis
623 3130 718 3199 qui
760 3146 858 3185 nec
887 3131 1117 3186 tolerat?
1159 3132 1214 3186 Si
1245 3134 1484 3188 Charitas
1513 3150 1618 3188 non
1649 3135 1775 3190 irri-

171 3231 276 3287 tat,
320 3223 389 3277 ad
432 3222 776 3276 irascendum
823 3239 931 3277 non
980 3223 1303 3288 concitatur,
1357 3239 1532 3294 neque
1577 3227 1775 3296 gaudet

169 3326 342 3381 super
395 3311 712 3380 iniquitate;
767 3313 1104 3382 pensandum
1163 3315 1382 3369 omnino
1431 3324 1546 3380 est,
1611 3332 1774 3385 quam

170 3401 336 3473 longe
362 3418 392 3455 a
423 3403 690 3457 cbaritate
721 3404 860 3468 sint,
890 3406 980 3473 qui
1011 3421 1068 3460 se
1102 3406 1364 3460 adversus
1390 3407 1618 3462 invicem
1652 3423 1775 3476 pro-

173 3501 460 3556 vocantes,
488 3508 588 3561 pro
619 3501 832 3548 terrena
857 3495 1153 3563 cupiditate
1177 3493 1491 3564 conﬂigunt.
1523 3496 1776 3552 Charitas

173 3598 286 3638 non
313 3584 516 3638 excidit
547 3601 559 3636 :
589 3585 715 3653 quia
744 3600 960 3654 semper
985 3594 1069 3640 est
1107 3586 1160 3639 in
1187 3585 1465 3654 profectu,
1499 3603 1778 3656 nunquam

176 3682 362 3728 autem
396 3674 545 3728 venit
570 3675 624 3727 in
657 3673 890 3730 defectu.

252 3761 374 3816 Sive
402 3763 541 3815 enim
582 3777 752 3817 mente
791 3765 1110 3828 e‘xcedimus,
1153 3766 1299 3832 Deo;
1347 3769 1452 3822 sive
1489 3768 1651 3822 sobrii
1689 3786 1779 3822 su-

177 3872 316 3920 mus,
360 3856 523 3909 vobis.
569 3855 816 3910 Charitas
857 3858 996 3910 enim
1040 3855 1236 3912 Christi
1280 3870 1426 3930 urget
1467 3877 1594 3924 nos;
1637 3861 1780 3914 testi-

176 3959 382 4002 mantes
423 3949 540 4012 hoc,
587 3950 836 4019 quoniam
879 3949 924 4003 si
967 3967 1102 4004 unus
1139 3967 1234 4021 pro
1275 3951 1512 4005 omnibus
1541 3961 1778 4006 mortuus

177 4049 281 4105 est,
311 4057 431 4110 ergo
462 4057 638 4094 omnes
667 4043 861 4094 mortui
885 4051 1043 4104 sunt;
1071 4053 1119 4096 et
1153 4060 1246 4112 pro
1278 4044 1518 4098 omnibus
1544 4055 1781 4098 mortuus

178 4140 296 4195 est;
330 4140 386 4183 ut
417 4140 463 4183 et
491 4131 579 4200 qui
608 4131 805 4196 vivunt,
838 4132 958 4200 jam
986 4149 1090 4184 non
1127 4133 1226 4185 sibi
1268 4133 1462 4197 vivant,
1504 4133 1594 4186 sed
1620 4134 1668 4186 ei
1693 4133 1782 4202 qui

178 4237 278 4290 pro
308 4220 432 4290 ipsis
459 4229 694 4273 mortuus
721 4230 796 4273 est
825 4231 871 4273 ct
901 4222 1206 4274 resurrexit.

255 4309 296 4363 li
341 4325 439 4378 pro
475 4309 672 4377 quibus
713 4307 966 4364 Christus
1001 4319 1246 4365 mortuus
1271 4319 1386 4376 est,
1418 4325 1527 4366 non
1557 4311 1659 4366 sibi
1691 4311 1784 4367 de-

181 4401 318 4456 bent
343 4401 551 4464 vivere,
595 4399 689 4454 sed
727 4399 965 4454 Christo.
1009 4400 1114 4466 Qui
1156 4409 1339 4455 autem
1370 4400 1588 4455 Christo
1627 4401 1783 4468 vivit,

1884 1924 2150 1978 ambulate
2178 1927 2231 1979 in
2261 1926 2555 1992 dilectione,
2581 1929 2714 1980 sicut
2737 1926 2975 1981 Christus
3002 1927 3184 1981 dilexit
3209 1946 3322 1983 nos.
3353 1929 3477 1984 Non

1882 2025 1958 2069 est
1989 2015 2132 2070 nobis
2160 2016 2476 2070 conluctatio
2516 2018 2763 2072 adversus
2804 2035 3016 2072 carnem
3056 2029 3103 2072 et
3145 2022 3476 2091 sanguinem,

1879 2104 1970 2156 sed
2008 2105 2255 2160 adversus
2290 2107 2550 2176 principes
2589 2117 2636 2160 et
2676 2117 2972 2177 potestates,
3004 2111 3252 2165 adversus
3287 2114 3475 2166 mundi

1881 2205 2105 2249 rectores
2134 2197 2463 2251 tenebrarum
2489 2199 2700 2264 harum,
2732 2209 2914 2254 contra
2942 2202 3204 2273 spiritalia
3234 2205 3479 2275 nequitia:

1879 2287 1936 2340 in
1963 2287 2272 2341 caelestibus.

1952 2398 2078 2453 llaec
2119 2401 2390 2454 sententia
2434 2402 2619 2473 regula
2659 2411 2743 2457 est
2771 2403 3228 2473 Christianorum,
3270 2416 3323 2463 et
3366 2416 3477 2464 tam

1881 2496 2100 2555 aperta,
2138 2497 2197 2542 ut
2224 2489 2452 2557 quilibet
2482 2491 2536 2544 in
2575 2506 2639 2545 ea
2679 2493 2827 2547 velut
2869 2493 2922 2547 in
2961 2496 3181 2563 speculo
3214 2511 3274 2551 se
3305 2497 3486 2556 valeat

1879 2579 2250 2634 considerare.

1953 2666 2192 2732 Fratres,
2226 2687 2549 2740 qua'cunque
2578 2681 2699 2724 sunt
2733 2689 2876 2739 vera,
2914 2691 3235 2746 quotcunque
3263 2678 3478 2749 pudica,

1878 2776 2201 2830 quarcunque
2256 2761 2404 2830 justa
2435 2802 2449 2827 ,
2511 2780 2833 2835 qua’cunque
2883 2776 3104 2832 sancta,
3158 2785 3482 2841 quaecunque

1880 2850 2147 2914 amabilia,
2193 2869 2514 2923 quwcunque
2558 2855 2704 2908 bona:
2743 2855 2920 2923 famae,
2966 2857 3011 2910 si
3052 2874 3156 2927 qua
3200 2859 3389 2922 virtus,
3434 2861 3480 2913 si

1880 2957 1984 3012 qua
2014 2940 2130 2994 laus
2171 2941 2484 3011 disciplinw,
2524 2943 2634 2996 haec
2667 2948 2907 3013 cogitate.
2955 2944 3084 3010 Qute
3113 2956 3161 2999 et
3194 2948 3475 3016 didicistis,

1880 3040 1928 3082 et
1958 3031 2250 3100 accepistis,
2281 3041 2329 3084 et
2355 3032 2599 3098 audistis,
2635 3044 2680 3086 et
2709 3035 2911 3089 vidistis
2940 3036 2996 3089 in
3025 3052 3129 3104 me,
3168 3038 3279 3091 haec
3307 3040 3480 3109 agite;

1879 3131 1928 3175 et
1955 3122 2096 3175 Deus
2119 3124 2264 3192 pacis
2293 3125 2390 3176 erit
2422 3125 2704 3178 vobiscum.

1805 3192 1849 3254 Ο
1952 3212 2269 3282 Quicunque
2298 3213 2413 3268 vult
2455 3214 2623 3270 Deum
2663 3217 2814 3285 pacis
2851 3233 3035 3273 secum
3074 3220 3311 3286 habere,
3345 3229 3480 3277 teni-

1879 3303 2026 3373 plum
2048 3304 2296 3358 videlicet
2322 3306 2439 3374 ejus
2467 3321 2605 3368 esse,
2635 3303 2738 3360 ista
2766 3317 2890 3375 agat
2915 3324 3032 3376 qua:
3061 3309 3175 3364 haec
3205 3312 3477 3366 sententia

1880 3394 2066 3457 docet,
2100 3402 2160 3447 ut
2195 3395 2459 3465 gloriﬁcet
2485 3404 2538 3450 et
2578 3407 2755 3465 portet
2784 3398 2954 3453 Deum
2993 3401 3048 3454 in
3089 3415 3316 3471 corpore
3351 3417 3471 3457 suo.

1880 3485 2018 3551 Quia
2048 3486 2140 3554 qui
2179 3485 2348 3539 Deum
2383 3503 2491 3541 non
2520 3497 2702 3556 portat
2730 3489 2797 3542 ad
2826 3491 2992 3544 vitam
3022 3507 3208 3558 suam,
3240 3494 3482 3563 portabit

1883 3575 2163 3629 inimicum
2194 3576 2324 3629 velit
2350 3577 2485 3630 nolit
2513 3579 2578 3631 ad
2606 3587 2835 3633 mortem
2868 3596 3038 3634 suam.

1953 3662 2221 3733 Rogamus
2257 3682 2366 3730 vos,
2400 3666 2614 3734 fratres,
2648 3669 2893 3738 corripite
2932 3671 3208 3740 inquietos,
3241 3673 3480 3730 consola-

1881 3757 2011 3810 mini
2037 3757 2417 3826 pusillanimes,
2460 3762 2708 3830 suscipite
2743 3761 2999 3829 inﬁrmos,
3029 3766 3280 3831 patientes
3319 3775 3482 3822 estote

1883 3850 1951 3903 ad
1978 3866 2172 3904 omnes.
2214 3848 2394 3904 Videte
2422 3868 2484 3904 ne
2511 3853 2626 3922 quis
2659 3851 2855 3905 malum
2881 3871 2974 3922 pro
3003 3854 3141 3907 malo
3170 3855 3330 3908 alicui
3359 3856 3480 3910 red-

1883 3941 2007 4006 dat;
2035 3942 2125 3996 sed
2151 3957 2352 4011 semper
2377 3942 2516 4012 quod
2544 3942 2734 3995 bonum
2759 3953 2834 3996 est
2858 3944 3126 3996 sectamini
3153 3944 3210 3996 in
3232 3945 3473 4010 invicem,

1884 4043 1930 4086 et
1951 4035 2006 4088 in
2027 4051 2224 4089 omnes.
2253 4033 2471 4104 Semper
2489 4035 2727 4104 gaudete.
2755 4033 2882 4090 Sine
2904 4036 3284 4089 intermissione
3310 4048 3477 4090 orate.

1887 4121 1954 4176 In
1981 4123 2220 4177 omnibus
2249 4124 2450 4193 gratias
2479 4125 2636 4194 agite.
2672 4122 2800 4177 Haec
2839 4125 2976 4178 enim
3003 4124 3240 4179 volun'as
3269 4125 3366 4179 Dei
3399 4138 3482 4181 est

1885 4213 1941 4266 in
1967 4212 2173 4266 Christo
2201 4213 2332 4268 Iesu
2358 4215 2414 4268 in
2439 4215 2677 4268 omnibus
2709 4215 2871 4268 vobis.

1957 4307 2024 4360 Et
2065 4307 2183 4361 haec
2221 4309 2491 4362 sententia
2538 4308 2720 4378 regula
2759 4317 2842 4361 est
2882 4309 3324 4365 Christianitatis.
3374 4309 3481 4367 Sed

1887 4401 2043 4454 valde
2081 4401 2373 4455 notandum
2417 4400 2560 4470 quod
2603 4401 2629 4438 δ
2665 4399 2821 4468 jubet
2863 4402 3136 4457 hominem
3185 4403 3482 4473 patientem

181 4491 333 4548 nullo
361 4492 520 4545 modo
548 4490 660 4544 vult
683 4490 878 4544 laedere
904 4492 1230 4560 proximum.
1271 4490 1609 4560 Quapropter
1637 4506 1784 4560 qure-
1808 4530 1861 4588 Β
1887 4505 2009 4545 esse
2053 4491 2120 4544 ad
2161 4504 2369 4555 omnes,
2417 4505 2524 4543 non
2573 4491 2639 4544 ad
2688 4492 2894 4545 amicos
2933 4499 3163 4546 tantum.
3213 4493 3481 4549 Patientia

183 4582 414 4637 rendum
437 4589 538 4642 est,
568 4581 653 4636 ille
675 4582 769 4651 qui
790 4589 1014 4650 paratur
1033 4581 1100 4635 ad
1122 4580 1421 4636 lzedendum
1446 4581 1773 4649 proximum,

1886 4585 2032 4638 enim
2061 4584 2302 4638 maxime
2330 4584 2398 4637 ad
2426 4583 2677 4638 inimicos
2706 4592 2791 4638 est
2814 4586 3140 4640 necessaria.

1541 4693 1816 4749 BALUZII
1850 4693 2081 4750 ΝΟΤΕ.

238 4803 288 4840 ,ι
331 4788 598 4842 Maiarum
620 4798 815 4842 tenens.
841 4791 1204 4842 Amanuensis
1229 4801 1335 4855 quo
1356 4785 1638 4855 Massonus
1667 4794 1783 4839 ute-

187 4862 370 4917 batur.
404 4873 511 4912 non
544 4859 810 4912 intellexit
844 4858 973 4926 quid
1011 4865 1157 4911 esset
1183 4854 1443 4910 matarus.
1477 4854 1661 4924 Itaque
1689 4871 1783 4926 vo-

188 4945 311 4986 cem
343 4928 487 4981 illam
511 4925 962 4998 peregrinam’vel
993 4929 1170 4996 potius
1201 4925 1741 4998 corruptamputavit
1767 4943 1778 4977 :

188 5014 314 5069 quae
339 4995 717 5069 causa’fuit'ut
747 5013 847 5066 pro
875 4995 1138 5069 motarum
1176 5005 1375 5069 tenens,
1408 4995 1635 5069 ediderit
1665 5011 1781 5069 ma:

191 5063 320 5123 {tum
344 5079 542 5119 tenens.
573 5063 808 5120 Matarus
830 5077 914 5121 est
943 5066 1033 5120 teli
1062 5065 1461 5136 genus,7min_us
1480 5063 1706 5136 lancea,
1727 5063 1784 5136 id

190 5142 393 5204 opinor
437 5136 577 5204 quod
625 5136 822 5189 missile
859 5133 1086 5191 vocatur
1121 5135 1175 5187 in
1216 5133 1635 5204 Vita_Ludovici
1677 5134 1779 5186 Pii.

245 5223 334 5262 am
364 5202 629 5273 hodieque
656 5205 950 5268 Vascones,
992 5213 1084 5259 aut
1109 5204 1311 5258 saltem
1341 5202 1554 5257 Basculi
1587 5202 1789 5257 Vasco-

197 5293 335 5333 num
374 5278 572 5345 portio,
614 5273 918 5343 bujusmodi
961 5275 1063 5330 tela
1103 5281 1316 5343 gestant
1365 5273 1417 5326 in
1464 5273 1678 5336 itinere,
1727 5288 1790 5327 ac

197 5346 348 5402 alibi.

276 5419 304 5457 υ
340 5415 498 5470 Iubet
524 5416 782 5470 hominem
810 5416 1110 5484 patientem,
1150 5414 1216 5466 ad
1254 5411 1558 5481 exemplum
1589 5411 1793 5484 Christi

197 5486 486 5551 videlicet,
537 5484 691 5553 cujus
737 5483 1036 5540 imitatores
1084 5499 1202 5538 esse
1246 5483 1534 5543 debemus,
1567 5483 1632 5553 “si
1682 5483 1794 5536 veri

199 5557 346 5612 illius
371 5552 622 5627 discipuli
653 5556 822 5627 videri
847 5554 1111 5627 volumus.
1160 5553 1318 5607 Dedit
1359 5553 1502 5606 enim
1545 5552 1633 5627 ille
1654 5567 1794 5627 pro:

199 5622 580 5702 fectoAgrande
603 5626 902 5702 patientia:-
935 5624 1344 5684 documentum,
1373 5637 1513 5702 .cum
1556 5622 1686 5674 nihil
1728 5623 1797 5676 ad

202 5695 464 5754 maleﬁcia
505 5704 563 5751 et
602 5695 826 5762 injurias
867 5703 1182 5762 reponeret,
1224 5708 1326 5746 nec
1371 5695 1425 5745 in
1469 5705 1796 5762 quemquam

203 5784 388 5825 manus
431 5761 699 5825 intentari
742 5761 971 5820 voluerit
1009 5762 1076 5817 ob
1117 5763 1437 5817 vindicanda
1485 5761 1791 5831 opprobria.

1893 4785 1964 4841 Ut
2005 4783 2920 4860 intelligeremusomnes,_quanto
2957 4787 3133 4840 studio
3171 4797 3481 4860 quantaque

1891 4872 2022 4911 cura
2063 4856 2653 4926 devorarerdebeamus
2667 4857 2932 4926 injurias,
2978 4871 3043 4909 ac
3083 4856 3345 4910 malorum
3383 4856 3479 4914 ho-

1891 4927 2098 4979 minum
2140 4925 2344 4994 perpeti
2388 4925 2764 4989 contumelias,
2810 4940 2930 4978 cum
2970 4935 3025 4978 et
3067 4926 3180 4994 ipse
3221 4926 3479 4984 Dominus

1891 5004 1945 5050 et
1975 4995 2114 5048 Deus
2143 5005 2329 5048 noster
2355 4995 2602 5047 inimicos
2633 5009 2758 5047 suos
2783 4995 3061 5062 reliquerit
3085 4995 3300 5050 inultos.
3329 4996 3477 5050 Prm-

1893 5066 2039 5145 clare
2067 5065 2354 5145 admodum
2374 5063 2686 5145 Cyprianus
2717 5065 2774 5145 in
2802 5065 3028 5145 epistola
3059 5063 3128 5117 65
3157 5064 3478 5145 loquens_de

1894 5134 2179 5190 calumniis
2204 5148 2340 5204 quas
2368 5133 2620 5188 Christus
2659 5133 2881 5204 pertulit
2920 5148 2951 5185 a
2983 5133 3351 5204 sacerdotibus
3377 5135 3475 5189 Ju-

1896 5206 2168 5269 dzeorum,
2215 5202 2331 5256 ait:
2377 5222 2393 5252 ‹
2429 5204 2557 5269 Quze
2597 5203 2776 5256 omnia
2816 5202 2885 5255 ab
2925 5217 2990 5256 eo
3033 5205 3153 5256 ideo
3184 5203 3323 5257 facta
3353 5216 3474 5258 sunt

1896 5274 2170 5354 humiliter-
2199 5281 2360 5354 atque
2399 5273 2689 5342 patienter,
2706 5280 2780 5354 ‘ut
2809 5287 2907 5325 nos
2946 5273 3471 5354 humilitatisaepaf

1895 5346 2097 5399 tientia:
2144 5340 2467 5397 haberemus
2513 5340 2840 5410 exemplum.
2878 5359 2897 5392 ι
2948 5341 3040 5396 Sic
3085 5357 3185 5396 nos
3233 5340 3480 5396 videlicet

1895 5413 2216 5469 eil‘ormabat
2242 5411 2305 5463 ad
2335 5425 2524 5480 pacem
2544 5451 2558 5471 ,
2591 5421 2646 5464 et
2685 5411 2751 5464 ad
2784 5412 3068 5464 tenendam
3109 5412 3165 5464 in
3193 5410 3477 5480 calumniis

1897 5493 1950 5539 et
1974 5479 2490 5537 contradictionibus
2524 5480 2869 5548 patientiam;
2899 5495 3020 5548 quae
3047 5481 3246 5534 bonum
3276 5479 3478 5536 Christi

1897 5562 2013 5617 est,
2047 5561 2105 5605 ut
2137 5553 2272 5605 idem
2304 5549 2604 5620 Cyprianus
2629 5550 2706 5620 ait
2736 5550 2788 5620 in
2834 5548 2970 5620 libro
2995 5550 3061 5620 de
3086 5549 3236 5603 Bono
3269 5552 3478 5620 patien-

1897 5626 2004 5677 tim.
2043 5623 2194 5680 Unde
2220 5631 2273 5675 et
2301 5618 2663 5674 Tertullianus
2689 5619 2742 5672 in
2772 5619 2910 5672 libro
2940 5619 3005 5673 de
3030 5618 3295 5672 Patientia
3321 5619 3477 5674 Chri-

1897 5704 2039 5749 stum
2067 5699 2222 5746 vocat
2253 5689 2528 5744 dominum
2552 5689 2826 5759 patientiae
2850 5695 2904 5742 et
2926 5688 3270 5755 magistrum.
