3930 6318
512 340 619 399 εδδ

1463 334 1523 392 S.
1568 335 1918 393 AGOBARDI
1957 335 2267 394 EPISCOPI
2304 335 2796 395 LUGDUNENSIS

3697 348 3816 404 265

589 448 715 504 Vidi
759 446 943 503 subtus
992 444 1160 501 altare
1202 445 1409 499 animas
1460 444 1853 515 interfectorum
1897 458 2110 519 prapter
2137 452 2187 512 Α
2211 456 2320 503 esto
2346 451 2625 519 gloriosus,
2660 460 2706 504 et
2740 452 2986 520 speciosis
3016 452 3233 508 induere
3274 455 3516 511 vestibus.
3563 459 3826 536 Disperge

512 538 724 595 uerbum
750 535 871 601 Dei,
898 543 948 589 et
973 542 1187 605 propter
1211 533 1565 587 testimonium
1593 535 1733 605 quod
1758 534 2036 603 habebant,
2064 547 2111 592 et

514 628 814 684 clamabant
844 642 967 680 voce
1007 640 1200 694 magna
1227 623 1455 678 dicentes
1482 638 1499 675 :
1528 623 1824 697 Usquequo,
1854 627 2113 683 Dominus

512 725 728 773 sanctus
756 724 804 769 et
837 730 1008 778 verus,
1051 729 1157 767 non
1192 712 1408 783 judicas
1446 723 1494 768 et
1535 714 1771 769 vindicas
1807 717 2113 787 sanguinem

516 816 754 861 nostrum
781 806 846 859 de
874 805 954 859 his
997 805 1089 875 qui
1114 803 1353 859 habitant
1394 821 1552 876 super
1597 807 1832 860 terram?
1878 806 1947 861 Et
1977 808 2115 863 data:

512 905 637 952 sunt
664 897 738 950 eis
769 894 993 965 singula:
1017 893 1167 948 stolae
1196 892 1352 960 albae,
1383 905 1430 948 et
1456 894 1656 949 dictum
1690 906 1768 950 est
1805 896 1912 951 illis
1949 908 2007 952 ut
2037 915 2118 953 re-

512 987 836 1059 quiescerent
866 984 1039 1039 adhuc
1064 984 1329 1038 modicum
1357 994 1578 1056 tempus,
1607 984 1774 1040 donec
1801 987 2119 1057 impleantur

515 1078 749 1131 conservi
794 1092 1005 1140 eorum,
1047 1084 1098 1129 et
1136 1074 1327 1145 fratres
1373 1092 1588 1142 eorum,
1634 1077 1725 1148 qui
1768 1078 2117 1147 im’erficiendi

512 1176 658 1232 sunt,
688 1168 827 1220 sicut
855 1175 903 1221 et
932 1166 1032 1220 illi.

591 1258 719 1315 Haec
743 1260 1018 1315 sententia
1038 1258 1201 1314 docet
1224 1268 1438 1331 tempus
1459 1261 1716 1317 vindictae
1745 1260 1983 1317 ﬁdelium
2010 1278 2118 1319 non

517 1365 642 1406 esse
672 1350 724 1404 in
755 1351 1033 1420 praesenti.
1075 1349 1211 1405 Nam
1252 1352 1299 1407 si
1329 1354 1503 1407 sancti
1542 1369 1642 1424 pro
1673 1352 1777 1409 fide
1804 1356 1951 1423 passi
1980 1370 2123 1423 quaa-

420 1441 425 1445 ’
518 1451 650 1497 runt
678 1442 973 1497 vindictam
1004 1441 1071 1496 de
1107 1443 1574 1511 persecutoribus,
1607 1442 1674 1498 dc
1711 1445 1907 1513 quibus
1935 1445 2121 1514 utique

517 1519 833 1588 vindicandi
866 1540 1017 1599 sunt,
1042 1541 1099 1588 et
1125 1548 1231 1587 non
1262 1534 1585 1604 impetrant;
1618 1535 1889 1604 quomodo
1918 1535 2031 1601 isti,
2055 1534 2122 1590 de

515 1626 716 1698 quibus
755 1625 986 1696 agimus,
1016 1626 1452 1695 quotiescunque
1493 1626 1805 1682 irascuntur
1833 1627 2120 1697 proximis,

516 1728 573 1775 et
601 1720 669 1775 ad
694 1719 1102 1774 contentionem
1141 1733 1401 1773 manuum
1441 1719 1760 1789 prosiliunt,
1795 1728 1989 1791 putant
2016 1719 2120 1774 sibi

2211 541 2460 611 superbos
2487 544 2543 597 in
2576 543 2759 613 furore
2792 553 2904 608 tuo,
2933 553 2982 598 et
3012 547 3289 617 respiciens
3315 564 3520 605 omnem
3548 570 3823 626 arrogan-

2212 638 2316 684 tem
2345 632 2589 687 humilia.
2635 632 2854 704 Respice
2893 646 3107 690 cunctos
3146 638 3417 708 superbos,
3460 651 3507 694 et
3548 645 3828 714 confunde

2213 736 2321 786 eos,
2362 730 2411 775 et
2452 732 2661 777 contere
2698 724 2886 795 impios
2925 725 2983 780 in
3016 725 3130 781 loco
3157 744 3275 782 suo.
3318 731 3591 787 Absconde
3628 751 3714 790 eos
3755 737 3831 791 in

2214 810 2477 882 pulverem
2515 813 2696 882 simul,
2727 824 2777 869 et
2816 814 2979 885 facies
3018 833 3198 871 eorum
3232 819 3471 891 demerge
3500 823 3555 876 in
3584 824 3827 893 foveam.

2216 901 2285 955 Et
2313 918 2407 973 ego
2443 904 2731 973 conﬁtebor
2757 906 2901 978 quod
2934 907 3142 963 salvare
3177 919 3226 963 te
3260 912 3426 981 possit
3451 913 3668 969 dextera
3698 926 3803 970 tua

2289 993 2392 1061 Qui
2421 994 2763 1054 conflictibus
2797 1010 2855 1054 et
2890 1002 3364 1070 congressionibus
3406 1007 3601 1060 merita
3643 1008 3833 1062 homi—

2219 1094 2349 1137 num
2384 1100 2444 1139 se
2481 1093 2675 1154 putant
2714 1102 2874 1157 posse
2921 1089 3188 1156 invenire,
3241 1092 3481 1147 habeant
3527 1096 3831 1151 brachium

2219 1174 2361 1230 sicut
2388 1175 2551 1243 Deus,
2582 1185 2639 1232 et
2664 1177 2719 1232 in
2750 1194 2883 1234 voce
2912 1180 3075 1237 simili
3107 1191 3315 1249 tonent,
3348 1185 3692 1242 circumdent
3715 1190 3831 1245 sibi

2220 1266 2493 1333 demrem‘,
2536 1278 2592 1323 et
2635 1270 2691 1324 in
2734 1272 2966 1328 sublime
2995 1274 3296 1346 erigantur,
3330 1277 3546 1347 sintque
3572 1280 3832 1350 gloriosi,

2220 1368 2275 1414 et
2303 1368 2434 1416 tunc
2458 1370 2719 1431 poterunt
2745 1364 2848 1419 sibi
2875 1366 2978 1436 ipsi
3006 1382 3127 1423 esse
3157 1370 3487 1437 salvatores;
3527 1372 3834 1442 impiorum

2222 1461 2403 1508 autem
2426 1463 2482 1509 et
2505 1456 2862 1524 superborum
2887 1456 3245 1529 dispersores,
3271 1463 3675 1531 humiliatores,
3699 1481 3839 1521 con-

2222 1542 2462 1609 tritores,
2491 1553 2545 1599 et
2574 1544 2628 1598 in
2662 1545 2873 1602 foveam
2902 1547 3263 1607 deinersores.

2295 1632 2420 1687 Non
2448 1636 2587 1688 enim
2636 1637 2693 1691 in
2726 1654 2854 1692 arcu
2887 1655 3008 1694 .meo
3054 1643 3341 1710 conﬁdam,
3394 1661 3558 1716 neque
3602 1646 3826 1717 gladius

2223 1739 2370 1778 meus
2396 1724 2619 1780 salvabit
2656 1745 2770 1791 me;
2800 1730 2926 1800 quia
2974 1730 3192 1787 salvasti
3238 1750 3331 1788 nos
3362 1735 3427 1789 de
3454 1737 3686 1792 hostibus
3731 1757 3839 1793 no-

518 1812 687 1867 Deum
718 1809 993 1875 famulari,
1025 1816 1081 1865 et
1110 1810 1474 1867 amarissimis
1514 1811 1630 1867 suis
1672 1811 1910 1867 motibus
1935 1810 2122 1866 deser—
2148 1807 2197 1867 B
2223 1816 2368 1882 stris,
2399 1826 2448 1870 et
2468 1834 2555 1872 eos
2578 1820 2669 1889 qui
2696 1820 2919 1875 oderunt
2944 1839 3038 1877 nos
3059 1824 3369 1893 confudisti.
3404 1826 3471 1880 In
3502 1828 3611 1883 Deo
3638 1830 3843 1886 lauda-

522 1906 673 1962 vire?

594 1997 709 2064 Var,
750 1998 933 2053 civitas
962 1997 1057 2052 illa
1096 2014 1289 2067 magna
1322 1996 1581 2067 Babylon,
1611 1997 1792 2051 civitas
1821 1994 1916 2050 illa
1943 1995 2117 2066 fortis,

515 2093 767 2164 quoniam
796 2107 905 2144 una
932 2091 1063 2144 hora
1090 2090 1226 2145 venit
1246 2089 1513 2160 judicium
1536 2089 1721 2143 tuum!

592 2183 655 2239 Si
699 2198 806 2237 una
849 2182 983 2236 bora
1030 2189 1325 2237 venturum
1372 2188 1457 2236 est
1490 2180 1761 2250 judicium
1805 2178 2119 2250 Babylonis,

520 2276 795 2348 quomodo
841 2276 988 2330 cives
1028 2273 1146 2343 ejus
1194 2282 1302 2329 tam
1343 2272 1662 2343 frequenter
1699 2289 1801 2344 pro
1844 2287 1903 2328 se
1952 2272 2121 2327 Deum

522 2369 802 2426 aestimant
831 2366 1121 2436 judicare?
1166 2367 1296 2423 Haec
1341 2366 1613 2423 sententia
1659 2367 1997 2425 demonstrat
2036 2379 2127 2419 oo-

523 2462 671 2533 culta
695 2476 817 2517 esse
843 2460 1051 2533 judicia
1094 2461 1192 2516 Dei
1231 2468 1287 2515 et
1324 2460 1778 2532 impenetrabilia.
1813 2459 1968 2516 Unde
1996 2474 2127 2514 con-

522 2531 634 2611 stat
673 2531 897 2610 stultam
928 2563 985 2608 et
1022 2553 1313 2624 superbam
1354 2531 1478 2608 esse
1517 2553 1995 2623 praesumptionem
2034 2566 2125 2607 eo-

521 2663 643 2703 rum
687 2648 781 2718 qui
821 2654 1019 2717 putant
1060 2644 1499 2717 impenetrabilia
1525 2642 1730 2713 judicia
1761 2642 1858 2698 Dei
1878 2643 2044 2698 'bellis
2071 2650 2128 2696 et

518 2741 760 2796 cantibus
790 2733 998 2809 liquido
1025 2738 1315 2808 publicari.

594 2828 921 2900 Sanguinem
957 2830 1095 2883 enim
1126 2829 1433 2883 animarum"
1454 2836 1745 2884 vestrarum
1770 2826 2035 2898 requiram
2062 2825 2127 2880 de

520 2935 684 2974 manu
709 2927 1021 2973 cunctarum
1059 2916 1367 2983 bestiarum,
1392 2926 1443 2972 et
1475 2916 1540 2971 de
1566 2932 1729 2970 manu
1758 2915 1984 2969 hominis
2013 2930 2032 2969 :
2061 2913 2127 2968 de

520 3029 686 3067 manu
714 3011 813 3065 viri
840 3020 890 3066 et
921 3010 1107 3079 fratris
1136 3008 1251 3080 ejus
1289 3009 1557 3081 requiram
1600 3008 1834 3062 animum
1872 3006 2122 3064 hominis.

523 3102 838 3173 Quicunque
881 3102 1128 3172 effuderit
1172 3102 1464 3155 humanum
1510 3099 1841 3169 sanguinem,
1876 3097 2128 3166 fundetur

519 3159 762 3264 swanguis'
787 3159 970 3258 illius';
1019 3190 1089 3245 ad
1135 3190 1421 3259 imaqinem
1458 3159 1647 3260 quippe
1688 3187 1788 3242 Dei
1830 3159 2008 3257 factus
2050 3194 2125 3241 est
2153 3159 2199 3223 Ο

522 3283 701 3339 homo.

602 3375 730 3432 Hmc
771 3375 947 3446 prima
992 3375 1102 3440 lex,
1146 3390 1176 3429 a
1206 3374 1320 3429 Deo
1348 3374 1471 3430 data
1514 3373 1847 3439 hominibus,
1876 3373 2130 3444 prohibet

522 3466 889 3523 attentissime
916 3466 1217 3519 humanum
1247 3464 1566 3535 sanguinem
1593 3462 1841 3518 fundere.

597 3556 717 3612 Non
760 3557 941 3612 omnis
984 3555 1080 3625 qui
1123 3555 1401 3610 hominem
1441 3554 1722 3616 occiderit,
1770 3554 2131 3625 corporaliter

525 3648 832 3705 occidetur.
860 3646 966 3702 Sed
994 3646 1291 3702 secundum
1316 3644 1448 3700 illud
1469 3643 1848 3716 accipiendum
1873 3652 1961 3700 est
1987 3644 2131 3715 quod

524 3737 791 3793 Dominus
833 3737 887 3791 in
933 3734 1228 3807 Evangelio
1268 3736 1443 3790 dicit:
1482 3733 1668 3789 Omnis
1708 3736 1851 3790 enim
1894 3737 1985 3807 qui
2017 3735 2132 3808 gla-

525 3828 675 3884 dium
706 3830 992 3900 acceperit,
1030 3826 1241 3897 peribit.
1282 3825 1350 3880 Et
1378 3825 1672 3896 Apostolus
1698 3825 1775 3879 ait
1809 3844 1821 3879 :
1866 3824 2130 3891 Quoniam

524 3918 696 3974 omnis
739 3916 1008 3971 homicida
1041 3931 1146 3970 non
1174 3914 1327 3969 habet
1355 3913 1518 3967 vitam
1558 3924 1811 3968 aeternam
1840 3913 1896 3967 in
1936 3930 2133 3968 sema-

526 4018 753 4062 nenfem.
806 4006 989 4074 Quare
1018 4015 1200 4061 autem
1231 4005 1379 4060 hunc
1406 4012 1619 4058 reatum
1668 4010 1818 4057 tanta
1858 4018 2017 4074 poena
2049 4018 2133 4058 se-

526 4106 753 4169 quatur,
791 4097 911 4153 haec
950 4111 1114 4152 causa
1144 4103 1262 4163 est,
1301 4095 1560 4166 quoniam
1601 4094 1671 4150 ad
1711 4093 2006 4167 imaginem
2034 4094 2136 4150 Dei

530 4188 709 4245 factus
734 4198 819 4244 est
849 4189 1033 4243 homo.

604 4278 892 4335 Abundant
922 4278 1267 4333 tabernacula
1293 4276 1626 4350 prmdonum,
1651 4283 1700 4329 et
1725 4274 1986 4329 audacter
2012 4290 2135 4345 pro-

528 4380 718 4427 vocant
740 4369 930 4434 Deum,
955 4386 1076 4423 cum
1097 4370 1205 4440 ipse
1230 4367 1431 4423 dederit
1453 4366 1631 4421 omnia
1657 4366 1714 4419 in
1738 4381 1902 4419 manu
1930 4380 2130 4419 eorum.

531 4461 710 4529 Quare
738 4478 862 4532 ergo
882 4444 1040 4531 impii
1067 4462 1276 4526 vivunt,
1303 4457 1572 4515 sublimati
1598 4466 1720 4512 sunt
1747 4456 2133 4527 confortatique

526 4551 1002 4607 divitiislSemen
1046 4568 1227 4606 eorum
1267 4559 1533 4623 permanet
1564 4565 1741 4603 coram
1781 4550 1873 4613 eis,
1919 4549 2136 4619 prapin-

528 4664 751 4720 quorum
776 4648 933 4701 turba
962 4657 1010 4702 et
1039 4656 1282 4718 nepotum
1304 4646 1362 4700 in
1389 4653 1666 4715 conspectu
1695 4660 1896 4698 eorum.
1934 4642 2131 4697 Domus

527 4752 713 4791 eorum
758 4753 957 4791 secura:
986 4745 1129 4803 sunt,
1169 4745 1216 4790 et
1241 4742 1462 4806 pacatae,
1508 4742 1557 4787 et
1596 4748 1703 4787 non
1744 4741 1820 4787 est
1859 4733 2007 4803 virga
2034 4731 2133 4786 Dei

528 4845 688 4899 super
712 4845 822 4884 eos.
849 4829 955 4883 Bos
977 4843 1160 4883 eorum
1182 4825 1433 4897 concepit,
1463 4833 1511 4879 et
1538 4840 1643 4879 non
1671 4823 1914 4878 abortivit
1929 4840 1948 4888 ;
1974 4838 2132 4877 vacca

530 4921 748 4990 peperit,
776 4928 823 4974 et
852 4936 957 4973 non
980 4929 1054 4973 est
1077 4919 1283 4988 privata
1314 4917 1423 4987 fetu
1448 4931 1566 4971 suo.
1595 4915 1959 4986 Egrediuntur
1980 4916 2134 4987 quasi

533 5028 714 5083 greges
741 4995 1181 5083 parvuli'eorum,
1213 5018 1263 5063 et
1284 5008 1512 5078 infantes
1541 5025 1721 5063 eorum
1752 5008 2018 5063 exsultant
2052 5008 2134 5063 lu—

529 5102 701 5158 sibus.
734 5100 929 5156 Tenent
958 5110 1283 5171 tympanum,
1320 5108 1369 5153 et
1395 5100 1678 5164 citharam,
1710 5108 1757 5154 et
1797 5100 2028 5171 gaudent
2064 5100 2134 5154 ad

534 5192 763 5246 sonitum
787 5189 993 5261 organi.
1024 5189 1240 5245 Ducunt
1267 5190 1323 5244 in
1350 5189 1497 5244 bonis
1536 5189 1649 5244 dies
1677 5207 1824 5255 suos,
1851 5201 1899 5245 et
1924 5192 1978 5245 in
2004 5208 2135 5262 pun-

534 5294 618 5338 cto
642 5283 712 5336 ad
738 5282 948 5353 inferna
974 5282 1315 5336 descendunt.

608 5371 737 5429 Haec
764 5373 1037 5428 sententia
1082 5372 1287 5427 indicat
1328 5372 1683 5444 temporalem
1711 5387 1831 5429 esse
1860 5375 2129 5431 malorum

534 5460 874 5518 felicitatem.
900 5462 968 5517 Et
995 5463 1199 5519 idcirco
1227 5473 1417 5518 errant
1442 5465 1536 5533 qui
1563 5472 1758 5534 putant
1787 5465 2014 5537 singulis
2040 5467 2131 5523 hic

535 5556 763 5612 retribui
792 5556 937 5626 quod
967 5564 1264 5611 merentur.

608 5647 670 5703 Si
695 5648 854 5704 habes
879 5648 1151 5703 brachium
1187 5650 1326 5703 sicut
1351 5648 1517 5714 Deus,
1548 5657 1596 5703 et
1632 5650 1679 5703 si
1712 5666 1833 5704 voce
1855 5650 2017 5704 simili
2045 5660 2129 5705 to-

535 5737 675 5791 nas?
700 5736 985 5794 Circumda
1008 5738 1103 5793 tibi
1126 5738 1385 5808 decorem,
1416 5748 1463 5793 et
1496 5739 1551 5794 in
1590 5739 1811 5795 sublime
1835 5741 2050 5811 erigere,
2079 5750 2128 5797 et

2157 4508 2212 4569 D

2227 1904 2397 1959 bimur
2436 1916 2544 1961 tota
2585 1910 2691 1974 die,
2732 1919 2782 1964 et
2826 1927 3014 1965 nomen
3058 1923 3207 1968 tuum
3232 1916 3565 1985 confitebitur
3593 1920 3647 1972 in
3673 1932 3841 1976 mter-

2227 2012 2371 2050 num.
2409 1996 2781 2056 Verumtamen
2821 2010 2879 2056 tu
2920 2004 3209 2073 confudisfi
3232 2016 3281 2060 et
3321 2009 3592 2078 projecisti
3635 2027 3753 2077 nos,
3788 2022 3839 2068 et

2226 2102 2331 2139 non
2361 2088 2644 2156 egredieris
2691 2090 2744 2144 in
2779 2093 3095 2148 exercitibus
3146 2097 3359 2150 nostris.
3426 2096 3637 2154 Vertisti
3679 2112 3839 2173 terga

2226 2189 2406 2233 nostra
2434 2181 2593 2246 hosti,
2617 2192 2665 2236 et
2692 2184 2782 2254 qui
2814 2184 3034 2239 oderunt
3059 2202 3155 2241 nos
3196 2189 3531 2260 diripuerunt
3569 2194 3689 2247 sibi.
3728 2194 3840 2249 De-

2226 2272 2351 2327 disti
2377 2291 2471 2328 nos
2515 2276 2670 2346 quasi
2697 2294 2907 2349 gregem
2932 2278 3004 2334 ad
3031 2282 3344 2349 vorandum,
3391 2292 3440 2338 et
3486 2286 3542 2338 in
3585 2288 3836 2356 gentibus

2225 2362 2517 2433 dispersisti
2546 2383 2660 2421 nos.

2296 2455 2403 2511 Ista
2432 2459 2699 2513 sententia
2728 2460 2970 2516 insinuat
2996 2464 3270 2520 nemiuem
3308 2467 3516 2524 salvum
3558 2470 3698 2534 ﬁeri,
3735 2482 3837 2526 aut

2220 2548 2428 2619 justum
2464 2551 2550 2605 vel
2576 2551 3317 2613 innocentemdemonstrari
3363 2574 3462 2629 per
3489 2571 3837 2619 armaturam

2228 2656 2569 2713 corpoream,
2601 2644 2781 2713 ipsum
2812 2656 2995 2701 autem
3026 2647 3197 2702 Deum
3241 2664 3349 2704 non
3381 2665 3600 2721 semper
3640 2653 3695 2707 in
3726 2655 3838 2711 hac

2228 2733 2338 2787 vita
2364 2734 2522 2789 bonis
2553 2735 2855 2792 retribuere
2882 2737 3075 2792 merita
3130 2738 3379 2808 iustitiae.
3410 2742 3566 2799 Unde
3593 2750 3651 2799 et
3689 2745 3837 2801 Pau-

2227 2822 2332 2891 lus,
2365 2826 2457 2895 qui
2491 2826 2693 2882 bonum
2731 2837 3010 2885 certamen
3038 2832 3287 2895 certavit,
3322 2849 3543 2891 cursum
3574 2853 3837 2894 consum-

2229 2916 2421 2981 mavit,
2473 2915 2635 2972 ﬁdem
2685 2919 2960 2985 servavit,
3007 2922 3302 2990 repositam
3350 2925 3453 2979 sibi
3498 2926 3630 2981 dicit
3675 2942 3840 2983 coro-

2229 3020 2354 3059 nam
2374 3004 2626 3075 iustitiae,
2657 3024 2764 3063 non
2792 3018 3089 3079 receptam.
3121 3011 3255 3066 Nam
3286 3013 3339 3067 in
3372 3018 3629 3085 praesenti
3679 3019 3839 3088 quin-

2231 3096 2388 3165 quies
2436 3098 2811 3169 quadragenas
2866 3118 2972 3157 una
3015 3103 3200 3160 minus
3249 3108 3474 3177 accepit,
3531 3115 3616 3164 ter
3659 3112 3836 3181 virgis

2230 3198 2427 3255 cms'us,
2458 3189 2628 3245 semel
2677 3191 2947 3261 lapidatus
2989 3202 3092 3259 est,
3143 3204 3227 3250 ter
3272 3196 3617 3271 naufragium
3677 3200 3832 3266 fecit,

2228 3288 2284 3336 et
2333 3282 2517 3336 omnia
2562 3281 2652 3337 illa
2683 3284 2924 3354 pericula
2976 3301 3097 3356 quae
3145 3287 3260 3357 ipse
3303 3300 3609 3357 enumerat,
3667 3296 3836 3349 susti-

2229 3372 2368 3426 nuit.

2305 3462 2471 3530 Deus,
2495 3474 2742 3519 venerunt
2764 3476 2941 3536 gentes
2968 3470 3024 3523 in
3045 3469 3404 3527 hcereditatem
3429 3484 3599 3539 tuam,
3621 3476 3832 3545 pollue-

2232 3564 2354 3607 runt
2394 3555 2645 3625 templum
2688 3567 2929 3612 sanctum
2968 3569 3138 3627 tuum,
3173 3574 3459 3632 posuerunt
3489 3564 3834 3622 Hierusalem

2231 3645 2286 3699 in
2337 3662 2580 3701 acervum
2631 3647 2890 3718 lapidum.
2942 3650 3211 3707 Dederunt
3256 3656 3515 3711 cadavera
3558 3675 3833 3714 servorum

2230 3745 2444 3790 tuorum
2472 3754 2645 3793 escam
2668 3739 2841 3793 avium
2866 3740 3137 3807 caelorum,
3164 3760 3352 3800 carnes
3376 3756 3684 3803 sanctorum
3712 3760 3833 3804 tuo-

2232 3844 2349 3882 rum
2376 3830 2554 3884 bestiis
2593 3840 2769 3887 terra'.
2798 3831 3119 3902 Effuderunt
3143 3837 3455 3904 sanguinem
3479 3854 3662 3892 eorum
3692 3855 3831 3907 qua-

2230 3920 2277 3973 si
2302 3936 2496 3990 aquam
2533 3922 2588 3974 in
2615 3922 2837 3975 circuitu
2866 3922 3224 3989 Hierusalem,
3248 3935 3298 3980 et
3327 3944 3432 3982 non
3456 3938 3572 3982 erat
3608 3933 3703 4001 qui
3749 3948 3833 3986 se-

2230 4010 2435 4082 peliret.
2480 4010 2635 4067 Facti
2671 4030 2854 4068 sumus
2886 4015 3223 4085 opprobrium
3249 4018 3431 4073 vicinis
3456 4022 3670 4086 nostris,
3699 4024 3830 4077 sub-

2231 4101 2478 4157 sannatio
2499 4111 2547 4156 et
2569 4101 2763 4157 derisio
2791 4102 2871 4157 his
2891 4106 2983 4171 qui
3006 4106 3062 4159 in
3084 4107 3309 4161 circuitu
3336 4118 3514 4168 nostro
3536 4121 3682 4167 sunt.

2305 4191 2435 4247 Hinc
2458 4193 2728 4248 sententia
2755 4193 2945 4249 eadem
2987 4196 3104 4264 ipsa
3130 4196 3471 4254 demonstrat
3503 4214 3622 4270 quae
3649 4210 3710 4256 et
3730 4218 3827 4258 su-

2231 4284 2436 4356 pcrior.

2308 4372 2441 4440 Quis
2482 4373 2723 4429 ascendet
2772 4374 2829 4429 in
2872 4383 3102 4430 montem
3126 4375 3382 4432 Domini?
3404 4387 3496 4433 aut
3532 4382 3647 4449 quis
3670 4385 3826 4439 stabit

2235 4463 2292 4517 in
2339 4461 2454 4517 loco
2501 4472 2682 4517 sancto
2724 4463 2886 4535 ejus?
2925 4462 3186 4521 Innocens
3248 4468 3490 4524 manibus
3540 4480 3591 4526 et
3630 4475 3826 4529 mundo

2237 4552 2415 4617 corde,
2454 4553 2550 4623 qui
2592 4552 2887 4624 ingreditur
2914 4555 3028 4609 sine
3055 4556 3286 4622 macula,
3318 4568 3367 4612 et
3395 4570 3643 4629 operatur
3659 4564 3825 4633 justi-

2232 4643 2382 4708 tiam,
2429 4643 2661 4713 loquitur
2702 4644 2972 4697 veritatem
3010 4645 3067 4697 in
3107 4645 3263 4701 corde
3305 4663 3422 4714 suo,
3462 4650 3552 4720 qui
3596 4667 3705 4707 non
3751 4637 3823 4708 est

2235 4732 2411 4804 facilis
2451 4732 2508 4787 in
2550 4731 2736 4803 lingua
2760 4749 2880 4799 sua,
2923 4750 3087 4806 neque
3114 4735 3235 4806 fecit
3284 4738 3455 4792 amico
3480 4756 3576 4795 suo
3600 4742 3821 4807 malum,

2233 4835 2283 4880 et
2336 4825 2668 4897 opprobrium
2720 4842 2823 4880 non
2866 4828 3118 4881 sustinuit
3160 4845 3317 4900 super
3370 4832 3596 4887 vicinum
3642 4852 3819 4890 suum.

2238 4917 2342 4984 Qui
2365 4917 2577 4989 negligit
2606 4917 2859 4972 damnum
2902 4928 3113 4990 propter
3158 4921 3389 4975 amicum
3434 4939 3607 4991 suum,
3643 4926 3821 4995 justus

2236 5017 2347 5075 est;
2388 5010 2489 5062 iter
2534 5016 2708 5062 autem
2754 5008 3037 5079 impiorum
3080 5009 3299 5081 decipiet
3344 5028 3451 5067 eos.
3510 5012 3706 5070 Melior
3748 5028 3821 5072 est

2239 5100 2444 5171 patiens
2501 5098 2610 5151 viro
2665 5096 2832 5168 forti;
2890 5108 2938 5151 et
2983 5100 3072 5168 qui
3128 5100 3436 5157 dominatur
3474 5104 3651 5158 animo
3701 5120 3819 5169 suo,

2238 5199 2596 5263 expugnatore
2643 5190 2871 5244 urbium.
2924 5191 3109 5258 Arma,
3160 5202 3209 5246 et
3254 5192 3420 5264 gladii
3468 5196 3525 5249 in
3578 5196 3663 5250 via
3714 5214 3823 5269 per-

2238 5282 2375 5338 versi
2407 5294 2425 5334 :
2453 5289 2627 5335 custos
2673 5290 2846 5335 autem
2873 5282 3067 5337 anima:
3100 5300 3211 5337 sua:
3245 5282 3396 5355 longe
3426 5285 3617 5340 recedit
3644 5287 3714 5342 ub
3742 5306 3817 5343 eo.

2239 5369 2373 5426 Cum
2433 5370 2677 5425 ceciderit
2731 5369 2975 5426 inimicus
3020 5380 3162 5439 tuus,
3236 5390 3300 5429 ne
3350 5379 3603 5446 gaudeas,
3666 5386 3721 5432 et
3771 5378 3820 5433 in

2232 5462 2390 5515 ruina
2442 5461 2559 5531 ejus
2612 5476 2675 5514 ne
2727 5460 2949 5515 exsultet
2993 5478 3085 5516 cor
3145 5473 3333 5530 tuum;
3382 5482 3447 5521 ne
3477 5466 3614 5537 forte
3654 5469 3821 5524 videat

2230 5550 2512 5616 Dominus,
2565 5560 2615 5605 et
2681 5550 2955 5622 displiceat
3018 5551 3089 5618 ei,
3144 5562 3192 5606 et
3241 5554 3453 5625 auferat
3502 5558 3570 5613 ab
3599 5576 3660 5614 eo
3690 5560 3820 5614 iram

2222 5660 2397 5701 suam.

2302 5740 2496 5797 Videat
2520 5740 2749 5797 bellator
2772 5740 3068 5809 fraternus,
3099 5742 3144 5797 si
3167 5742 3239 5798 sit
3267 5743 3529 5803 innocens
3550 5746 3817 5810 manibus,
