3930 6344
143 361 266 419 263

1255 367 1457 432 LIBER
1507 373 1785 432 CONTRA
1824 370 2144 433 JUDICIUM
2184 375 2314 433 DEI.

3312 390 3419 444 εσυ

145 479 378 535 mundo.
397 481 578 545 corde,
611 489 664 535 et
692 481 856 537 faciat
885 483 1065 537 omnia
1099 498 1216 553 quae
1245 502 1478 556 sequens
1523 499 1742 544 senten-
1770 489 1820 548 Α
1845 495 1899 542 et
1929 489 2076 558 impii
2122 498 2232 544 tam
2277 489 2506 545 feliciter
2537 489 2589 546 in
2620 491 2723 548 hoc
2753 493 2955 550 mundo
2991 496 3211 566 degunt,
3245 509 3303 556 ut
3330 517 3424 559 eos

147 565 230 618 tia
265 577 569 622 enumerat.

228 653 352 710 Non
379 657 551 712 solum
582 659 794 723 melior,
825 661 918 716 sed
966 679 1066 718 nec
1112 665 1287 721 bonus
1316 667 1428 720 vult
1472 683 1614 734 esse,
1651 669 1743 738 qui

142 763 254 818 per
277 751 595 820 patientiam
627 769 730 808 non
779 755 1088 819 dominatur
1117 761 1300 815 animo
1326 776 1442 816 suo.
1476 761 1576 828 Qui
1621 778 1744 818 cum

141 841 409 907 proximo
437 843 678 897 decertat
718 854 940 916 propter
984 849 1182 902 animal
1221 850 1465 915 brutum,
1494 867 1596 907 nec
1624 867 1743 906 mo-

141 927 340 982 dicum
370 930 623 985 damnum
655 934 767 988 vult
808 936 1082 1006 negligere
1118 948 1341 1008 propter
1370 940 1561 998 Deum.

225 1019 404 1076 Erues
430 1039 514 1077 eos
556 1026 644 1095 qui
687 1026 954 1081 ducuntur
983 1030 1051 1083 ad
1094 1040 1333 1096 mortem,
1361 1042 1408 1086 et
1449 1035 1540 1102 qui
1570 1035 1746 1088 detra-

142 1112 358 1166 huntur
384 1115 452 1167 ad
477 1116 744 1170 interitum
796 1118 1018 1173 liberare
1055 1137 1117 1174 ne
1161 1139 1346 1176 cesses.
1398 1122 1455 1178 Si
1503 1125 1698 1179 dixeris
1724 1138 1742 1175 :

158 1200 314 1257 Vires
357 1222 459 1258 non
506 1219 781 1277 suppetunt
811 1227 829 1263 :
876 1212 966 1280 qui
996 1212 1255 1283 inspector
1288 1223 1363 1268 est
1408 1215 1604 1280 cordis,
1636 1215 1744 1286 ipse

140 1293 417 1364 intelligit,
465 1307 513 1350 et
547 1309 861 1354 servatorem
892 1303 1082 1357 animae
1110 1312 1215 1357 tua:
1261 1305 1392 1359 nihil
1434 1306 1594 1374 fallit,
1627 1307 1745 1360 red-

141 1383 342 1454 detque
373 1387 572 1442 homini
587 1389 746 1458 juxta
776 1409 935 1462 opera
961 1410 1077 1447 sua.
1121 1393 1237 1449 Villi
1264 1397 1358 1451 sub
1386 1397 1495 1452 sole
1534 1400 1590 1452 in
1630 1397 1741 1452 loco

143 1475 346 1530 iudicii
399 1479 736 1550 impietatem,
769 1492 816 1536 et
860 1485 916 1538 in
953 1484 1066 1539 loco
1111 1488 1340 1556 justitiat
1389 1489 1738 1560 iniquitatem.

143 1562 221 1617 Et
257 1566 374 1620 dixi
414 1569 469 1621 in
515 1572 673 1625 corde
703 1589 817 1626 meo
845 1587 863 1624 .'
895 1575 1111 1629 Iustum
1134 1587 1180 1631 et
1221 1580 1439 1648 impium
1479 1581 1742 1648 judicabit

140 1654 314 1719 Deus,
364 1667 412 1710 et
462 1668 660 1728 tempus
694 1663 770 1714 rei
815 1662 984 1717 omnis
1029 1675 1154 1719 tunc
1183 1668 1298 1720 erit.
1343 1667 1484 1722 Verti
1532 1687 1614 1724 me
1662 1671 1733 1724 ad

141 1743 283 1808 alia,
309 1755 356 1798 et
387 1745 490 1799 vidi
539 1748 831 1804 calumnias
859 1769 978 1820 qua:
1004 1755 1098 1808 sub
1144 1756 1252 1810 sole
1273 1768 1552 1827 geruntur,
1581 1768 1629 1813 et
1661 1759 1741 1813 la-

1848 586 2003 647 putes
2025 593 2144 633 esse
2165 580 2513 649 justissimos.

1921 669 2100 723 Nescit
2127 670 2280 723 homo
2310 681 2484 724 utrum
2512 689 2689 728 amore
2731 693 2798 730 an
2825 677 2946 731 odio
2987 679 3176 749 dignus
3204 683 3305 749 sit;
3334 685 3425 741 sed

1846 760 2024 813 omnia
2048 759 2104 814 in
2131 760 2311 830 futuro
2342 770 2620 815 servantur
2645 764 2864 829 incerta,
2909 784 2970 820 eo
2997 770 3138 838 quod
3181 773 3424 828 universa

1844 867 1991 922 aque
2033 851 2268 906 eveniant
2287 851 2438 920 justo
2481 862 2528 905 et
2573 853 2758 923 impio,
2794 855 2924 910 bono
2950 869 2995 912 et
3019 860 3178 926 malo,
3228 866 3424 919 mundo

1847 950 1893 995 et
1930 941 2220 1005 immundo,
2271 941 2566 995 immolanti
2607 944 2864 1009 victimas,
2894 957 2940 1000 et
2987 951 3250 1020 sacriﬁcia
3298 970 3422 1008 con-

1845 1033 2111 1083 temnenti.
2141 1030 2290 1086 Sicut
2322 1033 2508 1096 bonus,
2550 1032 2625 1085 sic
2647 1041 2696 1086 et
2747 1044 3022 1102 peccator;
3054 1049 3110 1092 ut
3150 1043 3420 1112 periurus,

1844 1118 1919 1170 ita
1944 1127 1992 1171 et
2035 1117 2125 1172 ille
2159 1120 2249 1189 qui
2297 1135 2475 1173 verum
2522 1119 2742 1189 dejerat.
2779 1121 2892 1176 Hoc
2915 1134 2989 1178 est
3025 1129 3304 1196 pessimum
3342 1133 3424 1184 in-

1845 1215 1924 1258 ter
1942 1208 2114 1261 omnia
2146 1225 2265 1276 qua:
2291 1207 2397 1262 sub
2425 1207 2534 1263 sole
2558 1210 2712 1278 ﬁunt,
2744 1212 2868 1280 quia
2887 1213 3069 1268 eadem
3089 1219 3287 1273 cunctis
3313 1237 3425 1276 eve-

1846 1296 2016 1349 uiuat.

1915 1385 1971 1439 Si
2003 1387 2183 1440 omnia
2217 1385 2397 1442 futuro
2423 1397 2709 1443 servantur
2739 1389 2966 1456 incerta,
3020 1395 3158 1448 mira
3201 1394 3426 1454 fatuitas

1842 1476 2222 1543 quorumdam,
2273 1477 2362 1547 qui
2408 1479 2794 1536 certaminibus
2839 1487 3186 1542 exsecrandis
3226 1497 3426 1558 putant

1843 1579 1900 1618 se
1929 1564 1994 1618 de
2024 1566 2246 1620 incertis
2275 1566 2453 1621 facere
2483 1576 2652 1622 certa.

1924 1652 2061 1708 Verti
2088 1673 2167 1709 me
2205 1657 2274 1709 ad
2297 1655 2481 1720 aliud;
2506 1658 2710 1728 vidique
2739 1660 2836 1713 sub
2873 1662 2999 1728 sole,
3043 1682 3134 1718 nec
3168 1667 3422 1722 velocium

1840 1764 1950 1800 esse
1972 1763 2205 1812 cursum,
2239 1765 2330 1801 nec
2361 1747 2581 1816 fortium
2611 1748 2823 1816 bellum,
2849 1769 2943 1806 nec
2985 1757 3278 1824 sapientum
3322 1777 3421 1828 pa-

141 1850 361 1903 crymas
392 1836 763 1904 innocentium,
814 1849 863 1894 et
899 1843 1162 1896 consolari
1203 1861 1289 1899 eos
1322 1847 1596 1910 neminem,
1646 1865 1738 1901 nec
1768 1833 1813 1892 Β
1843 1854 1979 1901 Mm,
2013 1855 2104 1890 πει·
2131 1838 2409 1890 doctorum
2449 1839 2682 1904 δίυίιίαε,
2731 1857 2824 1894 λετ
2862 1845 3128 1912 artiﬁcum
3171 1849 3420 1915 gratiam

140 1940 302 1994 posse
355 1927 593 1980 resistere
637 1945 817 1983 eorum
864 1933 1122 1988 violentia:
1176 1947 1481 1990 cunctorum
1535 1937 1741 1992 auxilio

142 2014 451 2071 destitutos.

222 2105 343 2162 Non
375 2108 548 2162 solum
582 2112 748 2167 debes
791 2129 898 2168 non
931 2116 1125 2170 ducere
1157 2118 1222 2172 ad
1264 2127 1517 2184 mortem,
1549 2136 1736 2176 verum

143 2195 317 2250 etiam
348 2212 441 2252 eos
470 2188 562 2267 qui
594 2199 867 2256 ducuntur
892 2219 1103 2268 eruere,
1133 2205 1176 2260 si
1207 2223 1311 2262 non
1341 2206 1424 2262 vis
1457 2216 1516 2262 ut
1547 2209 1738 2264 reddat

145 2286 248 2341 tibi
280 2287 868 2358 Dominusrsecundum
899 2309 1062 2366 opera
1090 2305 1200 2350 tua.

210 2375 450 2443 Quando
487 2381 748 2436 Dominus
773 2381 915 2438 inter
939 2385 1144 2453 justum
1183 2395 1239 2440 et
1268 2387 1493 2457 impium
1539 2389 1740 2446 discre-

143 2467 315 2531 verit,
345 2477 556 2537 tempus
587 2472 764 2526 omnis
794 2473 870 2527 rei
916 2481 1045 2528 tunc
1074 2475 1199 2538 erit,
1238 2491 1344 2530 non
1374 2478 1552 2532 modo.
1585 2479 1738 2547 Quod

147 2563 368 2624 tempus
414 2558 727 2614 desiderans
779 2560 1041 2628 Ecclesia,
1099 2573 1250 2634 rogat
1298 2565 1608 2632 Dominum,
1659 2569 1740 2623 di—

147 2660 321 2700 cens:
366 2645 561 2701 Judica
609 2666 713 2714 me,
755 2649 915 2715 Deus,
948 2662 996 2704 et
1050 2652 1284 2707 discerne
1317 2671 1533 2708 causam
1568 2672 1736 2710 meam

147 2734 214 2787 de
239 2744 389 2804 gente
435 2754 537 2790 non
577 2749 780 2793 sancta.
827 2740 1001 2807 Quam
1028 2758 1142 2796 rem
1171 2745 1214 2798 si
1247 2744 1491 2801 homines
1547 2747 1736 2802 saltem

145 2825 446 2894 justiﬁcare
474 2829 784 2893 valuissent,
832 2848 936 2887 non
967 2841 1150 2888 essent
1190 2835 1327 2888 mala
1359 2850 1477 2906 qua:
1507 2853 1737 2908 sequen—

150 2927 234 2973 tes
263 2921 546 2976 sententiaa
576 2932 916 2978 enumerant.

224 3009 287 3065 Si
315 3011 503 3065 videris
534 3012 826 3067 calumnias
856 3031 1155 3084 egenorum,
1189 3026 1234 3069 et
1258 3017 1479 3071 violenta
1501 3020 1732 3088 judicia,

150 3109 201 3171 et
224 3099 454 3154 subverti
474 3102 738 3171 justitiam
764 3105 818 3157 in
859 3105 1145 3173 provincia,
1193 3124 1296 3161 non
1335 3109 1540 3162 mireris
1581 3127 1738 3181 super

1839 1927 1929 1979 sed
1957 1936 2156 1996 tempus
2189 1945 2467 1997 casumque
2488 1930 2543 1982 iu
2577 1930 2830 1984 omnibus.
2881 1932 3060 1986 Nescit
3082 1936 3234 1989 homo
3263 1938 3420 2006 ﬁnem

1838 2033 2011 2070 suum.
2057 2017 2165 2072 Sed
2191 2019 2327 2072 sicut
2355 2020 2521 2087 pisces
2553 2021 2832 2089 capiuntur
2858 2023 3038 2088 hamo,
3066 2035 3113 2078 et
3140 2028 3274 2080 sicut
3303 2045 3420 2083 aves

1838 2108 2343 2176 comprehenduntur
2370 2109 2577 2180 laqueo,
2610 2111 2684 2164 sic
2713 2113 2995 2181 capiuntur
3020 2115 3256 2170 homines
3287 2127 3419 2173 tem-

1835 2213 1958 2265 pore
1989 2196 2149 2262 malo,
2184 2215 2303 2251 cum
2326 2200 2398 2253 eis
2424 2198 2681 2269 extemplo
2711 2204 3086 2270 supervenerit.

1908 2285 2034 2340 Haec
2058 2287 2326 2341 sententia
2353 2303 2457 2343 non
2487 2289 2714 2358 denegat
2744 2292 3160 2360 providentiam,
3199 2296 3291 2350 sed
3318 2297 3417 2351 do-

1837 2383 1924 2430 cet
1950 2375 2130 2431 exitus
2157 2391 2338 2432 rerum
2381 2378 2687 2434 hominibus
2729 2394 2849 2434 esse
2879 2381 3132 2438 incertos.
3181 2385 3421 2455 Epistola

1838 2467 1906 2520 ad
1930 2466 2202 2522 Romanos
2229 2468 2355 2523 huic
2375 2468 2494 2523 loco
2534 2471 2786 2540 congruit
2811 2489 2823 2523 :
2853 2473 2978 2540 quia
3027 2489 3132 2528 non
3158 2475 3410 2543 volentis,

1837 2568 2011 2623 neque
2032 2556 2320 2621 currentis,
2357 2557 2452 2613 sed
2477 2558 2784 2614 miserentis
2815 2559 2908 2615 Dei
2932 2563 3020 2615 sit.
3053 2562 3204 2628 Quod
3235 2576 3414 2622 autem

1837 2645 1914 2698 ait
1943 2659 1957 2697 :
1993 2645 2117 2699 Non
2161 2657 2236 2700 est
2267 2649 2589 2718 sapientibus
2622 2651 2797 2719 panis,
2845 2652 3135 2708 multorum
3180 2657 3418 2723 quotidie

1836 2735 2094 2804 probatur
2123 2738 2390 2807 exemplo,
2433 2740 2523 2808 qui
2563 2754 2686 2795 eum
2730 2743 3115 2811 sapientissimi
3162 2747 3289 2811 sint,
3322 2764 3416 2804 ne-

1835 2827 2087 2881 cessariis
2111 2827 2370 2897 indigent,
2399 2837 2454 2882 et
2494 2829 2763 2884 eruditum
2797 2832 2972 2885 virum
3001 2833 3171 2889 latere
3198 2836 3251 2890 in
3290 2838 3412 2892 obs-

1836 2928 1991 2981 curo,
2019 2917 2424 2986 persecutiones
2469 2920 2602 2987 pati,
2644 2929 2832 2974 etnon
2871 2921 3043 2978 solum
3075 2924 3127 2978 in
3162 2927 3414 2996 populum

1835 3008 2063 3077 gratiam
2089 3025 2195 3063 non
2218 3009 2438 3073 habere,
2456 3011 2549 3064 sed
2577 3011 2754 3080 inopia
2773 3021 2827 3066 et
2849 3022 3090 3084 egestate
3113 3018 3410 3074 tabescere.

1836 3097 1963 3154 Haec
1992 3107 2171 3154 autem
2202 3099 2358 3167 ﬁunt,
2388 3103 2512 3171 quia
2543 3103 2750 3158 incerto
2788 3112 2932 3160 statu
2983 3107 3156 3162 ﬂuunt
3199 3113 3404 3177 omnia,

151 3189 252 3243 hoc
286 3191 489 3260 negotio
515 3199 532 3243 .‘
564 3193 686 3262 quia
701 3194 901 3248 excelso
936 3196 1072 3250 alius
1095 3196 1365 3263 excelsior,
1391 3208 1439 3252 et
1460 3215 1618 3268 super

1850 3198 2024 3245 etnon
2050 3198 2134 3245 est
2162 3190 2215 3246 in
2253 3192 2502 3260 praesenti
2535 3193 2853 3249 meritorum
2885 3198 3188 3266 retributio,
3231 3203 3326 3258 sed
3353 3175 3406 3257 in

150 3295 356 3348 quoque
381 3281 745 3337 eminentiores
767 3293 888 3339 sunt
916 3285 1032 3338 alii.

223 3359 483 3426 Excelsus
509 3373 704 3443 quippe
731 3390 893 3444 super
913 3377 1156 3433 excelsos
1186 3379 1300 3433 haec
1325 3379 1548 3448 respicit
1569 3379 1731 3445 Deus,

153 3460 247 3529 qui
276 3460 495 3531 angelos
524 3477 650 3516 suos
699 3479 862 3532 super
892 3463 1104 3539 judices
1132 3475 1186 3522 et
1228 3483 1382 3538 reges
1412 3477 1570 3522 terrae
1599 3485 1736 3538 prae—

150 3553 381 3620 posuit:
422 3553 511 3620 qui
559 3563 784 3621 possunt
829 3555 1017 3624 utique
1057 3558 1347 3625 prohibere
1391 3558 1733 3625 injustitiam,

154 3650 212 3696 et
245 3643 418 3714 magis
449 3644 500 3697 in
528 3651 674 3699 terra
705 3645 884 3701 valere
910 3661 1078 3715 quam
1099 3649 1300 3716 quaevis
1329 3649 1611 3705 hominum
1640 3665 1737 3720 po-

158 3741 402 3797 testates.
434 3733 540 3789 Sed
565 3737 817 3804 quoniam
839 3747 1021 3791 servat
1045 3738 1100 3790 in
1126 3739 1229 3792 line
1251 3737 1513 3806 judicium
1537 3750 1592 3795 et
1609 3756 1736 3794 con-

155 3823 572 3877 summationem
605 3825 810 3889 mundi,
857 3827 1072 3894 quando
1111 3836 1323 3881 matura
1365 3843 1520 3898 seges
1549 3827 1732 3894 fuerit,

162 3923 211 3968 et
235 3927 507 3968 messores
530 3916 790 3979 venerint,
817 3913 1069 3983 jussurus
1100 3927 1183 3972 est
1224 3928 1283 3973 ut
1307 3929 1589 3990 separetur
1636 3923 1736 3978 tri-

157 4006 323 4060 ticum
353 4016 409 4060 et
427 4007 612 4062 lolium
640 4011 886 4065 tradatur
917 4010 1196 4075 incendio;
1229 4012 1352 4067 ideo
1367 4029 1513 4069 nunc
1544 4029 1736 4084 exspe-

155 4107 290 4164 ctat,
337 4108 394 4154 et
444 4100 623 4156 diﬂ‘ert
668 4103 1025 4169 sententiam,
1084 4105 1320 4174 quandiu
1372 4121 1500 4178 ager
1550 4109 1736 4162 mundi

159 4186 314 4242 istius
342 4188 549 4258 plenius
577 4190 874 4245 excolatur.

227 4280 417 4335 Justus
443 4283 570 4350 perit
599 4284 653 4335 in
681 4284 894 4351 justitia
923 4301 1040 4343 sua,
1089 4295 1135 4338 et
1178 4286 1366 4351 impius
1411 4285 1576 4340 multo
1618 4288 1734 4340 vivit

160 4383 388 4442 tempore
411 4376 463 4428 in
492 4374 695 4428 malitia
726 4393 847 4428 sua.

230 4464 324 4518 Dei
349 4465 402 4516 in
431 4465 640 4518 occulto
672 4467 931 4534 sapientia
958 4475 1040 4519 est
1064 4475 1119 4520 et
1142 4465 1402 4521 tribulare
1439 4482 1582 4520 nunc
1610 4483 1733 4521 san-

160 4561 275 4607 ctos
321 4561 381 4606 ut
428 4553 690 4623 recipiant
723 4554 861 4608 mala
915 4553 968 4607 in
1018 4555 1126 4608 vita
1177 4570 1290 4618 sua,
1338 4563 1393 4607 et
1422 4565 1732 4622 peccatores

162 4659 266 4697 non
307 4644 525 4700 visitare
565 4659 662 4713 pro
704 4644 908 4698 scelere
947 4653 1001 4698 et
1038 4645 1190 4714 quasi
1222 4646 1286 4699 ad
1315 4645 1610 4700 vindictam
1641 4662 1729 4700 re-

164 4749 412 4798 servare;
443 4742 502 4786 ut
529 4741 583 4786 et
611 4733 713 4786 illis
739 4733 908 4801 possit
929 4743 1142 4794 mterna
1159 4735 1296 4788 bona
1327 4735 1638 4798 restituere,
1677 4745 1732 4789 et

163 4824 247 4878 bis
273 4824 410 4877 mala
442 4823 640 4878 inferre
672 4833 952 4893 perpetua.

231 4912 418 4966 Melius
446 4922 528 4967 est
557 4913 854 4967 secundum
883 4913 1211 4968 voluntatem
1239 4913 1332 4968 Dei
1361 4923 1430 4968 ut-
1436 4914 1616 4983 justus
1638 4931 1729 4984 pe-

165 5008 282 5054 reat
304 5000 357 5052 in
375 4998 582 5067 justitia
608 5017 725 5064 sua,
755 5016 916 5070 quam
944 5009 1004 5055 ut
1029 5001 1253 5070 impium
1279 5003 1491 5056 occidat
1514 5012 1734 5078 propter

164 5087 420 5143 malitiam
469 5088 630 5143 illius.
673 5090 739 5142 Et
766 5090 890 5158 quia
939 5090 1011 5144 ita
1054 5088 1135 5154 lit,
1168 5090 1289 5144 ideo
1313 5091 1562 5158 provenit
1593 5091 1732 5160 quod

163 5192 390 5249 sequens
417 5181 686 5233 sententia
715 5181 881 5234 dicit:

229 5267 363 5325 Sunt
391 5270 526 5338 justi
562 5271 746 5341 quibus
790 5271 955 5325 multa
1000 5272 1327 5340 proveniunt,
1371 5276 1523 5342 quasi
1578 5291 1732 5342 opera

162 5361 352 5430 egerint
377 5359 689 5428 impiorum;
716 5369 766 5414 et
791 5369 915 5414 sunt
945 5360 1090 5429 impii
1120 5361 1209 5430 qui
1255 5361 1328 5414 ita
1368 5363 1538 5414 securi
1585 5373 1726 5427 sunt,

158 5449 305 5503 quasi
320 5450 584 5518 jusserunt
613 5450 754 5518 facta
776 5449 1018 5503 habeant.

224 5539 368 5594 later
405 5547 632 5595 ceteras
659 5539 928 5594 vanitates
967 5554 1085 5610 quae
1134 5539 1187 5592 in
1233 5539 1432 5594 mundo
1470 5540 1621 5596 vario
1650 5540 1726 5596 fe-

160 5640 346 5688 runtur
372 5639 593 5698 eventu,
617 5630 779 5684 etiam
819 5630 922 5684 hoc
957 5629 1283 5699 deprehendi
1312 5630 1453 5696 quod
1474 5627 1636 5696 justis
1660 5644 1725 5684 ea

158 5729 465 5797 nequenter
488 5721 743 5777 eveniunt
779 5735 896 5790 quae
939 5720 1119 5790 impiis
1156 5719 1372 5775 evenire
1404 5717 1718 5783 debuerant,

430 5813 710 5870 PATROL.
747 5808 903 5871 ClV.

1841 3281 1894 3334 l'u
1903 3290 1955 3335 tu
1966 3297 2043 3336 ro.

1913 3374 2010 3428 Est
2040 3375 2238 3429 malum
2285 3376 2422 3447 quod
2450 3377 2552 3431 vidi
2580 3379 2673 3432 sub
2702 3380 2828 3442 sole,
2879 3383 3030 3452 quasi
3072 3399 3162 3453 per
3188 3401 3417 3440 errorem

1838 3464 2105 3533 egrediens
2136 3483 2167 3517 a
2189 3465 2325 3533 facie
2350 3467 2634 3535 principis;
2665 3471 2889 3538 positum
2919 3473 3138 3525 stultum
3162 3474 3215 3527 in
3238 3475 3415 3544 digni-

1837 3561 1944 3605 tate
1967 3551 2196 3616 sublimi,
2228 3562 2276 3607 et
2299 3554 2480 3608 divites
2510 3557 2696 3610 cadere
2716 3557 2980 3612 deorsum.
3023 3559 3142 3614 Vidi
3163 3579 3334 3617 servos
3361 3566 3414 3618 in

1838 3643 2000 3712 equis,
2050 3653 2100 3696 et
2154 3644 2412 3714 principes
2463 3645 2788 3701 ambulantes
2856 3650 3009 3719 quasi
3054 3667 3226 3706 servos
3265 3669 3417 3724 super

1835 3740 2050 3785 terram.

1910 3823 1976 3878 Et
1997 3825 2134 3878 hanc
2163 3839 2290 3894 ergo
2317 3824 2652 3894 iniquitatem
2684 3841 2742 3881 se
2765 3827 2818 3879 in
2851 3828 3048 3883 steculo
3074 3833 3414 3900 perspexisse

1837 3923 2246 3980 commemorat,
2275 3916 2418 3985 quod
2449 3916 2692 3970 videatur
2722 3917 2978 3985 injustum
3009 3919 3102 3973 Dei
3127 3935 3248 3976 esse
3270 3921 3415 3990 judi-

1838 4005 2002 4064 cium.
2057 4013 2113 4059 et
2169 4005 2282 4060 sive
2328 4021 2426 4076 per
2474 4007 2881 4077 ignorationem,
2931 4009 3044 4063 sive
3071 4011 3272 4082 absque
3301 4013 3418 4082 ejus

1840 4093 1956 4148 ﬁeri
1982 4093 2278 4159 voluntate,
2327 4103 2385 4149 ut
2411 4095 2496 4150 vel
2539 4096 2592 4150 in
2632 4097 2814 4150 mundi
2843 4099 3215 4165 potestatibus,
3246 4101 3330 4156 vel
3362 4103 3415 4158 in

1838 4183 2094 4238 Ecclesiae
2121 4185 2443 4255 principatu,
2469 4202 2609 4256 saepe
2634 4188 2687 4242 hi
2715 4188 2804 4256 qui
2834 4189 3028 4244 divites
3070 4191 3124 4244 in
3164 4206 3414 4249 sermone

1842 4282 1968 4326 sunt
1994 4283 2157 4343 atque
2200 4276 2482 4345 sapientia,
2528 4277 2719 4330 divites
2744 4277 2906 4329 etiam
2939 4278 2991 4331 in
3030 4279 3283 4348 operibus
3319 4283 3412 4336 bo-

1842 4366 1944 4428 nis,
1981 4365 2241 4434 ignobiles
2277 4367 2516 4428 sedeant,
2546 4376 2602 4420 et
2629 4367 2940 4435 imprudens
2965 4370 3192 4439 quisque
3229 4372 3284 4425 in
3312 4373 3406 4427 Ec-

1842 4455 2004 4510 clesia
2035 4464 2213 4510 teneat
2239 4458 2599 4526 principatum
2631 4475 2642 4511 :
2691 4460 2794 4512 hoc
2816 4465 2995 4512 autem
3042 4460 3213 4514 fieria
3262 4463 3411 4516 vultu

1838 4547 1955 4616 ejus
1989 4549 2080 4618 qui
2119 4549 2172 4602 in
2218 4550 2415 4603 saeculo
2442 4550 2604 4604 habet
2628 4559 2973 4620 potestatem,
3013 4551 3141 4606 dum
3168 4561 3413 4622 potentes

1837 4655 2078 4709 quosque
2106 4648 2160 4693 et
2189 4641 2376 4694 doctos
2404 4649 2633 4709 premat,
2666 4657 2766 4695 nec
2796 4656 2888 4696 eos
2915 4642 2966 4695 in
2992 4643 3204 4712 populis
3241 4660 3404 4714 appa-

1838 4745 1959 4785 rere
1988 4731 2297 4800 permittat;
2331 4732 2450 4785 illos
2497 4746 2627 4785 vero
2668 4746 2805 4800 quos
2834 4731 2934 4786 scit
2962 4746 3082 4786 esse
3110 4733 3406 4804 impruden-

1836 4831 1938 4884 tes,
1965 4823 2018 4875 in
2048 4822 2304 4876 Ecclesiis
2327 4821 2489 4876 faciat
2505 4836 2626 4876 esse
2657 4821 2908 4888 majores,
2938 4832 2996 4877 ut
3032 4824 3160 4878 caci
3183 4839 3214 4878 a
3253 4827 3407 4880 cazcis

1835 4910 2100 4966 ducantur
2127 4912 2182 4965 in
2218 4910 2447 4966 foveam.

1907 4999 2083 5064 Quare
2137 4999 2408 5055 ostendisti
2466 5001 2595 5054 mihi
2649 5000 3000 5070 iniquitatem,
3055 5011 3106 5055 et
3154 5002 3406 5067 laborem,

1834 5091 2005 5144 videre
2043 5090 2299 5160 prmdaut,
2332 5101 2379 5145 et
2417 5092 2732 5161 iniustitiam
2764 5099 2945 5144 contra
2983 5093 3102 5145 me!
3124 5102 3173 5145 et
3210 5093 3407 5161 factum

1835 5189 1910 5233 est
1945 5179 2212 5248 judicium
2256 5191 2305 5234 et
2350 5181 2692 5234 contradictio
2721 5180 3000 5249 potentior.
3048 5177 3272 5250 Propter
3311 5185 3404 5238 hoc

1836 5269 2067 5322 lacerata
2091 5278 2168 5322 est
2194 5268 2301 5334 lex,
2326 5279 2372 5323 et
2402 5286 2505 5322 non
2541 5270 2767 5338 pervenit
2798 5285 2960 5338 usque
2986 5269 3055 5322 ad
3075 5269 3232 5337 ﬁnem
3251 5271 3404 5341 judi-

1834 5361 2005 5415 cium:
2032 5360 2158 5430 quia
2177 5361 2369 5431 impius
2389 5359 2634 5430 prcualet
2656 5359 2907 5413 adversus
2920 5360 3148 5429 justum,
3171 5372 3403 5432 propter-

1826 5465 1890 5502 ea
1913 5449 2181 5519 egreditur
2194 5451 2459 5519 judicium
2486 5465 2800 5518 perversum.

1899 5537 2023 5594 Haec
2052 5537 2344 5608 loquuntur
2371 5538 2677 5593 nescientes
2700 5537 2901 5605 judicia
2928 5538 3022 5593 Dei
3057 5539 3403 5611 investigabi-

1824 5629 1894 5685 lia
1947 5637 2004 5685 et
2045 5628 2368 5699 profundum
2399 5628 2708 5682 divitiarum
2752 5628 3029 5696 sapientia
3072 5639 3129 5684 et
3161 5631 3402 5688 scientia:

1824 5721 1960 5790 ejus,
1989 5721 2129 5791 quod
2162 5735 2267 5775 non
2298 5719 2368 5773 ita
2400 5718 2576 5772 videat
2605 5717 2766 5781 Deus,
2800 5727 2859 5771 ut
2900 5719 3046 5772 videt
3071 5719 3252 5777 homo.
3283 5721 3397 5780 ηυ-

3006 5810 3043 5866 9
