3930 6334
449 298 555 350 267
1437 303 1496 358 S.
1533 302 1882 360 AGOBARDI
1917 305 2224 362 El’lSCOl’l
2266 309 2757 367 LCGDUNENSIS
3640 309 3750 374 188

451 426 540 467 mo
567 417 775 466 tantum
797 416 1093 482 presentia
1115 418 1356 489 respicit,
1385 418 1526 475 Deus
1553 418 1736 476 future
1760 429 1815 475 et
1841 430 2048 477 acterna
2077 427 2128 487 Α
2223 425 2300 480 De
2331 424 2462 481 Sion
2497 429 2790 498 egredietur
2817 429 2922 497 lex,
2946 439 2994 484 et
3040 430 3250 487 verbum
3280 429 3496 486 Domini
3526 434 3591 488 de
3618 433 3754 490 His.

450 501 749 572 cognoscit.
781 501 1100 563 Communis
1127 511 1196 564 ad
1243 509 1414 566 Deum
1459 511 1679 583 querela
1731 521 2047 569 sanctorum
2150 514 2402 583 rusalem,
2451 527 2500 571 et
2541 518 2800 587 iudicabit
2842 519 2979 573 inter
3016 521 3237 591 populos
3264 521 3476 587 multos,
3510 524 3757 579 acerri-

448 604 554 660 est,
587 609 757 664 quare
786 605 979 654 contra
1006 614 1100 656 ws
1135 600 1395 670 iniustum
1428 601 1844 672 judiciumﬁat,
1877 613 1934 661 et
1962 605 2045 659 iu-

448 685 673 741 noxium
715 687 770 742 in
799 691 1274 758 persecutionibus
1301 696 1620 766 sanguinem
1665 695 1932 763 fundant;
1983 711 2049 752 ac

449 775 499 832 si
540 779 758 847 quando
800 788 926 835 ante
968 783 1206 839 tribunal
1245 786 1498 840 steterint
1532 785 1777 855 iudicum
1824 787 2050 844 saecula-

447 872 593 926 rium
650 871 820 942 judex
851 876 1093 946 acceptis
1132 879 1450 934 muneribus
1489 881 1817 936 condemnet
1863 882 2047 936 inson-

447 971 580 1027 tem,
604 972 658 1019 et
682 979 836 1019 reum
867 965 1102 1021 liberet:
1150 969 1294 1038 quod
1327 971 1546 1040 quidem
1593 984 1702 1026 non
1752 972 1929 1028 solum
1973 972 2041 1026 de

442 1052 719 1124 iudicibus
745 1056 949 1121 saeculi,
980 1058 1074 1113 sed
1101 1059 1371 1115 interdum
1399 1062 1464 1117 de
1495 1074 1517 1101 ιι
1546 1062 1805 1118 Ecclesiae
1831 1077 2048 1133 quoque

448 1147 788 1220 principibus
814 1148 919 1204 dici
951 1158 1150 1218 potest,
1181 1151 1326 1220 quod
1357 1159 1580 1223 propter
1624 1166 1854 1207 munera
1904 1153 2048 1208 lace-

450 1246 574 1292 rent
609 1237 806 1309 legem,
834 1248 889 1293 et
930 1256 1036 1295 non
1085 1242 1386 1310 perducant
1417 1258 1586 1312 usque
1616 1244 1682 1297 ad
1714 1243 1875 1298 linem
1899 1243 2048 1312 Judi-

446 1329 612 1394 cium,
652 1341 708 1386 et
747 1331 944 1402 impius
979 1334 1274 1402 praevaleat
1304 1336 1566 1390 adversus
1584 1335 1813 1406 justum,
1847 1344 1903 1392 et
1932 1351 2047 1388 ma-

448 1423 534 1492 gis
563 1423 618 1476 in
658 1421 866 1491 judicio
896 1433 1184 1493 peceatum
1213 1425 1399 1482 divitis
1429 1441 1594 1496 quam
1635 1427 1886 1496 pauperis
1906 1426 2048 1479 veri-

446 1522 531 1568 tas
555 1513 894 1580 defendatur,
922 1515 1065 1573 unde
1093 1517 1431 1589 querimonia
1477 1525 1564 1574 est
1594 1515 1862 1587 judicium
1894 1517 2046 1571 exire

445 1623 776 1680 perversum.
821 1609 941 1664 Non
979 1610 1242 1666 debemus
1265 1626 1430 1679 super
1458 1611 1562 1666 hac
1591 1624 1776 1665 rerum
1819 1609 2048 1677 inaequi-

449 1709 563 1757 tate
591 1700 821 1766 turbari,
858 1703 1105 1757 videntes
1131 1711 1188 1757 et
1215 1703 1270 1756 in
1305 1703 1577 1772 principio
1606 1701 1796 1757 mundi
1826 1699 1896 1754 ab
1944 1700 2046 1753 im-

448 1793 536 1862 pio
557 1791 692 1849 Cain
707 1793 1051 1849 interfectum
1071 1794 1205 1849 Abel
1221 1793 1452 1861 justum,
1468 1804 1520 1849 et
1541 1805 1733 1864 postea
1758 1791 2044 1848 exsulante
2073 1794 2120 1853 Β

453 1880 616 1940 Iacob
645 1896 876 1954 regnare
905 1884 959 1937 in
999 1884 1159 1937 domo
1194 1883 1367 1952 patris
1393 1883 1556 1937 Esau.
1591 1882 1830 1954 Egyptii
1855 1881 1969 1935 luto
1993 1886 2048 1933 et

448 1973 617 2028 latere
639 1971 885 2046 afﬂigunt
907 1973 1046 2028 filios
1072 1973 1261 2028 lsrael.

518 2062 700 2130 Quare
725 2080 831 2119 non
861 2065 1075 2134 respicis
1121 2080 1278 2134 super
1325 2064 1509 2136 iniqua
1555 2073 1787 2132 agentes,
1821 2074 1870 2117 et
1901 2072 2043 2117 taces

449 2155 727 2210 devorante
790 2155 950 2226 impio
983 2155 1265 2225 justiorem
1318 2157 1416 2211 se?
1467 2156 1536 2210 Et
1590 2157 1750 2227 facies
1808 2156 2043 2210 homines

447 2246 601 2317 quasi
628 2247 796 2317 pisces
829 2248 1016 2312 maris,
1045 2256 1092 2302 et
1133 2247 1287 2318 quasi
1320 2248 1500 2318 reptile
1546 2264 1650 2302 non
1677 2247 1873 2302 habens
1898 2248 2045 2317 prin-

444 2337 634 2408 cipem.

515 2429 776 2484 Dominus
799 2437 991 2485 noster
1019 2429 1199 2486 sciens
1220 2429 1522 2486 clementiae
1554 2447 1665 2486 suae
1689 2432 1929 2501 pondera
1956 2441 2042 2486 at-

443 2535 549 2591 que
576 2535 881 2586 mensuras,
913 2520 1186 2576 interdum
1215 2535 1330 2576 non
1346 2521 1567 2576 exaudit
1605 2521 1953 2590 clamantem,
1982 2531 2043 2577 ut

445 2627 570 2670 cum
594 2612 810 2684 probet,
841 2621 897 2668 ct
943 2613 1117 2684 magis
1160 2621 1424 2684 provocet
1480 2614 1546 2669 ad
1609 2616 1928 2685 rogandum,
1989 2624 2043 2670 et

446 2707 602 2775 quasi
629 2707 754 2775 igne
792 2714 1101 2772 excoctum,
1140 2706 1430 2777 iustiorem
1459 2714 1514 2763 et
1537 2709 1815 2778 puriorem
1847 2706 2034 2762 faciat.

444 2794 595 2863 Quod
627 2795 935 2868 intelligens
954 2796 1246 2867 Apostolus
1273 2839 1287 2860 ,
1318 2797 1607 2852 secundum
1646 2797 1702 2851 id
1722 2798 1864 2868 quod
1887 2800 2042 2852 mise-

2147 608 2252 679 piet
2277 617 2450 678 gentes
2479 609 2640 679 fortes
2669 627 2831 682 usque
2860 612 2916 665 in
2962 612 3325 684 longinquum,
3367 624 3414 669 et
3442 617 3754 686 conﬂabant

2149 698 2353 768 gladios
2387 715 2510 753 suos
2554 699 2612 754 in
2662 716 2914 766 vomeres,
2960 709 3007 754 et
3042 701 3224 757 hastas
3268 720 3394 757 suas
3429 704 3485 758 in
3525 704 3751 776 ligones,

2149 806 2253 844 non
2279 799 2449 844 sumet
2489 807 2613 860 gens
2663 792 2912 846 adversus
2963 801 3165 862 gentem
3222 793 3483 864 gladium,
3543 805 3593 849 et
3641 812 3753 850 non

2149 879 2350 934 discent
2386 880 2527 935 ultra
2560 881 2886 952 belligerare.
2931 879 3113 937 Venite
3152 894 3200 937 et
3235 884 3402 939 videte
3451 902 3612 956 opera
3641 885 3755 938 Do-

2147 968 2302 1036 mitti,
2331 987 2450 1041 qua:
2505 973 2678 1041 posuit
2730 971 2973 1042 prodigia
3024 990 3182 1042 super
3224 983 3441 1040 terram,
3497 976 3751 1046 auferens

2150 1062 2288 1118 bella
2308 1079 2471 1136 usque
2501 1064 2570 1117 ad
2591 1064 2748 1133 ﬁnem
2781 1074 2955 1118 terrae.
3004 1064 3201 1119 Arcum
3228 1076 3478 1132 conteret,
3528 1077 3578 1121 et
3621 1085 3748 1123 eon-

2149 1154 2342 1226 fringet
2369 1171 2544 1220 arma,
2571 1165 2618 1209 et
2639 1165 2788 1215 scuta
2819 1156 3084 1212 comburet
3110 1159 3240 1230 igni.

2221 1267 2358 1332 Heu,
2397 1269 2535 1338 proh
2578 1268 2762 1324 dolor!
2787 1269 2904 1337 jam
2933 1269 2987 1325 in
3028 1271 3213 1326 multis
3256 1273 3512 1342 gentibus
3539 1272 3747 1328 factum

2149 1369 2233 1417 est
2264 1369 2325 1416 ut
2350 1361 2588 1416 bellandi
2631 1360 2810 1416 studio
2836 1373 3103 1428 cessante,
3147 1364 3495 1434 agricultura:
3521 1380 3746 1434 operam

2151 1454 2299 1518 deut,
2346 1461 2570 1524 promer
2613 1467 2777 1523 quam
2827 1455 2992 1508 etiam
3032 1469 3181 1509 arma
3213 1455 3267 1508 in
3299 1454 3551 1510 utensilia
3583 1469 3748 1510 versa

2151 1556 2306 1612 sunt;
2336 1554 2392 1600 et
2447 1547 2625 1601 adhuc
2675 1547 3146 1614 Burgundionibus
3194 1562 3419 1602 necesse
3464 1555 3568 1609 est,
3615 1562 3748 1617 pro-

2147 1646 2270 1707 pter
2295 1637 2837 1692 assiduadomestlca
2861 1636 3025 1703 bella,
3074 1646 3134 1692 ut
3182 1638 3383 1707 falces,
3425 1638 3639 1710 ligones
3682 1652 3748 1691 ac

2148 1743 2394 1784 vomeres
2419 1726 2720 1783 conﬂentur
2749 1729 2803 1782 in
2841 1727 3067 1799 gladios.

2229 1841 2423 1897 Vacate
2444 1853 2491 1897 et
2519 1843 2686 1896 videte
2713 1844 2965 1910 quoniam
3007 1860 3100 1913 ego
3135 1860 3252 1897 sum
3279 1843 3443 1898 Deus.
3496 1843 3604 1898 Mei
3652 1861 3749 1897 au-

2148 1943 2250 1988 tem
2277 1950 2405 2003 pene
2434 1937 2807 1990 uacillaverunt
2853 1934 3028 2003 pedes,
3059 1951 3187 2004 pene
3213 1936 3367 2004 e/fusi
3393 1945 3514 1989 sunt
3536 1952 3747 2006 gressus

2148 2028 2270 2081 mei.
2304 2024 2444 2092 Quia
2470 2025 2749 2080 tumulatus
2785 2043 2902 2080 sum
2932 2036 3114 2080 contra
3160 2028 3387 2098 iniquos,
3417 2044 3601 2097 pacem
3637 2045 3750 2097 pec-

2149 2127 2387 2170 catorum
2437 2115 2636 2179 ridens,
2686 2116 2828 2185 quod
2861 2132 2965 2170 non
3003 2116 3417 2185 recogitaverunt
3466 2117 3533 2171 de
3580 2128 3750 2173 morte

2147 2223 2266 2272 sua,
2305 2216 2352 2261 et
2378 2206 2590 2274 ﬁrmata
2617 2207 2718 2260 sint
2745 2205 2999 2260 vestibula
3027 2224 3227 2260 eorum.
3277 2206 3342 2260 In
3367 2207 3550 2262 labore
3575 2210 3750 2263 homi-

2150 2315 2274 2352 num
2301 2315 2404 2352 non
2426 2307 2568 2361 sunt,
2601 2307 2648 2351 et
2675 2313 2794 2350 cum
2837 2297 3135 2352 hominibus
3167 2315 3271 2352 non
3307 2299 3747 2372 ‘ﬂagellabuntur.

2147 2388 2358 2442 Idcirco
2414 2387 2600 2441 nutriti
2650 2394 2773 2440 sunt
2822 2386 2890 2440 ad
2934 2386 3256 2456 superbiam,
3287 2388 3750 2444 circumdederunt

2144 2483 2476 2554 iniquitatem
2515 2481 2633 2545 sibi,
2666 2488 3031 2550 processerunt
3060 2497 3092 2534 a
3116 2482 3432 2550 pinguedine
3480 2483 3624 2535 oculi
3659 2499 3750 2537 eo-

2146 2589 2283 2635 rum,
2318 2571 2640 2624 transierunt
2667 2571 3006 2639 cogitationes
3029 2570 3222 2634 cordis,
3252 2571 3534 2624 irriserunt
3573 2583 3626 2625 et
3672 2571 3752 2624 Ιοο

2147 2664 2251 2717 cuti
2273 2671 2392 2716 sunt
2420 2663 2474 2715 in
2497 2659 2724 2724 malitia,
2751 2659 3072 2714 calumniam
3099 2658 3163 2714 de
3205 2658 3428 2713 Excelsa
3453 2660 3748 2730 loquentes.

2215 2776 2346 2844 Qum
2387 2787 2454 2830 et
2493 2777 2597 2831 ista
2637 2776 2909 2831 sententia
2966 2774 3118 2841 dicit,
3166 2777 3331 2832 etiam
3385 2777 3752 2847 corporaliter

446 2883 733 2939 ricordiam
771 2863 1081 2940 consecutus
1102 2902 1135 2938 a
1163 2884 1418 2951 Domino,
1448 2886 1546 2952 ait,
1578 2901 1684 2940 non
1731 2863 2040 2954 deﬁcimus;
2069 2895 2117 2958 ρ
2145 2882 2212 2922 ει
2251 2873 2407 2936 parte
2435 2865 2578 2920 facta
2621 2863 2872 2930 fuissent,
2913 2881 2958 2920 ει
2986 2865 3399 2935 Burgundiones
3438 2865 3749 2935 acquievis-

444 2982 500 3029 et
526 2973 799 3031 benedieit
827 2975 1001 3030 Deum
1032 2975 1086 3030 in
1108 2976 1258 3031 omni
1289 2983 1557 3046 tempore,
1577 2983 1635 3031 et
1659 2976 1764 3033 scit
1792 2977 1918 3048 quia
1947 2977 2041 3047 qui

445 3066 873 3132 perseveraverit
901 3080 1074 3135 usque
1104 3067 1158 3120 in
1187 3064 1372 3132 tinem,
1408 3065 1500 3122 hic
1525 3065 1708 3122 salvus
1739 3066 1868 3122 erit.

2149 2967 2292 3017 sent.

1806 3158 2090 3215 BALUle‘
2120 3153 2354 3212 NOTE.

523 3263 548 3332 ξ
588 3249 668 3306 De
705 3233 957 3332 Ecclesia
993 3249 1339 3332 principibus,
1475 3257 1582 3316 est,
1615 3250 1916 3332 episcopis.
1952 3248 2045 3304 Sic

453 3320 600 3378 enim
629 3329 894 3378 vocantur
919 3320 1161 3390 episcopi
1190 3335 1222 3373 a
1250 3320 1531 3375 veteribus
1575 3329 1631 3374 et
1657 3322 1725 3375 ab
1752 3320 1886 3388 ipsis
1909 3334 2046 3389 pon-

2136 3246 2392 3328 -tilicibus
2436 3243 2724 3308 Romanis,
2756 3254 2814 3299 ut
2841 3243 3044 3298 dictum
3085 3253 3170 3302 est
3208 3245 3276 3300 ad
3304 3243 3516 3308 Lupum
3545 3241 3751 3299 Ferra-

2137 3332 2146 3341 ’
2156 3331 2409 3372 mensem.

937 3573 1349 3658 SERMO
1421 3569 2478 3654 EXHORTATORIUS
2557 3568 2712 3650 AD
2792 3565 3258 3648 PLEBEM

1011 3750 1118 3811 DE
1173 3748 1392 3810 FIDE]
1449 3747 1863 3809 VERITATE
1905 3748 2008 3808 ET
2056 3745 2346 3808 TOTIUS
2378 3744 2565 3806 ΒΟΝΙ
2603 3742 3195 3804 INSTITUTIONE.

518 3978 560 4036 ι.
616 3977 832 4039 Audite,
885 3975 1086 4029 fratres
1140 3972 1335 4036 nostri,
1391 3970 1597 4026 familia
1651 3970 1875 4036 Christi,
1909 3985 2041 4041 grex

454 4070 653 4131 summi
694 4066 951 4139 pastoris,
999 4063 1231 4135 populus
1277 4077 1493 4132 pascua:
1528 4067 1665 4130 ejus,
1698 4070 1752 4116 et
1780 4077 1907 4116 oves
1933 4077 2045 4116 ma-

452 4179 555 4222 nus
583 4161 718 4232 eius.
751 4159 974 4215 lntroite
991 4164 1178 4226 portas
1206 4156 1395 4210 aeterni
1418 4155 1561 4225 regis
1591 4155 1646 4208 in
1673 4153 2041 4219 confessione,

451 4264 506 4311 et
533 4254 672 4309 atria
701 4251 820 4322 ejus
850 4250 901 4304 iu
930 4247 1170 4318 hymnis,
1197 4255 1257 4300 ut
1281 4245 1437 4300 vobis
1460 4246 1674 4300 dicatur
1698 4262 1710 4298 ;
1744 4244 1879 4298 Ecce
1907 4261 2042 4298 nunc

453 4343 741 4400 benedicite
789 4339 1037 4400 Domino,
1086 4353 1264 4390 omnes
1323 4335 1458 4389 servi
1510 4335 1755 4400 Domini,
1787 4336 1878 4407 qui
1936 4346 2044 4388 sta-

2222 3971 2284 4025 ll.
2328 3971 2443 4026 Non
2465 3973 2619 4027 vobis
2647 3987 2866 4027 necesse
2893 3981 2978 4026 est
3001 3974 3390 4044 transmigrare
3419 3975 3485 4031 de
3514 3977 3649 4034 locis
3677 3979 3748 4038 ad

2150 4064 2288 4130 loca,
2320 4064 2387 4118 de
2415 4079 2586 4134 regno
2621 4064 2688 4118 ad
2729 4063 2983 4133 p0pulum
3011 4063 3260 4127 alterum,
3291 4066 3359 4119 ad
3386 4070 3744 4136 quaerendum

2154 4156 2462 4210 Dominum.
2503 4154 2621 4224 Ipse
2649 4169 2707 4209 se
2735 4155 2888 4209 vobis
2938 4154 3218 4210 ultroneus
3263 4155 3443 4222 oll‘ert,
3475 4167 3529 4213 et
3555 4160 3691 4215 dicit
3723 4179 3738 4215 :

2152 4246 2288 4300 Ecce
2325 4254 2409 4299 sto
2430 4245 2498 4298 ad
2527 4246 2736 4307 ostium,
2786 4253 2834 4298 et
2873 4244 3044 4313 pulso.
3080 4243 3140 4297 Si
3161 4247 3276 4314 quis
3304 4248 3532 4300 audierit
3564 4265 3742 4303 vorem

2150 4355 2320 4393 meam
2343 4347 2390 4391 et
2421 4338 2684 4407 aperuerit
2699 4337 2949 4406 januam,
2978 4338 3204 4390 introibo
3245 4337 3314 4390 ad
3358 4337 3531 4405 illum,
3559 4350 3605 4393 et
3634 4357 3742 4394 cm-

453 4436 519 4488 tis
577 4433 630 4486 in
660 4431 814 4485 domo
867 4425 1078 4481 Domini
1106 4467 1119 4490 ,
1147 4427 1205 4479 in
1253 4425 1406 4479 atriis
1452 4423 1640 4478 domus
1699 4406 1806 4478 Dei
1849 4426 2034 4478 nostri.
2063 4406 2117 4464 Ῑ)
2147 4429 2280 4482 nabo
2305 4444 2424 4481 cum
2454 4406 2566 4492 ille,
2593 4436 2642 4480 et
2662 4427 2772 4496 ipse
2795 4443 3016 4480 mecum.
3051 4426 3188 4493 Quid
3214 4444 3454 4497 unquam
3480 4439 3589 4484 tam
3618 4429 3742 4483 dul-

457 4521 691 4588 Quwrite
741 4518 1054 4582 Dominum,
1105 4516 1231 4569 dum
1280 4514 1506 4569 inveniri
1549 4523 1761 4584 potest:
1809 4515 2047 4567 invocate

453 4629 594 4677 eum,
647 4611 772 4664 dum
815 4623 973 4679 prope
1019 4618 1123 4667 est;
1151 4607 1219 4661 Et
1244 4620 1406 4675 quam
1434 4619 1604 4674 prope
1647 4605 1766 4659 est!
1819 4603 1885 4658 In
1933 4605 2046 4673 ipso

453 4703 593 4757 enim
621 4701 863 4764 vivimus,
889 4706 936 4752 et
976 4712 1263 4761 movemur,
1290 4704 1337 4749 et
1377 4711 1580 4748 sumus.
1606 4695 1702 4749 Est
1738 4695 1884 4749 enim
1911 4710 2046 4749 cun-

454 4795 560 4850 ctis
603 4790 876 4848 mentibus
908 4787 1151 4849 interior,
1181 4787 1393 4841 cunctis
1435 4785 1754 4856 corporibus
1797 4786 2042 4849 interior,

457 4884 573 4952 ipse
615 4881 762 4935 intus
790 4876 982 4947 replet,
1027 4876 1270 4929 exterius
1298 4875 1623 4938 circumdat,
1667 4873 1897 4928 inferius
1917 4890 2045 4944 por-

455 4981 554 5037 tat,
586 4969 838 5040 superius
881 4966 1134 5036 protegit.
1170 4965 1287 5033 lpse
1325 4966 1416 5033 qui
1460 4980 1605 5018 nunc
1630 4964 1710 5018 sie
1745 4979 1914 5033 prope
1940 4969 2040 5026 est,

455 5064 639 5118 veniet
666 5070 880 5129 tempus
904 5058 1122 5128 quando
1151 5057 1386 5110 inveniri
1410 5071 1518 5110 non
1540 5055 1760 5125 poterit.
1787 5055 1855 5109 Et
1878 5069 2048 5125 quare

456 5169 565 5210 non
597 5152 903 5208 invenietur
944 5147 1036 5218 qui
1066 5146 1265 5216 ubique
1288 5153 1397 5212 est,
1433 5145 1529 5216 qui
1557 5160 1822 5216 nusquam
1849 5145 2046 5200 deest?

458 5248 595 5316 Quia
618 5246 733 5316 jam
760 5257 871 5298 non
914 5241 1019 5296 erit
1061 5248 1274 5309 tempus
1303 5238 1591 5292 Dominum
1621 5237 1916 5307 quaerendi,
1951 5235 2047 5291 sed

455 5347 649 5404 pateas
689 5331 871 5387 luendi
922 5344 1017 5384 eos
1063 5329 1157 5399 qui
1209 5344 1355 5384 nunc
1400 5343 1525 5384 eum
1584 5343 1692 5382 non
1744 5329 2043 5382 inveniunt.

461 5428 618 5499 Agite
645 5425 788 5497 quod
815 5424 1055 5496 psalmus
1085 5421 1245 5477 dicit:
1278 5419 1644 5491 Conﬁteantur
1668 5421 1780 5486 tibi,
1801 5420 2044 5484 Domine,

456 5516 635 5572 omnia
671 5530 830 5587 opera
855 5525 964 5576 tua,
1011 5522 1059 5567 et
1087 5511 1256 5567 sancti
1285 5513 1363 5565 tui
1403 5511 1708 5566 benedicant
1737 5512 1847 5565 tibi.
1877 5512 2046 5566 Bene-

458 5605 620 5662 dirite
650 5619 773 5661 cum
794 5603 949 5674 ipsis,
978 5610 1070 5656 aut
1097 5600 1430 5657 confitemini
1459 5611 1582 5655 cum
1620 5600 1892 5656 universis
1918 5614 2047 5669 ope-

458 5700 610 5752 ribus
643 5696 885 5757 nomine.

2148 4519 2241 4572 ee?
2265 4518 2394 4587 quid
2423 4525 2532 4570 tam
2559 4515 2893 4586 jucundum?
2940 4514 3197 4588 Adiungit
3241 4519 3427 4582 etiam,
3463 4527 3518 4572 et
3561 4519 3735 4574 dicit:

2150 4606 2254 4671 Qui
2279 4607 2477 4671 vicerit,
2509 4607 2644 4660 dabo
2688 4610 2734 4661 ei
2781 4607 2960 4661 sedere
3009 4625 3210 4662 mecum
3258 4610 3313 4661 in
3361 4609 3547 4662 throno
3597 4627 3734 4665 meo.

2147 4697 2287 4752 Ecce
2312 4697 2427 4750 vult
2473 4697 2679 4752 intrare
2718 4699 2786 4752 ad
2817 4707 2892 4764 te,
2922 4706 2983 4752 ut
3011 4711 3196 4754 omnes
3227 4715 3349 4754 cum
3389 4699 3518 4765 illo;
3545 4716 3654 4754 non
3681 4710 3739 4756 te

2147 4789 2326 4858 pigeat
2347 4789 2579 4857 aperire.
2611 4788 2725 4844 Non
2757 4790 2929 4845 solum
2961 4790 3013 4843 in
3041 4801 3222 4845 mente
3254 4799 3343 4844 tua
3373 4791 3487 4845 vult
3513 4805 3738 4851 cenare

2148 4889 2346 4942 tecum,
2379 4892 2570 4932 vemm
2595 4880 2759 4933 etiam
2787 4879 2964 4933 tevult
2979 4880 3160 4934 levare
3185 4880 3237 4934 iu
3269 4881 3523 4936 thronum
3547 4898 3735 4950 suum,

2147 4975 2207 5021 ut
2235 4969 2424 5024 sedeas
2449 4984 2569 5023 eum
2598 4969 2708 5024 illo.
2733 4969 2833 5025 Cui
2861 4970 2984 5023 talia
3013 4971 3427 5040 promittuntur,
3455 4973 3586 5041 quid
3624 4987 3737 5029 am-

2145 5057 2288 5127 plius
2314 5058 2625 5113 desiderare
2652 5059 2840 5114 debet?
2864 5058 3140 5115 Promittit
3166 5063 3341 5116 adhuc
3368 5062 3650 5127 Dominus,
3679 5071 3736 5119 et

2148 5146 2282 5200 dicit
2309 5165 2320 5200 :
2356 5145 2414 5201 Si
2442 5148 2557 5217 quis
2601 5145 2772 5217 diligit
2813 5164 2916 5212 me,
2965 5165 3256 5204 sennoncm
3284 5164 3455 5204 meum
3484 5151 3732 5216 servabit,

2147 5243 2198 5288 et
2226 5233 2392 5289 Pater
2416 5251 2562 5289 meus
2589 5235 2767 5305 diliget
2803 5253 2941 5301 eum,
2987 5247 3035 5290 et
3081 5239 3149 5291 ad
3195 5255 3315 5292 eum
3360 5241 3640 5304 veniemus,
3684 5247 3735 5293 et

2148 5327 2470 5393 mansionem
2503 5326 2642 5395 apud
2668 5343 2786 5380 eum
2820 5327 3088 5394 faciemus.
3123 5328 3244 5382 Sint
3271 5341 3404 5400 ergo
3441 5330 3608 5384 hrmbl
3645 5343 3737 5386 Ye-

2148 5415 2248 5471 stri
2270 5415 2570 5484 prmcincti,
2598 5424 2652 5469 et
2681 5416 2914 5471 lucerna:
2958 5419 3213 5472 ardentes
3249 5419 3307 5472 in
3351 5421 3606 5474 matribus
3634 5432 3738 5474 ηδ

2147 5506 2293 5570 stris,
2333 5514 2386 5559 et
2427 5520 2523 5559 vos
2561 5507 2768 5561 similes
2805 5507 3114 5562 hominibus
3141 5511 3583 5578 exspectantibus
3624 5506 3738 5563 Do-

2147 5596 2353 5651 minum
2385 5611 2540 5651 suum
2589 5598 2805 5664 quando
2849 5607 3158 5652 revertatur
3185 5615 3212 5652 a
3259 5601 3483 5669 nuptiis,
3520 5607 3581 5652 ut
3609 5612 3738 5654 cum

2150 5687 2358 5740 venerit
2405 5695 2460 5741 et
2505 5686 2820 5759 pulsaverit,
2870 5687 3156 5744 confestim
3193 5690 3442 5746 aperiant
3475 5689 3546 5743 ei.
3580 5687 3734 5743 Beati
