3930 6324
196 362 303 412 209

1347 346 1586 404 SERMO
1624 343 1711 399 DE
1752 339 1932 395 FIDE!
1972 337 2341 394 VERITATE.

3374 339 3481 393 273

197 468 343 525 servi
390 465 486 532 illi,
518 465 581 523 ad
615 461 750 534 quos
774 463 1002 519 veniunt
1045 459 1212 516 Pater
1238 467 1293 515 et
1336 457 1526 521 Filius.
1561 465 1614 512 et
1643 470 1795 510 man-
1823 453 1875 513 Α
1901 463 2016 511 nos,
2075 449 2190 514 sine
2225 447 2524 502 diﬂ‘ercntia
2562 446 2815 516 asqusles.
2893 446 3044 502 Unus
3071 445 3334 502 Dominus
3371 463 3489 504 me-

196 562 408 615 sionem
457 558 598 628 apud
628 571 723 611 eos
751 553 977 610 faciunt.
1011 553 1103 610 Vae
1143 561 1323 608 autem
1364 552 1470 606 illis
1497 551 1589 621 qui
1627 549 1789 604 talem

197 650 472 721 hospitem
510 657 542 704 a’
559 665 617 704 se.
641 645 943 718 repellunt;
968 646 1223 716 quoniam
1247 645 1302 699 in
1327 638 1648 697 malevolan‘i
1675 639 1789 694 ani-

194 756 344 800 mam
392 757 502 797 non
537 740 760 795 intrabit
791 737 1080 807 sapientia,
1123 751 1224 792 nec
1268 733 1534 789 habitabit
1583 731 1635 785 in
1670 743 1785 785 cor-

193 847 327 905 pore
381 832 597 887 subdito
639 830 900 900 peccatis.
945 827 1192 898 Spiritus
1224 833 1445 881 sanctus
1489 821 1790 891 disciplinze

192 923 417 994 effugiet
447 922 653 985 ﬁctum,
684 929 738 976 et
769 920 980 975 auferet
1016 936 1076 973 se
1125 934 1154 971 a
1199 915 1620 987 cogitationibus
1667 928 1789 982 quas

193 1023 322 1070 sunt
353 1015 470 1069 sine
497 1012 795 1067 intellectu.
837 1011 906 1065 Et
945 1010 1067 1065 ideo
1095 1008 1263 1063 nolite
1301 1007 1538 1078 cogitare
1582 1003 1784 1067 inania,

193 1104 361 1160 nolite
390 1101 700 1160 desiderare
727 1102 1006 1172 peritura;
1050 1100 1260 1168 ineptas
1309 1105 1491 1150 autem
1535 1103 1591 1147 et
1619 1092 1788 1147 aniles

192 1195 409 1251 fabulas
452 1196 708 1259 devitate,
750 1200 1001 1248 exercete
1051 1206 1147 1246 vos
1194 1191 1339 1260 ipsos
1389 1189 1458 1243 ad
1502 1187 1782 1257 pietatem.

189 1285 414 1356 Aperite
443 1285 672 1339 Domino
699 1283 958 1353 pulsanti,
989 1289 1048 1336 ut
1072 1281 1239 1335 intret
1266 1280 1335 1334 ad
1362 1291 1482 1343 vos,
1525 1285 1582 1331 et
1608 1281 1788 1331 ccenet

187 1377 492 1438 vobiscum,
515 1374 930 1429 et'mansionem
957 1371 1100 1441 apud
1119 1387 1217 1426 vos
1242 1369 1426 1425 faciat.
1457 1366 1569 1422 Nec
1598 1375 1786 1422 tacens

187 1467 410 1538 pulsat,
478 1466 575 1520 sed
633 1463 873 1534 loquitur
932 1463 1224 1530 unicuique
1273 1460 1468 1514 animae
1517 1458 1779 1527 pulsans:

188 1559 349 1628 Aperi
377 1557 522 1620 mihi,
550 1572 700 1611 soror
719 1571 859 1619 mea,
884 1554 1055 1607 amica
1076 1568 1214 1617 mea,
1243 1549 1486 1604 columba
1515 1564 1651 1611 mea,
1685 1547 1784 1598 im-

185 1648 458 1705 maculata
480 1664 614 1701 mea.
646 1647 750 1702 Vos
779 1653 960 1700 autem
985 1657 1173 1699 curam
1198 1655 1415 1696 omnem
1441 1637 1781 1694 subinferen-

187 1750 274 1796 tes
302 1740 611 1795 ministrate
635 1740 690 1792 in
722 1737 829 1792 ﬁde
857 1744 1041 1792 vestra
1069 1735 1348 1799 virtutem,
1373 1732 1428 1787 in
1455 1733 1656 1786 virtute
1686 1746 1781 1785 au-

187 1841 301 1888 tem
335 1831 642 1886 scientiam.
677 1828 735 1883 Si
765 1829 913 1882 enim
941 1825 1258 1882 meditando
1297 1795 1363 1879 de
1391 1823 1496 1877 ﬁde
1522 1829 1702 1877 vestra
1730 1828 1786 1875 et
1812 1795 1858 1854 Β

184 1937 304 1992 spe,
330 1911 579 1977 crescitis
603 1920 656 1974 in
686 1918 913 1974 scientia
933 1926 988 1971 et
1009 1915 1320 1986 cognitione
1343 1912 1463 1979 Dei,
1486 1928 1594 1966 non
1630 1911 1784 1964 vacui

185 2029 291 2068 nec
321 2011 437 2067 sine
466 2010 645 2066 fructu
672 2009 874 2071 vivitis,
903 2015 958 2063 et
985 2008 1058 2062 ita
1087 2005 1375 2061 Dominum
1401 2003 1675 2070 hospitem
1711 2009 1789 2054 te-

186 2105 350 2159 netis.

259 2196 346 2250 Ill.
390 2197 553 2250 Fides
573 2203 676 2260 est,
709 2207 814 2262 qua
852 2191 1122 2246 credimus
1149 2202 1317 2242 unum
1336 2185 1508 2242 Deum
1539 2184 1785 2253 omnipo-

186 2297 414 2351 tentem,
437 2286 679 2349 Patrem,
706 2293 761 2340 et
787 2281 1006 2346 Filium,
1032 2291 1088 2336 et
1108 2280 1370 2349 Spiritum
1398 2286 1663 2340 sanctum,
1696 2290 1783 2329 ve-

183 2394 307 2433 ram
326 2377 685 2439 Trinitatem;
702 2389 887 2429 veram
913 2371 1212 2428 Unitatem.
1268 2368 1312 2423 Ο
1337 2383 1500 2438 quam
1522 2381 1652 2420 vera
1666 2363 1787 2418 Tri-

187 2469 356 2532 nitas,
399 2467 490 2522 ubi
513 2467 692 2520 nullus
720 2464 965 2519 nascitur
986 2477 1053 2517 ex
1079 2477 1157 2527 se,
1185 2459 1366 2515 nullus
1380 2456 1626 2530 procedit
1645 2472 1675 2510 a
1703 2469 1782 2521 se,

182 2561 285 2615 sed
308 2559 448 2613 alter
480 2574 546 2613 ex
577 2557 776 2611 altero!
843 2554 1016 2608 Filius
1046 2551 1300 2608 videlicet
1325 2548 1571 2605 nascitur
1595 2560 1658 2600 ex
1688 2545 1787 2599 Pa-

185 2657 291 2711 tre,
320 2649 556 2718 Spiritus
590 2654 808 2702 sanctus
833 2643 1079 2714 procedit
1097 2657 1165 2697 ex
1187 2642 1348 2696 Patre
1377 2647 1432 2695 et
1456 2638 1614 2693 Filio.
1645 2637 1781 2691 Pro-

185 2738 277 2793 cul
315 2738 479 2792 dubio
503 2735 668 2807 igitur
715 2740 940 2804 apparet
971 2732 1112 2801 quod
1160 2730 1296 2785 alius
1323 2730 1396 2784 sit
1433 2728 1524 2797 qui
1573 2726 1778 2798 genuit,

187 2830 331 2885 alius
352 2829 444 2901 qui
479 2827 693 2899 genitus
722 2833 823 2889 est,
858 2823 995 2877 alius
1019 2823 1111 2892 qui
1156 2821 1224 2877 de
1244 2828 1475 2888 utroque
1512 2818 1776 2888 procedit.

185 2922 233 2979 Ο
261 2938 423 2993 quam
458 2935 584 2976 vera
611 2919 823 2982 Unitas,
871 2917 966 2972 ubi
998 2930 1106 2969 non
1141 2924 1222 2969 est
1255 2913 1393 2968 alius
1423 2911 1647 2981 spiritus
1670 2909 1777 2963 Pa-

186 3015 311 3078 tris,
341 3013 478 3068 alius
501 3011 643 3072 Filii,
690 3009 788 3065 sed
833 3022 976 3063 unus
999 3007 1315 3075 utriusque;
1357 3017 1460 3058 nec
1480 3002 1633 3072 prius
1657 3015 1782 3070 pro-

185 3106 332 3162 cedit
358 3120 424 3159 ex
450 3103 611 3157 Patre
657 3101 712 3154 in
741 3099 960 3163 Filium,
1010 3085 1205 3151 deinde
1230 3111 1298 3149 ex
1326 3093 1465 3148 Filio
1490 3092 1558 3146 ad
1584 3088 1781 3145 diﬂ'un-

185 3198 426 3255 dendum
456 3197 509 3250 in
532 3193 788 3250 cordibus
817 3190 1056 3245 fidelium
1094 3188 1379 3244 charitatis
1401 3173 1601 3240 donum
1627 3199 1641 3245 ;
1683 3182 1779 3238 sed

184 3290 349 3347 simul
381 3304 447 3343 ex
475 3294 722 3354 utroque.
788 3281 906 3336 Non
958 3289 1042 3335 est
1093 3279 1195 3332 alia
1223 3277 1397 3333 deitas
1426 3274 1624 3337 Patris,
1672 3271 1778 3326 alia

183 3382 330 3444 Filii,
380 3382 482 3435 alia
518 3379 754 3450 Spiritus
781 3377 980 3440 sancti,
1014 3375 1117 3450 sed
1146 3389 1251 3427 una
1292 3373 1455 3444 trium
1481 3370 1683 3434 deitas;
1723 3376 1779 3422 et

185 3475 391 3532 idcirco
445 3486 572 3524 vere
599 3483 739 3522 unus
766 3467 931 3521 Deus.
1005 3449 1139 3519 Nam
1167 3464 1212 3518 si
1235 3469 1380 3519 esset
1408 3461 1512 3516 alia
1549 3467 1604 3516 et
1649 3459 1777 3524 alia,

186 3579 300 3620 non
318 3571 464 3618 esset
490 3576 650 3615 unus.
705 3557 817 3613 Una
844 3573 973 3628 ergo
1001 3556 1193 3617 deitas,
1222 3569 1332 3608 una
1359 3551 1655 3612 aeternitas,
1673 3563 1778 3603 una

186 3657 466 3726 maiestas,
499 3668 604 3707 una
629 3651 891 3721 potentia,
937 3664 1042 3703 una
1075 3648 1346 3724 voluntas,
1379 3658 1484 3696 una
1508 3641 1775 3718 goperatio,

182 3767 295 3806 una
317 3750 508 3820 pietas,
557 3760 661 3799 una
689 3741 877 3813 gloria.
945 3740 1013 3793 Et
1034 3738 1159 3807 quia
1180 3745 1265 3820 est
1293 3735 1517 3789 omnino
1542 3732 1680 3785 alius
1726 3738 1780 3784 et

184 3813 345 3904 alius,
380 3840 501 3893 ideo
537 3835 806 3898 Trinitas;
862 3839 916 3886 et
952 3830 1077 3899 quia
1107 3813 1214 3882 non
1248 3834 1330 3881 est
1351 3823 1495 3878 aliud
1520 3829 1573 3878 et
1611 3821 1775 3885 aliud,

184 3933 308 3987 ideo
338 3929 560 3990 Unitas;
592 3924 718 3994 quia
745 3937 852 3980 non
881 3929 966 3974 est
989 3911 1108 3988 ipse
1131 3917 1291 3970 Pater
1319 3914 1412 3983 qui
1432 3912 1605 3966 Filius
1625 3952 1638 3977 ,
1669 3927 1777 3965 non

185 4024 300 4093 ipse
323 4020 494 4074 Filius
518 4016 610 4086 qui
634 4015 817 4080 Pater,
844 4021 937 4066 aut
957 4010 1192 4081 Spiritus
1222 4014 1466 4072 sanctus,
1504 4005 1625 4060 ideo
1650 4018 1777 4058 vera

185 4112 445 4168 Trinitas.
520 4107 658 4173 Quia
684 4118 815 4160 vero
840 4105 943 4158 hoc
967 4109 1050 4156 est
1071 4101 1231 4154 Pater
1264 4099 1406 4168 quod
1435 4095 1626 4160 Filius,
1675 4094 1777 4149 hoc

183 4204 357 4260 Filius
381 4201 524 4271 quod
537 4199 699 4253 Pater
718 4205 773 4252 et
789 4194 1044 4265 Spiritus,
1072 4191 1194 4246 ideo
1214 4204 1340 4245 vera
1358 4187 1595 4243 Trinitas
1626 4182 1773 4258 [Leg.

185 4292 422 4364 Unitas].
479 4288 828 4344 Nativitatem
851 4283 973 4338 Filii
990 4298 1095 4337 non
1122 4279 1398 4349 prtecessit
1422 4285 1538 4346 pot;
1551 4284 1661 4330 stas
1686 4281 1778 4327 aut

183 4385 440 4439 voluntas
474 4381 674 4435 Patris.
745 4376 837 4431 Sic
865 4373 1268 4444 processionem
1320 4367 1555 4438 Spiritus
1601 4364 1775 4420 sancti

1893 554 2030 610 gnos
2050 548 2104 593 et
2141 537 2429 593 laudabilis
2451 538 2632 602 nimis,
2672 535 2824 605 cujus
2850 535 3239 607 magnitudinis
3268 552 3374 592 non
3396 546 3477 593 est

1894 633 2035 698 linis,
2068 641 2123 687 et
2153 631 2435 700 sapientiae
2464 644 2570 684 non
2601 637 2684 684 est
2715 644 2996 684 numerus.
3076 627 3301 699 Magnus
3332 638 3480 686 certe

1895 739 2002 776 non
2037 721 2197 787 mole,
2231 723 2324 776 sed
2350 721 2581 785 virtute;
2612 721 2704 789 qui
2732 721 2856 774 dum
2882 735 2981 790 per
3007 721 3204 776 molem
3232 723 3480 792 corporis

1891 827 2158 880 nusquam
2187 821 2289 877 est,
2304 827 2402 882 per
2428 812 2952 882 incircumscriptam
2975 814 3333 868 substantiam
3356 829 3491 869 nus-

1891 917 2055 971 quam
2080 902 2252 956 deest.

1960 993 2048 1046 ιν.
2089 992 2240 1048 Hanc
2269 1009 2455 1048 veram
2483 993 2830 1058 Trinitatem,
2852 1007 3148 1061 veramque
3181 992 3476 1060 Unitatem,

1888 1102 2053 1141 unum
2085 1087 2394 1150 Dominum,
2426 1086 2646 1139 laudant
2670 1085 2734 1139 de
2757 1084 2931 1151 ccelis,
2976 1085 3197 1141 laudant
3220 1087 3274 1141 in
3301 1088 3479 1142 excelo

1889 1178 1964 1232 sis
1988 1192 2178 1231 omnes
2208 1177 2404 1247 angeli,
2430 1191 2618 1231 omnes
2641 1177 2888 1241 virtutes,
2913 1177 2992 1232 sol
3034 1186 3090 1232 et
3130 1179 3280 1244 luna,
3310 1179 3478 1235 stella

1888 1278 1942 1326 ct
1970 1269 2168 1334 lumen,
2199 1269 2322 1323 ςαξιὶ
2359 1269 2640 1332 cmlorum,
2691 1278 2747 1322 et
2767 1284 2920 1338 aqua:
2949 1284 3069 1340 quae
3100 1286 3263 1340 super
3308 1271 3476 1326 caelos

1886 1370 2031 1417 sunt.
2088 1360 2224 1429 Quia
2251 1362 2364 1431 ipse
2394 1362 2550 1426 dixit,
2580 1370 2634 1415 et
2665 1360 2804 1416 facta
2833 1371 2985 1427 sunt;
3031 1363 3147 1432 ipse
3178 1363 3471 1429 mandavit,

1885 1461 1941 1507 et
1960 1460 2141 1506 creata
2167 1460 2309 1506 sunt.
2374 1451 2618 1506 Laudant
2646 1452 2713 1506 de
2744 1459 2890 1505 terra
2920 1454 3184 1508 dracones
3206 1466 3259 1510 ct
3286 1469 3475 1510 omnes

1885 1543 2086 1613 abyssi,
2119 1542 2530 1614 ignisygrando,
2561 1543 2676 1604 nix,
2711 1542 2933 1610 glacies,
2963 1544 3186 1611 spiritus
3203 1545 3471 1614 procella-

1883 1649 2022 1696 rum,
2059 1641 2270 1688 montes
2306 1643 2360 1688 et
2385 1632 2568 1697 colles,
2593 1632 2736 1702 ligna
2766 1632 3067 1700 fructifera,
3091 1642 3146 1689 et
3171 1649 3361 1690 omnes
3385 1650 3475 1691 ce-

1881 1724 1984 1787 dri,
2017 1723 2226 1787 bestize,
2257 1730 2311 1777 et
2339 1723 2594 1776 universa
2622 1736 2841 1791 pecora,
2900 1731 3202 1793 serpentes,
3243 1733 3299 1779 et
3324 1724 3475 1780 volu-

1888 1829 2010 1869 cres
2042 1819 2314 1884 pennatus,
2342 1828 2501 1883 reges
2527 1821 2705 1878 terrae,
2750 1821 2806 1868 et
2827 1828 3015 1868 omnes
3040 1814 3245 1884 populi,
3279 1815 3477 1884 princio

1887 1920 2003 1975 pes,
2026 1911 2081 1958 et
2105 1917 2294 1968 omnes
2310 1902 2522 1972 judices
2548 1911 2727 1965 terrae,
2761 1901 2991 1970 juvenes
3021 1911 3078 1958 et
3095 1903 3356 1972 virgines,
3389 1919 3474 1960 se-

1887 2011 1984 2049 nes
1998 2009 2120 2049 cum
2153 1993 2483 2062 junioribus,
2516 1993 2643 2062 quia
2669 1992 2969 2046 exaltatum
2992 2001 3077 2047 est
3111 2008 3305 2048 nomen
3357 1993 3474 2061 ejus

1887 2085 2072 2139 solius.
2130 2083 2198 2137 Et
2219 2082 2488 2137 confessio
2514 2081 2632 2150 ejus
2661 2097 2822 2150 super
2848 2082 3045 2136 coelum
3067 2091 3124 2137 et
3143 2091 3366 2150 terram,
3419 2095 3475 2140 et

1887 2175 2004 2229 laus
2028 2178 2082 2227 in
2113 2173 2351 2226 Ecclesia
2379 2180 2710 2226 sanctorum.
2749 2171 3065 2225 Laudantur
3092 2173 3235 2226 enim
3272 2173 3326 2226 in
3351 2188 3477 2227 san-

1886 2266 1988 2319 etis
2005 2264 2135 2327 suis,
2152 2264 2204 2317 in
2218 2262 2557 2316 firmamento
2579 2261 2799 2315 virtutis
2812 2277 2945 2323 suae,
2962 2261 3326 2325 in‘virtutibus
3339 2265 3471 2328 suis,

1885 2358 2182 2414 secundum
2210 2355 2611 2410 multitudinem
2659 2355 3047 2423 magnitudinis
3075 2370 3205 2421 sum,
3262 2356 3316 2410 in
3340 2371 3475 2412 sono

1885 2452 2046 2515 tubas,
2075 2451 2130 2506 in
2157 2447 2415 2518 psalterio
2438 2455 2492 2502 et
2517 2447 2818 2512 cithara,in
2841 2455 3099 2516 tympano
3123 2455 3177 2500 et
3198 2448 3384 2513 choro,
3420 2449 3472 2501 in

1883 2541 2103 2596 chordis
2131 2532 2187 2594 et
2212 2553 2440 2608 organo,
2484 2538 2542 2590 in
2585 2535 2850 2607 cymbalis
2873 2537 3012 2593 bene
3047 2535 3386 2602 sonantibus,
3419 2537 3474 2592 in

1882 2631 2147 2703 cymbalis
2168 2627 2530 2700 jubilationis.

1952 2719 2018 2774 ν.
2059 2719 2193 2775 Cum
2219 2732 2349 2788 ergo
2379 2718 2482 2772 ista
2511 2715 2694 2772 omnia
2722 2715 2903 2782 simul,
2949 2714 3295 2771 rationabilis
3322 2728 3376 2771 et
3405 2717 3474 2770 ir-

1882 2810 2244 2872 rationabilia,
2261 2810 2598 2874 incessanter
2619 2805 2840 2860 laudent
2854 2801 3023 2859 Deum
3039 2845 3054 2868 ,
3084 2805 3356 2873 quomodo
3370 2806 3470 2861 bo-

1881 2903 2077 2964 mines,
2112 2902 2179 2955 ad
2207 2900 2498 2970 imaginem
2524 2906 2581 2950 et
2602 2895 3012 2951 similitudinem
3038 2893 3135 2950 Dei
3164 2895 3387 2959 conditi,
3417 2905 3472 2950 et

1881 2992 1947 3045 ad
1974 2991 2184 3046 laudem
2218 2989 2402 3060 gloriae
2431 2987 2549 3057 ejus
2569 2985 2764 3049 vocati,
2803 2986 3005 3040 debent
3037 2999 3160 3040 esse
3185 2985 3346 3055 pigri,
3375 2992 3473 3039 aut

1881 3083 2045 3147 tardi,
2073 3088 2166 3134 aut
2212 3079 2411 3134 otiosi?
2476 3078 2544 3131 Et
2569 3076 2657 3130 illa
2685 3075 2906 3146 quidem
2935 3074 3154 3129 laudant
3181 3073 3467 3129 Dominum

1883 3187 2115 3241 semper.
2163 3171 2274 3225 Nos
2302 3178 2500 3231 autem,
2527 3168 2630 3221 etsi
2655 3181 2762 3221 non
2787 3181 3075 3235 possumus
3096 3179 3327 3234 semper,
3361 3165 3471 3220 lau-

1881 3260 2070 3314 demus
2101 3258 2290 3312 saltem
2321 3255 2662 3325 frequenter;
2696 3251 2891 3321 quibus
2915 3268 3013 3322 per
3035 3253 3348 3321 Apostolum
3379 3241 3465 3314 di-

1879 3349 2059 3403 citur:
2103 3333 2205 3400 Vos
2236 3356 2409 3400 autem
2439 3361 2601 3414 genus
2624 3343 2862 3408 electum,
2895 3342 3064 3412 regale
3089 3345 3466 3411 sacerdotium,

1881 3459 2004 3513 gens
2033 3449 2237 3503 sancta,
2264 3437 2487 3508 papulas
2516 3435 2898 3506 acquisitionis,
2929 3443 2986 3486 ut
3010 3435 3221 3488 uirtutes
3253 3453 3464 3490 annun-

1882 3534 2020 3588 tietis
2035 3531 2158 3601 ejus
2182 3530 2272 3601 qui
2297 3544 2382 3581 vos
2405 3525 2473 3581 de
2501 3523 2722 3579 tenebris
2750 3524 2945 3576 secuit
2973 3524 3026 3575 in
3054 3522 3366 3577 admirabile
3386 3525 3468 3577 lu-

1881 3640 2000 3695 men
2021 3637 2196 3675 suum.
2250 3619 2318 3672 Et
2337 3632 2433 3686 per
2464 3615 2798 3684 prophetas:
2852 3612 3083 3665 Narrate
3099 3614 3277 3666 omnia
3311 3614 3458 3668 mira»

1883 3715 2009 3769 bilia
2037 3715 2174 3781 ejus,
2225 3709 2535 3764 annuntiate
2560 3706 2697 3759 inter
2723 3715 2895 3775 gentes
2921 3703 3098 3757 studia
3127 3705 3268 3775 ejus,
3310 3714 3464 3759 notas

1882 3807 2038 3876 facite
2070 3806 2128 3857 in
2152 3801 2358 3873 papulis
2381 3798 2769 3853 adinventiones
2791 3797 2934 3865 ejus.
2983 3794 3057 3849 De
3079 3797 3277 3865 quibus
3301 3796 3466 3852 virtu-

1881 3874 2026 3950 tibus
2066 3903 2122 3947 ct
2150 3890 2508 3952 mirabilibus,
2563 3887 2741 3957 qualia
2765 3889 2894 3952 sint,
2935 3874 3138 3943 sancta:
3167 3885 3462 3956 Scriptum

1879 3987 2061 4042 verbis
2088 3985 2167 4038 sic
2193 3982 2520 4051 praedicatur
2549 3997 2560 4032 :
2613 3979 2718 4045 Qui
2748 3979 2876 4047 facit
2910 3977 3123 4048 angelos
3155 3995 3279 4032 suos
3311 3979 3466 4047 spiri-

1878 4090 1984 4143 tus,
2028 4086 2076 4130 et
2102 4075 2368 4128 ministros
2410 4088 2534 4125 suos
2563 4071 2734 4140 ignem
2779 4078 3034 4122 urentem.
3092 4065 3198 4132 Qui
3225 4067 3466 4137 fundauit

1877 4182 2073 4225 terram
2104 4182 2260 4237 super
2283 4164 2447 4218 basim
2473 4177 2658 4224 suam;
2719 4175 2823 4213 non
2849 4157 3255 4212 commovebitur
3287 4157 3342 4212 in
3364 4174 3467 4216 sa:-

1878 4262 2055 4317 culum
2078 4257 2279 4314 saeculi.
2332 4254 2436 4321 Qui
2462 4253 2668 4307 demisit
2709 4247 2936 4320 lapidem
2975 4246 3284 4318 angularem
3325 4247 3462 4318 ejus,

1878 4370 1996 4408 cum
2017 4351 2295 4405 laudarent
2323 4344 2482 4400 simul
2520 4360 2639 4398 eum
2676 4353 2822 4396 astra
2847 4340 3130 4403 matutina,
3177 4348 3226 4393 et
3261 4338 3465 4408 jubila-

183 4473 321 4540 nihil
346 4473 448 4525 fuit
479 4472 620 4543 quod
647 4432 993 4538 praecederet.
1043 4462 1261 4515 Patrem
1285 4432 1607 4513 confitemur
1633 4453 1854 4542 geni-AD
1883 4454 1993 4499 rent
2021 4458 2197 4496 omnes
2222 4439 2322 4508 ﬁlii
2360 4437 2476 4491 Dei.
2531 4435 2598 4490 In
2625 4434 2932 4543 fortitudine
2962 4432 3100 4501 ejus,
3130 4440 3336 4500 repente
3350 4447 3464 4487 ma-

185 4573 363 4618 torem
391 4560 534 4624 Filii,
569 4557 830 4612 factorem
871 4561 1052 4607 autem
1083 4551 1206 4606 cmli
1257 4557 1313 4603 et
1363 4557 1541 4612 terrae,
1596 4545 1777 4599 visibi-

182 4655 317 4709 lium
343 4651 586 4706 omnium
617 4656 672 4702 et
725 4640 1075 4700 invisibilium
1104 4655 1306 4695 rerum.
1383 4636 1579 4691 Filium
1601 4636 1770 4690 conli-

186 4750 368 4798 temur
419 4739 720 4810 ingenitum
749 4734 946 4798 Patris,
1001 4731 1170 4785 Deum
1195 4729 1260 4782 de
1299 4728 1425 4790 Deo,
1471 4725 1654 4779 lumen
1707 4725 1773 4778 de

184 4833 409 4894 lumine,
468 4830 636 4884 Deum
666 4840 856 4881 verum
877 4822 944 4877 de
975 4823 1086 4876 Deo
1113 4833 1264 4882 vero,
1316 4825 1522 4881 natum,
1557 4829 1663 4869 non
1696 4813 1773 4866 fa-

185 4905 370 4986 ctum,
397 4922 665 4993 ὁμοούσιον
694 4916 863 4981 Patri,
913 4905 1020 4967 hoc
1045 4919 1147 4976 est,
1188 4908 1428 4979 ejusdem
1460 4922 1580 4961 cum
1609 4905 1772 4960 Patre

184 5014 525 5075 substantiae,
547 5025 646 5079 per
672 5014 831 5076 quem
859 5005 1039 5060 omnia
1070 5003 1210 5058 facta
1239 5007 1363 5055 sunt
1387 5003 1508 5067 quin
1536 4998 1590 5052 in
1611 4997 1771 5062 cmlo,

185 5115 243 5162 et
269 5119 391 5176 qua:
419 5105 472 5156 in
497 5110 662 5164 terra,
694 5113 790 5167 per
813 5109 978 5165 quem
1003 5092 1338 5161 maiestatem
1362 5089 1538 5142 Patris
1554 5086 1776 5141 laudant

186 5195 388 5267 angeli,
428 5192 656 5246 adorant
687 5185 1108 5247 dominationes,
1161 5187 1403 5235 tremunt
1453 5183 1772 5247 potestates,

183 5266 313 5345 celi
341 5266 680 5340 et‘cmlorum
703 5277 951 5334 virtutes.
1039 5275 1302 5346 Spiritum
1335 5280 1580 5327 sanctum
1607 5266 1778 5324 conli-

185 5365 369 5435 temur
391 5363 778 5436 viviﬁcantem,
831 5385 898 5425 ex
924 5369 1093 5423 Patre
1131 5371 1186 5420 et
1210 5365 1349 5420 Filio
1373 5361 1775 5432 procedentem,

186 5484 311 5526 cum
341 5448 503 5521 Patre
528 5470 583 5518 et
607 5461 748 5516 Filio
777 5457 1109 5515 adorandum
1139 5463 1194 5508 et
1223 5450 1656 5525 glorificandum,
1685 5450 1776 5519 qui

188 5559 399 5614 locutus
428 5564 516 5611 est
537 5568 637 5624 per
663 5549 974 5622 prophetas.
1004 5537 1214 5602 Donum
1238 5545 1430 5599 dantes
1457 5539 1616 5598 simul
1643 5547 1778 5601 tres,

186 5649 426 5714 Patrem,
456 5647 681 5707 Filium,
720 5652 775 5698 et
819 5641 1082 5712 Spiritum
1135 5645 1383 5693 sanctum
1432 5632 1776 5694 conﬁtemur,

189 5741 305 5794 sine
331 5737 655 5795 confusione
713 5732 989 5794 indivisos,
1044 5730 1164 5785 sine
1212 5736 1453 5795 tempore
1493 5723 1781 5790 sempiter-

1882 4537 1962 4590 ria
1983 4539 2296 4602 congregata
2324 4538 2478 4592 sunt;
2499 4535 2547 4581 et
2568 4524 2848 4596 prudentia
2869 4523 2984 4592 ejus
3003 4523 3256 4592 percussit
3283 4537 3458 4591 super-

1881 4626 2021 4679 bum.
2068 4623 2172 4688 Qui
2198 4618 2428 4674 extendit
2453 4615 2750 4686 aquilonem
2764 4629 2918 4682 super
2941 4627 3180 4676 uacuum,
3203 4619 3251 4664 et
3274 4626 3453 4681 appen-

1880 4719 1954 4770 dit
1977 4725 2172 4769 terram
2200 4726 2358 4780 super
2377 4706 2620 4762 nihilum.
2670 4703 2776 4768 Qui
2802 4703 2931 4773 ligat
2959 4717 3124 4770 aquas
3154 4700 3210 4754 iu
3236 4698 3453 4758 nubibus

1878 4808 2008 4871 suis,
2047 4815 2235 4858 utnon
2271 4806 2545 4868 erumpant
2573 4805 2769 4866 pariter
2811 4792 3077 4850 deorsum.
3143 4789 3246 4856 Qui
3290 4790 3461 4859 aufert

1879 4900 2050 4957 stillas
2097 4895 2309 4968 pluviae,
2343 4900 2400 4946 et
2427 4890 2569 4945 sicut
2597 4887 2699 4943 alia
2732 4885 3017 4942 translatio
3046 4884 3197 4945 dicit,
3223 4885 3461 4942 innume-

1877 4991 2068 5048 rabiles
2092 4987 2173 5042 illi
2195 4983 2486 5041 stillicidia.
2538 4979 2643 5046 Qui
2685 4986 2892 5033 mensus
2911 4989 2984 5043 est
3035 4974 3232 5045 pugillo
3269 4990 3457 5043 aquas,

1875 5092 1923 5138 et
1945 5081 2096 5136 calas
2126 5077 2301 5150 palmo
2321 5071 2648 5144 ponderauit.
2700 5068 2803 5134 Qui
2830 5065 3256 5138 appendittribus
3284 5063 3461 5134 digitis

1877 5172 2067 5227 molem
2088 5181 2264 5232 terrm,
2295 5175 2343 5220 et
2373 5162 2609 5217 liberavit
2633 5162 2688 5214 in
2701 5159 2929 5230 pondere
2955 5166 3174 5219 montes,
3219 5164 3268 5208 et
3306 5153 3460 5208 colles

1877 5265 1932 5318 in
1961 5271 2177 5315 statera.
2233 5256 2400 5326 Cujus
2437 5253 2656 5306 thronus
2688 5253 2916 5320 ﬂamma
2937 5247 3073 5317 ignis
3103 5254 3152 5300 et
3195 5254 3322 5298 rota:
3347 5243 3463 5313 ejus

1887 5355 2021 5426 ignis
2048 5365 2318 5405 accensus.
2388 5344 2611 5398 Flavius
2647 5343 2828 5413 igneus
2858 5337 3174 5408 rapidusque
3200 5334 3467 5405 egreditur

1887 5425 1919 5498 a
1943 5433 2080 5512 facie
2103 5441 2238 5510 ejus.
2289 5435 2462 5491 Millia
2502 5431 2727 5486 millium
2773 5430 3073 5487 ministrant
3098 5428 3167 5491 ei,
3219 5434 3269 5480 et
3294 5425 3464 5478 decies

1884 5533 2074 5588 millies
2117 5540 2332 5586 centena
2386 5525 2555 5580 millia
2604 5525 2794 5577 sistunt
2843 5521 2910 5575 ei.
2996 5529 3186 5576 smnes
3223 5530 3466 5584 namque

1887 5624 2162 5680 exercitus
2184 5620 2307 5676 caeli
2340 5618 2600 5673 assistunt
2626 5614 2698 5678 ei,
2729 5627 2835 5667 non
2858 5609 3029 5666 solum
3061 5623 3092 5662 a
3112 5605 3341 5668 dextris,
3371 5602 3466 5660 sed

1891 5719 2055 5773 etiam
2082 5731 2109 5769 a
2140 5711 2412 5768 sinistris:
2457 5709 2521 5762 de
2572 5705 2767 5774 quibus
2812 5702 3076 5771 propheta
3123 5700 3261 5753 vidit
3284 5692 3466 5764 egredi
