3930 6320
465 322 565 379 271

1418 327 1475 385 S.
1515 329 1866 391 AGOBARD!
1906 331 2217 394 EPISCOPI
2255 336 2735 399 LUCDUNENSIS

3648 352 3757 410 273

465 440 720 512 spiritum
753 439 1026 498 dicentem
1052 459 1064 496 :
1125 441 1408 515 Egredior,
1446 455 1496 500 st
1540 462 1630 502 cro
1653 447 1869 519 spiritus
1913 466 2059 503 meu—
2090 453 2141 511 Α
2167 459 2382 508 testate.
2423 454 2492 508 Et
2524 457 2814 512 videntibus
2842 457 2968 524 illis,
2995 460 3223 516 elevatus
3238 473 3335 530 cst,
3373 473 3423 518 et
3451 469 3613 522 nubes
3642 486 3755 524 sus-

462 533 575 588 das
601 534 660 589 in
682 550 776 589 crs
801 536 1035 591 surdum
1061 538 1432 609 prophetarum
1455 539 1595 610 ejus,
1625 540 1683 595 id
1708 543 1824 607 est,‘
1845 542 2056 613 decepti

463 634 524 684 et
564 626 870 699 decipiendi
920 629 1091 699 regis,
1127 638 1188 685 ut
1213 630 1626 687 ascenderetad
1673 631 1851 688 locum
1881 633 1971 691 ubi
2006 634 2058 690 ei

459 727 690 793 paratus
708 727 830 778 erat
857 720 1135 777 interitus.

533 813 622 869 Vl.
657 812 823 868 Istius
862 813 1072 868 sinistri
1091 814 1366 869 exercitus
1396 823 1490 869 aut
1513 816 1768 886 princeps
1810 824 1904 870 aut
1937 830 2056 870 ma-

459 920 622 975 gnus,
679 905 973 961 invidendo
1017 913 1205 960 sancto
1252 905 1369 961 viro
1397 905 1522 971 Job,
1563 907 1828 976 eapetivit
1844 923 1971 963 eum
1998 913 2058 962 ut

461 995 562 1050 sibi
585 995 979 1052 concederetur
1002 1011 1035 1050 a
1059 995 1310 1063 Domino,
1337 1012 1444 1053 non
1462 997 1529 1053 ad
1549 997 1888 1067 probandum
1913 998 2058 1068 quod

457 1087 666 1144 {acum
691 1095 777 1144 est
795 1103 901 1158 per
921 1101 1046 1142 eum
1071 1086 1289 1142 nolente
1311 1086 1423 1152 illo,
1452 1088 1549 1141 sed
1573 1087 1640 1142 ad
1657 1086 2057 1157 reprobandum

458 1177 954 1252 quodmultitudini
979 1175 1198 1232 malitia:
1223 1192 1336 1232 sua:
1364 1175 1726 1232 desiderabat.
1798 1176 1969 1247 Hujus
1990 1176 2057 1232 si-

459 1273 620 1328 nistri
660 1271 936 1328 exercitus
967 1270 1223 1342 princeps
1258 1272 1489 1326 accessit
1512 1270 1580 1325 ad
1606 1272 1845 1342 primum
1880 1269 2056 1325 homi-

459 1377 608 1428 nem,
647 1361 786 1417 bene
814 1368 868 1416 et
886 1360 1090 1416 bonum
1116 1375 1147 1414 a
1172 1361 1316 1416 bono
1342 1360 1454 1415 Deo
1484 1361 1784 1423 conditum,
1817 1359 1940 1432 igne
1973 1359 2056 1414 in-

437 1454 712 1512 tvideutia
735 1467 1060 1516 sueccmus;
1111 1460 1169 1505 et
1213 1451 1429 1521 decepit
1461 1465 1525 1506 ac
1575 1451 2054 1521 praevaricatorem

458 1547 815 1616 fecitfatque
852 1543 1177 1600 omnimodae
1235 1541 1557 1612 corruptelae
1606 1541 1855 1612 subjecit,
1887 1547 1943 1595 et
1986 1539 2054 1595 de

458 1639 724 1694 societate
773 1635 1092 1707 angelorum
1120 1631 1448 1703 depositum,
1504 1633 1712 1686 socium
1767 1630 1870 1685 sibi
1902 1629 2050 1694 fecit,

458 1738 623 1800 atque
646 1728 714 1784 de
738 1728 858 1784 luce
879 1725 1124 1798 angelica
1149 1725 1508 1789 abstractum,
1536 1724 1780 1779 tenebris
1802 1723 1918 1779 suis
1932 1725 2055 1778 sub-

450 1819 685 1892 iugavit,
714 1826 771 1874 et
791 1826 1011 1873 merum
1039 1816 1202 1871 morti
1235 1815 1528 1886 obnoxium
1554 1814 1808 1870 reddidit.
1875 1815 2052 1870 Domi-

455 1929 561 1970 nus
611 1920 795 1968 antem
829 1913 1042 1967 summe
1073 1910 1254 1965 bonus
1286 1915 1343 1963 et
1369 1908 1512 1978 pius,
1563 1914 1624 1962 ut
1655 1915 1767 1962 tam
1799 1922 2049 1977 magnam

457 2005 670 2060 ruinam
698 2000 1004 2074 repararet,
1031 2009 1142 2056 tam
1166 2014 1424 2071 maguum
1447 1997 1661 2064 vulnus,
1687 1999 1835 2054 misit
1853 1998 2048 2052 Filium

456 2095 808 2152 suum'Deum
833 2092 1202 2156 Verbum,‘ut
1241 2105 1372 2145 caro
1398 2089 1574 2154 ﬁeret,
1606 2088 1684 2142 ‘id
1723 2096 1828 2153 est,
1885 2088 2049 2141 homo

455 2202 640 2252 verus,
674 2193 729 2241 et
749 2186 1025 2255 habitaret
1045 2185 1102 2239 in
1145 2183 1322 2261 nobis,
1363 2183 1432 2239 id’
1467 2190 1575 2248 est,
1617 2183 1672 2237 in
1709 2181 2048 2237 humanitate

456 2278 718 2350 perlecta,
755 2291 919 2348 quam
969 2275 1204 2345 sumpsit
1251 2290 1353 2345 pro
1378 2275 1536 2331 nobis
1590 2273 1750 2344 (Aug.
1781 2274 1834 2326 in
1859 2272 2046 2334 Joan.,

458 2371 638 2424 Tract.
657 2369 736 2441 ιν)
769 2383 838 2424 ex
865 2366 1041 2431 nobis,
1071 2367 1132 2446 id
1152 2374 1254 2428 est,
1284 2380 1352 2420 ex
1381 2372 1573 2420 sancta
1601 2364 1824 2433 Virgine
1851 2364 1918 2417 ad
1945 2363 2050 2416 hoc

455 2471 755 2536 pmparata
781 2470 838 2518 et
862 2459 1167 2525 custodita;
1214 2459 1491 2513 habitaret
1535 2465 1717 2511 autem
1747 2453 2045 2524 corporali-

457 2566 561 2620 ter,
591 2569 699 2609 non
749 2552 1090 2624 spiritaliter,
1138 2557 1200 2603 ut
1227 2549 1524 2614 insanclis
1556 2547 1793 2611 casteris,
1839 2546 1894 2599 id
1942 2553 2045 2610 est,

456 2647 597 2702 dono
623 2643 830 2715 gratiae,
878 2641 1020 2697 sicut
1046 2640 1310 2710 scriptum
1339 2646 1466 2694 est:
1520 2637 1643 2712 Qui,
1668 2636 1902 2690 adhwrct
1943 2634 2051 2687 Do-

454 2736 621 2801 mino,
647 2749 783 2787 unus
803 2731 1018 2802 spiritus
1040 2739 1136 2785 cst.
1177 2729 1281 2796 Qui
1301 2728 1427 2783 licet
1453 2727 1683 2782 Domino
1712 2725 2046 2789 adhtereant,

455 2833 511 2881 et
531 2824 678 2880 Deus
696 2825 752 2878 in
771 2823 877 2877 illis
902 2821 1134 2884 habitet,
1161 2836 1268 2874 non
1299 2827 1481 2876 tamen
1504 2817 1701 2874 exinde
1732 2815 1967 2871 efﬁcitur
1993 2821 2051 2867 ut

455 2920 534 2975 dii
561 2919 674 2974 sint
720 2915 1056 2980 naturaliter,
1112 2914 1254 2968 sicut
1303 2913 1358 2966 in
1377 2911 1595 2967 ChriSto
1629 2906 2050 2963 habitatomnis

455 3007 734 3080 plenitudo
774 3004 1073 3060 divinitatis
1101 3000 1480 3072 corporaliter,
1520 3006 1580 3053 ut
1626 2996 1769 3052 Deus
1810 2995 1882 3050 sit
1924 2996 2052 3049 sub-

457 3098 807 3156 stantialiter.
875 3095 1008 3163 Quae
1057 3093 1391 3157 humanitas,
1436 3105 1506 3146 ex
1553 3103 1662 3159 quo
1705 3102 1826 3144 esse
1863 3087 2046 3157 coepit,

457 3204 567 3246 non
597 3188 742 3243 aliud
768 3201 891 3242 esse
931 3185 1110 3256 potuit
1142 3198 1305 3253 quam
1339 3182 1482 3236 Deus
1516 3189 1572 3234 et
1624 3179 1817 3234 imicus
1853 3177 2048 3242 Eilius,

457 3281 584 3349 quia
607 3277 922 3348 unigenitus
957 3287 1086 3328 caro
1113 3272 1291 3326 factus
1331 3276 1440 3334 est,
1489 3277 1551 3326 ut
1578 3267 1650 3323 sit
1683 3280 1845 3322 verus
1888 3266 2048 3330 Deus,

457 3385 623 3428 verus
666 3369 850 3433 homo,
880 3352 1042 3420 unus
1069 3364 1233 3417 Deus.
1310 3360 1378 3414 Et
1426 3360 1554 3414 licet
1602 3357 1747 3412 aliud
1794 3357 1866 3412 sit
1901 3370 2049 3419 caro,

456 3465 603 3521 aliud
628 3461 912 3525 divinitas;
960 3473 1067 3514 non
1098 3466 1282 3512 tamen
1313 3454 1429 3524 ipse
1463 3453 1602 3508 alius
1651 3461 1735 3507 est
1776 3452 1830 3507 in
1862 3465 2049 3517 carne,

457 3559 595 3612 alius
624 3556 680 3609 in
694 3552 978 3608 divinitate
1009 3566 1039 3616 ;‘
1066 3549 1161 3603 sed
1194 3554 1427 3616 utroque
1471 3560 1614 3598 unus
1641 3543 1892 3598 Christus
1910 3543 2053 3597 Deus

459 3651 622 3704 homo
652 3684 668 3709 ,
727 3646 1084 3714 permanente
1125 3638 1410 3706 utriusque
1463 3643 1673 3688 natura:
1721 3634 1953 3689 veritate
1998 3643 2054 3689 et

458 3736 805 3807 integritate;
864 3732 919 3787 id
963 3739 1067 3797 est,
1113 3745 1221 3785 non
1259 3736 1468 3784 mutata
1513 3726 1849 3782 humanitate
1887 3727 1940 3780 in
1966 3725 2049 3779 di-

460 3827 762 3888 vinitatem,
809 3837 988 3891 neque
1019 3834 1282 3875 conversa
1330 3817 1616 3872 divinitate
1654 3816 1709 3871 in
1738 3816 2049 3870 humanita-

459 3931 605 3976 tem:
656 3917 750 3989 qui
794 3932 862 3971 ex
892 3922 1124 3982 utroque
1168 3926 1308 3967 unus
1334 3910 1586 3967 Christus
1608 3911 1776 3976 Deus,
1819 3910 1892 3963 ita
1923 3911 2052 3964 ado-

460 4019 614 4066 ratnr
648 4024 770 4065 cum
790 4007 954 4062 Patre
1000 4014 1056 4060 et
1083 4002 1221 4058 Filio
1249 4003 1319 4057 ab
1361 4002 1514 4058 omni
1537 4010 1810 4066 creatura,
1875 4009 1936 4054 ut
1956 4017 2049 4053 su-

457 4101 644 4176 peritis
667 4099 927 4162 diximus,
973 4096 1115 4150 sicut
1148 4094 1475 4151 adorabatur
1494 4101 1784 4162 antequam
1818 4091 2050 4147 Verbum

461 4207 589 4250 caro
615 4192 805 4246 ﬁeret:
863 4187 991 4258 quia
1023 4184 1450 4241 inconvertibilis
1472 4184 1670 4249 deitas,
1701 4199 1822 4253 quae
1865 4183 2051 4237 incon—

460 4281 785 4340 vertibillter
809 4278 1186 4334 inﬁmitatem
1212 4285 1480 4341 nostram,
1531 4275 1587 4330 iu
1616 4291 1722 4346 qua
1751 4275 1888 4331 mori
1934 4292 2052 4345 pos—

463 4377 556 4440 sit,
582 4372 818 4443 suscepit
844 4369 1223 4425 incarnatione
1249 4381 1366 4432 sua,
1402 4381 1503 4422 nec
1529 4366 1701 4422 minui
1725 4367 1922 4436 potuit,
1951 4382 2051 4422 nec

463 4464 670 4536 augeri.

537 4555 646 4611 νη.
686 4553 862 4608 Verus
888 4552 1030 4606 Deus
1057 4565 1185 4621 ergo
1211 4559 1267 4605 et
1293 4563 1456 4604 verus
1485 4548 1666 4614 homo,
1696 4562 1835 4602 unus
1864 4547 2049 4602 Domi-

465 4661 568 4703 nus
591 4653 785 4700 uoster
825 4641 982 4697 Jesus
1007 4640 1278 4705 Christus,
1315 4639 1464 4693 venit
1494 4639 1563 4693 ad
1616 4638 1948 4708 passionem,
1996 4647 2056 4691 ut

462 4735 733 4807 perferret
780 4730 1082 4786 omniaan
1110 4746 1230 4800 qua:
1270 4729 1336 4784 de
1383 4728 1473 4783 illo
1529 4728 1887 4798 praenuntiata
1930 4737 2056 4782 sunt

466 4844 565 4899 per
585 4825 914 4894 Scripturas.
965 4823 1119 4878 Unde
1144 4822 1589 4890 comprehensus,
1635 4827 1692 4875 et
1717 4819 1936 4890 ligatus,
1969 4818 2058 4874 lla-

466 4917 717 4991 gellatus,
747 4913 962 4978 irrisus,
1001 4919 1059 4966 et
1083 4910 1143 4965 in.
1162 4925 1324 4966 cruce
1347 4923 1662 4979 suspensus,
1697 4923 1819 4967 cum
1847 4909 2059 4964 veniret

468 5010 604 5063 hora
624 5014 683 5060 ut
709 5010 985 5073 potestate
1001 4999 1219 5072 propria
1239 5008 1467 5070 poneret
1495 4998 1730 5054 animam
1759 5013 1932 5064 suam,
1964 5013 2058 5069 po-

472 5109 670 5154 testate
695 5099 893 5151 iterum
915 5109 1039 5152 eam
1066 5103 1404 5163 sumpturus,
1421 5093 1668 5149 clamas
1687 5108 1821 5148 voce
1843 5108 2054 5163 magna,

473 5191 605 5246 dicit
629 5206 642 5241 :
693 5185 1125 5241 Consummatum
1150 5196 1225 5240 est
1253 5198 1271 5236 :
1322 5193 1377 5240 et
1403 5184 1663 5241 inclinato
1693 5187 1870 5256 capite
1887 5187 2055 5242 tradi-

471 5280 553 5335 dit
578 5279 848 5350 spiritum.
937 5276 1108 5332 Natus
1159 5283 1340 5330 autem
1376 5291 1505 5330 vera
1540 5276 1864 5363 nativitate,
1923 5291 2059 5335 verte

474 5370 658 5426 carnis
706 5368 963 5423 sustinuit
1015 5381 1198 5422 veram
1236 5366 1567 5436 passionem,
1599 5365 1837 5435 suscepit
1876 5381 2059 5422 veram

476 5465 728 5520 mortem,
786 5471 912 5511 vera
937 5456 1118 5510 carnis
1140 5454 1540 5509 resurrectione
1569 5453 1790 5523 pra'but't
1816 5471 1869 5506 se
1889 5455 2060 5524 ipsum

474 5548 646 5602 uitium
667 5545 939 5614 discipulis
982 5545 1037 5598 in
1074 5542 1253 5596 multis
1287 5542 1630 5612 argumentis,
1653 5555 1746 5610 per
1770 5541 1882 5595 dics
1926 5558 2060 5610 qua-

474 5638 724 5710 draginta
744 5654 1002 5709 apparens
1025 5638 1100 5691 cis
1112 5646 1161 5689 et
1196 5635 1413 5705 loquens
1441 5635 1505 5687 de
1553 5649 1710 5703 regno
1734 5631 1851 5697 Dei,
1910 5647 2062 5687 man-

477 5727 697 5786 ducavit
722 5737 776 5782 et
803 5729 938 5785 bibit
962 5742 1143 5782 coram
1173 5727 1269 5790 eis,
1322 5742 1426 5781 non
1459 5726 1803 5790 necessitate,
1849 5725 1943 5781 sed
1967 5741 2063 5796 po-

2081 4478 2129 4538 D

2159 542 2290 611 cepit
2337 560 2456 597 eum
2493 547 2560 599 ab
2600 547 2768 602 oculis
2813 566 3013 604 eorum.
3076 551 3308 624 Cumque
3336 556 3670 613 intuerentur
3697 563 3752 616 in

2159 632 2341 686 ctclum
2359 646 2570 688 euntem
2609 636 2759 691 illum
2784 679 2799 704 ,
2831 657 2946 694 cccc
2983 643 3090 696 duo
3137 645 3235 698 viri
3268 641 3548 703 astiterunt
3592 651 3753 720 juxta

2157 721 2278 777 illos
2315 724 2368 778 in
2395 726 2616 781 vestibus
2641 727 2794 795 albis,
2825 731 2915 802 qui
2953 743 3003 786 et
3028 733 3275 790 dixerunt
3305 756 3318 792 :
3377 737 3488 792 Viri
3514 738 3751 807 Galihri,

2156 816 2283 884 quid
2299 819 2449 872 statis
2472 821 2777 889 aspicientes
2801 824 2854 876 in
2875 823 3059 878 caelum
3078 827 3102 880 ἲ
3115 827 3217 881 Hic
3238 830 3414 894 Iesus,
3438 833 3531 903 qui
3550 851 3755 888 assunt-

2155 916 2274 976 ptus
2297 916 2371 962 est
2402 925 2436 963 a
2479 910 2618 965 vobis
2644 912 2715 966 ad
2735 913 2940 980 calum,
2989 917 3065 970 sic
3105 919 3266 973 veniet
3306 924 3750 991 quemadmodum

2157 998 2359 1054 vidistis
2381 1017 2500 1054 eum
2519 1012 2725 1058 euntem
2750 1006 2805 1058 in
2827 1006 3032 1061 calum.
3084 1007 3248 1065 Sedet
3268 1026 3396 1081 ergo
3418 1013 3472 1067 in
3495 1029 3561 1069 ea
3583 1030 3750 1070 carne

2157 1104 2319 1159 quam
2370 1092 2664 1162 assumpsit
2692 1109 2792 1164 pro
2821 1096 3000 1167 nobis,
3043 1098 3111 1152 ad
3144 1101 3388 1156 dextram
3441 1103 3648 1170 Patris,
3694 1113 3751 1160 et

2155 1184 2415 1234 venturus
2463 1187 2548 1234 est
2599 1180 2653 1234 in
2702 1181 2872 1252 gloria
2896 1183 3144 1253 judicare
3182 1187 3334 1244 vivos
3377 1199 3434 1245 et
3480 1203 3748 1254 mortuos.

2155 1269 2310 1338 cujus
2345 1273 2498 1343 regni
2521 1290 2626 1330 non
2656 1275 2762 1330 erit
2783 1276 2924 1333 linis.
2962 1279 3030 1333 Et
3055 1281 3169 1350 ipse
3199 1291 3283 1337 est
3306 1286 3633 1361 propitiatio
3649 1303 3748 1356 pro

2155 1363 2394 1431 peccatis
2419 1366 2645 1430 nostris,
2696 1367 2788 1436 qui
2824 1377 2907 1422 est
2938 1371 3094 1425 testis
3114 1371 3323 1439 fidelis;
3353 1376 3749 1447 primogenitus

2155 1460 2513 1519 mortuorum,
2570 1461 2625 1509 et
2668 1458 2921 1528 princeps
2965 1472 3153 1529 regum
3207 1470 3390 1530 terrm,
3434 1465 3624 1536 Agnus
3652 1467 3746 1521 Dei

2154 1543 2247 1611 qui
2281 1544 2423 1598 tollit
2462 1555 2684 1616 peccata
2707 1551 2922 1604 mundi:
2974 1553 3066 1620 qui
3108 1553 3180 1607 ita
3212 1554 3463 1611 laudatur
3497 1574 3620 1613 cum
3647 1559 3746 1613 Pa-

2155 1641 2237 1686 tre
2260 1635 2329 1688 ab
2355 1637 2560 1706 angelis
2591 1657 2602 1692 :
2638 1637 2851 1695 Sedenti
2877 1643 2929 1696 in
2959 1645 3146 1700 throno
3182 1656 3230 1702 et
3253 1649 3403 1719 Agna
3431 1650 3746 1714 benedictio,

2153 1729 2202 1777 et
2228 1723 2415 1789 honor,
2443 1735 2491 1779 ct
2519 1726 2706 1796 gloria,
2739 1740 2788 1783 ct
2817 1741 3048 1798 potestas
3078 1736 3134 1789 in
3182 1738 3380 1791 saecula
3403 1740 3746 1796 sa’culorunt.

2079 1791 2126 1850 Β
2155 1810 2220 1865 Et
2253 1813 2468 1881 quando
2491 1791 2701 1872 venerit
2742 1819 2795 1873 in
2814 1791 3100 1890 majestate
3126 1841 3222 1882 sua
3245 1835 3300 1882 et
3319 1827 3522 1894 Patris,
3548 1831 3631 1886 sic
3675 1834 3746 1887 ti-

2152 1905 2389 1960 mebitur
2417 1908 2484 1961 ab
2505 1908 2586 1963 eis
2609 1925 2746 1978 quos
2766 1913 3108 1982 iudicaturus
3138 1927 3242 1985 est,
3274 1928 3334 1973 ut
3377 1921 3563 1977 dicant
3585 1939 3745 1979 mon-

2153 1994 2297 2050 tibus
2321 2003 2376 2050 e:
2405 1999 2602 2066 petris:
2645 2003 2830 2058 Cadits
2854 2023 3010 2076 super
3034 2025 3150 2073 nos,
3179 2019 3226 2064 et
3258 2012 3564 2068 abscondite
3591 2032 3687 2069 nos
3714 2033 3746 2068 α

2151 2084 2289 2153 facie
2314 2087 2542 2141 sedentis
2565 2107 2726 2161 supra
2761 2095 3030 2161 thronum,
3051 2107 3098 2151 et
3113 2099 3178 2152 ab
3208 2101 3290 2154 ira
3313 2102 3470 2172 agni:
3491 2106 3745 2173 quoniam

2149 2175 2286 2227 venit
2328 2176 2440 2230 dies
2479 2195 2698 2249 magnus
2729 2183 2823 2237 ἐγω
2852 2184 3040 2254 ipsius,
3065 2197 3114 2241 et
3164 2190 3282 2259 quis
3315 2193 3506 2261 poterit
3552 2204 3696 2248 stare
3723 2197 3748 2248 .’

2154 2259 2682 2331 Transacto,omnes
2700 2270 2858 2327 electi
2885 2287 2953 2327 ex
2992 2275 3244 2332 omnibus
3270 2259 3542 2350 gentibus,
3567 2290 3625 2336 et
3649 2283 3745 2337 tri-

2150 2353 2348 2421 bubus,
2365 2365 2421 2411 et
2433 2358 2667 2428 populis,
2700 2370 2755 2417 et
2785 2362 3004 2434 linguis,
3027 2375 3188 2422 erunt
3217 2377 3422 2424 stantes
3442 2381 3571 2426 ante
3593 2374 3746 2428 thro-

2151 2462 2279 2500 num
2309 2448 2363 2500 in
2388 2458 2678 2520 conspectu
2700 2452 2857 2522 Agni,
2877 2462 2931 2509 et
2962 2456 3146 2511 amicti
3176 2457 3329 2514 stolis
3358 2460 3516 2526 albis,
3548 2469 3605 2516 et
3626 2462 3744 2535 palo

2151 2551 2253 2591 mae
2304 2538 2358 2591 in
2387 2540 2640 2596 manibus
2665 2557 2871 2608 eorum,
2921 2553 2977 2601 et
3015 2546 3326 2617 clamabunt
3375 2565 3509 2607 voce
3543 2567 3741 2623 magna

2151 2628 2395 2684 dicentes
2423 2649 2437 2684 :
2483 2630 2644 2686 Salus
2665 2632 2775 2687 Deo
2799 2644 2976 2688 nostro
3003 2637 3093 2707 qui
3115 2636 3258 2699 sedet
3285 2656 3443 2709 super
3465 2641 3742 2709 thronum,

2150 2729 2198 2772 et
2225 2721 2390 2789 Agna.
2448 2720 2524 2776 De
2559 2722 2753 2791 quibus
2773 2723 2971 2779 dicitur
2995 2744 3006 2778 :
3041 2724 3114 2779 Hi
3137 2735 3258 2780 sunt
3281 2729 3370 2798 qui
3400 2742 3654 2785 venerunt
3675 2731 3740 2784 dc

2151 2809 2486 2864 tribulatione
2514 2829 2726 2882 magna,
2750 2823 2798 2866 et
2821 2813 3061 2869 laverunt
3087 2816 3248 2891 stolas
3275 2836 3423 2883 suas,
3453 2826 3502 2872 et
3527 2819 3744 2874 dealba-

2152 2909 2333 2953 verunt
2361 2917 2449 2954 eas
2480 2903 2534 2955 in
2556 2905 2810 2974 sanguine
2845 2905 3000 2976 Agnt'.
3053 2906 3180 2962 Ideo
3199 2919 3320 2962 sunt
3336 2919 3459 2964 ante
3488 2910 3741 2965 thronum

2152 2991 2271 3057 Dei,
2299 3003 2348 3046 et
2373 2994 2604 3048 serviunt
2627 2996 2676 3049 ei
2700 2997 2784 3052 die
2809 3008 2857 3051 et
2890 3008 3038 3052 nocte
3078 3000 3134 3053 in
3154 3001 3349 3071 templo
3379 3003 3528 3072 ejus;
3577 3012 3626 3056 et
3653 3002 3744 3072 qui

2149 3080 2292 3148 sedet
2327 3082 2381 3135 in
2409 3084 2616 3149 throno,
2643 3085 2845 3155 habitat
2869 3105 3024 3158 super
3051 3107 3158 3144 eos.
3218 3091 3342 3144 Non
3371 3093 3620 3157 esuriant,
3653 3109 3745 3147 ne-

2152 3189 2251 3244 que
2275 3173 2450 3230 sitiant
2475 3175 2720 3246 amplius,
2755 3195 2919 3249 neque
2949 3181 3098 3234 cadet
3121 3198 3276 3251 super
3299 3182 3417 3236 illos
3445 3184 3545 3248 sol,
3578 3201 3746 3255 neque

2153 3263 2292 3317 ullus
2317 3273 2507 3329 testas;
2535 3269 2782 3338 quoniam
2807 3269 3008 3339 Agnus,
3033 3272 3123 3341 qui
3153 3273 3208 3324 in
3230 3273 3399 3334 medio
3433 3275 3610 3327 throni
3641 3285 3741 3337 est,

2153 3365 2288 3427 reget
2327 3356 2466 3423 illos,
2519 3367 2568 3413 et
2587 3359 2812 3414 deducet
2837 3360 2956 3415 illos
2996 3362 3066 3415 ad
3104 3363 3223 3417 vitae
3247 3364 3413 3434 fontes
3454 3382 3742 3435 aquarum,

2151 3455 2201 3500 et
2237 3447 2493 3519 absterget
2522 3449 2666 3504 Deus
2696 3468 2899 3505 omnem
2933 3451 3221 3523 lacrymam
3247 3471 3311 3510 ea:
3340 3455 3504 3509 oculis
3533 3472 3740 3510 eorum.

2153 3534 2221 3589 Et
2258 3537 2442 3592 latitia
2473 3542 2785 3610 sempiterna
2817 3559 2975 3613 super
3007 3555 3162 3614 caput
3190 3562 3393 3612 eorum,
3419 3548 3672 3617 gaud'um
3691 3558 3743 3602 ct

2150 3627 2389 3683 lmtitiam
2417 3631 2737 3698 obtinebunt,
2785 3644 2834 3688 et
2863 3636 3028 3705 fugiet
3050 3636 3203 3689 dolor
3229 3646 3280 3690 et
3309 3640 3551 3708 gemitus.
3608 3639 3741 3695 Hzec

2150 3716 2343 3774 civitas
2373 3719 2490 3788 Dei,
2541 3721 2594 3776 id
2636 3728 2721 3777 est
2745 3723 3073 3779 universitas
3107 3726 3354 3780 omnium
3400 3736 3739 3792 sanctorum,

2151 3824 2256 3862 non
2284 3820 2392 3878 eget
2413 3810 2542 3876 sole,
2567 3828 2730 3883 neque
2753 3811 2899 3877 luna,
2936 3823 2991 3867 ut
3013 3814 3222 3869 luceant
3250 3816 3305 3870 in
3327 3833 3409 3871 ea.
3459 3817 3601 3872 Nam
3623 3818 3741 3873 cla-

2151 3899 2280 3952 ritas
2307 3899 2405 3952 Dei
2443 3899 2753 3955 illuminavit
2777 3918 2916 3968 eam,
2949 3913 2997 3956 et
3021 3902 3236 3959 lucerna
3274 3906 3388 3976 ejus
3422 3915 3497 3960 est
3528 3907 3736 3977 Agnus.

2151 3989 2219 4043 Et
2237 3991 2447 4044 dicetur
2480 3992 2528 4046 ei
2571 4010 2583 4045 :
2619 3991 2743 4045 Non
2770 3993 3017 4046 audietur
3045 3994 3186 4048 ultra
3228 3997 3478 4067 iniquitas
3510 3997 3562 4051 in
3589 4006 3739 4052 terra

2151 4086 2265 4144 tua,
2290 4081 2503 4134 vastitas
2535 4090 2581 4135 et
2606 4083 2849 4136 contritio
2873 4083 2928 4136 in
2949 4085 3182 4139 terminis
3213 4088 3336 4150 tuis,
3386 4097 3433 4140 et
3465 4090 3738 4158 occupabit

2150 4168 2296 4233 salus
2333 4187 2510 4225 muros
2539 4180 2676 4237 tuos,
2721 4181 2770 4225 et
2798 4183 2970 4242 postes
3011 4183 3128 4229 tuas
3162 4175 3417 4230 laudatio.
3493 4176 3614 4231 Non
3635 4179 3740 4234 erit

2152 4262 2246 4316 tibi
2275 4263 2501 4333 amplius
2530 4264 2609 4318 sol
2647 4265 2715 4318 ad
2739 4265 3018 4321 lucendum
3040 4285 3131 4340 per
3164 4269 3320 4336 diem,
3374 4289 3465 4327 nec
3491 4272 3746 4342 splendor

2151 4353 2293 4409 luna:
2331 4354 2645 4410 illuminabit
2666 4366 2756 4419 te;
2813 4360 2904 4412 sed
2931 4362 3027 4413 erit
3072 4363 3165 4414 tibi
3198 4362 3453 4418 Dominus
3483 4366 3537 4418 in
3565 4364 3746 4421 lucent

2152 4447 2540 4516 sempiternam,
2572 4457 2619 4502 et
2643 4448 2783 4503 Deus
2809 4459 2931 4506 tuus
2957 4453 3012 4504 in
3038 4452 3260 4522 gloriam
3286 4465 3448 4510 tuam.
3500 4455 3622 4511 Non
3650 4475 3749 4512 oc-

2155 4538 2290 4592 cidet
2319 4539 2459 4592 ultra
2484 4539 2565 4593 sol
2593 4550 2733 4606 tuus,
2790 4552 2836 4596 et
2881 4542 3008 4597 luna
3035 4554 3128 4598 tua
3154 4563 3256 4600 non
3284 4549 3578 4603 minuetur:
3608 4552 3746 4621 quia

2154 4628 2412 4684 Dominus
2462 4632 2560 4684 erit
2602 4631 2696 4685 tibi
2719 4633 2772 4686 in
2813 4631 2981 4687 lucem
3007 4636 3396 4706 sempiternam,
3433 4647 3482 4691 et
3511 4640 3747 4709 comple-

2156 4720 2350 4775 buntur
2386 4722 2494 4776 dies
2542 4722 2712 4778 luctus
2749 4725 2847 4779 tui.
2915 4723 3153 4796 Populus
3195 4736 3371 4781 autem
3405 4737 3525 4782 tuus
3559 4747 3749 4786 omnes

2147 4813 2305 4882 justi,
2331 4815 2385 4868 in
2404 4825 2710 4885 perpetuum
2729 4817 3108 4872 htersditabunt
3133 4827 3346 4872 terram.
3396 4819 3466 4874 Et
3493 4822 3748 4879 videbunt

2156 4913 2330 4975 gentes
2354 4905 2565 4974 justum
2604 4916 2780 4973 tuum,
2819 4915 2866 4962 et
2891 4907 3063 4961 cuncti
3094 4925 3236 4978 reges
3265 4909 3516 4981 inclytum
3541 4920 3695 4967 tuum
3727 4931 3747 4978 ;

2156 5004 2206 5048 et
2232 4995 2500 5050 vocabitur
2526 4997 2620 5052 tibi
2647 5013 2835 5052 nomen
2873 5014 3080 5064 novum,
3129 4999 3268 5068 quod
3307 5017 3364 5054 os
3397 4998 3609 5056 Domini
3641 5019 3748 5057 no-

2157 5087 2394 5141 minavit.
2451 5085 2523 5141 Et
2555 5089 2659 5142 eris
2690 5105 2882 5142 corona
2917 5088 3100 5158 σίου-ἕω
3129 5090 3184 5145 in
3221 5107 3381 5146 manu
3410 5091 3640 5154 Domini,
3697 5106 3749 5150 et

2160 5176 2403 5233 diadema
2429 5180 2574 5249 regni
2601 5179 2654 5233 t'n
2679 5195 2836 5233 manu
2864 5177 2961 5232 Dei
2991 5181 3089 5235 tui.
3156 5180 3282 5235 Non
3313 5182 3578 5238 vocaberis
3598 5183 3750 5240 ultra

2157 5265 2406 5321 derelicta
2422 5307 2439 5334 ,
2471 5278 2518 5321 et
2539 5277 2679 5322 terra
2701 5277 2792 5323 tua
2818 5285 2920 5325 non
2936 5270 3209 5324 vocabitur
3221 5270 3449 5337 amplius
3470 5271 3750 5342 desolata;

2159 5358 2249 5413 sed
2279 5359 2540 5414 vocaberis
2571 5359 2808 5416 voluntas
2834 5378 2948 5417 mea
2972 5362 3026 5416 in
3050 5379 3130 5426 ea,
3155 5373 3207 5421 ct
3236 5372 3378 5417 terra
3405 5374 3500 5419 tua
3528 5367 3752 5421 inhabi-

2158 5460 2273 5508 tata
2287 5469 2306 5518 ,°
2333 5455 2459 5524 quia
2483 5453 2795 5523 complacuit
2827 5453 3055 5509 Domino
3085 5458 3139 5508 in
3161 5464 3229 5519 te,
3253 5466 3300 5510 et
3324 5465 3424 5510 terr
3440 5473 3468 5510 ⁴ι
3484 5469 3579 5510 tua
3597 5457 3755 5514 inha-

2163 5543 2429 5599 bitabitur.
2484 5543 2756 5600 Habitabit
2788 5547 2927 5600 enim
2940 5546 3152 5615 juvenis
3182 5563 3298 5600 cum
3320 5548 3537 5617 virgine,
3579 5557 3628 5602 ct
3649 5549 3757 5603 ha-

2164 5635 2396 5690 bitabant
2420 5638 2474 5690 in
2494 5646 2543 5692 te
2569 5636 2668 5704 filii
2689 5637 2786 5691 tui.
2805 5635 2874 5690 Et
2901 5637 3144 5707 gaudebit
3173 5654 3392 5708 sponsus
3415 5654 3576 5707 super
3597 5655 3754 5708 spon-

2163 5743 2298 5795 sam,
2330 5738 2378 5782 et
2405 5727 2649 5799 gaudebit
2669 5746 2825 5800 super
2851 5739 2898 5783 te
2923 5729 3062 5784 Deus
3101 5739 3242 5783 tuus.
3299 5730 3421 5783 Non
3453 5730 3672 5786 intrabit
3699 5731 3758 5787 in
