3930 6362
212 399 328 459 273

1363 399 1599 458 ειεεωο
1635 397 1724 456 DE
1761 397 1940 455 FIDE!
1977 396 2343 457 VERITATE.

3361 404 3468 462 274

210 530 339 569 casn
369 513 570 574 aliquid
594 514 1008 584 coinquinatum,
1035 518 1084 565 et
1134 510 1333 581 faciens
1359 511 1800 566 abominationem
1827 512 1879 571 Α
1900 510 2300 566 summationem
2335 520 2635 566 sanctorum
2663 513 2718 567 in
2761 529 2889 583 opus
2929 512 3232 580 ministerii,
3263 515 3315 569 in
3344 516 3476 571 cedi-

209 613 267 656 α
284 601 660 657 mendacium:
682 617 783 656 nec
805 601 965 655 fatua
995 598 1254 669 virgines,
1275 612 1396 668 qua:
1419 613 1528 654 non
1558 609 1799 666 sumpse—

213 703 351 750 runt
376 694 556 750 oleum
582 709 796 749 secum:
827 693 929 747 nisi
950 691 1042 761 qui
1069 691 1255 761 scripti
1286 700 1410 746 sunt
1435 691 1489 745 in
1521 688 1800 746 librovita:

212 783 381 855 Agni,
401 792 455 840 et
479 783 778 854 regnabant
807 783 860 837 in
891 782 1084 838 saecula
1107 780 1451 837 saeculorum.

295 871 425 927 Vlll.
457 871 584 927 Haec
606 871 864 941 praeclara
910 872 1220 928 testimonia
1266 881 1466 926 sancta:
1497 869 1795 940 Scriptura!

211 963 515 1018 ostendmtt
560 963 823 1018 unitatem
871 970 927 1017 et
955 963 1317 1034 aequalitatem
1357 962 1594 1018 sedentis
1637 976 1801 1032 super

215 1053 478 1108 thronum
503 1061 560 1108 et
584 1053 739 1123 Agni,
793 1052 969 1109 Patris
1017 1054 1272 1109 videlicet
1321 1060 1378 1108 et
1410 1052 1554 1117 Filii,
1593 1067 1714 1108 cum
1743 1060 1801 1107 et

210 1158 361 1198 unus
389 1142 592 1198 dicitur
624 1144 740 1199 dies
773 1159 1000 1216 magnus
1027 1144 1122 1198 ira:
1148 1144 1410 1215 ipsorum.
1436 1143 1632 1197 Mansit
1652 1144 1798 1198 enim

208 1234 443 1304 aqualis
501 1234 675 1299 Patri,»
719 1235 1226 1304 etiam-postquam
1277 1234 1454 1290 factus
1507 1243 1593 1290 est
1621 1234 1800 1290 minor

208 1322 399 1380 Patre.
431 1324 587 1382 Unde
615 1333 670 1379 et
692 1324 882 1379 Patres
917 1324 1114 1389 sancti,
1149 1325 1397 1379 doctores
1422 1323 1671 1377 videlicet
1698 1322 1800 1377 Ec-

207 1415 421 1480 clesia,
452 1415 507 1469 in
562 1414 886 1469 brevissimo
931 1413 1134 1485 hymno
1179 1427 1340 1483 quem
1364 1411 1615 1477 Psalmis,
1644 1412 1798 1466 Anti-

208 1503 413 1573 pho-is
461 1511 517 1558 et
574 1502 955 1572 Responsoriis
1007 1502 1406 1573 subiungimus,
1465 1502 1796 1575 cantandum

209 1593 585 1648 tradiderunt:
611 1590 795 1647 Gloria
824 1590 996 1656 Patri,
1019 1602 1067 1646 et
1083 1591 1244 1656 Filio,
1261 1602 1308 1646 et
1333 1591 1557 1661 Spiritui
1579 1601 1794 1653 sancto,-

206 1683 352 1736 sicut
379 1691 492 1736 erat
518 1682 572 1734 in
596 1681 872 1751 principio,
900 1689 950 1734 et
978 1697 1138 1746 nunc,
1189 1690 1236 1736 et
1263 1697 1483 1750 semper,
1514 1689 1565 1734 et
1591 1682 1646 1734 in
1697 1697 1797 1735 sc-

207 1771 338 1826 cula
389 1770 721 1826 seculorum.
753 1771 821 1825 Et
847 1785 972 1826 cum
1015 1769 1172 1825 electi
1194 1785 1262 1826 ex
1296 1771 1548 1826 omnibus
1583 1771 1795 1841 pupulis

1902 599 2202 666 ﬁcationem
2235 602 2470 671 corporis
2498 601 2717 669 Christi,
2747 604 2912 658 donec
2937 620 3276 660 occurramus
3303 622 3481 662 omnes

1900 689 1957 741 in
2005 690 2256 744 unitatem
2292 690 2418 759 ﬁdei
2455 703 2506 746 et
2551 693 2871 764 agnitionem
2906 693 3039 748 Filii
3074 694 3174 749 Dei
3209 695 3266 748 in
3312 696 3479 751 virum

1900 777 2208 848 perfectum,
2250 781 2306 835 in
2341 797 2640 838 mensuram
2664 785 2836 839 atatis
2868 784 3210 856 plenitudinis
3247 783 3480 853 Christi;

1902 874 1959 918 ut
1984 865 2104 934 jam
2140 883 2245 922 non
2271 869 2434 924 simus
2459 870 2666 940 parvuli
2701 871 3034 939 fluctuantes,
3061 883 3108 926 et
3137 873 3480 943 circumfera-

1900 972 2020 1009 mur
2055 959 2199 1012 omni
2240 969 2387 1013 vento
2428 960 2684 1015 doctrina
2722 961 2788 1016 in
2816 963 3047 1034 nequitia
3084 963 3382 1028 hominum,
3424 965 3481 1018 in

1900 1047 2098 1102 astutia
2124 1048 2200 1103 ad
2218 1049 2710 1105 circumventionem
2737 1054 2954 1107 erroris.
2986 1051 3272 1108 Veritatem
3303 1064 3476 1107 autem

1901 1135 2149 1205 facientes
2191 1137 2246 1191 in
2289 1138 2567 1205 charitatc,
2605 1155 2900 1194 crescamus
2929 1141 2986 1194 in
3020 1140 3112 1195 illo
3137 1157 3231 1211 per
3266 1142 3477 1205 omnia,

1897 1227 1988 1297 qui
2023 1236 2100 1282 est
2131 1238 2286 1298 caput
2328 1226 2565 1284 Christus
2587 1246 2607 1284 :
2643 1230 2797 1300 cujus
2837 1239 3000 1285 totum
3037 1248 3224 1301 corpus
3262 1247 3477 1302 compa-

1899 1325 2038 1370 ctum
2082 1333 2176 1388 per
2222 1333 2429 1372 omnem
2469 1319 2782 1389 juncturam
2827 1319 3355 1384 subministrationis,
3391 1336 3478 1385 se-_-

1899 1407 2130 1461 cundum
2192 1409 2542 1478 operationem
2591 1409 2650 1462 in
2709 1425 3010 1464 mensuram
3067 1409 3480 1478 uniuscujusque

1897 1496 2138 1562 membri,
2173 1506 2510 1566 augmentum
2539 1500 2772 1569 corporis
2813 1499 2944 1568 facit
2983 1499 3037 1553 in
3076 1498 3477 1568 cdiﬁcationem

1897 1585 2060 1644 sui-in
2083 1586 2360 1640 charitate.
2381 1587 2452 1640 Et
2479 1588 2677 1642 iterum
2704 1606 2716 1642 :
2749 1573 2920 1658 Caput
2948 1605 3014 1643 ex
3041 1604 3146 1660 quo
3171 1596 3339 1642 totum
3361 1604 3478 1644 cor-

1895 1691 2016 1744 pus,
2062 1691 2156 1746 per
2194 1692 2357 1730 mus
2396 1685 2446 1730 et
2493 1676 2888 1746 conjunctiones
2932 1677 3384 1733 subministratum
3428 1687 3476 1730 et

1896 1773 2274 1830 constructum,
2297 1765 2482 1819 crescit
2505 1766 2560 1818 in
2581 1775 2935 1835 augmentum.
2959 1766 3029 1821 Et
3046 1766 3152 1822 alio
3177 1767 3297 1822 loco
3321 1784 3334 1819 :
3361 1765 3478 1820 Sol-

207 1870 271 1918 et
296 1861 494 1933 linguis
522 1870 668 1916 stare
694 1861 947 1916 dicuntur
973 1870 1101 1914 ante
1124 1861 1389 1916 thronum.
1415 1862 1477 1916 in
1495 1874 1790 1932 conspectu

1900 1850 2032 1906 licite
2055 1862 2257 1907 servate
2286 1854 2536 1908 unitatem
2560 1854 2776 1924 spiritus
2804 1855 2858 1908 in
2880 1853 3088 1909 vinculo
3109 1855 3275 1926 pacis.
3302 1852 3478 1909 Unum

208 1950 379 2022 Λευὶ,
403 1962 458 2006 et
483 1966 589 2005 una
617 1950 766 2006 salus
794 1958 1046 2005 cantatur
1069 1951 1118 2005 ei
1141 1952 1232 2020 qui
1261 1951 1414 2007 sedet
1456 1967 1621 2021 super
1645 1951 1797 2006 thro-

207 2055 346 2096 num
371 2050 429 2096 et
452 2041 626 2111 Agno,
664 2050 720 2096 et
742 2044 948 2112 pariter
969 2041 1280 2096 illuminant
1309 2042 1585 2096 civitatem
1607 2057 1791 2098 suam:

207 2133 320 2189 hoc
344 2134 521 2204 ipsum
541 2135 862 2199 ostenditur,
894 2141 956 2188 ut
979 2134 1215 2188 sciamus
1237 2149 1408 2188 unum
1437 2147 1558 2189 esse
1575 2133 1796 2188 Patrem

205 2236 270 2282 et
297 2226 515 2291 Filium,
553 2228 717 2282 etiam
769 2234 1059 2297 postquam
1085 2227 1264 2282 minor
1307 2225 1503 2291 tactus,
1533 2225 1795 2281 obediens

209 2320 426 2375 exstitit
466 2334 637 2388 usque
689 2319 758 2375 ad
800 2327 1053 2384 mortem,
1104 2327 1336 2374 mortem
1386 2328 1565 2373 autem
1595 2319 1793 2374 crucis.

211 2410 444 2482 PrOpter
465 2412 604 2481 quod
633 2411 772 2465 Deus
793 2408 944 2464 illum
978 2409 1249 2475 exultavit,
1273 2419 1321 2464 et
1349 2409 1561 2463 donavit
1593 2408 1674 2463 illi
1705 2425 1798 2463 no-

207 2520 353 2568 men,
381 2503 520 2574 quod
549 2511 624 2556 est
643 2518 798 2572 super
828 2517 978 2555 omne
1003 2516 1194 2554 nomen
1205 2517 1224 2566 ,°
1263 2509 1318 2554 ut
1350 2501 1406 2553 in
1433 2499 1640 2554 nomine
1667 2499 1796 2553 Iesu

210 2611 368 2648 omne
389 2611 521 2665 genu
546 2595 804 2663 ﬂectatur,
823 2591 1126 2656 antestium,
1140 2591 1486 2653 terrestrium,
1507 2599 1555 2643 et
1568 2587 1798 2656 inferno.

212 2701 355 2748 nm,
386 2694 434 2737 et
456 2685 625 2738 omnis
657 2683 838 2753 lingua
863 2683 1199 2751 conﬁteatur,
1244 2683 1367 2753 quia
1405 2681 1659 2738 Dominus
1703 2679 1799 2734 Je-

212 2788 306 2827 δα
331 2770 570 2826 Christus
591 2773 647 2826 in
674 2772 844 2842 gloria
868 2782 946 2827 est
974 2771 1071 2826 Dei
1101 2770 1301 2826 Patris.
1357 2771 1604 2827 Ostendit
1635 2771 1798 2826 etiam

212 2873 382 2933 caput
425 2863 723 2918 exaltatum
760 2865 828 2918 ad
882 2871 1140 2934 quantam
1192 2863 1582 2918 sublimitatem
1623 2862 1798 2917 elevat

210 2971 414 3024 corpus
448 2970 626 3019 suum,
651 2963 706 3009 et
732 2955 992 3010 unitatem
1019 2955 1217 3024 capitis
1245 2963 1302 3010 et
1322 2953 1586 3024 corporis,
1611 2953 1798 3023 sponsi

214 3045 471 3101 videlicet
503 3053 561 3099 et
588 3059 822 3114 sponsas.
852 3045 1005 3101 Unde
1036 3045 1236 3100 dicitur
1264 3063 1276 3098 :
1310 3044 1496 3098 Induit
1527 3060 1609 3098 me
1646 3043 1797 3098 vesti-

215 3137 404 3191 mentis
426 3134 636 3201 salutis,
674 3146 726 3190 et
759 3135 1064 3191 indumento
1083 3136 1310 3206 justitite
1354 3135 1696 3190 circumdedit
1717 3151 1797 3194 me

215 3228 369 3299 quasi
389 3242 638 3297 sponsum
667 3227 970 3280 decoratum
995 3243 1188 3280 corona
1215 3267 1231 3290 ,
1277 3236 1324 3279 et
1353 3227 1504 3293 quasi
1553 3242 1799 3296 sponsam

216 3328 464 3372 ornatam
490 3317 773 3371 monilibus
795 3318 924 3370 suis.
992 3316 1062 3370 Se
1099 3318 1245 3370 enim
1277 3317 1415 3371 dixit
1435 3331 1716 3384 sponsum,
1740 3329 1799 3369 se

216 3422 496 3478 sponsam
523 3407 650 3461 Haec
674 3414 819 3460 tanta
847 3407 1024 3461 [unitas
1065 3414 1150 3460 est
1179 3406 1308 3460 illud
1339 3404 1716 3460 inaestimabile
1742 3411 1798 3458 et

218 3498 491 3555 ineffabile
517 3497 738 3562 bonum,
761 3498 905 3567 quod
935 3513 1036 3552 nec
1081 3498 1272 3553 oculus
1313 3497 1466 3562 vidit,
1495 3505 1606 3552 'nec
1647 3497 1797 3552 auris

217 3588 448 3653 audivit,
475 3603 574 3642 nec
594 3588 649 3642 in
671 3587 1015 3642 corbominis
1037 3587 1296 3650 ascendit,
1321 3586 1462 3654 quod
1476 3586 1798 3654 praeparavit

219 3677 366 3733 Deus
388 3676 738 3746 diligentibus
767 3691 854 3741 se;
879 3691 1002 3731 cum
1021 3675 1206 3746 Agnus
1219 3675 1304 3730 ille
1323 3683 1408 3730 est
1425 3689 1657 3744 sponsus
1676 3690 1799 3743 gre-

218 3769 300 3838 gis
319 3767 426 3830 sui,
449 3777 637 3836 pastor
649 3767 830 3836 ovium
856 3782 1105 3830 suarum;
1130 3775 1186 3821 et
1200 3767 1290 3835 qui
1311 3775 1395 3821 est
1413 3782 1584 3836 agnus
1604 3766 1658 3819 in
1679 3781 1800 3835 pas-

220 3865 395 3929 sione,
419 3864 504 3919 leo
526 3864 579 3918 in
603 3863 1020 3926 resurrectione,
1047 3861 1223 3930 aquila
1240 3861 1292 3913 in
1306 3860 1643 3922 ascensione,
1661 3858 1800 3927 lapis

218 3968 436 4024 quoque
464 3952 756 4022 angularia,
805 3951 1049 4021 lapisque
1077 3951 1347 4006 abscissus
1382 3949 1450 4004 de
1477 3957 1656 4003 monte
1682 3949 1801 4003 sine

222 4045 493 4110 manibus,
529 4053 585 4100 et
640 4043 816 4099 lactus
845 4050 929 4098 est
980 4056 1136 4096 mons
1167 4056 1394 4111 magnus
1422 4039 1650 4109 impleas
1676 4053 1798 4093 om-

220 4151 346 4192 nem
377 4145 599 4190 terram.
630 4134 743 4189 Hoc
770 4144 853 4189 est
894 4148 1118 4202 regnum
1143 4132 1286 4202 quod
1315 4132 1370 4186 in
1401 4140 1664 4186 aeternum
1692 4144 1800 4185 non

220 4225 592 4295 dissipabitur,
625 4231 681 4278 et
714 4222 909 4294 populo
930 4222 1088 4276 alteri
1121 4237 1228 4276 non
1249 4221 1515 4285 tradetur,
1545 4227 1600 4275 et
1625 4219 1800 4289 ipsum

221 4315 387 4371 stabit
413 4315 468 4370 in
493 4323 774 4369 teternum.
805 4312 882 4368 De
906 4313 1010 4367 hac
1037 4313 1241 4367 unitate
1269 4321 1324 4367 et
1346 4312 1601 4368 inellabili
1629 4311 1799 4367 subli-

219 4407 415 4463 mitate
441 4405 635 4475 capitis
659 4412 714 4459 et
767 4403 1010 4473 corporis
1058 4418 1156 4471 per
1179 4402 1455 4458 Danielem
1484 4403 1800 4472 prOpbetam

223 4497 459 4552 dicitur:
502 4493 828 4565 Aspiciebam
863 4495 920 4546 in
955 4494 1150 4547 vitione
1191 4488 1399 4558 noctis;
1445 4504 1492 4547 et
1535 4510 1650 4547 ecce
1680 4499 1798 4547 cum

226 4586 445 4642 nubibus
474 4584 585 4638 cali
606 4584 758 4653 quasi
778 4584 921 4652 ﬁlius
943 4583 1166 4636 hominis
1190 4583 1442 4646 veniebat,
1467 4588 1514 4637 at
1546 4599 1708 4652 usque
1729 4582 1799 4637 ad

224 4675 498 4745 antiquum
523 4672 730 4727 dierum
756 4673 983 4743 pervenit
1008 4689 1028 4737 ;
1084 4681 1134 4726 et
1162 4672 1218 4726 in
1269 4683 1540 4744 conspectu
1568 4673 1682 4743 ejus
1710 4674 1800 4728 ob.

226 4767 456 4822 tulerunt
483 4781 635 4830 am;
667 4774 714 4819 et
759 4764 900 4819 dedit
930 4765 978 4819 ei
1014 4773 1340 4834 potestatem,
1367 4775 1414 4818 et
1444 4765 1713 4830 honorem,
1752 4773 1799 4818 et

229 4872 441 4931 regnum
458 4872 477 4920 ;
501 4865 550 4908 et
577 4871 753 4909 omnes
771 4852 972 4925 populi,
1004 4853 1193 4921 tribus,
1223 4864 1272 4909 et
1318 4853 1512 4925 lingua
1550 4855 1649 4924 ipsi
1691 4869 1800 4909 scr-

229 4949 396 5013 eicnt;
427 4956 651 5018 potestas
673 4946 809 5016 ejus,
831 4954 1057 5015 potestas
1078 4954 1300 5011 eterna,
1327 4962 1442 5018 qua:
1469 4963 1572 5001 non
1594 4946 1800 5014 aufers-

229 5047 346 5101 tur;
377 5046 424 5089 et
455 5041 669 5106 regnum
699 5037 835 5106 ejus,
857 5035 998 5105 quod
1027 5052 1132 5089 non
1163 5046 1544 5106 corrumpetur.

295 5125 385 5182 lx.
419 5125 544 5180 llaec
587 5127 768 5180 unitas
793 5134 846 5180 et
874 5125 1174 5182 sublimitas
1202 5128 1395 5197 capitis
1435 5135 1490 5181 et
1531 5129 1807 5198 corporis,

229 5232 345 5286 «ιη
375 5215 557 5270 futura
586 5223 670 5270 est
699 5215 751 5268 in
782 5215 964 5283 specie
988 5223 1043 5270 et
1072 5229 1150 5279 re,
1176 5216 1323 5269 omni
1365 5215 1662 5271 intentione
1690 5217 1804 5286 pie-

230 5310 356 5365 tatis
383 5307 499 5377 jam
528 5321 674 5362 nunc
711 5306 938 5361 tenenda
974 5313 1059 5360 est
1097 5306 1152 5359 in
1203 5305 1308 5360 [ide
1344 5315 1400 5360 et
1430 5306 1482 5360 in
1511 5321 1625 5377 spe.
1655 5305 1805 5362 Hanc

232 5398 536 5456 sublimiter
577 5395 916 5452 commendat
964 5393 1284 5464 Apostolus,
1326 5410 1449 5450 cum
1497 5397 1669 5450 dicit:
1701 5395 1805 5462 Qui

231 5486 513 5550 descendit,
541 5486 649 5554 ipse
671 5494 768 5549 est,
792 5493 841 5538 et
870 5485 959 5554 qui
989 5484 1220 5538 ascendit
1243 5503 1397 5555 super
1422 5504 1599 5541 omnes
1628 5486 1800 5553 catos,

237 5587 288 5633 ut
331 5575 568 5646 inpleret
606 5576 818 5647 omnia.‘
847 5574 915 5628 Et
961 5575 1071 5643 ipse
1114 5575 1257 5630 dedit
1300 5577 1554 5646 quosdam
1595 5579 1805 5650 quidem

236 5663 514 5736 apostolos,
539 5663 796 5732 quosdam.
819 5672 988 5717 autem
1019 5664 1314 5734 pmphetas,
1344 5663 1478 5719 alios
1506 5682 1622 5720 vero
1651 5683 1803 5720 evan-

235 5753 460 5825 qelistas,
493 5751 629 5812 alios
675 5761 847 5806 autem
883 5759 1122 5822 pastores
1169 5762 1214 5807 et
1255 5751 1510 5824 doctores,
1551 5755 1620 5808 ad
1674 5771 1801 5811 con-

1895 1956 2104 2010 corpus,
2133 1950 2182 1996 et
2218 1958 2353 1997 unus
2378 1943 2614 2013 spiritus,
2651 1946 2786 1999 sicut
2824 1945 2996 1998 vocati
3023 1944 3146 1999 estis
3173 1945 3228 2000 in
3256 1961 3363 2002 una
3389 1961 3479 2014 spe

1896 2033 2180 2087 vocationis
2214 2042 2412 2089 vestra.
2461 2031 2609 2090 Unus
2655 2035 2933 2100 Dominus,
2971 2053 3079 2090 una
3113 2036 3267 2106 fides,
3312 2052 3476 2090 unum

1897 2121 2171 2192 baptisma.
2201 2122 2349 2179 Unus
2377 2124 2519 2180 Deus
2547 2136 2622 2181 est
2647 2135 2694 2180 et
2727 2125 2889 2181 Pater
2913 2127 3176 2192 omnium,
3204 2127 3294 2197 qui
3318 2143 3476 2196 super

1897 2229 2094 2278 cautes,
2132 2223 2180 2269 et
2207 2232 2300 2287 per
2337 2218 2534 2283 omnia,
2577 2226 2626 2272 et
2667 2218 2720 2271 in
2751 2217 2990 2272 omnibus
3024 2217 3190 2271 nobis.
3229 2216 3364 2272 item
3409 2217 3476 2270 de

1895 2303 2104 2358 unitate
2148 2304 2554 2362 membrorum:
2585 2306 2734 2363 Sicut
2777 2310 2914 2363 enim
2951 2324 3136 2377 corpus
3172 2325 3333 2363 unum
3367 2319 3474 2371 est,

1899 2394 2092 2463 inquit,
2117 2403 2166 2448 et
2191 2395 2419 2451 membra
2447 2397 2600 2452 habet
2630 2399 2817 2465 multa,
2841 2401 3018 2452 omnia
3042 2409 3226 2453 autem.
3241 2400 3473 2456 membra

1898 2483 2130 2553 corporis
2175 2500 2294 2538 cum
2342 2487 2444 2540 sint
2474 2485 2671 2553 multa,
2711 2504 2874 2541 unum
2915 2504 3100 2558 corpus
3136 2497 3292 2554 sunt;
3324 2489 3400 2542 ita
3425 2500 3475 2543 et

1899 2572 2158 2628 Christus.
2191 2573 2400 2629 Etenim
2427 2575 2482 2628 in
2508 2591 2611 2630 uno
2643 2575 2846 2646 Spiritu
2882 2593 3057 2631 omnes
3085 2593 3178 2632 nos
3207 2579 3263 2632 in
3308 2594 3470 2632 unum

1898 2678 2086 2733 corpus
2112 2662 2361 2734 baptisati
2387 2681 2592 2730 sumus,
2619 2667 2724 2721 sive
2750 2665 2950 2732 Judali,
2978 2667 3085 2722 sive
3104 2666 3342 2737 gentiles,
3369 2669 3477 2722 sive

1898 2752 2056 2816 servi,
2072 2751 2176 2804 sive
2204 2749 2372 2818 liberi,
2387 2762 2434 2806 et
2453 2769 2626 2806 omnes
2644 2742 2817 2806 inuno
2838 2752 3044 2823 Spiritu
3071 2755 3237 2824 potati
3267 2771 3470 2810 nutu.

1903 2832 2044 2893 Nam
2072 2857 2259 2912 corpus
2287 2857 2391 2895 non
2423 2851 2498 2895 est
2525 2858 2685 2894 unum
2711 2840 3019 2908 membrum,
3048 2841 3138 2896 sed
3163 2841 3350 2897 multa.

1969 2952 2036 3006 X.
2074 2952 2228 3020 Quod
2269 2962 2449 3008 autem
2481 2953 2738 3009 mediatio
2785 2953 3100 3010 mediatoris
3150 2953 3247 3008 Dei
3275 2963 3330 3010 et
3375 2955 3472 3034 bo-

1899 3044 2102 3100 minum
2130 3044 2343 3100 Domini
2386 3047 2560 3102 nostri
2607 3044 2735 3100 iesu
2766 3045 2966 3100 Christi
2996 3045 3288 3117 coniungat
3329 3046 3480 3100 Patri

1899 3148 2118 3190 omnem
2143 3134 2370 3190 electam
2395 3143 2725 3197 creaturam.
2752 3135 2828 3190 ita
2857 3145 2918 3190 ut
2944 3136 3047 3191 ista
3076 3135 3332 3193 ineﬂ'abili
3362 3136 3481 3191 uui-

1825 3197 1869 3259 C
1901 3234 2011 3281 tate
2035 3226 2280 3295 spiritus,
2311 3225 2457 3280 nulla
2483 3227 2555 3281 sit
2579 3227 2867 3284 diversitas
2885 3228 3133 3298 generis,
3157 3229 3482 3284 conditionis

1897 3328 1952 3373 et
1989 3334 2170 3383 sexus,
2217 3319 2311 3373 sed
2344 3327 2454 3373 tam
2482 3335 2549 3373 ex
2585 3319 2811 3388 angelis,
2855 3335 3018 3389 quam
3047 3335 3111 3374 ex
3149 3321 3474 3384 hominibus,

1897 3426 2003 3464 una
2031 3411 2221 3464 domus
2242 3418 2298 3463 et
2325 3425 2432 3463 una
2453 3410 2646 3464 civitas
2673 3409 2769 3465 Dei
2801 3409 2916 3476 ﬁat,
2945 3419 3107 3481 atque
3132 3410 3292 3480 hujus
3316 3419 3479 3468 tanta:

1897 3503 1953 3558 et
1981 3511 2094 3557 tam
2121 3502 2384 3557 mirabilis
2409 3503 2634 3558 unitatis
2675 3519 2840 3559 unum
2884 3515 3047 3575 caput
3090 3506 3161 3560 sit
3204 3506 3477 3571 Christus,

1897 3595 1972 3648 ita
2008 3594 2168 3649 docet
2209 3592 2499 3662 Apostolus
2529 3607 2544 3647 :
2578 3592 2757 3669 Nolite
2789 3596 2997 3649 mentiri
3026 3596 3265 3662 invicem,
3295 3614 3482 3669 exspo«

1898 3683 2086 3738 liantes
2114 3700 2202 3738 vos
2240 3691 2461 3737 veterem
2486 3683 2748 3738 hominem
2772 3699 2890 3740 cum
2918 3683 3137 3739 actibus“
3155 3685 3294 3755 ejus,
3320 3697 3368 3741 ct
3399 3688 3480 3741 in-

1897 3773 2112 3827 duentes
2141 3789 2348 3838 novum,
2372 3790 2492 3827 eum
2515 3775 2606 3844 qui
2633 3785 2912 3830 renovatur
2943 3777 3000 3832 in
3028 3776 3482 3847 agnitionem,“-

1897 3861 2127 3914 cundum
2165 3862 2444 3936 imaginem
2483 3862 2598 3932 ejus
2634 3865 2725 3932 qui
2753 3864 2945 3929 creavit
2968 3881 3086 3919 eum
3106 3878 3126 3916 .'
3155 3866 3244 3921 ubi
3272 3883 3378 3921 non
3402 3877 3480 3922 est

1897 3948 2103 4018 gentilis
2149 3959 2198 4003 et
2231 3949 2475 4015 Iudaeus,
2520 3952 2664 4006 circu
2719 3953 2846 4007 cisio
2878 3964 2927 4008 et
2967 3957 3312 4025 prteputium,
3340 3955 3482 4011 Bor-

1901 4039 2058 4092 barus
2083 4046 2128 4092 et
2163 4037 2380 4108 Scytha,
2405 4055 2584 4094 servus
2616 4050 2664 4094 et
2703 4038 2852 4107 liber,
2877 4043 2970 4097 sed
3007 4044 3184 4098 omnia
3209 4054 3257 4099 et
3288 4046 3342 4100 in
3366 4062 3480 4100 om-

1901 4127 2051 4182 nibus
2087 4125 2346 4182 Christus.
2375 4129 2441 4183 Et
2481 4130 2677 4184 iterum
2711 4148 2739 4184 :.
2772 4130 3080 4203 Quicunque
3117 4133 3187 4189 in.
3212 4131 3479 4192 Christum

1901 4216 2149 4288 baptisati
2175 4218 2320 4283 estis,
2355 4216 2618 4275 Christum
2657 4221 2920 4275 induistis.
2969 4222 3092 4278 Non
3131 4227 3206 4281 est
3234 4223 3480 4291 luda'us,

1902 4324 2064 4379 neque
2093 4305 2335 4374 Crtecus;
2368 4327 2474 4366 non
2507 4321 2582 4366 est
2616 4328 2814 4377 servus,
2861 4329 3026 4384 neque
3064 4312 3226 4378 liber;
3265 4332 3372 4370 non
3401 4327 3478 4370 est

1902 4398 2185 4462 masculus,
2221 4416 2384 4471 neque
2410 4399 2627 4469 femina.
2653 4399 2844 4458 Omnes
2869 4403 3008 4458 enim
3037 4419 3124 4458 vos
3155 4420 3320 4460 unum
3357 4409 3481 4461 estis

1903 4491 1957 4544 in
2011 4487 2218 4543 Christo
2266 4489 2416 4544 Jcsu.
2466 4490 2534 4546 Et
2585 4490 2711 4545 alibi
2753 4506 2769 4545 :
2811 4489 2941 4546 Volo
2987 4503 3162 4546 autem
3202 4511 3288 4548 vos
3345 4496 3481 4549 scire

1901 4578 2039 4649 quod
2062 4579 2230 4633 omnis
2260 4579 2357 4633 viri
2387 4589 2543 4650 caput
2574 4577 2810 4635 Christus
2836 4589 2948 4647 est;
2978 4590 3136 4652 caput
3161 4591 3335 4636 autem
3364 4599 3480 4636 ntu-

1899 4669 2064 4735 lieris,
2089 4671 2198 4734 vir;
2228 4679 2382 4741 caput
2409 4686 2528 4726 vero
2550 4669 2768 4737 Christi,
2797 4670 2961 4726 Deus.
2984 4671 3224 4743 Itemque
3245 4686 3264 4725 :
3287 4673 3481 4729 Omnia

1898 4762 2035 4816 enim
2065 4770 2233 4816 vestra
2262 4771 2416 4829 sunt,
2444 4779 2534 4819 vos
2568 4773 2742 4818 autem
2771 4761 3000 4831 Christi,
3029 4763 3268 4820 Christus
3304 4777 3480 4822 autem

1899 4851 2017 4906 Dei.
2049 4853 2117 4909 Et
2143 4852 2249 4910 alio
2274 4852 2394 4909 loco
2418 4871 2430 4906 :
2460 4852 2601 4920 Quid
2627 4863 2704 4909 est
2731 4855 2905 4926 imago
2929 4855 3026 4912 Dei
3049 4857 3348 4923 invisibilis,
3374 4861 3480 4929 pri-

1899 4943 2190 5014 mogenitus
2215 4942 2386 4998 omnis
2406 4951 2663 4997 creatura:
2686 4960 2705 4999 :
2735 4946 2862 5015 quia
2899 4945 2955 5000 in
2979 4944 3091 5015 ipso
3117 4946 3330 5000 condita
3354 4958 3481 5002 sunt

1900 5035 2075 5089 0min
2095 5035 2158 5092 in
2190 5035 2328 5091 catis
2357 5045 2406 5092 et
2436 5038 2493 5092 in
2513 5046 2676 5104 terra,
2699 5039 2923 5093 visibilia
2953 5049 3002 5093 et
3035 5039 3338 5105 invisibilia,
3372 5042 3482 5097 sive

1900 5125 2096 5189 throni,
2135 5125 2239 5179 sive
2279 5125 2680 5193 dominationes,
2720 5127 2826 5182 sive
2857 5127 3205 5198 principatus,
3244 5128 3352 5182 sive
3387 5145 3482 5199 po-

1900 5222 2128 5268 testates.
2161 5212 2353 5269 Omnia
2381 5232 2474 5285 per
2506 5215 2678 5286 ipsum
2715 5227 2762 5270 et
2805 5217 2861 5270 in
2899 5217 3010 5288 ipso
3044 5227 3222 5271 creata
3247 5227 3402 5283 sunt;
3430 5228 3482 5272 et

1901 5305 2010 5373 ipse
2047 5314 2122 5358 est
2151 5317 2273 5360 ante
2316 5321 2513 5372 omnes,
2548 5315 2597 5361 et
2634 5309 2810 5362 omnia
2851 5309 2907 5362 in
2953 5309 3065 5378 ipso
3104 5319 3364 5364 constant.
3411 5309 3480 5364 Et

1902 5393 2009 5462 ipse
2043 5403 2118 5447 est
2146 5403 2302 5476 caput
2335 5395 2566 5466 corporis
2594 5394 2864 5462 Ecclesia,
2906 5397 2996 5467 qui
3030 5406 3105 5452 est
3141 5399 3478 5469 principium,

1900 5482 2270 5552 primogenitus
2297 5499 2362 5537 ea:
2390 5484 2630 5551 mortuis,
2668 5495 2726 5540 ut
2753 5486 2820 5541 sit
2850 5487 2904 5540 in
2947 5483 3184 5541 omnibus
3223 5489 3331 5558 ipse
3371 5488 3481 5558 pri-

1901 5579 2101 5622 matum
2127 5580 2342 5625 tenens:
2373 5572 2494 5642 quia
2519 5573 2574 5628 in
2597 5573 2710 5644 ipso
2739 5575 3051 5646 complacuit
3079 5593 3281 5631 omnem
3313 5577 3481 5646 pleni-

1901 5662 2134 5715 tudinem
2178 5663 2434 5730 habitare,
2465 5677 2513 5719 et
2546 5682 2640 5735 per
2670 5682 2790 5721 eum
2833 5667 3163 5723 reconciliari
3213 5668 3386 5722 omnia
3425 5671 3478 5722 in

1902 5755 2100 5824 ipsum;
2129 5756 2412 5827 pacificans
2435 5776 2528 5830 per
2551 5763 2855 5831 sanguinem
2882 5762 3048 5818 crucis
3071 5761 3208 5831 ejus,
3234 5760 3337 5816 sive
3359 5777 3475 5829 qua:
