3930 6332
442 331 549 387 273

1417 344 1475 401 8.
1516 344 1872 403 AGOBARDI
1913 343 2233 403 EPISCOPI
2270 350 2761 412 LUGDUNENSIS

3646 366 3746 420 17's

437 449 496 503 in
540 448 717 516 terris,
742 452 850 506 sive
875 468 994 523 quis
1018 454 1073 509 in
1110 454 1269 510 cretis.
1299 457 1367 511 Et
1403 458 1641 517 iterum:
1675 461 1814 527 Quia
1849 465 1906 518 in
1932 465 2044 534 ipso
2078 445 2123 502 Α
2152 462 2311 523 malo.
2343 476 2393 521 et
2436 469 2491 523 in
2529 472 2769 526 omnibus
2812 474 3030 543 perfecti
3076 486 3235 531 stars.
3280 478 3427 533 State
3466 497 3591 553 ergo
3633 500 3751 538 suo-

437 538 699 596 inltabitat
728 544 899 599 omnis
937 544 1210 612 plenitudo
1248 547 1543 607 divinitatis
1580 555 1959 623 corporaliter;
1994 568 2044 612 et

436 636 561 690 estis
590 638 646 691 in
675 635 766 693 illo
792 639 995 711 repleti,
1020 641 1112 714 qui
1132 652 1208 699 est
1234 655 1394 718 caput
1428 650 1613 703 omnis.
1637 650 1963 722 principatus
1994 660 2043 706 et

435 729 731 795 potestatis.

506 817 596 872 Xl.
630 819 738 875 Pro
771 820 875 879 hac
921 822 1181 882 ineffabili
1209 829 1424 885 unitate
1466 832 1581 902 ipse
1622 835 1893 891 mediator
1942 836 2039 893 Dei

435 914 491 963 et
527 907 842 977 hominum,
887 913 1033 971 Deus
1070 916 1255 984 homo,
1286 918 1537 977 Christus
1578 921 1761 990 Iesus,
1793 932 2040 996 tempore

433 998 704 1066 passionis
752 1016 864 1057 suae
913 1007 1128 1077 rogavit
1173 1007 1423 1076 Patrem,
1475 1013 1665 1069 dicens
1702 1032 1715 1067 :
1749 1014 2036 1086 Sanctiﬁca

432 1104 519 1142 eos
549 1091 604 1144 in
644 1094 877 1149 veritate.
915 1093 1102 1152 Sermo
1144 1107 1269 1155 tuus
1295 1102 1506 1156 veritas.
1543 1101 1696 1158 Sicut
1734 1114 1792 1159 tu
1817 1123 1900 1160 me
1939 1110 2038 1162 mi-

430 1182 546 1236 sisti
573 1184 629 1237 in
656 1185 934 1253 mundum,
961 1198 1012 1242 et
1043 1206 1138 1260 ego
1167 1192 1288 1246 misi
1327 1209 1415 1248 eos
1440 1195 1496 1248 in
1524 1196 1802 1250 mundum.
1834 1196 1906 1252 Et
1938 1217 2033 1270 pro

430 1274 507 1327 eis
532 1291 625 1345 ego
654 1278 931 1348 sancti/ica
954 1283 1231 1353 meipsnm,
1270 1293 1327 1340 ut
1362 1287 1468 1342 sint
1498 1297 1550 1342 et
1574 1288 1676 1359 ipsi
1714 1292 2033 1359 sanctiﬁcati

430 1366 486 1419 in
520 1367 755 1424 veritate.
800 1369 926 1426 Non
962 1389 1057 1443 pro
1085 1374 1169 1429 his
1209 1386 1389 1437 autem
1426 1395 1552 1449 rogo
1594 1390 1825 1448 tantum,
1863 1383 1955 1437 sed
1987 1394 2030 1438 et

430 1472 525 1523 pro
553 1457 627 1513 eis
663 1460 756 1530 qui
780 1461 1039 1543 credituri.
1072 1475 1195 1519 sunt
1225 1483 1319 1537 per
1353 1469 1567 1523 verbum
1608 1487 1792 1527 eorum
1824 1474 1881 1528 in
1907 1491 1989 1529 me
2011 1493 2030 1530 :

431 1558 488 1601 ut
522 1564 699 1606 omnes
728 1568 894 1607 unum
919 1555 1048 1622 sint,
1078 1558 1214 1612 sicut
1240 1567 1317 1624 tu,
1343 1558 1525 1629 Pater,
1552 1564 1607 1618 in
1636 1581 1740 1631 me,
1769 1575 1819 1620 et
1855 1584 1949 1639 ego
1974 1570 2028 1623 in

428 1650 513 1707 te,
544 1649 594 1694 et
636 1640 738 1711 ipsi
778 1642 835 1697 in
874 1644 1054 1711 nobis,
1086 1664 1250 1703 unum
1288 1651 1425 1717 sint;
1464 1662 1522 1706 ut
1550 1655 1779 1710 mundus
1813 1659 2023 1724 credat,

425 1730 552 1798 quia
598 1740 655 1785 tu
688 1749 770 1787 me
803 1736 1015 1791 misisti.
1057 1736 1126 1791 Et
1161 1756 1254 1810 ego
1294 1739 1612 1809 claritatem,
1646 1761 1806 1815 quam
1836 1748 2029 1804 dedisti

426 1819 574 1884 mihi,
608 1820 730 1875 dedi
758 1824 869 1891 eis;
892 1834 950 1878 ut
988 1828 1095 1882 sint
1130 1845 1312 1894 unum,
1356 1831 1494 1886 sicut
1531 1843 1578 1886 et
1608 1850 1701 1889 nos
1732 1852 1895 1892 unum
1936 1856 2027 1894 su—

425 1928 562 1967 mus.
592 1913 704 1985 Ego
732 1916 786 1971 in
823 1919 916 1982 eis,
955 1928 1003 1973 et
1036 1928 1093 1974 tu
1129 1921 1185 1975 in
1214 1939 1332 1989 me;
1373 1932 1429 1978 ut
1456 1927 1562 1980 sint
1594 1933 1943 1986 consummati
1969 1935 2025 1987 in

426 2022 623 2071 unum;
650 2017 697 2061 et
736 2021 1015 2080 cognoscat
1048 2013 1299 2080 mundus,
1341 2018 1468 2087 quia
1508 2026 1565 2072 tu
1605 2036 1687 2075 me
1728 2022 1938 2086 misisti,
1975 2034 2024 2077 et

422 2096 654 2152 dilexisti
683 2116 795 2166 eos,
832 2101 967 2156 sicut
992 2113 1038 2157 et
1067 2121 1146 2158 me
1172 2104 1427 2161 dilexisti.
1469 2106 1651 2175 Pater,
1678 2128 1806 2182 quos
1831 2114 2023 2169 dedisti

422 2190 551 2244 mihi
569 2231 583 2256 ,
615 2190 732 2245 volo
761 2202 819 2246 ut
847 2194 936 2248 ubi
964 2212 1057 2265 ego
1087 2212 1222 2262 sum,
1259 2208 1309 2252 et
1347 2198 1429 2253 illi
1457 2202 1560 2254 sint
1588 2219 1822 2266 mecum;
1851 2215 1909 2258 ut
1949 2207 2025 2261 vi-

418 2281 575 2335 deant
612 2280 908 2337 claritatem
952 2302 1146 2353 meam,
1177 2304 1337 2359 quam
1363 2290 1558 2345 dedisti
1587 2293 1716 2347 milii
1733 2311 1751 2357 ;
1791 2296 1914 2363 quia
1944 2296 2025 2350 di-

419 2370 594 2426 lexisti
622 2388 703 2426 me
731 2384 854 2429 ante
888 2378 1308 2433 constitutionem
1335 2380 1539 2434 mundi.
1586 2381 1811 2448 Quando
1840 2394 2023 2442 autem

416 2461 732 2531 perﬁcietur
761 2464 863 2519 ista
898 2473 1049 2520 tanta
1090 2476 1146 2521 et
1188 2478 1298 2523 tam
1334 2472 1583 2530 sublimis
1627 2476 1829 2542 unitas,
1876 2476 2023 2547 Apo-

417 2553 589 2610 stolus
612 2554 1030 2627 diligentissime
1056 2562 1316 2628 ostendit,
1344 2564 1531 2620 dicens
1557 2585 1568 2620 :
1596 2567 1743 2623 Sicut
1767 2571 1821 2623 in
1850 2569 2022 2625 Adam

417 2662 595 2701 omnes
649 2650 971 2715 moriuntur,
1000 2650 1077 2706 ita
1121 2663 1170 2707 et
1219 2656 1274 2709 in
1315 2655 1524 2711 Christo
1562 2676 1739 2719 omnes
1784 2661 2019 2730 vivi/ica-

415 2737 647 2805 buntur;
678 2744 1036 2815 unusquisque
1066 2755 1242 2800 autem
1284 2749 1341 2802 in
1383 2766 1481 2803 suo
1526 2752 1733 2815 ordine,
1771 2752 2020 2822 primitia:

415 2829 677 2897 Christus,
721 2832 912 2889 deinde
947 2835 1001 2890 lii
1039 2838 1129 2908 qui
1164 2849 1287 2893 sunt
1317 2838 1535 2906 Christi,
1570 2845 1661 2913 qui
1693 2845 1747 2897 in
1791 2844 2020 2899 adventu

412 2921 528 2991 ejus
554 2922 915 2979 crediderunt.
941 2926 1146 2982 Deinde
1174 2929 1321 2999 linis,
1345 2948 1464 2985 cum
1492 2933 1772 2988 tradiderit
1802 2951 2018 3005 regnum

410 3013 526 3069 Deo
573 3025 624 3070 et
666 3015 843 3086 Patri,
872 3037 991 3075 cum
1020 3025 1348 3078 evacuaverit
1382 3040 1589 3079 omnem
1629 3027 2016 3097 principatum,

411 3114 461 3159 et
503 3115 845 3177 potestatem,
894 3120 945 3165 et
982 3112 1246 3168 virtutem.
1281 3112 1496 3183 Oportet
1533 3123 1708 3169 autem
1750 3115 1903 3169 illum
1939 3133 2017 3170 re-

410 3216 596 3274 gnare,
616 3199 783 3256 donec
802 3211 964 3272 ponat
985 3204 1228 3258 inimicos
1245 3219 1370 3259 suos
1388 3203 1483 3259 sub
1506 3205 1724 3275 pedibus
1745 3206 1879 3277 ejus.
1905 3206 1960 3260 Ν
1963 3224 2020 3262 o-

415 3294 626 3349 rissima
653 3303 830 3348 autem
875 3294 1090 3349 inimica
1137 3293 1440 3349 destruetur
1463 3312 1625 3350 mors.
1658 3295 1848 3352 Omnia
1879 3300 2017 3352 enim

411 3385 633 3455 subjecit
661 3384 757 3438 sub
782 3385 1001 3456 pedibus
1026 3386 1162 3456 ejus.
1186 3386 1255 3440 Et
1285 3387 1482 3443 iterum
1509 3406 1521 3442 :
1549 3387 1687 3442 Ecce
1709 3391 2015 3459 mysterium

412 3479 551 3531 vobis
579 3478 717 3533 dico.
749 3478 941 3534 Omnes
966 3479 1177 3551 quidem
1205 3497 1556 3552 resurgentus,
1590 3484 1681 3539 sed
1710 3501 1813 3538 non
1836 3501 2015 3539 omnes

412 3568 829 3624 immutabimur.
855 3569 923 3625 In
946 3581 1229 3639 momento,
1252 3573 1307 3627 in
1331 3575 1437 3627 ictu
1460 3574 1623 3641 oculi,
1650 3577 1705 3629 in
1729 3577 2013 3631 novissima

412 3659 559 3715 tuba.
591 3660 755 3715 Canet
776 3662 915 3717 enim
938 3661 1087 3729 tuba,
1110 3671 1157 3717 et
1178 3663 1373 3718 mortui
1402 3675 1672 3735 resurgcnt
1698 3666 2012 3736 incorrupti,

408 3760 457 3804 et
500 3767 594 3805 nos
635 3751 1055 3836 immutabimpr.
1100 3751 1318 3824 Oportet
1354 3755 1493 3809 enim
1538 3753 1878 3826 corruptibile
1915 3755 2013 3810 hoc

408 3840 630 3896 induere
663 3843 1142 3913 incorruptionem,
1176 3855 1225 3900 et
1263 3843 1487 3901 mortale
1524 3846 1623 3900 hoc
1664 3847 1884 3902 induere
1913 3848 2013 3902 im-

412 3930 809 3986 mortalitatem.
829 3930 961 3988 Cum
977 3943 1153 3989 autem
1174 3935 1396 3990 mortale
1423 3936 1520 3990 hoc
1546 3937 1777 3991 induerit
1795 3939 2013 3992 immor-

406 4022 687 4089 talitatem,
714 4032 837 4079 tunc
858 4025 950 4095 ﬁet
967 4042 1139 4085 sermo
1154 4028 1245 4098 qui
1266 4029 1493 4099 scriptus
1515 4038 1627 4083 est:
1650 4029 1910 4102 Absorpta
1934 4039 2011 4087 est

410 4129 553 4168 mors
587 4113 645 4168 in
677 4114 917 4169 victoria.
951 4114 1051 4170 Ubi
1078 4128 1176 4184 est,
1201 4134 1365 4186 mors,
1389 4120 1608 4174 victoria
1632 4121 1764 4174 tua?
1791 4121 1879 4175 ubi
1910 4130 2005 4189 est,

408 4221 572 4271 mors,
599 4204 815 4260 aculeus
845 4215 967 4262 tuus
989 4207 1016 4263 ?
1037 4206 1299 4265 Stimulus
1331 4221 1507 4265 autem
1526 4214 1711 4266 mortis
1737 4223 2007 4283 peccatum

410 4304 520 4360 est,
554 4296 721 4349 virtus
750 4313 868 4351 vero
898 4299 1121 4369 peccati,
1164 4298 1269 4353 lex.
1311 4299 1422 4354 Deo
1455 4310 1633 4355 autem
1662 4303 1888 4371 gratias,
1916 4304 2009 4374 qui

410 4384 559 4438 nobis
592 4384 737 4439 dedit
778 4386 1053 4441 victoriam
1086 4405 1179 4459 per
1215 4389 1498 4444 Dominum
1544 4400 1781 4445 nostrum
1822 4392 2006 4447 Iesum

2147 556 2304 611 cincti
2334 557 2536 616 lumbos
2575 572 2770 617 vestros
2799 566 2855 619 in
2898 568 3139 632 veritate,
3174 578 3222 622 et
3251 569 3428 623 induti
3468 571 3634 625 lorica
3656 574 3755 642 ju-

2144 649 2323 717 stitite,
2362 662 2411 705 et
2450 653 2671 709 calceati
2707 656 2863 728 pedes
2896 660 2954 713 in
2995 662 3437 729 prreparationem
3471 663 3751 731 Evangelii

2141 738 2322 808 pacis;
2351 742 2405 796 in
2436 745 2674 801 omnibus
2703 759 2967 804 sumentes
2994 761 3202 805 scutum
3232 753 3383 821 ﬁdei,
3410 753 3468 807 in
3498 771 3601 823 quo
3626 772 3753 824 poo-

2140 832 2257 886 sitis
2292 835 2467 888 omnia
2498 835 2602 890 tela
2645 841 2950 911 nequissimi
2974 842 3127 913 ignea
3156 845 3517 913 exstinguere;
3555 856 3602 898 et
3644 863 3747 916 ga-

2139 919 2277 974 leam
2320 923 2506 978 salutis
2557 930 2829 995 assumite,
2856 939 2913 986 et
2950 931 3186 1003 gladium
3222 934 3459 1001 spiritus,
3488 936 3627 1004 quod
3664 945 3745 989 est

2137 1009 2347 1065 verbum
2378 1011 2496 1079 Dei,
2524 1030 2616 1084 per
2638 1032 2839 1070 omnem
2871 1020 3186 1084 orationem,
3218 1030 3265 1073 et
3304 1022 3747 1089 obsecrationem,

2137 1111 2347 1156 orantes
2377 1105 2518 1159 omni
2547 1115 2775 1177 tempore
2804 1109 2859 1162 in
2883 1111 3096 1180 spiritu.
3128 1109 3267 1164 Sunt
3296 1113 3462 1165 etiam
3491 1113 3749 1169 homines

2134 1190 2349 1258 publice
2375 1206 2789 1266 persequentes,
2806 1199 2873 1253 de
2902 1200 3100 1269 quibus
3130 1201 3245 1270 ipse
3273 1202 3534 1257 Dominus
3561 1204 3743 1273 loqui-

2135 1286 2225 1333 tur
2248 1299 2261 1334 :
2295 1282 2431 1337 Ecce
2456 1301 2552 1355 ego
2578 1288 2727 1341 mitto
2752 1306 2839 1343 vos
2868 1291 3004 1344 sicut
3036 1308 3152 1345 oves
3180 1293 3235 1345 in
3264 1296 3437 1346 medio
3465 1295 3742 1362 luporum.

2134 1368 2317 1425 Estote
2361 1391 2483 1444 ergo
2531 1378 2815 1446 prudentes
2864 1382 3000 1434 sicut
3048 1393 3343 1453 serpentes,
3385 1393 3435 1437 et
3476 1386 3742 1455 simplices

2132 1458 2267 1513 sicut
2294 1461 2566 1519 columbaz.
2612 1463 2798 1521 Cavete
2833 1478 3007 1523 autem
3046 1471 3110 1524 ab
3141 1472 3458 1527 hominibus.
3498 1474 3733 1529 Tradeut

2131 1551 2269 1606 enim
2312 1569 2402 1607 vos
2447 1555 2501 1608 in
2548 1557 2803 1635 conciliis,
2845 1569 2894 1613 et
2942 1560 2998 1614 in
3047 1564 3327 1632 synagogis
3354 1565 3466 1617 suis
3495 1564 3741 1635 ﬂagella-

2132 1641 2258 1695 bunt
2291 1659 2409 1709 vos;
2434 1654 2481 1697 et
2513 1645 2581 1699 ad
2609 1628 2861 1716 praesides
2894 1660 2941 1705 et
2974 1651 3044 1703 ad
3077 1628 3218 1722 reges
3248 1645 3581 1708 deducentini
3613 1671 3739 1724 pro—

2129 1741 2244 1801 pter
2278 1750 2379 1798 me,
2418 1737 2474 1788 in
2514 1738 2875 1793 testimonium
2920 1740 3027 1795 illis
3056 1752 3104 1795 et
3139 1744 3398 1812 gentibus.
3430 1744 3570 1799 Sunt
3607 1763 3743 1816 quo-

2056 1805 2103 1864 Β
2130 1837 2237 1891 que
2271 1823 2362 1878 alii
2400 1834 2780 1894 persecutores
2821 1831 2913 1899 qui
2949 1842 3355 1901 persequuntur
3403 1834 3736 1901 inimicitiis,

2125 1910 2283 1974 odiis,
2325 1914 2775 1983 detractionibus,
2819 1922 3279 1989 accusationibus,
3313 1926 3547 1990 damnis,
3597 1928 3738 1981 rixis

2125 2010 2181 2057 et
2204 2004 2434 2060 diversis
2457 2008 2843 2076 asperitatibus
2872 2030 2882 2064 :
2909 2021 3100 2066 contra
3129 2028 3265 2082 quos
3293 2031 3403 2069 non
3431 2017 3604 2071 armis
3632 2035 3732 2087 pu-

2124 2094 2400 2163 gnandum
2430 2106 2537 2162 est,
2566 2098 2661 2153 sed
2690 2101 2951 2169 patientia
2984 2111 3038 2156 et
3065 2103 3389 2171 tolerantia;
3422 2108 3563 2161 sicut
3595 2110 3740 2178 Apo-

2123 2187 2295 2243 stolus
2323 2188 2482 2245 docet
2503 2206 2601 2246 nos
2631 2194 2903 2261 patientes
2932 2210 3053 2249 esse
3084 2196 3285 2251 debere
3311 2199 3378 2251 ad
3414 2214 3613 2254 omnes
3638 2218 3650 2253 :
3678 2208 3739 2256 et

2124 2276 2387 2336 Dominus
2408 2278 2565 2349 jubet
2588 2298 2696 2337 non
2718 2283 2976 2339 resistere
3004 2284 3168 2340 malo.
3197 2284 3300 2340 Sed
3329 2289 3375 2341 si
3400 2291 3518 2359 quis
3548 2300 3597 2343 te
3624 2307 3742 2361 per-

2123 2374 2337 2427 cusserit
2363 2375 2418 2428 in
2444 2374 2661 2428 dextera
2690 2376 2909 2430 maxilla
2939 2386 3054 2443 tua,
3090 2378 3265 2449 prwbe
3290 2379 3369 2432 illi
3396 2391 3444 2434 et
3477 2382 3731 2436 alteram.

2121 2464 2191 2518 Et
2236 2465 2473 2519 iterum:
2510 2466 2725 2536 Diligite
2764 2468 3004 2521 inimicos
3048 2479 3265 2535 vestros,
3316 2470 3606 2540 benefacite
3643 2474 3730 2529 his

2119 2556 2209 2625 qui
2238 2556 2461 2609 oderunt
2488 2573 2595 2619 vos,
2627 2566 2677 2610 et
2703 2567 2850 2610 orate
2878 2575 2973 2627 pro
2997 2562 3424 2629 persequentibus
3450 2572 3497 2615 et
3528 2564 3737 2618 calum-

2122 2644 2387 2697 niantibus
2423 2661 2531 2709 vos,
2562 2658 2617 2699 ut
2664 2646 2777 2701 sitis
2817 2646 2916 2715 ﬁlii
2948 2645 3129 2721 Patris
3169 2650 3325 2704 vestri
3362 2652 3453 2721 qui
3489 2653 3546 2703 in
3588 2654 3736 2709 ccefis

2119 2741 2215 2786 est.
2250 2733 2319 2787 Et
2354 2734 2554 2788 iterum
2583 2752 2595 2787 :
2630 2733 2688 2790 Si
2730 2736 3035 2790 dimiseritis
3076 2739 3217 2791 enim
3256 2739 3557 2795 hominibus
3610 2758 3737 2812 peo-

2119 2836 2237 2881 cata
2286 2823 2766 2891 eorum,dimittet
2816 2828 2959 2883 vobis
2994 2828 3159 2883 Pater
3185 2840 3353 2884 vester
3380 2831 3604 2887 caelestis
3633 2834 3735 2888 de-

2118 2917 2246 2971 licta
2274 2927 2465 2972 vestra.
2498 2917 2555 2973 Si
2586 2928 2761 2973 autem
2793 2935 2898 2973 non
2926 2920 3232 2976 dimiseritis
3259 2923 3581 2989 hominibus,
3635 2940 3735 2980 nec

2120 3004 2284 3061 Pater
2310 3017 2474 3065 vester
2500 3008 2726 3062 dimittet
2752 3020 2966 3081 peccata
3002 3020 3193 3065 vestra.
3223 3010 3364 3067 Sunt
3407 3016 3577 3069 etiam
3622 3016 3733 3071 ini-

2122 3100 2251 3155 mici
2299 3099 2459 3166 ﬁdei,
2500 3109 2553 3156 et
2600 3102 2799 3170 quibus
2836 3102 3135 3173 Apostolus
3178 3105 3457 3177 loquitur:
3492 3107 3635 3174 Quia
3673 3111 3737 3164 iss

2124 3191 2418 3246 novissimis
2456 3194 2775 3263 temporibus
2825 3195 3095 3250 discedent
3136 3198 3355 3269 quidam
3401 3217 3434 3255 a
3476 3201 3605 3269 ﬁde,
3647 3212 3737 3255 at-

2119 3284 2385 3340 tendentes
2422 3286 2694 3356 spiritibus
2721 3289 2917 3343 erroris
2945 3298 2994 3343 et
3020 3289 3276 3344 doctrinis
3312 3292 3729 3359 dremoniorum,

2119 3377 2175 3430 in
2234 3376 2500 3447 hypocrisi
2558 3378 2883 3450 loquentium
2932 3382 3285 3437 mendacium.
3335 3383 3540 3439 Contra
3588 3400 3733 3454 quos

2119 3471 2469 3541 pugnandum
2494 3480 2577 3527 est
2606 3487 2714 3527 non
2740 3473 2909 3528 armis
2934 3475 3331 3544 corporalibus,
3350 3476 3447 3531 sed
3466 3476 3732 3545 spiritua-

2120 3559 2280 3624 libus,
2308 3561 2571 3631 exemplis
2614 3561 2889 3627 videlicet,
2916 3560 3321 3634 Scripturarum
3364 3565 3725 3628 auctoritate.

2120 3649 2423 3705 ratiociniis
2444 3650 2567 3705 ﬁdei
2593 3658 2649 3705 et
2673 3651 2943 3727 veritatis.
2964 3652 3103 3707 Sunt
3125 3654 3289 3707 etiam
3314 3654 3519 3708 inimici
3548 3664 3729 3723 quou-

2117 3739 2297 3804 diani,
2329 3755 2464 3810 quos
2499 3756 2599 3796 nec
2640 3739 2759 3796 loco
2801 3756 2904 3797 nec
2944 3750 3189 3811 tempore
3217 3758 3509 3812 possumus
3550 3747 3725 3802 decli-

2116 3849 2288 3891 nare:
2321 3851 2458 3905 quos
2498 3835 2792 3906 Apostolus
2829 3847 3150 3903 enumerat,
3180 3839 3407 3894 dicens:
3442 3840 3725 3896 Desideria

2115 3930 2290 3984 carnis
2322 3946 2425 3985 non
2450 3930 2758 4001 perﬁciatis.
2786 3926 2925 3983 Caro
2947 3931 3085 3984 enim
3115 3933 3436 4000 concupiscit
3464 3932 3724 3989 adversus

2112 4019 2377 4090 spiritum,
2406 4020 2621 4090 spiritus
2659 4030 2835 4074 autem
2878 4020 3129 4075 adversus
3156 4038 3390 4076 carnem.
3422 4020 3552 4076 Ha'c
3577 4023 3721 4078 enim

2112 4108 2212 4163 sibi
2238 4108 2455 4162 invicem
2481 4108 2849 4174 adversantur,
2864 4118 2923 4163 ut
2946 4127 3051 4164 non
3074 4126 3399 4181 quotcunque
3419 4110 3601 4177 vultis,
3618 4111 3723 4167 illa

2113 4197 2340 4268 faciatis.
2372 4197 2524 4264 Quod
2550 4199 2597 4253 si
2631 4198 2818 4269 spiritu
2844 4198 3120 4266 ducimini,
3160 4217 3265 4254 non
3288 4202 3413 4255 estis
3442 4202 3538 4255 sub
3579 4200 3720 4274 lege.

2114 4288 2401 4358 Manifesta
2431 4298 2607 4342 autem
2632 4296 2755 4343 sunt
2794 4306 2951 4360 opera
2981 4290 3175 4353 carnis,
3204 4306 3322 4361 qua:
3361 4301 3486 4345 sunt
3533 4290 3718 4359 forni-

2113 4380 2270 4443 catio,
2310 4379 2676 4442 immunditia,
2710 4378 2958 4445 luxuria,
2984 4378 3247 4434 idolorum
3288 4381 3533 4446 servitus,
3563 4397 3725 4436 verse.

412 4474 700 4531 Christum.
737 4476 820 4532 Ad
852 4478 993 4533 hanc
1040 4479 1325 4535 victoriam
1364 4498 1472 4536 non
1519 4483 1858 4552 pervenitur,
1900 4485 2005 4540 nisi

2120 4469 2253 4533 ficia,
2278 4468 2588 4533 inimicitia,
2608 4468 2986 4533 contentiones,
3011 4466 3390 4533 a'mulationes,
3414 4469 3533 4535 ira',
3554 4470 3718 4537 rixae,

410 4569 673 4622 certando
707 4587 719 4622 :
754 4571 1012 4639 quoniam
1058 4588 1166 4628 non
1211 4582 1426 4642 oportet
1464 4576 1751 4642 coronari,
1781 4578 1887 4632 nisi
1911 4579 2003 4643 qui

407 4658 648 4729 legitime
674 4663 989 4717 certaverit.

484 4750 593 4805 XII.
633 4750 804 4823 Hujus
832 4756 1060 4811 unitatis
1107 4771 1255 4825 pars,
1299 4772 1420 4825 quas
1461 4757 1640 4812 adhuc
1685 4760 2002 4829 peregrina-

412 4854 501 4897 tur
530 4844 583 4898 in
614 4852 787 4912 terra,
816 4847 983 4903 habet
1027 4850 1381 4904 adversantes
1424 4859 1616 4905 contra
1645 4867 1782 4922 quos
1825 4854 2002 4909 inces-

408 4941 594 4987 santer
619 4933 913 5006 conﬂigat:
945 4938 1073 5005 quia
1113 4953 1302 4993 omnes
1333 4940 1422 5008 qui
1460 4940 1549 5010 pie
1593 4940 1782 4994 volunt
1820 4936 2010 4997 vivere

408 5020 460 5076 in
492 5019 710 5077 Christo
737 5021 900 5092 Jesu,
936 5028 1375 5095 persecutionem
1418 5030 1718 5098 patiuntur.
1767 5029 1906 5084 Sunt
1948 5030 2002 5085 in

404 5115 596 5181 primis
625 5116 871 5171 diabolus
906 5124 961 5172 et
990 5118 1168 5187 angeli
1197 5119 1315 5189 ejus
1358 5121 1542 5174 hostes
1579 5122 1773 5186 nostri,
1814 5128 2003 5176 contra

407 5219 547 5274 quos
572 5208 776 5259 armari
802 5221 901 5261 nos
928 5207 1041 5261 vult
1069 5207 1380 5277 Apostolus,
1418 5211 1641 5266 dicens:
1675 5210 1891 5265 Induite
1916 5229 2002 5266 vos

407 5305 683 5350 armatura
719 5296 839 5364 Dei,
868 5308 924 5353 ut
948 5301 1159 5370 possitis
1196 5310 1337 5356 stare
1362 5301 1611 5357 adversus
1638 5304 1860 5359 insidias
1888 5304 2007 5358 dia-

412 5390 517 5445 boli
549 5403 569 5443 .‘
608 5393 735 5463 quia
775 5409 880 5448 non
920 5404 996 5450 est
1042 5395 1189 5451 nobis
1237 5396 1539 5451 colluctatio
1588 5398 1838 5453 adversus
1885 5416 2003 5453 car-

407 5497 523 5534 nem
548 5490 594 5536 et
618 5468 951 5550 sanguinem,
978 5486 1069 5540 sed
1099 5488 1347 5543 adversus
1385 5491 1667 5559 principes,
1697 5500 1744 5543 et
1777 5500 2005 5559 potesta-

409 5584 517 5631 tes,
577 5572 828 5629 adversus
875 5576 1062 5631 mundi
1120 5587 1342 5633 rectores
1390 5580 1722 5635 tenebrarum
1769 5582 1999 5646 harum,

406 5672 588 5715 contra
632 5662 894 5729 spiritalia
940 5668 1212 5739 nequitiac,
1264 5669 1318 5722 in
1362 5668 1672 5725 caelestibus.
1720 5669 2003 5738 Propterea

413 5753 629 5821 accipite
658 5767 983 5813 armaturam
1017 5759 1147 5825 Dei,
1192 5770 1246 5813 ut
1292 5759 1502 5825 possitis
1549 5761 1786 5815 resistere
1824 5762 1889 5816 in
1919 5764 1997 5817 die

2111 4561 2485 4626 dissensiones,
2529 4569 2701 4624 sectae,
2752 4560 2990 4625 invidiae,
3039 4558 3357 4627 homicidia,
3407 4560 3718 4627 ebrietates,

2108 4652 2531 4716 comessationes,
2572 4660 2619 4703 et
2646 4651 2726 4703 his
2762 4650 2958 4704 similia
2983 4665 3001 4702 .'
3034 4669 3150 4723 qua:
3188 4653 3419 4723 prtedico
3451 4651 3609 4715 vobis,
3638 4654 3717 4705 sic

2109 4754 2195 4798 cut
2225 4741 2489 4814 pra'dixi:
2527 4743 2777 4813 quoniam
2819 4743 2910 4813 qui
2948 4743 3077 4796 talia
3115 4754 3310 4815 agunt,
3352 4760 3569 4814 regnum
3604 4743 3717 4799 Dei

2108 4851 2213 4888 non
2246 4843 2645 4904 consequentur.
2677 4832 2877 4888 Contra
2910 4848 3045 4903 quos
3073 4836 3427 4906 pugnandum
3454 4843 3556 4901 est,
3590 4851 3707 4891 non

2108 4927 2281 4981 solum
2314 4926 2547 4991 ratione,
2587 4926 2682 4981 sed
2716 4932 2773 4981 et
2800 4925 3003 4991 labore,
3036 4926 3389 4991 abstinentia,
3420 4927 3715 4981 continen-

2110 5018 2204 5080 tia,
2239 4994 2467 5086 vigiliis;
2500 5019 2641 5073 sicut
2677 5017 2971 5087 Apostolus
2994 5033 3093 5073 suo
3119 5033 3217 5072 nos
3242 5018 3490 5087 exemplo
3532 5016 3713 5073 infor-

2108 5120 2239 5173 mat,
2271 5108 2494 5163 dicens:
2527 5107 2739 5179 Castigo
2765 5125 2952 5179 corpus
2990 5125 3159 5163 meum
3206 5117 3255 5161 et
3299 5110 3536 5163 servituti
3571 5110 3707 5165 sub-

2099 5200 2263 5269 jicio;
2311 5216 2373 5253 ne
2416 5199 2550 5267 forte
2598 5198 2716 5252 aliis
2760 5199 3090 5267 prredicans,
3138 5198 3247 5269 ipse
3305 5198 3550 5267 reprobus
3595 5201 3711 5269 effi-

2107 5294 2238 5345 ciar.
2271 5291 2422 5347 Unde
2444 5299 2497 5345 et
2526 5290 2844 5359 discipulum
2877 5291 3174 5354 instruens,
3205 5298 3261 5345 et
3286 5289 3353 5345 de
3384 5305 3441 5345 se
3469 5289 3583 5358 jam
3614 5306 3710 5348 sev

2107 5397 2293 5446 curus,
2319 5382 2472 5451 juxta
2508 5381 2666 5435 tinem
2711 5381 2835 5433 vita:
2860 5396 2992 5444 suae,
3033 5381 3107 5435 ita
3145 5380 3432 5451 gloriatur,
3466 5382 3657 5438 dicens
3686 5403 3703 5439 :

2110 5471 2187 5525 Tu
2228 5488 2346 5525 vero
2390 5470 2655 5541 vigila,in
2704 5470 2941 5524 omnibus
2986 5470 3190 5535 labora,
3236 5488 3367 5541 opus
3410 5474 3497 5543 [ac
3538 5489 3704 5528 evan-

2105 5561 2325 5631 gelista,
2355 5560 2697 5614 ministerium
2725 5571 2873 5613 tuum
2914 5560 3086 5632 imple.
3121 5560 3237 5631 Ego
3274 5563 3411 5616 enim
3448 5562 3568 5632 jam
3606 5562 3707 5617 de-

2106 5652 2256 5713 libor,
2291 5662 2337 5704 et
2370 5662 2569 5721 tempus
2605 5650 2935 5704 resolutionis
2967 5668 3096 5704 metu
3134 5652 3318 5707 instat.
3349 5651 3553 5705 Bonum
3584 5669 3707 5707 cer—

2105 5755 2277 5798 tamen
2317 5745 2522 5809 certari,
2553 5760 2760 5798 rursum
2794 5744 3170 5809 consummavi,
3196 5742 3354 5809 [idem
3384 5742 3600 5799 servavi.
3629 5741 3704 5800 Its
