  <div class='ocr_page' id='page_1' title='image "/cluster/home/n/w/nwhite01/storage/ocr_20150623/104/uva.x000827061/146.png"; bbox 0 0 3930 6316; ppageno 0'>
   <div class='ocr_carea' id='block_1_1' title="bbox 214 358 312 417">
    <p class='ocr_par' dir='ltr' id='par_1_1' title="bbox 214 358 312 417">
     <span class='ocr_line' id='line_1_1' title="bbox 214 358 312 417; baseline -0.031 0"><span class='ocrx_word' id='word_1_1' title='bbox 214 358 312 417; x_wconf 67' lang='grc' dir='ltr'><em>ΞΠ</em></span> 
     </span>
    </p>
   </div>
   <div class='ocr_carea' id='block_1_2' title="bbox 1354 369 2335 428">
    <p class='ocr_par' dir='ltr' id='par_1_2' title="bbox 1354 369 2335 428">
     <span class='ocr_line' id='line_1_2' title="bbox 1354 369 2335 428; baseline 0.007 -7"><span class='ocrx_word' id='word_1_2' title='bbox 1354 369 1586 425; x_wconf 75' lang='grc' dir='ltr'><em>ΕΕΒΜΟ</em></span> <span class='ocrx_word' id='word_1_3' title='bbox 1624 371 1711 424; x_wconf 74' lang='lat' dir='ltr'><em>DE</em></span> <span class='ocrx_word' id='word_1_4' title='bbox 1752 370 1929 424; x_wconf 81' lang='lat' dir='ltr'><em>HDEI</em></span> <span class='ocrx_word' id='word_1_5' title='bbox 1973 372 2335 428; x_wconf 68' lang='lat' dir='ltr'><em>\‘ElllTATE.</em></span> 
     </span>
    </p>
   </div>
   <div class='ocr_carea' id='block_1_3' title="bbox 3357 381 3463 436">
    <p class='ocr_par' dir='ltr' id='par_1_3' title="bbox 3357 381 3463 436">
     <span class='ocr_line' id='line_1_3' title="bbox 3357 381 3463 436; baseline 0.009 -1"><span class='ocrx_word' id='word_1_6' title='bbox 3357 381 3463 436; x_wconf 65' lang='grc' dir='ltr'><em>9η</em></span> 
     </span>
    </p>
   </div>
   <div class='ocr_carea' id='block_1_4' title="bbox 217 478 3441 558">
    <p class='ocr_par' dir='ltr' id='par_1_4' title="bbox 217 478 3441 558">
     <span class='ocr_line' id='line_1_4' title="bbox 217 478 3441 558; baseline 0.004 -25"><span class='ocrx_word' id='word_1_7' title='bbox 217 478 427 550; x_wconf 72' lang='lat' dir='ltr'><em>reliquo,</em></span> <span class='ocrx_word' id='word_1_8' title='bbox 454 480 680 547; x_wconf 87' lang='lat' dir='ltr'><em>reposita</em></span> <span class='ocrx_word' id='word_1_9' title='bbox 701 491 777 536; x_wconf 88' lang='lat' dir='ltr'><em>est</em></span> <span class='ocrx_word' id='word_1_10' title='bbox 821 482 948 535; x_wconf 79' lang='lat' dir='ltr'><em>mihi</em></span> <span class='ocrx_word' id='word_1_11' title='bbox 983 498 1176 537; x_wconf 83' lang='lat' dir='ltr'><strong><em>corona</em></strong></span> <span class='ocrx_word' id='word_1_12' title='bbox 1194 483 1438 552; x_wconf 76' lang='lat' dir='ltr'><em>justitite,</em></span> <span class='ocrx_word' id='word_1_13' title='bbox 1473 500 1630 553; x_wconf 87' lang='lat' dir='ltr'><em>quam</em></span> <span class='ocrx_word' id='word_1_14' title='bbox 1674 482 1790 536; x_wconf 88' lang='lat' dir='ltr'><em>red-</em></span> <span class='ocrx_word' id='word_1_15' title='bbox 1816 486 1867 544; x_wconf 76' lang='grc' dir='ltr'><strong>Α</strong></span> <span class='ocrx_word' id='word_1_16' title='bbox 1891 500 2035 552; x_wconf 86' lang='lat' dir='ltr'><em>pore.</em></span> <span class='ocrx_word' id='word_1_17' title='bbox 2064 482 2204 537; x_wconf 86' lang='lat' dir='ltr'><em>Nam</em></span> <span class='ocrx_word' id='word_1_18' title='bbox 2237 487 2536 555; x_wconf 73' lang='lat' dir='ltr'><em>mysterium</em></span> <span class='ocrx_word' id='word_1_19' title='bbox 2562 488 2671 554; x_wconf 82' lang='lat' dir='ltr'><em>iam</em></span> <span class='ocrx_word' id='word_1_20' title='bbox 2715 498 2962 557; x_wconf 86' lang='lat' dir='ltr'><em>operatur</em></span> <span class='ocrx_word' id='word_1_21' title='bbox 2985 489 3312 558; x_wconf 70' lang='lat' dir='ltr'><em>iniquitatis:</em></span> <span class='ocrx_word' id='word_1_22' title='bbox 3354 504 3441 547; x_wconf 89' lang='lat' dir='ltr'><em>tan</em></span> 
     </span>
    </p>
   </div>
   <div class='ocr_carea' id='block_1_5' title="bbox 212 570 1791 645">
    <p class='ocr_par' dir='ltr' id='par_1_5' title="bbox 212 570 1791 645">
     <span class='ocr_line' id='line_1_5' title="bbox 212 570 1791 645; baseline 0.002 -20"><span class='ocrx_word' id='word_1_23' title='bbox 212 574 296 626; x_wconf 88' lang='lat' dir='ltr'><em>det</em></span> <span class='ocrx_word' id='word_1_24' title='bbox 325 572 454 625; x_wconf 84' lang='lat' dir='ltr'><em>mihi</em></span> <span class='ocrx_word' id='word_1_25' title='bbox 481 570 741 627; x_wconf 82' lang='lat' dir='ltr'><em>Dominus</em></span> <span class='ocrx_word' id='word_1_26' title='bbox 765 575 821 628; x_wconf 87' lang='lat' dir='ltr'><em>in</em></span> <span class='ocrx_word' id='word_1_27' title='bbox 843 573 936 628; x_wconf 88' lang='lat' dir='ltr'><em>illa</em></span> <span class='ocrx_word' id='word_1_28' title='bbox 963 574 1048 628; x_wconf 89' lang='lat' dir='ltr'><em>die</em></span> <span class='ocrx_word' id='word_1_29' title='bbox 1068 576 1247 645; x_wconf 86' lang='lat' dir='ltr'><em>justus</em></span> <span class='ocrx_word' id='word_1_30' title='bbox 1269 574 1468 643; x_wconf 72' lang='lat' dir='ltr'><em>judex;</em></span> <span class='ocrx_word' id='word_1_31' title='bbox 1492 592 1596 628; x_wconf 89' lang='lat' dir='ltr'><em>non</em></span> <span class='ocrx_word' id='word_1_32' title='bbox 1622 574 1791 629; x_wconf 88' lang='lat' dir='ltr'><em>solum</em></span> 
     </span>
    </p>
   </div>
   <div class='ocr_carea' id='block_1_6' title="bbox 210 664 1790 736">
    <p class='ocr_par' dir='ltr' id='par_1_6' title="bbox 210 664 1790 736">
     <span class='ocr_line' id='line_1_6' title="bbox 210 664 1790 736; baseline 0.002 -20"><span class='ocrx_word' id='word_1_33' title='bbox 210 672 385 717; x_wconf 86' lang='lat' dir='ltr'><em>autem</em></span> <span class='ocrx_word' id='word_1_34' title='bbox 428 664 589 730; x_wconf 83' lang='lat' dir='ltr'><em>mihi,</em></span> <span class='ocrx_word' id='word_1_35' title='bbox 632 666 722 720; x_wconf 89' lang='lat' dir='ltr'><em>sed</em></span> <span class='ocrx_word' id='word_1_36' title='bbox 762 675 809 720; x_wconf 89' lang='lat' dir='ltr'><em>et</em></span> <span class='ocrx_word' id='word_1_37' title='bbox 840 665 1078 720; x_wconf 87' lang='lat' dir='ltr'><em>omnibus</em></span> <span class='ocrx_word' id='word_1_38' title='bbox 1118 667 1207 736; x_wconf 86' lang='lat' dir='ltr'><em>qui</em></span> <span class='ocrx_word' id='word_1_39' title='bbox 1248 666 1471 735; x_wconf 85' lang='lat' dir='ltr'><em>diligunt</em></span> <span class='ocrx_word' id='word_1_40' title='bbox 1513 666 1790 720; x_wconf 85' lang='lat' dir='ltr'><em>adventum</em></span> 
     </span>
    </p>
   </div>
   <div class='ocr_carea' id='block_1_7' title="bbox 210 753 347 823">
    <p class='ocr_par' dir='ltr' id='par_1_7' title="bbox 210 753 347 823">
     <span class='ocr_line' id='line_1_7' title="bbox 210 753 347 823; baseline 0 -16"><span class='ocrx_word' id='word_1_41' title='bbox 210 753 347 823; x_wconf 84' lang='lat' dir='ltr'><em>ejus.</em></span> 
     </span>
    </p>
   </div>
   <div class='ocr_carea' id='block_1_8' title="bbox 279 844 1790 910">
    <p class='ocr_par' dir='ltr' id='par_1_8' title="bbox 279 844 1790 910">
     <span class='ocr_line' id='line_1_8' title="bbox 279 844 1790 910; baseline 0.001 -10"><span class='ocrx_word' id='word_1_42' title='bbox 279 844 413 900; x_wconf 77' lang='lat' dir='ltr'><em>XIII.</em></span> <span class='ocrx_word' id='word_1_43' title='bbox 443 844 591 899; x_wconf 83' lang='lat' dir='ltr'><strong>Inter</strong></span> <span class='ocrx_word' id='word_1_44' title='bbox 630 845 750 901; x_wconf 66' lang='lat' dir='ltr'><strong>haec</strong></span> <span class='ocrx_word' id='word_1_45' title='bbox 789 847 971 902; x_wconf 85' lang='lat' dir='ltr'><em>omnia</em></span> <span class='ocrx_word' id='word_1_46' title='bbox 1015 855 1203 903; x_wconf 82' lang='lat' dir='ltr'><strong>caveat</strong></span> <span class='ocrx_word' id='word_1_47' title='bbox 1239 846 1433 910; x_wconf 75' lang='lat' dir='ltr'><strong>ﬁdelis,</strong></span> <span class='ocrx_word' id='word_1_48' title='bbox 1474 862 1541 901; x_wconf 90' lang='lat' dir='ltr'><strong>ne</strong></span> <span class='ocrx_word' id='word_1_49' title='bbox 1569 847 1790 901; x_wconf 87' lang='lat' dir='ltr'><em>omnino</em></span> 
     </span>
    </p>
   </div>
   <div class='ocr_carea' id='block_1_9' title="bbox 209 935 1789 1007">
    <p class='ocr_par' dir='ltr' id='par_1_9' title="bbox 209 935 1789 1007">
     <span class='ocr_line' id='line_1_9' title="bbox 209 935 1789 1007; baseline 0.003 -22"><span class='ocrx_word' id='word_1_50' title='bbox 209 935 295 990; x_wconf 89' lang='lat' dir='ltr'><em>vel</em></span> <span class='ocrx_word' id='word_1_51' title='bbox 330 936 387 989; x_wconf 88' lang='lat' dir='ltr'><em>in</em></span> <span class='ocrx_word' id='word_1_52' title='bbox 414 936 627 992; x_wconf 89' lang='lat' dir='ltr'><strong>modico</strong></span> <span class='ocrx_word' id='word_1_53' title='bbox 660 937 713 991; x_wconf 91' lang='lat' dir='ltr'><em>in</em></span> <span class='ocrx_word' id='word_1_54' title='bbox 738 937 972 1007; x_wconf 78' lang='lat' dir='ltr'><em>propriis</em></span> <span class='ocrx_word' id='word_1_55' title='bbox 997 937 1202 992; x_wconf 88' lang='lat' dir='ltr'><strong>viribus</strong></span> <span class='ocrx_word' id='word_1_56' title='bbox 1246 946 1559 1006; x_wconf 68' lang='lat' dir='ltr'><strong>praesumat,</strong></span> <span class='ocrx_word' id='word_1_57' title='bbox 1586 937 1681 991; x_wconf 89' lang='lat' dir='ltr'><em>sed</em></span> <span class='ocrx_word' id='word_1_58' title='bbox 1722 937 1789 991; x_wconf 87' lang='lat' dir='ltr'><em>de</em></span> 
     </span>
    </p>
   </div>
   <div class='ocr_carea' id='block_1_10' title="bbox 210 1024 1786 1098">
    <p class='ocr_par' dir='ltr' id='par_1_10' title="bbox 210 1024 1786 1098">
     <span class='ocr_line' id='line_1_10' title="bbox 210 1024 1786 1098; baseline 0.001 -18"><span class='ocrx_word' id='word_1_59' title='bbox 210 1024 306 1080; x_wconf 84' lang='lat' dir='ltr'><strong>Dei</strong></span> <span class='ocrx_word' id='word_1_60' title='bbox 340 1026 631 1095; x_wconf 70' lang='lat' dir='ltr'><strong>adiutorio,</strong></span> <span class='ocrx_word' id='word_1_61' title='bbox 660 1036 719 1080; x_wconf 91' lang='lat' dir='ltr'><em>ut</em></span> <span class='ocrx_word' id='word_1_62' title='bbox 762 1028 829 1082; x_wconf 90' lang='lat' dir='ltr'><em>ad</em></span> <span class='ocrx_word' id='word_1_63' title='bbox 868 1027 1030 1082; x_wconf 80' lang='lat' dir='ltr'><strong>linem</strong></span> <span class='ocrx_word' id='word_1_64' title='bbox 1073 1029 1335 1082; x_wconf 89' lang='lat' dir='ltr'><strong>bonorum</strong></span> <span class='ocrx_word' id='word_1_65' title='bbox 1374 1028 1675 1098; x_wconf 76' lang='lat' dir='ltr'><em>pervenire,</em></span> <span class='ocrx_word' id='word_1_66' title='bbox 1702 1028 1786 1082; x_wconf 88' lang='lat' dir='ltr'><em>vel</em></span> 
     </span>
    </p>
   </div>
   <div class='ocr_carea' id='block_1_11' title="bbox 204 1116 1779 1191">
    <p class='ocr_par' dir='ltr' id='par_1_11' title="bbox 204 1116 1779 1191">
     <span class='ocr_line' id='line_1_11' title="bbox 204 1116 1779 1191; baseline 0.003 -21"><span class='ocrx_word' id='word_1_67' title='bbox 204 1116 261 1170; x_wconf 85' lang='lat' dir='ltr'><strong>in</strong></span> <span class='ocrx_word' id='word_1_68' title='bbox 299 1116 441 1171; x_wconf 91' lang='lat' dir='ltr'><strong>bono</strong></span> <span class='ocrx_word' id='word_1_69' title='bbox 470 1119 641 1185; x_wconf 93' lang='lat' dir='ltr'><strong>possit</strong></span> <span class='ocrx_word' id='word_1_70' title='bbox 663 1133 825 1189; x_wconf 88' lang='lat' dir='ltr'><strong>opere</strong></span> <span class='ocrx_word' id='word_1_71' title='bbox 850 1120 1146 1191; x_wconf 82' lang='lat' dir='ltr'><em>perdurare</em></span> <span class='ocrx_word' id='word_1_72' title='bbox 1171 1136 1186 1174; x_wconf 94' lang='lat'><strong>:</strong></span> <span class='ocrx_word' id='word_1_73' title='bbox 1215 1121 1340 1191; x_wconf 90' lang='lat' dir='ltr'><strong>quia</strong></span> <span class='ocrx_word' id='word_1_74' title='bbox 1371 1122 1627 1177; x_wconf 86' lang='lat' dir='ltr'><strong>Dominus</strong></span> <span class='ocrx_word' id='word_1_75' title='bbox 1666 1122 1741 1175; x_wconf 90' lang='lat' dir='ltr'><em>ait</em></span> <span class='ocrx_word' id='word_1_76' title='bbox 1767 1140 1779 1175; x_wconf 92' lang='lat'>:</span> 
     </span>
    </p>
   </div>
   <div class='ocr_carea' id='block_1_12' title="bbox 204 1207 1785 1282">
    <p class='ocr_par' dir='ltr' id='par_1_12' title="bbox 204 1207 1785 1282">
     <span class='ocr_line' id='line_1_12' title="bbox 204 1207 1785 1282; baseline 0.002 -19"><span class='ocrx_word' id='word_1_77' title='bbox 204 1207 335 1264; x_wconf 87' lang='lat' dir='ltr'><em>Sine</em></span> <span class='ocrx_word' id='word_1_78' title='bbox 362 1226 443 1263; x_wconf 87' lang='lat' dir='ltr'><em>me</em></span> <span class='ocrx_word' id='word_1_79' title='bbox 471 1210 602 1263; x_wconf 91' lang='lat' dir='ltr'><em>nihil</em></span> <span class='ocrx_word' id='word_1_80' title='bbox 632 1212 843 1280; x_wconf 90' lang='lat' dir='ltr'><em>potestis</em></span> <span class='ocrx_word' id='word_1_81' title='bbox 874 1211 1063 1280; x_wconf 91' lang='lat' dir='ltr'><em>facere.</em></span> <span class='ocrx_word' id='word_1_82' title='bbox 1094 1212 1162 1265; x_wconf 87' lang='lat' dir='ltr'><strong>Et</strong></span> <span class='ocrx_word' id='word_1_83' title='bbox 1192 1213 1516 1282; x_wconf 79' lang='lat' dir='ltr'><em>Apostolus:</em></span> <span class='ocrx_word' id='word_1_84' title='bbox 1544 1213 1686 1268; x_wconf 90' lang='lat' dir='ltr'><em>Deus</em></span> <span class='ocrx_word' id='word_1_85' title='bbox 1709 1222 1785 1268; x_wconf 90' lang='lat' dir='ltr'><em>est</em></span> 
     </span>
    </p>
   </div>
   <div class='ocr_carea' id='block_1_13' title="bbox 199 1299 1785 1372">
    <p class='ocr_par' dir='ltr' id='par_1_13' title="bbox 199 1299 1785 1372">
     <span class='ocr_line' id='line_1_13' title="bbox 199 1299 1785 1372; baseline 0.004 -21"><span class='ocrx_word' id='word_1_86' title='bbox 199 1299 290 1367; x_wconf 89' lang='lat' dir='ltr'><em>qui</em></span> <span class='ocrx_word' id='word_1_87' title='bbox 313 1308 562 1368; x_wconf 90' lang='lat' dir='ltr'><em>operatur</em></span> <span class='ocrx_word' id='word_1_88' title='bbox 582 1300 639 1354; x_wconf 87' lang='lat' dir='ltr'><em>in</em></span> <span class='ocrx_word' id='word_1_89' title='bbox 670 1300 810 1355; x_wconf 88' lang='lat' dir='ltr'><em>vobis</em></span> <span class='ocrx_word' id='word_1_90' title='bbox 830 1310 878 1355; x_wconf 91' lang='lat' dir='ltr'><em>et</em></span> <span class='ocrx_word' id='word_1_91' title='bbox 906 1300 1032 1356; x_wconf 87' lang='lat' dir='ltr'><em>velle</em></span> <span class='ocrx_word' id='word_1_92' title='bbox 1056 1310 1107 1355; x_wconf 94' lang='lat' dir='ltr'><em>et</em></span> <span class='ocrx_word' id='word_1_93' title='bbox 1132 1302 1379 1372; x_wconf 82' lang='lat' dir='ltr'><em>perficere</em></span> <span class='ocrx_word' id='word_1_94' title='bbox 1407 1319 1503 1372; x_wconf 91' lang='lat' dir='ltr'><em>pro</em></span> <span class='ocrx_word' id='word_1_95' title='bbox 1532 1302 1667 1358; x_wconf 88' lang='lat' dir='ltr'><em>bona</em></span> <span class='ocrx_word' id='word_1_96' title='bbox 1696 1320 1785 1357; x_wconf 81' lang='lat' dir='ltr'><em>vo-</em></span> 
     </span>
    </p>
   </div>
   <div class='ocr_carea' id='block_1_14' title="bbox 198 1391 1779 1465">
    <p class='ocr_par' dir='ltr' id='par_1_14' title="bbox 198 1391 1779 1465">
     <span class='ocr_line' id='line_1_14' title="bbox 198 1391 1779 1465; baseline 0.004 -22"><span class='ocrx_word' id='word_1_97' title='bbox 198 1391 419 1445; x_wconf 89' lang='lat' dir='ltr'><em>luntate.</em></span> <span class='ocrx_word' id='word_1_98' title='bbox 444 1392 512 1446; x_wconf 88' lang='lat' dir='ltr'><em>Et</em></span> <span class='ocrx_word' id='word_1_99' title='bbox 539 1394 733 1447; x_wconf 88' lang='lat' dir='ltr'><strong>iterum</strong></span> <span class='ocrx_word' id='word_1_100' title='bbox 758 1411 771 1447; x_wconf 87' lang='lat'><strong>:</strong></span> <span class='ocrx_word' id='word_1_101' title='bbox 804 1392 990 1447; x_wconf 81' lang='lat' dir='ltr'><em>Gratia</em></span> <span class='ocrx_word' id='word_1_102' title='bbox 1017 1394 1149 1448; x_wconf 89' lang='lat' dir='ltr'><em>salvi</em></span> <span class='ocrx_word' id='word_1_103' title='bbox 1178 1394 1310 1463; x_wconf 91' lang='lat' dir='ltr'><em>facti</em></span> <span class='ocrx_word' id='word_1_104' title='bbox 1336 1396 1456 1449; x_wconf 84' lang='lat' dir='ltr'><em>estis</em></span> <span class='ocrx_word' id='word_1_105' title='bbox 1481 1412 1574 1465; x_wconf 88' lang='lat' dir='ltr'><em>per</em></span> <span class='ocrx_word' id='word_1_106' title='bbox 1599 1395 1779 1464; x_wconf 83' lang='lat' dir='ltr'><em>fidem,</em></span> 
     </span>
    </p>
   </div>
   <div class='ocr_carea' id='block_1_15' title="bbox 197 1484 1781 1558">
    <p class='ocr_par' dir='ltr' id='par_1_15' title="bbox 197 1484 1781 1558">
     <span class='ocr_line' id='line_1_15' title="bbox 197 1484 1781 1558; baseline 0.004 -23"><span class='ocrx_word' id='word_1_107' title='bbox 197 1494 245 1535; x_wconf 84' lang='lat' dir='ltr'><em>et</em></span> <span class='ocrx_word' id='word_1_108' title='bbox 279 1484 379 1537; x_wconf 89' lang='lat' dir='ltr'><em>hoc</em></span> <span class='ocrx_word' id='word_1_109' title='bbox 414 1501 515 1537; x_wconf 90' lang='lat' dir='ltr'><em>non</em></span> <span class='ocrx_word' id='word_1_110' title='bbox 544 1501 607 1538; x_wconf 75' lang='lat' dir='ltr'><em>ea:</em></span> <span class='ocrx_word' id='word_1_111' title='bbox 645 1485 804 1539; x_wconf 82' lang='lat' dir='ltr'><em>vobis.</em></span> <span class='ocrx_word' id='word_1_112' title='bbox 848 1485 916 1539; x_wconf 88' lang='lat' dir='ltr'><strong>Et</strong></span> <span class='ocrx_word' id='word_1_113' title='bbox 959 1486 1156 1541; x_wconf 89' lang='lat' dir='ltr'><strong>iterum</strong></span> <span class='ocrx_word' id='word_1_114' title='bbox 1196 1504 1209 1540; x_wconf 87' lang='lat'>:</span> <span class='ocrx_word' id='word_1_115' title='bbox 1247 1485 1369 1540; x_wconf 87' lang='lat' dir='ltr'><em>Non</em></span> <span class='ocrx_word' id='word_1_116' title='bbox 1413 1487 1551 1558; x_wconf 91' lang='lat' dir='ltr'><em>quod</em></span> <span class='ocrx_word' id='word_1_117' title='bbox 1606 1488 1781 1541; x_wconf 83' lang='lat' dir='ltr'><em>idonei</em></span> 
     </span>
    </p>
   </div>
   <div class='ocr_carea' id='block_1_16' title="bbox 194 1575 1779 1647">
    <p class='ocr_par' dir='ltr' id='par_1_16' title="bbox 194 1575 1779 1647">
     <span class='ocr_line' id='line_1_16' title="bbox 194 1575 1779 1647; baseline 0.003 -21"><span class='ocrx_word' id='word_1_118' title='bbox 194 1576 361 1628; x_wconf 81' lang='lat' dir='ltr'><em>simus</em></span> <span class='ocrx_word' id='word_1_119' title='bbox 383 1577 609 1645; x_wconf 87' lang='lat' dir='ltr'><em>cogitare</em></span> <span class='ocrx_word' id='word_1_120' title='bbox 637 1575 836 1647; x_wconf 91' lang='lat' dir='ltr'><em>aliquid</em></span> <span class='ocrx_word' id='word_1_121' title='bbox 864 1594 896 1629; x_wconf 90' lang='lat' dir='ltr'><strong>a</strong></span> <span class='ocrx_word' id='word_1_122' title='bbox 922 1576 1067 1631; x_wconf 88' lang='lat' dir='ltr'><em>nobis</em></span> <span class='ocrx_word' id='word_1_123' title='bbox 1095 1579 1247 1647; x_wconf 90' lang='lat' dir='ltr'><em>quasi</em></span> <span class='ocrx_word' id='word_1_124' title='bbox 1270 1594 1336 1632; x_wconf 79' lang='lat' dir='ltr'><strong>ea:</strong></span> <span class='ocrx_word' id='word_1_125' title='bbox 1360 1578 1526 1642; x_wconf 87' lang='lat' dir='ltr'><em>nobis,</em></span> <span class='ocrx_word' id='word_1_126' title='bbox 1551 1579 1640 1632; x_wconf 85' lang='lat' dir='ltr'><em>sed</em></span> <span class='ocrx_word' id='word_1_127' title='bbox 1666 1578 1779 1647; x_wconf 85' lang='lat' dir='ltr'><em>suf-</em></span> 
     </span>
    </p>
   </div>
   <div class='ocr_carea' id='block_1_17' title="bbox 192 1665 1779 1740">
    <p class='ocr_par' dir='ltr' id='par_1_17' title="bbox 192 1665 1779 1740">
     <span class='ocr_line' id='line_1_17' title="bbox 192 1665 1779 1740; baseline 0.003 -23"><span class='ocrx_word' id='word_1_128' title='bbox 192 1665 428 1732; x_wconf 79' lang='lat' dir='ltr'><em>ﬁcientia</em></span> <span class='ocrx_word' id='word_1_129' title='bbox 458 1676 638 1719; x_wconf 87' lang='lat' dir='ltr'><em>nostra</em></span> <span class='ocrx_word' id='word_1_130' title='bbox 663 1682 727 1720; x_wconf 76' lang='lat' dir='ltr'><em>ea:</em></span> <span class='ocrx_word' id='word_1_131' title='bbox 762 1666 873 1721; x_wconf 91' lang='lat' dir='ltr'><em>Deo</em></span> <span class='ocrx_word' id='word_1_132' title='bbox 910 1676 1004 1721; x_wconf 90' lang='lat' dir='ltr'><em>est.</em></span> <span class='ocrx_word' id='word_1_133' title='bbox 1043 1667 1111 1721; x_wconf 86' lang='lat' dir='ltr'><strong>Et</strong></span> <span class='ocrx_word' id='word_1_134' title='bbox 1150 1668 1449 1722; x_wconf 85' lang='lat' dir='ltr'><strong>Dominus:</strong></span> <span class='ocrx_word' id='word_1_135' title='bbox 1481 1668 1648 1722; x_wconf 79' lang='lat' dir='ltr'><em>Nemo</em></span> <span class='ocrx_word' id='word_1_136' title='bbox 1686 1687 1779 1740; x_wconf 90' lang='lat' dir='ltr'><em>po-</em></span> 
     </span>
    </p>
   </div>
   <div class='ocr_carea' id='block_1_18' title="bbox 191 1754 1777 1828">
    <p class='ocr_par' dir='ltr' id='par_1_18' title="bbox 191 1754 1777 1828">
     <span class='ocr_line' id='line_1_18' title="bbox 191 1754 1777 1828; baseline 0.004 -23"><span class='ocrx_word' id='word_1_137' title='bbox 191 1764 293 1808; x_wconf 88' lang='lat' dir='ltr'><em>test</em></span> <span class='ocrx_word' id='word_1_138' title='bbox 332 1757 503 1809; x_wconf 88' lang='lat' dir='ltr'><em>venire</em></span> <span class='ocrx_word' id='word_1_139' title='bbox 533 1756 600 1809; x_wconf 82' lang='lat' dir='ltr'><em>ad</em></span> <span class='ocrx_word' id='word_1_140' title='bbox 626 1773 724 1818; x_wconf 84' lang='lat' dir='ltr'><em>me,</em></span> <span class='ocrx_word' id='word_1_141' title='bbox 759 1758 859 1811; x_wconf 85' lang='lat' dir='ltr'><em>nisi</em></span> <span class='ocrx_word' id='word_1_142' title='bbox 887 1754 1068 1823; x_wconf 85' lang='lat' dir='ltr'><em>Pater,</em></span> <span class='ocrx_word' id='word_1_143' title='bbox 1106 1759 1196 1828; x_wconf 85' lang='lat' dir='ltr'><em>qui</em></span> <span class='ocrx_word' id='word_1_144' title='bbox 1227 1759 1368 1812; x_wconf 86' lang='lat' dir='ltr'><em>misit</em></span> <span class='ocrx_word' id='word_1_145' title='bbox 1416 1774 1517 1823; x_wconf 90' lang='lat' dir='ltr'><em>me,</em></span> <span class='ocrx_word' id='word_1_146' title='bbox 1557 1757 1777 1813; x_wconf 72' lang='lat' dir='ltr'><em>traxerit</em></span> 
     </span>
    </p>
   </div>
   <div class='ocr_carea' id='block_1_19' title="bbox 1893 575 3464 649">
    <p class='ocr_par' dir='ltr' id='par_1_19' title="bbox 1893 575 3464 649">
     <span class='ocr_line' id='line_1_19' title="bbox 1893 575 3464 649; baseline 0.008 -24"><span class='ocrx_word' id='word_1_147' title='bbox 1893 583 2001 625; x_wconf 84' lang='lat' dir='ltr'><em>tum</em></span> <span class='ocrx_word' id='word_1_148' title='bbox 2036 583 2091 627; x_wconf 87' lang='lat' dir='ltr'><em>ut</em></span> <span class='ocrx_word' id='word_1_149' title='bbox 2130 575 2218 644; x_wconf 87' lang='lat' dir='ltr'><em>qui</em></span> <span class='ocrx_word' id='word_1_150' title='bbox 2246 585 2379 628; x_wconf 79' lang='lat' dir='ltr'><em>tenet</em></span> <span class='ocrx_word' id='word_1_151' title='bbox 2410 593 2545 630; x_wconf 88' lang='lat' dir='ltr'><em>nunc</em></span> <span class='ocrx_word' id='word_1_152' title='bbox 2563 586 2749 642; x_wconf 87' lang='lat' dir='ltr'><em>teneat,</em></span> <span class='ocrx_word' id='word_1_153' title='bbox 2780 576 2943 633; x_wconf 90' lang='lat' dir='ltr'><em>donec</em></span> <span class='ocrx_word' id='word_1_154' title='bbox 2963 578 3027 633; x_wconf 90' lang='lat' dir='ltr'><em>de</em></span> <span class='ocrx_word' id='word_1_155' title='bbox 3051 581 3221 637; x_wconf 87' lang='lat' dir='ltr'><em>medio</em></span> <span class='ocrx_word' id='word_1_156' title='bbox 3241 582 3358 649; x_wconf 78' lang='lat' dir='ltr'><em>ﬁat.</em></span> <span class='ocrx_word' id='word_1_157' title='bbox 3395 582 3464 637; x_wconf 78' lang='lat' dir='ltr'><em>Et</em></span> 
     </span>
    </p>
   </div>
   <div class='ocr_carea' id='block_1_20' title="bbox 1891 664 3467 737">
    <p class='ocr_par' dir='ltr' id='par_1_20' title="bbox 1891 664 3467 737">
     <span class='ocr_line' id='line_1_20' title="bbox 1891 664 3467 737; baseline 0.006 -20"><span class='ocrx_word' id='word_1_158' title='bbox 1891 674 2013 717; x_wconf 84' lang='lat' dir='ltr'><em>tunc</em></span> <span class='ocrx_word' id='word_1_159' title='bbox 2047 664 2356 718; x_wconf 81' lang='lat' dir='ltr'><em>revelabitur</em></span> <span class='ocrx_word' id='word_1_160' title='bbox 2400 665 2489 717; x_wconf 89' lang='lat' dir='ltr'><em>ille</em></span> <span class='ocrx_word' id='word_1_161' title='bbox 2543 667 2773 737; x_wconf 86' lang='lat' dir='ltr'><em>iniquus,</em></span> <span class='ocrx_word' id='word_1_162' title='bbox 2811 685 2963 737; x_wconf 89' lang='lat' dir='ltr'><em>quem</em></span> <span class='ocrx_word' id='word_1_163' title='bbox 3009 669 3265 724; x_wconf 81' lang='lat' dir='ltr'><em>Dominus</em></span> <span class='ocrx_word' id='word_1_164' title='bbox 3308 670 3467 728; x_wconf 82' lang='lat' dir='ltr'><em>Jesus</em></span> 
     </span>
    </p>
   </div>
   <div class='ocr_carea' id='block_1_21' title="bbox 1889 744 3461 824">
    <p class='ocr_par' dir='ltr' id='par_1_21' title="bbox 1889 744 3461 824">
     <span class='ocr_line' id='line_1_21' title="bbox 1889 744 3461 824; baseline 0.004 -17"><span class='ocrx_word' id='word_1_165' title='bbox 1889 744 2162 822; x_wconf 66' lang='lat' dir='ltr'><em>interﬁciat</em></span> <span class='ocrx_word' id='word_1_166' title='bbox 2212 755 2398 824; x_wconf 84' lang='lat' dir='ltr'><em>spiritu</em></span> <span class='ocrx_word' id='word_1_167' title='bbox 2450 756 2554 808; x_wconf 89' lang='lat' dir='ltr'><em>oris</em></span> <span class='ocrx_word' id='word_1_168' title='bbox 2606 772 2708 819; x_wconf 77' lang='lat' dir='ltr'><em>sui,</em></span> <span class='ocrx_word' id='word_1_169' title='bbox 2745 768 2792 809; x_wconf 87' lang='lat' dir='ltr'><em>et</em></span> <span class='ocrx_word' id='word_1_170' title='bbox 2836 758 3061 811; x_wconf 84' lang='lat' dir='ltr'><em>destruet</em></span> <span class='ocrx_word' id='word_1_171' title='bbox 3111 756 3461 813; x_wconf 74' lang='lat' dir='ltr'><em>illustrations</em></span> 
     </span>
    </p>
   </div>
   <div class='ocr_carea' id='block_1_22' title="bbox 1890 845 3461 920">
    <p class='ocr_par' dir='ltr' id='par_1_22' title="bbox 1890 845 3461 920">
     <span class='ocr_line' id='line_1_22' title="bbox 1890 845 3461 920; baseline 0.006 -24"><span class='ocrx_word' id='word_1_172' title='bbox 1890 845 2140 897; x_wconf 75' lang='lat' dir='ltr'><em>adventus</em></span> <span class='ocrx_word' id='word_1_173' title='bbox 2165 846 2246 898; x_wconf 90' lang='lat' dir='ltr'><em>sui</em></span> <span class='ocrx_word' id='word_1_174' title='bbox 2274 862 2425 909; x_wconf 86' lang='lat' dir='ltr'><em>eum;</em></span> <span class='ocrx_word' id='word_1_175' title='bbox 2473 846 2623 914; x_wconf 88' lang='lat' dir='ltr'><em>cujtts</em></span> <span class='ocrx_word' id='word_1_176' title='bbox 2662 856 2736 900; x_wconf 90' lang='lat' dir='ltr'><em>est</em></span> <span class='ocrx_word' id='word_1_177' title='bbox 2768 848 3015 902; x_wconf 87' lang='lat' dir='ltr'><em>adventus</em></span> <span class='ocrx_word' id='word_1_178' title='bbox 3041 850 3325 903; x_wconf 85' lang='lat' dir='ltr'><em>secundum</em></span> <span class='ocrx_word' id='word_1_179' title='bbox 3349 867 3461 920; x_wconf 84' lang='lat' dir='ltr'><em>ope-</em></span> 
     </span>
    </p>
   </div>
   <div class='ocr_carea' id='block_1_23' title="bbox 1888 936 3462 1009">
    <p class='ocr_par' dir='ltr' id='par_1_23' title="bbox 1888 936 3462 1009">
     <span class='ocr_line' id='line_1_23' title="bbox 1888 936 3462 1009; baseline 0.003 -22"><span class='ocrx_word' id='word_1_180' title='bbox 1888 936 2144 989; x_wconf 87' lang='lat' dir='ltr'><em>rationem</em></span> <span class='ocrx_word' id='word_1_181' title='bbox 2173 936 2407 1000; x_wconf 80' lang='lat' dir='ltr'><em>Satante,</em></span> <span class='ocrx_word' id='word_1_182' title='bbox 2436 937 2489 991; x_wconf 88' lang='lat' dir='ltr'><em>in</em></span> <span class='ocrx_word' id='word_1_183' title='bbox 2516 938 2658 991; x_wconf 89' lang='lat' dir='ltr'><em>omni</em></span> <span class='ocrx_word' id='word_1_184' title='bbox 2684 938 2893 1001; x_wconf 89' lang='lat' dir='ltr'><em>virtute,</em></span> <span class='ocrx_word' id='word_1_185' title='bbox 2935 948 2981 991; x_wconf 91' lang='lat' dir='ltr'><em>et</em></span> <span class='ocrx_word' id='word_1_186' title='bbox 3023 940 3208 1008; x_wconf 85' lang='lat' dir='ltr'><em>signis,</em></span> <span class='ocrx_word' id='word_1_187' title='bbox 3248 950 3294 993; x_wconf 90' lang='lat' dir='ltr'><em>et</em></span> <span class='ocrx_word' id='word_1_188' title='bbox 3341 956 3462 1009; x_wconf 86' lang='lat' dir='ltr'><em>pro-</em></span> 
     </span>
    </p>
   </div>
   <div class='ocr_carea' id='block_1_24' title="bbox 1886 1026 3455 1098">
    <p class='ocr_par' dir='ltr' id='par_1_24' title="bbox 1886 1026 3455 1098">
     <span class='ocr_line' id='line_1_24' title="bbox 1886 1026 3455 1098; baseline 0.002 -20"><span class='ocrx_word' id='word_1_189' title='bbox 1886 1026 2042 1094; x_wconf 87' lang='lat' dir='ltr'><em>digiis</em></span> <span class='ocrx_word' id='word_1_190' title='bbox 2090 1026 2443 1090; x_wconf 84' lang='lat' dir='ltr'><em>mendacibus,</em></span> <span class='ocrx_word' id='word_1_191' title='bbox 2470 1036 2517 1079; x_wconf 90' lang='lat' dir='ltr'><em>et</em></span> <span class='ocrx_word' id='word_1_192' title='bbox 2547 1028 2601 1080; x_wconf 89' lang='lat' dir='ltr'><em>in</em></span> <span class='ocrx_word' id='word_1_193' title='bbox 2648 1027 2788 1080; x_wconf 82' lang='lat' dir='ltr'><em>omni</em></span> <span class='ocrx_word' id='word_1_194' title='bbox 2818 1026 3118 1080; x_wconf 87' lang='lat' dir='ltr'><em>scductione</em></span> <span class='ocrx_word' id='word_1_195' title='bbox 3145 1028 3455 1098; x_wconf 79' lang='lat' dir='ltr'><em>iniquitatis,</em></span> 
     </span>
    </p>
   </div>
   <div class='ocr_carea' id='block_1_25' title="bbox 1885 1115 3461 1185">
    <p class='ocr_par' dir='ltr' id='par_1_25' title="bbox 1885 1115 3461 1185">
     <span class='ocr_line' id='line_1_25' title="bbox 1885 1115 3461 1185; baseline 0.001 -18"><span class='ocrx_word' id='word_1_196' title='bbox 1885 1115 1965 1168; x_wconf 88' lang='lat' dir='ltr'><em>his</em></span> <span class='ocrx_word' id='word_1_197' title='bbox 1999 1116 2088 1185; x_wconf 86' lang='lat' dir='ltr'><em>qui</em></span> <span class='ocrx_word' id='word_1_198' title='bbox 2110 1124 2343 1185; x_wconf 88' lang='lat' dir='ltr'><em>pereunt,</em></span> <span class='ocrx_word' id='word_1_199' title='bbox 2371 1132 2429 1169; x_wconf 90' lang='lat' dir='ltr'><em>eo</em></span> <span class='ocrx_word' id='word_1_200' title='bbox 2455 1116 2593 1185; x_wconf 90' lang='lat' dir='ltr'><em>quod</em></span> <span class='ocrx_word' id='word_1_201' title='bbox 2634 1117 2943 1170; x_wconf 82' lang='lat' dir='ltr'><em>charitatem</em></span> <span class='ocrx_word' id='word_1_202' title='bbox 2984 1116 3214 1170; x_wconf 88' lang='lat' dir='ltr'><em>veritatis</em></span> <span class='ocrx_word' id='word_1_203' title='bbox 3249 1134 3352 1171; x_wconf 89' lang='lat' dir='ltr'><em>non</em></span> <span class='ocrx_word' id='word_1_204' title='bbox 3382 1134 3461 1170; x_wconf 86' lang='lat' dir='ltr'><em>re-</em></span> 
     </span>
    </p>
   </div>
   <div class='ocr_carea' id='block_1_26' title="bbox 1886 1203 3459 1277">
    <p class='ocr_par' dir='ltr' id='par_1_26' title="bbox 1886 1203 3459 1277">
     <span class='ocr_line' id='line_1_26' title="bbox 1886 1203 3459 1277; baseline 0.002 -20"><span class='ocrx_word' id='word_1_205' title='bbox 1886 1212 2129 1273; x_wconf 89' lang='lat' dir='ltr'><em>ceperunt</em></span> <span class='ocrx_word' id='word_1_206' title='bbox 2152 1213 2206 1256; x_wconf 91' lang='lat' dir='ltr'><em>ut</em></span> <span class='ocrx_word' id='word_1_207' title='bbox 2229 1203 2359 1257; x_wconf 90' lang='lat' dir='ltr'><em>salvi</em></span> <span class='ocrx_word' id='word_1_208' title='bbox 2396 1204 2599 1271; x_wconf 83' lang='lat' dir='ltr'><em>ﬁerent.</em></span> <span class='ocrx_word' id='word_1_209' title='bbox 2629 1204 2757 1259; x_wconf 88' lang='lat' dir='ltr'><em>Ideo</em></span> <span class='ocrx_word' id='word_1_210' title='bbox 2787 1206 2952 1259; x_wconf 84' lang='lat' dir='ltr'><em>mittet</em></span> <span class='ocrx_word' id='word_1_211' title='bbox 2978 1203 3085 1259; x_wconf 82' lang='lat' dir='ltr'><em>illis</em></span> <span class='ocrx_word' id='word_1_212' title='bbox 3112 1204 3251 1259; x_wconf 83' lang='lat' dir='ltr'><em>Deus</em></span> <span class='ocrx_word' id='word_1_213' title='bbox 3278 1222 3459 1277; x_wconf 84' lang='lat' dir='ltr'><em>opera-</em></span> 
     </span>
    </p>
   </div>
   <div class='ocr_carea' id='block_1_27' title="bbox 1882 1293 3461 1367">
    <p class='ocr_par' dir='ltr' id='par_1_27' title="bbox 1882 1293 3461 1367">
     <span class='ocr_line' id='line_1_27' title="bbox 1882 1293 3461 1367; baseline 0.001 -20"><span class='ocrx_word' id='word_1_214' title='bbox 1882 1294 2075 1347; x_wconf 87' lang='lat' dir='ltr'><em>tionem</em></span> <span class='ocrx_word' id='word_1_215' title='bbox 2102 1294 2329 1358; x_wconf 89' lang='lat' dir='ltr'><em>erroris,</em></span> <span class='ocrx_word' id='word_1_216' title='bbox 2357 1302 2413 1345; x_wconf 91' lang='lat' dir='ltr'><em>ut</em></span> <span class='ocrx_word' id='word_1_217' title='bbox 2464 1293 2675 1348; x_wconf 85' lang='lat' dir='ltr'><em>credant</em></span> <span class='ocrx_word' id='word_1_218' title='bbox 2725 1295 2995 1349; x_wconf 90' lang='lat' dir='ltr'><em>mendacio</em></span> <span class='ocrx_word' id='word_1_219' title='bbox 3016 1336 3031 1363; x_wconf 90' lang='lat'><em>,</em></span> <span class='ocrx_word' id='word_1_220' title='bbox 3084 1306 3132 1349; x_wconf 92' lang='lat' dir='ltr'><em>et</em></span> <span class='ocrx_word' id='word_1_221' title='bbox 3151 1295 3461 1367; x_wconf 88' lang='lat' dir='ltr'><em>judicentnr</em></span> 
     </span>
    </p>
   </div>
   <div class='ocr_carea' id='block_1_28' title="bbox 1883 1379 3457 1451">
    <p class='ocr_par' dir='ltr' id='par_1_28' title="bbox 1883 1379 3457 1451">
     <span class='ocr_line' id='line_1_28' title="bbox 1883 1379 3457 1451; baseline 0.003 -16"><span class='ocrx_word' id='word_1_222' title='bbox 1883 1398 2058 1435; x_wconf 88' lang='lat' dir='ltr'><em>omnes</em></span> <span class='ocrx_word' id='word_1_223' title='bbox 2084 1382 2172 1451; x_wconf 88' lang='lat' dir='ltr'><em>qui</em></span> <span class='ocrx_word' id='word_1_224' title='bbox 2208 1397 2311 1434; x_wconf 90' lang='lat' dir='ltr'><em>non</em></span> <span class='ocrx_word' id='word_1_225' title='bbox 2338 1379 2668 1436; x_wconf 80' lang='lat' dir='ltr'><em>crediderunt</em></span> <span class='ocrx_word' id='word_1_226' title='bbox 2696 1384 2926 1449; x_wconf 83' lang='lat' dir='ltr'><em>veritati,</em></span> <span class='ocrx_word' id='word_1_227' title='bbox 2974 1382 3064 1438; x_wconf 88' lang='lat' dir='ltr'><em>sed</em></span> <span class='ocrx_word' id='word_1_228' title='bbox 3087 1396 3457 1439; x_wconf 89' lang='lat' dir='ltr'><em>consenserunt</em></span> 
     </span>
    </p>
   </div>
   <div class='ocr_carea' id='block_1_29' title="bbox 1880 1470 3457 1547">
    <p class='ocr_par' dir='ltr' id='par_1_29' title="bbox 1880 1470 3457 1547">
     <span class='ocr_line' id='line_1_29' title="bbox 1880 1470 3457 1547; baseline 0.006 -25"><span class='ocrx_word' id='word_1_229' title='bbox 1880 1471 2165 1540; x_wconf 84' lang='lat' dir='ltr'><em>iniquitati.</em></span> <span class='ocrx_word' id='word_1_230' title='bbox 2194 1470 2268 1526; x_wconf 78' lang='lat' dir='ltr'><strong>De</strong></span> <span class='ocrx_word' id='word_1_231' title='bbox 2295 1471 2397 1525; x_wconf 87' lang='lat' dir='ltr'><em>hoc</em></span> <span class='ocrx_word' id='word_1_232' title='bbox 2426 1480 2665 1542; x_wconf 84' lang='lat' dir='ltr'><strong>tempore</strong></span> <span class='ocrx_word' id='word_1_233' title='bbox 2698 1482 2750 1525; x_wconf 86' lang='lat' dir='ltr'><em>ot</em></span> <span class='ocrx_word' id='word_1_234' title='bbox 2778 1472 3034 1528; x_wconf 84' lang='lat' dir='ltr'><em>Dominus</em></span> <span class='ocrx_word' id='word_1_235' title='bbox 3064 1475 3120 1528; x_wconf 90' lang='lat' dir='ltr'><em>in</em></span> <span class='ocrx_word' id='word_1_236' title='bbox 3164 1474 3457 1547; x_wconf 74' lang='lat' dir='ltr'><strong>Evangelia</strong></span> 
     </span>
    </p>
   </div>
   <div class='ocr_carea' id='block_1_30' title="bbox 1879 1562 3454 1637">
    <p class='ocr_par' dir='ltr' id='par_1_30' title="bbox 1879 1562 3454 1637">
     <span class='ocr_line' id='line_1_30' title="bbox 1879 1562 3454 1637; baseline 0.004 -22"><span class='ocrx_word' id='word_1_237' title='bbox 1879 1563 1956 1617; x_wconf 90' lang='lat' dir='ltr'><em>ait</em></span> <span class='ocrx_word' id='word_1_238' title='bbox 1994 1577 2008 1615; x_wconf 87' lang='lat'><strong>:</strong></span> <span class='ocrx_word' id='word_1_239' title='bbox 2048 1562 2165 1616; x_wconf 83' lang='lat' dir='ltr'><em>Erit</em></span> <span class='ocrx_word' id='word_1_240' title='bbox 2200 1572 2323 1616; x_wconf 89' lang='lat' dir='ltr'><em>tunc</em></span> <span class='ocrx_word' id='word_1_241' title='bbox 2352 1562 2622 1616; x_wconf 69' lang='lat' dir='ltr'><em>tribulatio</em></span> <span class='ocrx_word' id='word_1_242' title='bbox 2653 1580 2864 1634; x_wconf 89' lang='lat' dir='ltr'><em>magna,</em></span> <span class='ocrx_word' id='word_1_243' title='bbox 2898 1565 3069 1637; x_wconf 86' lang='lat' dir='ltr'><em>qualis</em></span> <span class='ocrx_word' id='word_1_244' title='bbox 3111 1584 3214 1622; x_wconf 89' lang='lat' dir='ltr'><em>non</em></span> <span class='ocrx_word' id='word_1_245' title='bbox 3258 1568 3359 1636; x_wconf 91' lang='lat' dir='ltr'><em>fuit</em></span> <span class='ocrx_word' id='word_1_246' title='bbox 3390 1569 3454 1621; x_wconf 88' lang='lat' dir='ltr'><em>ab</em></span> 
     </span>
    </p>
   </div>
   <div class='ocr_carea' id='block_1_31' title="bbox 1878 1651 3454 1724">
    <p class='ocr_par' dir='ltr' id='par_1_31' title="bbox 1878 1651 3454 1724">
     <span class='ocr_line' id='line_1_31' title="bbox 1878 1651 3454 1724; baseline 0.005 -21"><span class='ocrx_word' id='word_1_247' title='bbox 1878 1652 2028 1705; x_wconf 84' lang='lat' dir='ltr'><em>initio</em></span> <span class='ocrx_word' id='word_1_248' title='bbox 2053 1651 2234 1704; x_wconf 89' lang='lat' dir='ltr'><em>mundi</em></span> <span class='ocrx_word' id='word_1_249' title='bbox 2260 1667 2423 1721; x_wconf 88' lang='lat' dir='ltr'><em>usque</em></span> <span class='ocrx_word' id='word_1_250' title='bbox 2460 1652 2632 1717; x_wconf 89' lang='lat' dir='ltr'><em>modo,</em></span> <span class='ocrx_word' id='word_1_251' title='bbox 2662 1669 2823 1724; x_wconf 89' lang='lat' dir='ltr'><em>neque</em></span> <span class='ocrx_word' id='word_1_252' title='bbox 2860 1655 2968 1723; x_wconf 76' lang='lat' dir='ltr'><em>fiet.</em></span> <span class='ocrx_word' id='word_1_253' title='bbox 3011 1655 3080 1709; x_wconf 87' lang='lat' dir='ltr'><em>Et</em></span> <span class='ocrx_word' id='word_1_254' title='bbox 3116 1659 3218 1711; x_wconf 89' lang='lat' dir='ltr'><em>nisi</em></span> <span class='ocrx_word' id='word_1_255' title='bbox 3241 1658 3454 1711; x_wconf 86' lang='lat' dir='ltr'><em>breviati</em></span> 
     </span>
    </p>
   </div>
   <div class='ocr_carea' id='block_1_32' title="bbox 1878 1740 3454 1812">
    <p class='ocr_par' dir='ltr' id='par_1_32' title="bbox 1878 1740 3454 1812">
     <span class='ocr_line' id='line_1_32' title="bbox 1878 1740 3454 1812; baseline 0.003 -17"><span class='ocrx_word' id='word_1_256' title='bbox 1878 1742 2098 1811; x_wconf 77' lang='lat' dir='ltr'><em>fuissent</em></span> <span class='ocrx_word' id='word_1_257' title='bbox 2148 1741 2257 1795; x_wconf 88' lang='lat' dir='ltr'><em>dies</em></span> <span class='ocrx_word' id='word_1_258' title='bbox 2304 1740 2403 1806; x_wconf 87' lang='lat' dir='ltr'><em>illi,</em></span> <span class='ocrx_word' id='word_1_259' title='bbox 2454 1758 2557 1796; x_wconf 89' lang='lat' dir='ltr'><em>non</em></span> <span class='ocrx_word' id='word_1_260' title='bbox 2579 1741 2729 1810; x_wconf 81' lang='lat' dir='ltr'><em>fieret</em></span> <span class='ocrx_word' id='word_1_261' title='bbox 2777 1744 2919 1797; x_wconf 85' lang='lat' dir='ltr'><em>salva</em></span> <span class='ocrx_word' id='word_1_262' title='bbox 2969 1746 3137 1799; x_wconf 89' lang='lat' dir='ltr'><em>omnis</em></span> <span class='ocrx_word' id='word_1_263' title='bbox 3179 1763 3335 1812; x_wconf 87' lang='lat' dir='ltr'><em>caro;</em></span> <span class='ocrx_word' id='word_1_264' title='bbox 3363 1748 3454 1800; x_wconf 83' lang='lat' dir='ltr'><em>sed</em></span> 
     </span>
    </p>
   </div>
   <div class='ocr_carea' id='block_1_33' title="bbox 189 1829 1757 1918">
    <p class='ocr_par' dir='ltr' id='par_1_33' title="bbox 189 1845 1749 1918">
     <span class='ocr_line' id='line_1_33' title="bbox 189 1845 1749 1918; baseline 0.004 -21"><span class='ocrx_word' id='word_1_265' title='bbox 189 1861 332 1897; x_wconf 79' lang='lat' dir='ltr'><em>cum.</em></span> <span class='ocrx_word' id='word_1_266' title='bbox 358 1845 521 1899; x_wconf 75' lang='lat' dir='ltr'><strong>Multa</strong></span> <span class='ocrx_word' id='word_1_267' title='bbox 551 1846 689 1900; x_wconf 80' lang='lat' dir='ltr'><strong>Deus</strong></span> <span class='ocrx_word' id='word_1_268' title='bbox 716 1846 841 1901; x_wconf 80' lang='lat' dir='ltr'><strong>facit</strong></span> <span class='ocrx_word' id='word_1_269' title='bbox 866 1847 917 1900; x_wconf 92' lang='lat' dir='ltr'><em>in</em></span> <span class='ocrx_word' id='word_1_270' title='bbox 948 1849 1165 1904; x_wconf 84' lang='lat' dir='ltr'><strong>homine</strong></span> <span class='ocrx_word' id='word_1_271' title='bbox 1189 1850 1351 1913; x_wconf 88' lang='lat' dir='ltr'><strong>bona,</strong></span> <span class='ocrx_word' id='word_1_272' title='bbox 1376 1864 1493 1918; x_wconf 74' lang='lat' dir='ltr'><strong>qua:</strong></span> <span class='ocrx_word' id='word_1_273' title='bbox 1517 1865 1623 1903; x_wconf 91' lang='lat' dir='ltr'><em>non</em></span> <span class='ocrx_word' id='word_1_274' title='bbox 1649 1848 1749 1903; x_wconf 77' lang='lat' dir='ltr'><strong>iaci</strong></span> 
     </span>
    </p>
   </div>
   <div class='ocr_carea' id='block_1_34' title="bbox 1859 1829 3453 1918">
    <p class='ocr_par' dir='ltr' id='par_1_34' title="bbox 1876 1829 3453 1907">
     <span class='ocr_line' id='line_1_34' title="bbox 1876 1829 3453 1907; baseline 0.006 -26"><span class='ocrx_word' id='word_1_275' title='bbox 1876 1840 2084 1899; x_wconf 85' lang='lat' dir='ltr'><em>propter</em></span> <span class='ocrx_word' id='word_1_276' title='bbox 2121 1829 2306 1883; x_wconf 90' lang='lat' dir='ltr'><em>electos</em></span> <span class='ocrx_word' id='word_1_277' title='bbox 2352 1830 2721 1885; x_wconf 87' lang='lat' dir='ltr'><em>breviabuntur</em></span> <span class='ocrx_word' id='word_1_278' title='bbox 2763 1833 2873 1887; x_wconf 89' lang='lat' dir='ltr'><em>dies</em></span> <span class='ocrx_word' id='word_1_279' title='bbox 2920 1834 3019 1888; x_wconf 88' lang='lat' dir='ltr'><em>illi.</em></span> <span class='ocrx_word' id='word_1_280' title='bbox 3074 1834 3216 1890; x_wconf 86' lang='lat' dir='ltr'><em>Tunc</em></span> <span class='ocrx_word' id='word_1_281' title='bbox 3244 1836 3291 1889; x_wconf 87' lang='lat' dir='ltr'><em>si</em></span> <span class='ocrx_word' id='word_1_282' title='bbox 3338 1839 3453 1907; x_wconf 85' lang='lat' dir='ltr'><em>quis</em></span> 
     </span>
    </p>
   </div>
   <div class='ocr_carea' id='block_1_35' title="bbox 190 1933 1778 2007">
    <p class='ocr_par' dir='ltr' id='par_1_35' title="bbox 190 1933 1778 2007">
     <span class='ocr_line' id='line_1_35' title="bbox 190 1933 1778 2007; baseline 0.003 -20"><span class='ocrx_word' id='word_1_283' title='bbox 190 1936 385 1998; x_wconf 84' lang='lat' dir='ltr'><strong>homo;</strong></span> <span class='ocrx_word' id='word_1_284' title='bbox 415 1934 561 1987; x_wconf 88' lang='lat' dir='ltr'><strong>nulla</strong></span> <span class='ocrx_word' id='word_1_285' title='bbox 607 1950 735 1991; x_wconf 89' lang='lat' dir='ltr'><strong>vero</strong></span> <span class='ocrx_word' id='word_1_286' title='bbox 777 1933 908 1989; x_wconf 81' lang='lat' dir='ltr'><strong>facit</strong></span> <span class='ocrx_word' id='word_1_287' title='bbox 953 1937 1113 1991; x_wconf 88' lang='lat' dir='ltr'><strong>homo</strong></span> <span class='ocrx_word' id='word_1_288' title='bbox 1140 1938 1302 2002; x_wconf 87' lang='lat' dir='ltr'><strong>bona,</strong></span> <span class='ocrx_word' id='word_1_289' title='bbox 1338 1953 1461 2007; x_wconf 71' lang='lat' dir='ltr'><strong>quia:</strong></span> <span class='ocrx_word' id='word_1_290' title='bbox 1490 1952 1595 1991; x_wconf 87' lang='lat' dir='ltr'><em>non</em></span> <span class='ocrx_word' id='word_1_291' title='bbox 1636 1938 1778 1993; x_wconf 79' lang='lat' dir='ltr'><strong>Deus</strong></span> 
     </span>
    </p>
   </div>
   <div class='ocr_carea' id='block_1_36' title="bbox 190 2024 1776 2096">
    <p class='ocr_par' dir='ltr' id='par_1_36' title="bbox 190 2024 1776 2096">
     <span class='ocr_line' id='line_1_36' title="bbox 190 2024 1776 2096; baseline 0.006 -23"><span class='ocrx_word' id='word_1_292' title='bbox 190 2032 414 2089; x_wconf 64' lang='lat' dir='ltr'><strong>praestet</strong></span> <span class='ocrx_word' id='word_1_293' title='bbox 457 2032 517 2077; x_wconf 91' lang='lat' dir='ltr'><em>ut</em></span> <span class='ocrx_word' id='word_1_294' title='bbox 553 2024 715 2079; x_wconf 82' lang='lat' dir='ltr'><strong>faciat</strong></span> <span class='ocrx_word' id='word_1_295' title='bbox 748 2026 928 2080; x_wconf 87' lang='lat' dir='ltr'><strong>homo.</strong></span> <span class='ocrx_word' id='word_1_296' title='bbox 974 2026 1139 2081; x_wconf 84' lang='lat' dir='ltr'><strong>Suam</strong></span> <span class='ocrx_word' id='word_1_297' title='bbox 1175 2041 1408 2096; x_wconf 83' lang='lat' dir='ltr'><strong>namque</strong></span> <span class='ocrx_word' id='word_1_298' title='bbox 1447 2027 1776 2083; x_wconf 79' lang='lat' dir='ltr'><strong>voluntatem</strong></span> 
     </span>
    </p>
   </div>
   <div class='ocr_carea' id='block_1_37' title="bbox 188 2112 1774 2187">
    <p class='ocr_par' dir='ltr' id='par_1_37' title="bbox 188 2112 1774 2187">
     <span class='ocr_line' id='line_1_37' title="bbox 188 2112 1774 2187; baseline 0.002 -21"><span class='ocrx_word' id='word_1_299' title='bbox 188 2112 438 2167; x_wconf 79' lang='lat' dir='ltr'><strong>homines</strong></span> <span class='ocrx_word' id='word_1_300' title='bbox 476 2112 710 2179; x_wconf 84' lang='lat' dir='ltr'><strong>faciunt,</strong></span> <span class='ocrx_word' id='word_1_301' title='bbox 746 2130 855 2169; x_wconf 90' lang='lat' dir='ltr'><em>non</em></span> <span class='ocrx_word' id='word_1_302' title='bbox 904 2115 1031 2181; x_wconf 86' lang='lat' dir='ltr'><strong>Dei,</strong></span> <span class='ocrx_word' id='word_1_303' title='bbox 1073 2116 1289 2185; x_wconf 84' lang='lat' dir='ltr'><strong>quando</strong></span> <span class='ocrx_word' id='word_1_304' title='bbox 1332 2115 1385 2170; x_wconf 88' lang='lat' dir='ltr'><em>id</em></span> <span class='ocrx_word' id='word_1_305' title='bbox 1422 2123 1589 2187; x_wconf 82' lang='lat' dir='ltr'><strong>agunt</strong></span> <span class='ocrx_word' id='word_1_306' title='bbox 1632 2116 1774 2187; x_wconf 86' lang='lat' dir='ltr'><strong>quod</strong></span> 
     </span>
    </p>
   </div>
   <div class='ocr_carea' id='block_1_38' title="bbox 187 2192 1775 2277">
    <p class='ocr_par' dir='ltr' id='par_1_38' title="bbox 187 2192 1775 2277">
     <span class='ocr_line' id='line_1_38' title="bbox 187 2192 1775 2277; baseline 0.004 -21"><span class='ocrx_word' id='word_1_307' title='bbox 187 2202 300 2256; x_wconf 86' lang='lat' dir='ltr'><em>Deo</em></span> <span class='ocrx_word' id='word_1_308' title='bbox 337 2202 604 2273; x_wconf 75' lang='lat' dir='ltr'><strong>diSplicct.</strong></span> <span class='ocrx_word' id='word_1_309' title='bbox 648 2205 873 2272; x_wconf 83' lang='lat' dir='ltr'><strong>Quando</strong></span> <span class='ocrx_word' id='word_1_310' title='bbox 910 2216 1091 2262; x_wconf 89' lang='lat' dir='ltr'><strong>autem</strong></span> <span class='ocrx_word' id='word_1_311' title='bbox 1134 2208 1207 2262; x_wconf 90' lang='lat' dir='ltr'><em>ita</em></span> <span class='ocrx_word' id='word_1_312' title='bbox 1244 2208 1451 2263; x_wconf 79' lang='lat' dir='ltr'><strong>faciunt</strong></span> <span class='ocrx_word' id='word_1_313' title='bbox 1492 2192 1635 2277; x_wconf 76' lang='lat' dir='ltr'><strong>quod</strong></span> <span class='ocrx_word' id='word_1_314' title='bbox 1678 2224 1775 2263; x_wconf 90' lang='lat' dir='ltr'><strong>vo—</strong></span> 
     </span>
    </p>
   </div>
   <div class='ocr_carea' id='block_1_39' title="bbox 184 2291 1772 2368">
    <p class='ocr_par' dir='ltr' id='par_1_39' title="bbox 184 2291 1772 2368">
     <span class='ocr_line' id='line_1_39' title="bbox 184 2291 1772 2368; baseline 0.007 -24"><span class='ocrx_word' id='word_1_315' title='bbox 184 2291 324 2358; x_wconf 82' lang='lat' dir='ltr'><strong>lunt,</strong></span> <span class='ocrx_word' id='word_1_316' title='bbox 356 2303 413 2347; x_wconf 88' lang='lat' dir='ltr'><em>ut</em></span> <span class='ocrx_word' id='word_1_317' title='bbox 441 2296 633 2350; x_wconf 74' lang='lat' dir='ltr'><strong>diviuzu</strong></span> <span class='ocrx_word' id='word_1_318' title='bbox 663 2298 904 2352; x_wconf 73' lang='lat' dir='ltr'><strong>serviant</strong></span> <span class='ocrx_word' id='word_1_319' title='bbox 941 2299 1229 2363; x_wconf 79' lang='lat' dir='ltr'><strong>voluntati;</strong></span> <span class='ocrx_word' id='word_1_320' title='bbox 1260 2299 1507 2368; x_wconf 86' lang='lat' dir='ltr'><strong>quamvis</strong></span> <span class='ocrx_word' id='word_1_321' title='bbox 1530 2300 1772 2355; x_wconf 84' lang='lat' dir='ltr'><strong>volentes</strong></span> 
     </span>
    </p>
   </div>
   <div class='ocr_carea' id='block_1_40' title="bbox 184 2386 1773 2459">
    <p class='ocr_par' dir='ltr' id='par_1_40' title="bbox 184 2386 1773 2459">
     <span class='ocr_line' id='line_1_40' title="bbox 184 2386 1773 2459; baseline 0.004 -22"><span class='ocrx_word' id='word_1_322' title='bbox 184 2392 349 2454; x_wconf 77' lang='lat' dir='ltr'><strong>agant</strong></span> <span class='ocrx_word' id='word_1_323' title='bbox 374 2386 514 2453; x_wconf 84' lang='lat' dir='ltr'><strong>quod</strong></span> <span class='ocrx_word' id='word_1_324' title='bbox 545 2398 732 2457; x_wconf 80' lang='lat' dir='ltr'><strong>agunt,</strong></span> <span class='ocrx_word' id='word_1_325' title='bbox 763 2388 907 2443; x_wconf 86' lang='lat' dir='ltr'><strong>illius</strong></span> <span class='ocrx_word' id='word_1_326' title='bbox 935 2399 1117 2444; x_wconf 87' lang='lat' dir='ltr'><strong>tamen</strong></span> <span class='ocrx_word' id='word_1_327' title='bbox 1145 2390 1392 2445; x_wconf 83' lang='lat' dir='ltr'><strong>voluntas</strong></span> <span class='ocrx_word' id='word_1_328' title='bbox 1414 2400 1500 2445; x_wconf 89' lang='lat' dir='ltr'><em>cst</em></span> <span class='ocrx_word' id='word_1_329' title='bbox 1532 2408 1560 2444; x_wconf 89' lang='lat' dir='ltr'><em>a</em></span> <span class='ocrx_word' id='word_1_330' title='bbox 1590 2405 1697 2459; x_wconf 91' lang='lat' dir='ltr'><em>quo</em></span> <span class='ocrx_word' id='word_1_331' title='bbox 1718 2396 1773 2443; x_wconf 88' lang='lat' dir='ltr'><strong>et</strong></span> 
     </span>
    </p>
   </div>
   <div class='ocr_carea' id='block_1_41' title="bbox 183 2476 1771 2548">
    <p class='ocr_par' dir='ltr' id='par_1_41' title="bbox 183 2476 1771 2548">
     <span class='ocr_line' id='line_1_41' title="bbox 183 2476 1771 2548; baseline 0.006 -22"><span class='ocrx_word' id='word_1_332' title='bbox 183 2483 519 2543; x_wconf 68' lang='lat' dir='ltr'><strong>prmparatur</strong></span> <span class='ocrx_word' id='word_1_333' title='bbox 544 2486 599 2529; x_wconf 90' lang='lat' dir='ltr'><em>et</em></span> <span class='ocrx_word' id='word_1_334' title='bbox 629 2476 852 2544; x_wconf 77' lang='lat' dir='ltr'><strong>juhctur</strong></span> <span class='ocrx_word' id='word_1_335' title='bbox 890 2479 1032 2548; x_wconf 81' lang='lat' dir='ltr'><strong>quod</strong></span> <span class='ocrx_word' id='word_1_336' title='bbox 1062 2480 1264 2535; x_wconf 88' lang='lat' dir='ltr'><strong>volunt.</strong></span> <span class='ocrx_word' id='word_1_337' title='bbox 1295 2482 1452 2535; x_wconf 87' lang='lat' dir='ltr'><strong>Talcs</strong></span> <span class='ocrx_word' id='word_1_338' title='bbox 1494 2496 1594 2537; x_wconf 92' lang='lat' dir='ltr'><em>nos</em></span> <span class='ocrx_word' id='word_1_339' title='bbox 1623 2493 1771 2537; x_wconf 89' lang='lat' dir='ltr'><strong>amat</strong></span> 
     </span>
    </p>
   </div>
   <div class='ocr_carea' id='block_1_42' title="bbox 182 2564 1768 2643">
    <p class='ocr_par' dir='ltr' id='par_1_42' title="bbox 182 2564 1768 2643">
     <span class='ocr_line' id='line_1_42' title="bbox 182 2564 1768 2643; baseline 0.007 -26"><span class='ocrx_word' id='word_1_340' title='bbox 182 2564 346 2627; x_wconf 89' lang='lat' dir='ltr'><strong>Deus,</strong></span> <span class='ocrx_word' id='word_1_341' title='bbox 374 2566 559 2634; x_wconf 85' lang='lat' dir='ltr'><strong>quales</strong></span> <span class='ocrx_word' id='word_1_342' title='bbox 589 2566 755 2623; x_wconf 83' lang='lat' dir='ltr'><strong>futuri</strong></span> <span class='ocrx_word' id='word_1_343' title='bbox 803 2585 990 2625; x_wconf 89' lang='lat' dir='ltr'><strong>sumus</strong></span> <span class='ocrx_word' id='word_1_344' title='bbox 1030 2572 1198 2640; x_wconf 86' lang='lat' dir='ltr'><strong>ipsius</strong></span> <span class='ocrx_word' id='word_1_345' title='bbox 1244 2573 1406 2637; x_wconf 90' lang='lat' dir='ltr'><strong>dono,</strong></span> <span class='ocrx_word' id='word_1_346' title='bbox 1433 2588 1540 2628; x_wconf 92' lang='lat' dir='ltr'><em>non</em></span> <span class='ocrx_word' id='word_1_347' title='bbox 1580 2574 1768 2643; x_wconf 88' lang='lat' dir='ltr'><strong>quales</strong></span> 
     </span>
    </p>
   </div>
   <div class='ocr_carea' id='block_1_43' title="bbox 180 2659 1765 2733">
    <p class='ocr_par' dir='ltr' id='par_1_43' title="bbox 180 2659 1765 2733">
     <span class='ocr_line' id='line_1_43' title="bbox 180 2659 1765 2733; baseline 0.008 -26"><span class='ocrx_word' id='word_1_348' title='bbox 180 2670 370 2709; x_wconf 81' lang='lat' dir='ltr'><strong>sumus</strong></span> <span class='ocrx_word' id='word_1_349' title='bbox 426 2665 616 2712; x_wconf 90' lang='lat' dir='ltr'><strong>nostro</strong></span> <span class='ocrx_word' id='word_1_350' title='bbox 665 2659 877 2714; x_wconf 83' lang='lat' dir='ltr'><strong>merito.</strong></span> <span class='ocrx_word' id='word_1_351' title='bbox 927 2661 1035 2715; x_wconf 85' lang='lat' dir='ltr'><strong>Sua</strong></span> <span class='ocrx_word' id='word_1_352' title='bbox 1087 2664 1227 2716; x_wconf 88' lang='lat' dir='ltr'><strong>bona</strong></span> <span class='ocrx_word' id='word_1_353' title='bbox 1273 2663 1416 2717; x_wconf 83' lang='lat' dir='ltr'><strong>Deus</strong></span> <span class='ocrx_word' id='word_1_354' title='bbox 1470 2664 1765 2733; x_wconf 63' lang='lat' dir='ltr'><strong>praevidet,</strong></span> 
     </span>
    </p>
   </div>
   <div class='ocr_carea' id='block_1_44' title="bbox 178 2744 1763 2816">
    <p class='ocr_par' dir='ltr' id='par_1_44' title="bbox 178 2744 1763 2816">
     <span class='ocr_line' id='line_1_44' title="bbox 178 2744 1763 2816; baseline 0.006 -16"><span class='ocrx_word' id='word_1_355' title='bbox 178 2744 426 2816; x_wconf 71' lang='lat' dir='ltr'><strong>praescit,</strong></span> <span class='ocrx_word' id='word_1_356' title='bbox 458 2744 694 2814; x_wconf 64' lang='lat' dir='ltr'><strong>adjuvat,</strong></span> <span class='ocrx_word' id='word_1_357' title='bbox 724 2756 781 2802; x_wconf 91' lang='lat' dir='ltr'><strong>et</strong></span> <span class='ocrx_word' id='word_1_358' title='bbox 808 2760 1120 2805; x_wconf 88' lang='lat' dir='ltr'><strong>remunerat</strong></span> <span class='ocrx_word' id='word_1_359' title='bbox 1157 2752 1211 2805; x_wconf 92' lang='lat' dir='ltr'><em>in</em></span> <span class='ocrx_word' id='word_1_360' title='bbox 1255 2754 1431 2806; x_wconf 88' lang='lat' dir='ltr'><strong>nobis.</strong></span> <span class='ocrx_word' id='word_1_361' title='bbox 1464 2753 1633 2808; x_wconf 87' lang='lat' dir='ltr'><strong>Nemo</strong></span> <span class='ocrx_word' id='word_1_362' title='bbox 1663 2754 1763 2809; x_wconf 87' lang='lat' dir='ltr'><em>bo-</em></span> 
     </span>
    </p>
   </div>
   <div class='ocr_carea' id='block_1_45' title="bbox 178 2836 1763 2909">
    <p class='ocr_par' dir='ltr' id='par_1_45' title="bbox 178 2836 1763 2909">
     <span class='ocr_line' id='line_1_45' title="bbox 178 2836 1763 2909; baseline 0.006 -19"><span class='ocrx_word' id='word_1_363' title='bbox 178 2850 280 2890; x_wconf 86' lang='lat' dir='ltr'><em>nus</em></span> <span class='ocrx_word' id='word_1_364' title='bbox 308 2836 415 2890; x_wconf 89' lang='lat' dir='ltr'><strong>nisi</strong></span> <span class='ocrx_word' id='word_1_365' title='bbox 460 2837 606 2892; x_wconf 85' lang='lat' dir='ltr'><strong>solus</strong></span> <span class='ocrx_word' id='word_1_366' title='bbox 648 2836 808 2902; x_wconf 90' lang='lat' dir='ltr'><strong>Deus,</strong></span> <span class='ocrx_word' id='word_1_367' title='bbox 837 2840 926 2909; x_wconf 92' lang='lat' dir='ltr'><em>qui</em></span> <span class='ocrx_word' id='word_1_368' title='bbox 958 2855 1065 2895; x_wconf 93' lang='lat' dir='ltr'><em>non</em></span> <span class='ocrx_word' id='word_1_369' title='bbox 1106 2850 1191 2896; x_wconf 90' lang='lat' dir='ltr'><em>est</em></span> <span class='ocrx_word' id='word_1_370' title='bbox 1227 2842 1450 2897; x_wconf 87' lang='lat' dir='ltr'><strong>alterius</strong></span> <span class='ocrx_word' id='word_1_371' title='bbox 1480 2844 1623 2899; x_wconf 88' lang='lat' dir='ltr'><strong>bono</strong></span> <span class='ocrx_word' id='word_1_372' title='bbox 1670 2844 1763 2898; x_wconf 89' lang='lat' dir='ltr'><em>bo-</em></span> 
     </span>
    </p>
   </div>
   <div class='ocr_carea' id='block_1_46' title="bbox 175 2927 1759 3005">
    <p class='ocr_par' dir='ltr' id='par_1_46' title="bbox 175 2927 1759 3005">
     <span class='ocr_line' id='line_1_46' title="bbox 175 2927 1759 3005; baseline 0.006 -23"><span class='ocrx_word' id='word_1_373' title='bbox 175 2944 297 2983; x_wconf 90' lang='lat' dir='ltr'><strong>nus.</strong></span> <span class='ocrx_word' id='word_1_374' title='bbox 348 2927 607 2985; x_wconf 82' lang='lat' dir='ltr'><strong>Homines</strong></span> <span class='ocrx_word' id='word_1_375' title='bbox 643 2940 858 2999; x_wconf 88' lang='lat' dir='ltr'><strong>autem,</strong></span> <span class='ocrx_word' id='word_1_376' title='bbox 888 2948 997 2988; x_wconf 89' lang='lat' dir='ltr'><em>non</em></span> <span class='ocrx_word' id='word_1_377' title='bbox 1026 2935 1269 3005; x_wconf 88' lang='lat' dir='ltr'><strong>pr0prio,</strong></span> <span class='ocrx_word' id='word_1_378' title='bbox 1309 2936 1405 2990; x_wconf 85' lang='lat' dir='ltr'><em>sed</em></span> <span class='ocrx_word' id='word_1_379' title='bbox 1452 2936 1547 2992; x_wconf 90' lang='lat' dir='ltr'><em>Dci</em></span> <span class='ocrx_word' id='word_1_380' title='bbox 1595 2936 1759 3001; x_wconf 88' lang='lat' dir='ltr'><strong>bono,</strong></span> 
     </span>
    </p>
   </div>
   <div class='ocr_carea' id='block_1_47' title="bbox 173 3018 1757 3093">
    <p class='ocr_par' dir='ltr' id='par_1_47' title="bbox 173 3018 1757 3093">
     <span class='ocr_line' id='line_1_47' title="bbox 173 3018 1757 3093; baseline 0.003 -20"><span class='ocrx_word' id='word_1_381' title='bbox 173 3026 302 3073; x_wconf 81' lang='lat' dir='ltr'><strong>sunt</strong></span> <span class='ocrx_word' id='word_1_382' title='bbox 325 3018 485 3084; x_wconf 90' lang='lat' dir='ltr'><strong>boni;</strong></span> <span class='ocrx_word' id='word_1_383' title='bbox 517 3021 609 3089; x_wconf 87' lang='lat' dir='ltr'><em>qui</em></span> <span class='ocrx_word' id='word_1_384' title='bbox 634 3029 717 3075; x_wconf 89' lang='lat' dir='ltr'><em>est</em></span> <span class='ocrx_word' id='word_1_385' title='bbox 751 3020 872 3077; x_wconf 85' lang='lat' dir='ltr'><strong>fons</strong></span> <span class='ocrx_word' id='word_1_386' title='bbox 914 3031 969 3077; x_wconf 91' lang='lat' dir='ltr'><em>et</em></span> <span class='ocrx_word' id='word_1_387' title='bbox 996 3024 1149 3093; x_wconf 82' lang='lat' dir='ltr'><strong>origo</strong></span> <span class='ocrx_word' id='word_1_388' title='bbox 1190 3024 1481 3088; x_wconf 83' lang='lat' dir='ltr'><strong>bonitatis;</strong></span> <span class='ocrx_word' id='word_1_389' title='bbox 1529 3026 1636 3079; x_wconf 87' lang='lat' dir='ltr'><strong>ituo</strong></span> <span class='ocrx_word' id='word_1_390' title='bbox 1668 3027 1757 3093; x_wconf 87' lang='lat' dir='ltr'><em>qui</em></span> 
     </span>
    </p>
   </div>
   <div class='ocr_carea' id='block_1_48' title="bbox 172 3112 1759 3187">
    <p class='ocr_par' dir='ltr' id='par_1_48' title="bbox 172 3112 1759 3187">
     <span class='ocr_line' id='line_1_48' title="bbox 172 3112 1759 3187; baseline 0.005 -24"><span class='ocrx_word' id='word_1_391' title='bbox 172 3118 259 3164; x_wconf 91' lang='lat' dir='ltr'><em>est</em></span> <span class='ocrx_word' id='word_1_392' title='bbox 286 3112 539 3166; x_wconf 85' lang='lat' dir='ltr'><strong>bonitas:</strong></span> <span class='ocrx_word' id='word_1_393' title='bbox 565 3128 596 3166; x_wconf 87' lang='lat' dir='ltr'><em>a</em></span> <span class='ocrx_word' id='word_1_394' title='bbox 637 3126 745 3183; x_wconf 92' lang='lat' dir='ltr'><strong>quo</strong></span> <span class='ocrx_word' id='word_1_395' title='bbox 777 3129 939 3170; x_wconf 87' lang='lat' dir='ltr'><strong>omne</strong></span> <span class='ocrx_word' id='word_1_396' title='bbox 979 3115 1200 3180; x_wconf 88' lang='lat' dir='ltr'><strong>bonum,</strong></span> <span class='ocrx_word' id='word_1_397' title='bbox 1235 3124 1289 3171; x_wconf 89' lang='lat' dir='ltr'><em>et</em></span> <span class='ocrx_word' id='word_1_398' title='bbox 1326 3117 1445 3172; x_wconf 89' lang='lat' dir='ltr'><strong>sine</strong></span> <span class='ocrx_word' id='word_1_399' title='bbox 1489 3133 1597 3187; x_wconf 91' lang='lat' dir='ltr'><em>quo</em></span> <span class='ocrx_word' id='word_1_400' title='bbox 1627 3117 1759 3171; x_wconf 80' lang='lat' dir='ltr'><strong>nihil</strong></span> 
     </span>
    </p>
   </div>
   <div class='ocr_carea' id='block_1_49' title="bbox 171 3198 319 3253">
    <p class='ocr_par' dir='ltr' id='par_1_49' title="bbox 171 3198 319 3253">
     <span class='ocr_line' id='line_1_49' title="bbox 171 3198 319 3253; baseline -0.007 0"><span class='ocrx_word' id='word_1_401' title='bbox 171 3198 319 3253; x_wconf 88' lang='lat' dir='ltr'><strong>boni.</strong></span> 
     </span>
    </p>
   </div>
   <div class='ocr_carea' id='block_1_50' title="bbox 240 3290 1752 3365">
    <p class='ocr_par' dir='ltr' id='par_1_50' title="bbox 240 3290 1752 3365">
     <span class='ocr_line' id='line_1_50' title="bbox 240 3290 1752 3365; baseline 0.006 -21"><span class='ocrx_word' id='word_1_402' title='bbox 240 3290 379 3345; x_wconf 72' lang='lat' dir='ltr'><em>XIV.</em></span> <span class='ocrx_word' id='word_1_403' title='bbox 414 3292 541 3348; x_wconf 82' lang='lat' dir='ltr'><strong>Haec</strong></span> <span class='ocrx_word' id='word_1_404' title='bbox 586 3303 671 3349; x_wconf 89' lang='lat' dir='ltr'><em>est</em></span> <span class='ocrx_word' id='word_1_405' title='bbox 715 3294 848 3350; x_wconf 89' lang='lat' dir='ltr'><strong>ﬁdes</strong></span> <span class='ocrx_word' id='word_1_406' title='bbox 892 3304 949 3350; x_wconf 90' lang='lat' dir='ltr'><strong>et</strong></span> <span class='ocrx_word' id='word_1_407' title='bbox 991 3310 1114 3365; x_wconf 87' lang='lat' dir='ltr'><strong>spes</strong></span> <span class='ocrx_word' id='word_1_408' title='bbox 1152 3297 1432 3352; x_wconf 72' lang='lat' dir='ltr'><strong>catholica:</strong></span> <span class='ocrx_word' id='word_1_409' title='bbox 1479 3297 1752 3361; x_wconf 64' lang='lat' dir='ltr'><strong>Ecclesia,</strong></span> 
     </span>
    </p>
   </div>
   <div class='ocr_carea' id='block_1_51' title="bbox 168 3383 1756 3458">
    <p class='ocr_par' dir='ltr' id='par_1_51' title="bbox 168 3383 1756 3458">
     <span class='ocr_line' id='line_1_51' title="bbox 168 3383 1756 3458; baseline 0.006 -24"><span class='ocrx_word' id='word_1_410' title='bbox 168 3397 289 3451; x_wconf 74' lang='lat' dir='ltr'><strong>quae</strong></span> <span class='ocrx_word' id='word_1_411' title='bbox 317 3390 402 3437; x_wconf 90' lang='lat' dir='ltr'><em>est</em></span> <span class='ocrx_word' id='word_1_412' title='bbox 429 3383 678 3438; x_wconf 79' lang='lat' dir='ltr'><strong>columna</strong></span> <span class='ocrx_word' id='word_1_413' title='bbox 715 3393 771 3438; x_wconf 90' lang='lat' dir='ltr'><strong>et</strong></span> <span class='ocrx_word' id='word_1_414' title='bbox 800 3384 1202 3441; x_wconf 88' lang='lat' dir='ltr'><strong>ﬁrmamentum</strong></span> <span class='ocrx_word' id='word_1_415' title='bbox 1242 3388 1510 3453; x_wconf 77' lang='lat' dir='ltr'><strong>veritatis,</strong></span> <span class='ocrx_word' id='word_1_416' title='bbox 1540 3388 1593 3441; x_wconf 91' lang='lat' dir='ltr'><em>in</em></span> <span class='ocrx_word' id='word_1_417' title='bbox 1638 3387 1756 3458; x_wconf 81' lang='lat' dir='ltr'><strong>lege</strong></span> 
     </span>
    </p>
   </div>
   <div class='ocr_carea' id='block_1_52' title="bbox 167 3473 1757 3548">
    <p class='ocr_par' dir='ltr' id='par_1_52' title="bbox 167 3473 1757 3548">
     <span class='ocr_line' id='line_1_52' title="bbox 167 3473 1757 3548; baseline 0.003 -19"><span class='ocrx_word' id='word_1_418' title='bbox 167 3483 221 3529; x_wconf 87' lang='lat' dir='ltr'><em>et</em></span> <span class='ocrx_word' id='word_1_419' title='bbox 254 3473 558 3545; x_wconf 85' lang='lat' dir='ltr'><strong>prophetis,</strong></span> <span class='ocrx_word' id='word_1_420' title='bbox 584 3476 805 3545; x_wconf 83' lang='lat' dir='ltr'><strong>psalmis</strong></span> <span class='ocrx_word' id='word_1_421' title='bbox 829 3485 884 3532; x_wconf 91' lang='lat' dir='ltr'><strong>et</strong></span> <span class='ocrx_word' id='word_1_422' title='bbox 911 3476 1128 3548; x_wconf 86' lang='lat' dir='ltr'><strong>hymnis</strong></span> <span class='ocrx_word' id='word_1_423' title='bbox 1158 3478 1471 3548; x_wconf 72' lang='lat' dir='ltr'><strong>praedicata,</strong></span> <span class='ocrx_word' id='word_1_424' title='bbox 1509 3493 1607 3548; x_wconf 90' lang='lat' dir='ltr'><em>per</em></span> <span class='ocrx_word' id='word_1_425' title='bbox 1632 3494 1757 3548; x_wconf 87' lang='lat' dir='ltr'><strong>apo-</strong></span> 
     </span>
    </p>
   </div>
   <div class='ocr_carea' id='block_1_53' title="bbox 167 3565 1752 3639">
    <p class='ocr_par' dir='ltr' id='par_1_53' title="bbox 167 3565 1752 3639">
     <span class='ocr_line' id='line_1_53' title="bbox 167 3565 1752 3639; baseline 0.003 -19"><span class='ocrx_word' id='word_1_426' title='bbox 167 3565 338 3620; x_wconf 83' lang='lat' dir='ltr'><strong>stolos</strong></span> <span class='ocrx_word' id='word_1_427' title='bbox 362 3566 750 3634; x_wconf 78' lang='lat' dir='ltr'><strong>evangelizata,</strong></span> <span class='ocrx_word' id='word_1_428' title='bbox 784 3583 883 3636; x_wconf 89' lang='lat' dir='ltr'><em>per</em></span> <span class='ocrx_word' id='word_1_429' title='bbox 908 3576 1178 3639; x_wconf 87' lang='lat' dir='ltr'><strong>martyres</strong></span> <span class='ocrx_word' id='word_1_430' title='bbox 1201 3569 1504 3631; x_wconf 83' lang='lat' dir='ltr'><strong>testiﬁcata,</strong></span> <span class='ocrx_word' id='word_1_431' title='bbox 1533 3586 1633 3639; x_wconf 88' lang='lat' dir='ltr'><em>per</em></span> <span class='ocrx_word' id='word_1_432' title='bbox 1662 3571 1752 3625; x_wconf 88' lang='lat' dir='ltr'><em>do-</em></span> 
     </span>
    </p>
   </div>
   <div class='ocr_carea' id='block_1_54' title="bbox 165 3655 1750 3724">
    <p class='ocr_par' dir='ltr' id='par_1_54' title="bbox 165 3655 1750 3724">
     <span class='ocr_line' id='line_1_54' title="bbox 165 3655 1750 3724; baseline 0.003 -14"><span class='ocrx_word' id='word_1_433' title='bbox 165 3662 350 3711; x_wconf 88' lang='lat' dir='ltr'><strong>ctores</strong></span> <span class='ocrx_word' id='word_1_434' title='bbox 386 3657 650 3724; x_wconf 78' lang='lat' dir='ltr'><strong>exposita.</strong></span> <span class='ocrx_word' id='word_1_435' title='bbox 677 3655 948 3723; x_wconf 83' lang='lat' dir='ltr'><strong>Quidquid</strong></span> <span class='ocrx_word' id='word_1_436' title='bbox 987 3658 1114 3713; x_wconf 87' lang='lat' dir='ltr'><strong>huic</strong></span> <span class='ocrx_word' id='word_1_437' title='bbox 1150 3658 1271 3712; x_wconf 88' lang='lat' dir='ltr'><strong>ﬁdei</strong></span> <span class='ocrx_word' id='word_1_438' title='bbox 1300 3659 1635 3713; x_wconf 87' lang='lat' dir='ltr'><strong>contrarium</strong></span> <span class='ocrx_word' id='word_1_439' title='bbox 1665 3660 1750 3714; x_wconf 89' lang='lat' dir='ltr'><strong>in-</strong></span> 
     </span>
    </p>
   </div>
   <div class='ocr_carea' id='block_1_55' title="bbox 162 3747 1751 3821">
    <p class='ocr_par' dir='ltr' id='par_1_55' title="bbox 162 3747 1751 3821">
     <span class='ocr_line' id='line_1_55' title="bbox 162 3747 1751 3821; baseline 0.003 -20"><span class='ocrx_word' id='word_1_440' title='bbox 162 3747 402 3812; x_wconf 86' lang='lat' dir='ltr'><strong>venitur,</strong></span> <span class='ocrx_word' id='word_1_441' title='bbox 431 3755 487 3800; x_wconf 90' lang='lat' dir='ltr'><strong>et</strong></span> <span class='ocrx_word' id='word_1_442' title='bbox 528 3762 755 3816; x_wconf 64' lang='lat' dir='ltr'><strong>quaeque</strong></span> <span class='ocrx_word' id='word_1_443' title='bbox 788 3748 1004 3803; x_wconf 89' lang='lat' dir='ltr'><strong>dissona</strong></span> <span class='ocrx_word' id='word_1_444' title='bbox 1047 3758 1105 3804; x_wconf 91' lang='lat' dir='ltr'><strong>et</strong></span> <span class='ocrx_word' id='word_1_445' title='bbox 1143 3749 1525 3819; x_wconf 84' lang='lat' dir='ltr'><strong>discrepantia,</strong></span> <span class='ocrx_word' id='word_1_446' title='bbox 1569 3750 1751 3821; x_wconf 82' lang='lat' dir='ltr'><strong>inepta</strong></span> 
     </span>
    </p>
   </div>
   <div class='ocr_carea' id='block_1_56' title="bbox 162 3838 1749 3910">
    <p class='ocr_par' dir='ltr' id='par_1_56' title="bbox 162 3838 1749 3910">
     <span class='ocr_line' id='line_1_56' title="bbox 162 3838 1749 3910; baseline 0.003 -18"><span class='ocrx_word' id='word_1_447' title='bbox 162 3846 325 3902; x_wconf 88' lang='lat' dir='ltr'><strong>sunt,</strong></span> <span class='ocrx_word' id='word_1_448' title='bbox 364 3844 422 3891; x_wconf 90' lang='lat' dir='ltr'><em>et</em></span> <span class='ocrx_word' id='word_1_449' title='bbox 458 3838 714 3905; x_wconf 81' lang='lat' dir='ltr'><strong>profana,</strong></span> <span class='ocrx_word' id='word_1_450' title='bbox 751 3847 913 3908; x_wconf 83' lang='lat' dir='ltr'><strong>atque</strong></span> <span class='ocrx_word' id='word_1_451' title='bbox 960 3838 1323 3910; x_wconf 81' lang='lat' dir='ltr'><strong>inaniloquia,</strong></span> <span class='ocrx_word' id='word_1_452' title='bbox 1355 3856 1477 3910; x_wconf 68' lang='lat' dir='ltr'><strong>quae</strong></span> <span class='ocrx_word' id='word_1_453' title='bbox 1521 3842 1749 3897; x_wconf 90' lang='lat' dir='ltr'><strong>multum</strong></span> 
     </span>
    </p>
   </div>
   <div class='ocr_carea' id='block_1_57' title="bbox 160 3925 1751 3999">
    <p class='ocr_par' dir='ltr' id='par_1_57' title="bbox 160 3925 1751 3999">
     <span class='ocr_line' id='line_1_57' title="bbox 160 3925 1751 3999; baseline 0.004 -19"><span class='ocrx_word' id='word_1_454' title='bbox 160 3925 453 3996; x_wconf 87' lang='lat' dir='ltr'><strong>proﬁciunt</strong></span> <span class='ocrx_word' id='word_1_455' title='bbox 479 3928 547 3982; x_wconf 86' lang='lat' dir='ltr'><em>ad</em></span> <span class='ocrx_word' id='word_1_456' title='bbox 585 3926 943 3997; x_wconf 85' lang='lat' dir='ltr'><strong>impietatem,</strong></span> <span class='ocrx_word' id='word_1_457' title='bbox 984 3943 1051 3984; x_wconf 89' lang='lat' dir='ltr'><em>ac</em></span> <span class='ocrx_word' id='word_1_458' title='bbox 1086 3943 1185 3999; x_wconf 85' lang='lat' dir='ltr'><strong>per</strong></span> <span class='ocrx_word' id='word_1_459' title='bbox 1224 3930 1325 3984; x_wconf 89' lang='lat' dir='ltr'><em>hoc</em></span> <span class='ocrx_word' id='word_1_460' title='bbox 1366 3930 1613 3985; x_wconf 86' lang='lat' dir='ltr'><strong>doctrina</strong></span> <span class='ocrx_word' id='word_1_461' title='bbox 1641 3931 1751 3987; x_wconf 74' lang='lat' dir='ltr'><strong>dce-</strong></span> 
     </span>
    </p>
   </div>
   <div class='ocr_carea' id='block_1_58' title="bbox 160 4018 1748 4090">
    <p class='ocr_par' dir='ltr' id='par_1_58' title="bbox 160 4018 1748 4090">
     <span class='ocr_line' id='line_1_58' title="bbox 160 4018 1748 4090; baseline 0.004 -19"><span class='ocrx_word' id='word_1_462' title='bbox 160 4018 467 4072; x_wconf 86' lang='lat' dir='ltr'><strong>moniorum</strong></span> <span class='ocrx_word' id='word_1_463' title='bbox 514 4024 570 4072; x_wconf 87' lang='lat' dir='ltr'><em>et</em></span> <span class='ocrx_word' id='word_1_464' title='bbox 609 4018 1074 4084; x_wconf 87' lang='lat' dir='ltr'><strong>antichristorum,</strong></span> <span class='ocrx_word' id='word_1_465' title='bbox 1116 4019 1185 4075; x_wconf 89' lang='lat' dir='ltr'><em>de</em></span> <span class='ocrx_word' id='word_1_466' title='bbox 1216 4020 1413 4088; x_wconf 88' lang='lat' dir='ltr'><strong>quibus</strong></span> <span class='ocrx_word' id='word_1_467' title='bbox 1457 4021 1748 4090; x_wconf 85' lang='lat' dir='ltr'><strong>Apostolus</strong></span> 
     </span>
    </p>
   </div>
   <div class='ocr_carea' id='block_1_59' title="bbox 158 4106 1745 4175">
    <p class='ocr_par' dir='ltr' id='par_1_59' title="bbox 158 4106 1745 4175">
     <span class='ocr_line' id='line_1_59' title="bbox 158 4106 1745 4175; baseline 0.003 -13"><span class='ocrx_word' id='word_1_468' title='bbox 158 4108 237 4162; x_wconf 80' lang='lat' dir='ltr'><em>ait</em></span> <span class='ocrx_word' id='word_1_469' title='bbox 274 4127 286 4162; x_wconf 89' lang='lat'>:</span> <span class='ocrx_word' id='word_1_470' title='bbox 331 4106 545 4171; x_wconf 82' lang='lat' dir='ltr'><em>Filioli,</em></span> <span class='ocrx_word' id='word_1_471' title='bbox 595 4108 879 4163; x_wconf 87' lang='lat' dir='ltr'><em>novissima</em></span> <span class='ocrx_word' id='word_1_472' title='bbox 928 4108 1061 4163; x_wconf 90' lang='lat' dir='ltr'><em>hora</em></span> <span class='ocrx_word' id='word_1_473' title='bbox 1104 4120 1215 4175; x_wconf 90' lang='lat' dir='ltr'><em>est;</em></span> <span class='ocrx_word' id='word_1_474' title='bbox 1258 4119 1304 4164; x_wconf 90' lang='lat' dir='ltr'><em>et</em></span> <span class='ocrx_word' id='word_1_475' title='bbox 1344 4112 1476 4165; x_wconf 89' lang='lat' dir='ltr'><em>sicut</em></span> <span class='ocrx_word' id='word_1_476' title='bbox 1522 4112 1745 4167; x_wconf 87' lang='lat' dir='ltr'><em>audistis</em></span> 
     </span>
    </p>
   </div>
   <div class='ocr_carea' id='block_1_60' title="bbox 156 4198 1745 4271">
    <p class='ocr_par' dir='ltr' id='par_1_60' title="bbox 156 4198 1745 4271">
     <span class='ocr_line' id='line_1_60' title="bbox 156 4198 1745 4271; baseline 0.004 -20"><span class='ocrx_word' id='word_1_477' title='bbox 156 4200 283 4269; x_wconf 81' lang='lat' dir='ltr'><em>quia</em></span> <span class='ocrx_word' id='word_1_478' title='bbox 316 4198 668 4252; x_wconf 83' lang='lat' dir='ltr'><em>Antichristus</em></span> <span class='ocrx_word' id='word_1_479' title='bbox 705 4199 879 4264; x_wconf 90' lang='lat' dir='ltr'><em>venit,</em></span> <span class='ocrx_word' id='word_1_480' title='bbox 911 4216 1048 4253; x_wconf 90' lang='lat' dir='ltr'><em>nunc</em></span> <span class='ocrx_word' id='word_1_481' title='bbox 1083 4199 1391 4255; x_wconf 76' lang='lat' dir='ltr'><em>Antichristi</em></span> <span class='ocrx_word' id='word_1_482' title='bbox 1422 4200 1576 4255; x_wconf 87' lang='lat' dir='ltr'><em>multi</em></span> <span class='ocrx_word' id='word_1_483' title='bbox 1615 4203 1745 4271; x_wconf 92' lang='lat' dir='ltr'><em>facti</em></span> 
     </span>
    </p>
   </div>
   <div class='ocr_carea' id='block_1_61' title="bbox 157 4285 1740 4357">
    <p class='ocr_par' dir='ltr' id='par_1_61' title="bbox 157 4285 1740 4357">
     <span class='ocr_line' id='line_1_61' title="bbox 157 4285 1740 4357; baseline 0.003 -16"><span class='ocrx_word' id='word_1_484' title='bbox 157 4294 301 4341; x_wconf 87' lang='lat' dir='ltr'><em>sunt.</em></span> <span class='ocrx_word' id='word_1_485' title='bbox 337 4285 413 4341; x_wconf 90' lang='lat' dir='ltr'><em>De</em></span> <span class='ocrx_word' id='word_1_486' title='bbox 450 4286 648 4357; x_wconf 85' lang='lat' dir='ltr'><strong>quibus</strong></span> <span class='ocrx_word' id='word_1_487' title='bbox 684 4286 823 4343; x_wconf 87' lang='lat' dir='ltr'><strong>alius</strong></span> <span class='ocrx_word' id='word_1_488' title='bbox 861 4288 1133 4357; x_wconf 87' lang='lat' dir='ltr'><strong>apostolus</strong></span> <span class='ocrx_word' id='word_1_489' title='bbox 1169 4307 1183 4341; x_wconf 89' lang='lat'><strong>:</strong></span> <span class='ocrx_word' id='word_1_490' title='bbox 1219 4288 1291 4343; x_wconf 87' lang='lat' dir='ltr'><em>Hi</em></span> <span class='ocrx_word' id='word_1_491' title='bbox 1330 4300 1452 4344; x_wconf 87' lang='lat' dir='ltr'><em>sunt</em></span> <span class='ocrx_word' id='word_1_492' title='bbox 1500 4306 1740 4345; x_wconf 89' lang='lat' dir='ltr'><em>murmu-</em></span> 
     </span>
    </p>
   </div>
   <div class='ocr_carea' id='block_1_62' title="bbox 159 4376 1741 4446">
    <p class='ocr_par' dir='ltr' id='par_1_62' title="bbox 159 4376 1741 4446">
     <span class='ocr_line' id='line_1_62' title="bbox 159 4376 1741 4446; baseline 0.002 -15"><span class='ocrx_word' id='word_1_493' title='bbox 159 4386 386 4443; x_wconf 86' lang='lat' dir='ltr'><em>ratores,</em></span> <span class='ocrx_word' id='word_1_494' title='bbox 424 4376 713 4446; x_wconf 88' lang='lat' dir='ltr'><em>querulosi,</em></span> <span class='ocrx_word' id='word_1_495' title='bbox 763 4379 1049 4434; x_wconf 86' lang='lat' dir='ltr'><em>secundum</em></span> <span class='ocrx_word' id='word_1_496' title='bbox 1100 4379 1359 4434; x_wconf 89' lang='lat' dir='ltr'><em>desideria</em></span> <span class='ocrx_word' id='word_1_497' title='bbox 1406 4397 1504 4434; x_wconf 90' lang='lat' dir='ltr'><em>sua</em></span> <span class='ocrx_word' id='word_1_498' title='bbox 1553 4381 1741 4434; x_wconf 83' lang='lat' dir='ltr'><em>ambu-</em></span> 
     </span>
    </p>
   </div>
   <div class='ocr_carea' id='block_1_63' title="bbox 156 4466 1736 4540">
    <p class='ocr_par' dir='ltr' id='par_1_63' title="bbox 156 4466 1736 4540">
     <span class='ocr_line' id='line_1_63' title="bbox 156 4466 1736 4540; baseline 0.004 -21"><span class='ocrx_word' id='word_1_499' title='bbox 156 4466 365 4529; x_wconf 86' lang='lat' dir='ltr'><em>lantes,</em></span> <span class='ocrx_word' id='word_1_500' title='bbox 412 4476 461 4531; x_wconf 83' lang='lat' dir='ltr'><em>et</em></span> <span class='ocrx_word' id='word_1_501' title='bbox 509 4477 573 4521; x_wconf 86' lang='lat' dir='ltr'><em>os&#39;</em></span> <span class='ocrx_word' id='word_1_502' title='bbox 602 4466 815 4522; x_wconf 90' lang='lat' dir='ltr'><em>illorum</em></span> <span class='ocrx_word' id='word_1_503' title='bbox 866 4467 1099 4539; x_wconf 80' lang='lat' dir='ltr'><em>loquitur</em></span> <span class='ocrx_word' id='word_1_504' title='bbox 1144 4471 1470 4539; x_wconf 87' lang='lat' dir='ltr'><em>superbiam,</em></span> <span class='ocrx_word' id='word_1_505' title='bbox 1516 4488 1736 4540; x_wconf 87' lang='lat' dir='ltr'><em>quorum</em></span> 
     </span>
    </p>
   </div>
   <div class='ocr_carea' id='block_1_64' title="bbox 1878 1920 3453 1993">
    <p class='ocr_par' dir='ltr' id='par_1_64' title="bbox 1878 1920 3453 1993">
     <span class='ocr_line' id='line_1_64' title="bbox 1878 1920 3453 1993; baseline 0.005 -19"><span class='ocrx_word' id='word_1_506' title='bbox 1878 1921 2015 1975; x_wconf 86' lang='lat' dir='ltr'><em>vobis</em></span> <span class='ocrx_word' id='word_1_507' title='bbox 2039 1921 2227 1974; x_wconf 70' lang='lat' dir='ltr'><em>dixerit</em></span> <span class='ocrx_word' id='word_1_508' title='bbox 2256 1935 2271 1971; x_wconf 91' lang='lat'><em>:</em></span> <span class='ocrx_word' id='word_1_509' title='bbox 2301 1920 2437 1974; x_wconf 82' lang='lat' dir='ltr'><em>Ecce</em></span> <span class='ocrx_word' id='word_1_510' title='bbox 2465 1922 2548 1976; x_wconf 89' lang='lat' dir='ltr'><em>hic</em></span> <span class='ocrx_word' id='word_1_511' title='bbox 2573 1920 2831 1989; x_wconf 79' lang='lat' dir='ltr'><em>Christus,</em></span> <span class='ocrx_word' id='word_1_512' title='bbox 2862 1935 2953 1979; x_wconf 85' lang='lat' dir='ltr'><em>aut</em></span> <span class='ocrx_word' id='word_1_513' title='bbox 2980 1924 3088 1980; x_wconf 90' lang='lat' dir='ltr'><em>illic</em></span> <span class='ocrx_word' id='word_1_514' title='bbox 3106 1967 3121 1993; x_wconf 91' lang='lat'><strong>,</strong></span> <span class='ocrx_word' id='word_1_515' title='bbox 3165 1927 3323 1982; x_wconf 86' lang='lat' dir='ltr'><em>nolite</em></span> <span class='ocrx_word' id='word_1_516' title='bbox 3348 1946 3453 1983; x_wconf 84' lang='lat' dir='ltr'><em>cre-</em></span> 
     </span>
    </p>
   </div>
   <div class='ocr_carea' id='block_1_65' title="bbox 1875 2013 3450 2091">
    <p class='ocr_par' dir='ltr' id='par_1_65' title="bbox 1875 2013 3450 2091">
     <span class='ocr_line' id='line_1_65' title="bbox 1875 2013 3450 2091; baseline 0.006 -26"><span class='ocrx_word' id='word_1_517' title='bbox 1875 2013 2014 2066; x_wconf 85' lang='lat' dir='ltr'><em>dere.</em></span> <span class='ocrx_word' id='word_1_518' title='bbox 2043 2013 2268 2083; x_wconf 86' lang='lat' dir='ltr'><em>Surgent</em></span> <span class='ocrx_word' id='word_1_519' title='bbox 2294 2014 2431 2067; x_wconf 88' lang='lat' dir='ltr'><em>enint</em></span> <span class='ocrx_word' id='word_1_520' title='bbox 2472 2016 2854 2083; x_wconf 89' lang='lat' dir='ltr'><em>pseudochristi</em></span> <span class='ocrx_word' id='word_1_521' title='bbox 2876 2028 2925 2071; x_wconf 91' lang='lat' dir='ltr'><em>et</em></span> <span class='ocrx_word' id='word_1_522' title='bbox 2957 2019 3450 2091; x_wconf 80' lang='lat' dir='ltr'><em>pseudoprophettc;</em></span> 
     </span>
    </p>
   </div>
   <div class='ocr_carea' id='block_1_66' title="bbox 1872 2102 3449 2177">
    <p class='ocr_par' dir='ltr' id='par_1_66' title="bbox 1872 2102 3449 2177">
     <span class='ocr_line' id='line_1_66' title="bbox 1872 2102 3449 2177; baseline 0.006 -23"><span class='ocrx_word' id='word_1_523' title='bbox 1872 2112 1919 2155; x_wconf 91' lang='lat' dir='ltr'><em>et</em></span> <span class='ocrx_word' id='word_1_524' title='bbox 1950 2102 2146 2156; x_wconf 90' lang='lat' dir='ltr'><em>dabunt</em></span> <span class='ocrx_word' id='word_1_525' title='bbox 2171 2104 2319 2173; x_wconf 87' lang='lat' dir='ltr'><em>signa</em></span> <span class='ocrx_word' id='word_1_526' title='bbox 2355 2120 2544 2174; x_wconf 89' lang='lat' dir='ltr'><em>magna</em></span> <span class='ocrx_word' id='word_1_527' title='bbox 2580 2114 2628 2158; x_wconf 90' lang='lat' dir='ltr'><em>et</em></span> <span class='ocrx_word' id='word_1_528' title='bbox 2668 2108 2928 2177; x_wconf 87' lang='lat' dir='ltr'><em>prodigia,</em></span> <span class='ocrx_word' id='word_1_529' title='bbox 2956 2110 3032 2162; x_wconf 90' lang='lat' dir='ltr'><em>ita</em></span> <span class='ocrx_word' id='word_1_530' title='bbox 3058 2118 3112 2162; x_wconf 92' lang='lat' dir='ltr'><em>ut</em></span> <span class='ocrx_word' id='word_1_531' title='bbox 3134 2110 3189 2163; x_wconf 90' lang='lat' dir='ltr'><em>in</em></span> <span class='ocrx_word' id='word_1_532' title='bbox 3218 2125 3449 2164; x_wconf 88' lang='lat' dir='ltr'><em>errorem</em></span> 
     </span>
    </p>
   </div>
   <div class='ocr_carea' id='block_1_67' title="bbox 1870 2190 3451 2267">
    <p class='ocr_par' dir='ltr' id='par_1_67' title="bbox 1870 2190 3451 2267">
     <span class='ocr_line' id='line_1_67' title="bbox 1870 2190 3451 2267; baseline 0.005 -22"><span class='ocrx_word' id='word_1_533' title='bbox 1870 2190 2209 2258; x_wconf 87' lang='lat' dir='ltr'><em>inducantur,</em></span> <span class='ocrx_word' id='word_1_534' title='bbox 2240 2193 2283 2246; x_wconf 87' lang='lat' dir='ltr'><em>si</em></span> <span class='ocrx_word' id='word_1_535' title='bbox 2310 2193 2424 2261; x_wconf 84' lang='lat' dir='ltr'><em>fieri</em></span> <span class='ocrx_word' id='word_1_536' title='bbox 2452 2203 2639 2264; x_wconf 91' lang='lat' dir='ltr'><em>potest,</em></span> <span class='ocrx_word' id='word_1_537' title='bbox 2666 2196 2821 2249; x_wconf 89' lang='lat' dir='ltr'><em>etiam</em></span> <span class='ocrx_word' id='word_1_538' title='bbox 2864 2195 3027 2250; x_wconf 87' lang='lat' dir='ltr'><em>electi.</em></span> <span class='ocrx_word' id='word_1_539' title='bbox 3061 2196 3197 2251; x_wconf 87' lang='lat' dir='ltr'><em>Ecce</em></span> <span class='ocrx_word' id='word_1_540' title='bbox 3222 2198 3451 2267; x_wconf 67' lang='lat' dir='ltr'><em>praedixi</em></span> 
     </span>
    </p>
   </div>
   <div class='ocr_carea' id='block_1_68' title="bbox 1870 2283 3444 2358">
    <p class='ocr_par' dir='ltr' id='par_1_68' title="bbox 1870 2283 3444 2358">
     <span class='ocr_line' id='line_1_68' title="bbox 1870 2283 3444 2358; baseline 0.006 -23"><span class='ocrx_word' id='word_1_541' title='bbox 1870 2284 2030 2336; x_wconf 80' lang='lat' dir='ltr'><em>vobis.</em></span> <span class='ocrx_word' id='word_1_542' title='bbox 2064 2283 2140 2338; x_wconf 85' lang='lat' dir='ltr'><strong>De</strong></span> <span class='ocrx_word' id='word_1_543' title='bbox 2182 2284 2503 2339; x_wconf 87' lang='lat' dir='ltr'><strong>antichristo</strong></span> <span class='ocrx_word' id='word_1_544' title='bbox 2548 2295 2603 2341; x_wconf 91' lang='lat' dir='ltr'><strong>et</strong></span> <span class='ocrx_word' id='word_1_545' title='bbox 2647 2286 2836 2341; x_wconf 88' lang='lat' dir='ltr'><strong>Daniel</strong></span> <span class='ocrx_word' id='word_1_546' title='bbox 2878 2290 3138 2358; x_wconf 87' lang='lat' dir='ltr'><strong>propheta</strong></span> <span class='ocrx_word' id='word_1_547' title='bbox 3169 2291 3250 2345; x_wconf 88' lang='lat' dir='ltr'><em>sic</em></span> <span class='ocrx_word' id='word_1_548' title='bbox 3275 2290 3444 2346; x_wconf 89' lang='lat' dir='ltr'><strong>dicit:</strong></span> 
     </span>
    </p>
   </div>
   <div class='ocr_carea' id='block_1_69' title="bbox 1872 2375 3452 2451">
    <p class='ocr_par' dir='ltr' id='par_1_69' title="bbox 1872 2375 3452 2451">
     <span class='ocr_line' id='line_1_69' title="bbox 1872 2375 3452 2451; baseline 0.008 -22"><span class='ocrx_word' id='word_1_549' title='bbox 1872 2375 2150 2430; x_wconf 77' lang='lat' dir='ltr'><em>Sermones</em></span> <span class='ocrx_word' id='word_1_550' title='bbox 2179 2388 2360 2431; x_wconf 89' lang='lat' dir='ltr'><em>contra</em></span> <span class='ocrx_word' id='word_1_551' title='bbox 2388 2378 2671 2433; x_wconf 74' lang='lat' dir='ltr'><em>Excelsum</em></span> <span class='ocrx_word' id='word_1_552' title='bbox 2695 2380 2957 2451; x_wconf 81' lang='lat' dir='ltr'><em>loquetur,</em></span> <span class='ocrx_word' id='word_1_553' title='bbox 2990 2392 3037 2436; x_wconf 89' lang='lat' dir='ltr'><em>et</em></span> <span class='ocrx_word' id='word_1_554' title='bbox 3068 2394 3275 2439; x_wconf 88' lang='lat' dir='ltr'><em>sanctos</em></span> <span class='ocrx_word' id='word_1_555' title='bbox 3296 2384 3452 2441; x_wconf 78' lang='lat' dir='ltr'><em>Altis-</em></span> 
     </span>
    </p>
   </div>
   <div class='ocr_carea' id='block_1_70' title="bbox 1868 2468 3448 2545">
    <p class='ocr_par' dir='ltr' id='par_1_70' title="bbox 1868 2468 3448 2545">
     <span class='ocr_line' id='line_1_70' title="bbox 1868 2468 3448 2545; baseline 0.008 -26"><span class='ocrx_word' id='word_1_556' title='bbox 1868 2468 1987 2520; x_wconf 90' lang='lat' dir='ltr'><em>simi</em></span> <span class='ocrx_word' id='word_1_557' title='bbox 2011 2476 2256 2533; x_wconf 88' lang='lat' dir='ltr'><em>conteret,</em></span> <span class='ocrx_word' id='word_1_558' title='bbox 2276 2478 2325 2523; x_wconf 91' lang='lat' dir='ltr'><em>et</em></span> <span class='ocrx_word' id='word_1_559' title='bbox 2352 2469 2555 2540; x_wconf 90' lang='lat' dir='ltr'><em>putabit</em></span> <span class='ocrx_word' id='word_1_560' title='bbox 2580 2471 2719 2541; x_wconf 87' lang='lat' dir='ltr'><em>quod</em></span> <span class='ocrx_word' id='word_1_561' title='bbox 2741 2473 2901 2542; x_wconf 88' lang='lat' dir='ltr'><em>possit</em></span> <span class='ocrx_word' id='word_1_562' title='bbox 2923 2483 3127 2528; x_wconf 90' lang='lat' dir='ltr'><em>mutare</em></span> <span class='ocrx_word' id='word_1_563' title='bbox 3145 2485 3376 2545; x_wconf 87' lang='lat' dir='ltr'><em>tempora</em></span> <span class='ocrx_word' id='word_1_564' title='bbox 3400 2488 3448 2531; x_wconf 89' lang='lat' dir='ltr'><em>et</em></span> 
     </span>
    </p>
   </div>
   <div class='ocr_carea' id='block_1_71' title="bbox 1866 2556 3446 2635">
    <p class='ocr_par' dir='ltr' id='par_1_71' title="bbox 1866 2556 3446 2635">
     <span class='ocr_line' id='line_1_71' title="bbox 1866 2556 3446 2635; baseline 0.008 -27"><span class='ocrx_word' id='word_1_565' title='bbox 1866 2556 2025 2626; x_wconf 85' lang='lat' dir='ltr'><em>leges,</em></span> <span class='ocrx_word' id='word_1_566' title='bbox 2055 2566 2102 2611; x_wconf 92' lang='lat' dir='ltr'><em>et</em></span> <span class='ocrx_word' id='word_1_567' title='bbox 2129 2558 2404 2613; x_wconf 88' lang='lat' dir='ltr'><em>tradentur</em></span> <span class='ocrx_word' id='word_1_568' title='bbox 2431 2559 2485 2613; x_wconf 91' lang='lat' dir='ltr'><em>in</em></span> <span class='ocrx_word' id='word_1_569' title='bbox 2511 2577 2671 2613; x_wconf 89' lang='lat' dir='ltr'><em>manu</em></span> <span class='ocrx_word' id='word_1_570' title='bbox 2704 2561 2819 2630; x_wconf 84' lang='lat' dir='ltr'><em>ejus</em></span> <span class='ocrx_word' id='word_1_571' title='bbox 2846 2578 3006 2633; x_wconf 91' lang='lat' dir='ltr'><em>usque</em></span> <span class='ocrx_word' id='word_1_572' title='bbox 3032 2564 3113 2619; x_wconf 21' lang='lat' dir='ltr'><em>ad.</em></span> <span class='ocrx_word' id='word_1_573' title='bbox 3148 2573 3367 2635; x_wconf 89' lang='lat' dir='ltr'><em>tempus,</em></span> <span class='ocrx_word' id='word_1_574' title='bbox 3396 2577 3446 2620; x_wconf 93' lang='lat' dir='ltr'><em>et</em></span> 
     </span>
    </p>
   </div>
   <div class='ocr_carea' id='block_1_72' title="bbox 1865 2648 3446 2722">
    <p class='ocr_par' dir='ltr' id='par_1_72' title="bbox 1865 2648 3446 2722">
     <span class='ocr_line' id='line_1_72' title="bbox 1865 2648 3446 2722; baseline 0.005 -21"><span class='ocrx_word' id='word_1_575' title='bbox 1865 2658 2119 2719; x_wconf 89' lang='lat' dir='ltr'><em>tempora,</em></span> <span class='ocrx_word' id='word_1_576' title='bbox 2148 2657 2198 2703; x_wconf 87' lang='lat' dir='ltr'><em>et</em></span> <span class='ocrx_word' id='word_1_577' title='bbox 2224 2648 2499 2703; x_wconf 90' lang='lat' dir='ltr'><em>dimidium</em></span> <span class='ocrx_word' id='word_1_578' title='bbox 2526 2653 2791 2721; x_wconf 86' lang='lat' dir='ltr'><em>temporis.</em></span> <span class='ocrx_word' id='word_1_579' title='bbox 2837 2652 2905 2705; x_wconf 83' lang='lat' dir='ltr'><em>Et</em></span> <span class='ocrx_word' id='word_1_580' title='bbox 2936 2652 3201 2722; x_wconf 86' lang='lat' dir='ltr'><em>judicium</em></span> <span class='ocrx_word' id='word_1_581' title='bbox 3228 2656 3446 2721; x_wconf 89' lang='lat' dir='ltr'><em>sedebit,</em></span> 
     </span>
    </p>
   </div>
   <div class='ocr_carea' id='block_1_73' title="bbox 1864 2740 3448 2815">
    <p class='ocr_par' dir='ltr' id='par_1_73' title="bbox 1864 2740 3448 2815">
     <span class='ocr_line' id='line_1_73' title="bbox 1864 2740 3448 2815; baseline 0.006 -23"><span class='ocrx_word' id='word_1_582' title='bbox 1864 2748 1921 2793; x_wconf 90' lang='lat' dir='ltr'><em>ut</em></span> <span class='ocrx_word' id='word_1_583' title='bbox 1956 2740 2229 2809; x_wconf 84' lang='lat' dir='ltr'><em>auferatur</em></span> <span class='ocrx_word' id='word_1_584' title='bbox 2248 2741 2497 2810; x_wconf 87' lang='lat' dir='ltr'><em>potentia,</em></span> <span class='ocrx_word' id='word_1_585' title='bbox 2513 2751 2562 2795; x_wconf 92' lang='lat' dir='ltr'><em>et</em></span> <span class='ocrx_word' id='word_1_586' title='bbox 2583 2752 2900 2807; x_wconf 87' lang='lat' dir='ltr'><em>conteratur,</em></span> <span class='ocrx_word' id='word_1_587' title='bbox 2923 2754 2969 2798; x_wconf 90' lang='lat' dir='ltr'><em>et</em></span> <span class='ocrx_word' id='word_1_588' title='bbox 2998 2744 3256 2814; x_wconf 89' lang='lat' dir='ltr'><em>dispereat</em></span> <span class='ocrx_word' id='word_1_589' title='bbox 3287 2762 3448 2815; x_wconf 75' lang='lat' dir='ltr'><em>usque</em></span> 
     </span>
    </p>
   </div>
   <div class='ocr_carea' id='block_1_74' title="bbox 1862 2830 3445 2908">
    <p class='ocr_par' dir='ltr' id='par_1_74' title="bbox 1862 2830 3445 2908">
     <span class='ocr_line' id='line_1_74' title="bbox 1862 2830 3445 2908; baseline 0.006 -24"><span class='ocrx_word' id='word_1_590' title='bbox 1862 2832 1918 2885; x_wconf 89' lang='lat' dir='ltr'><em>in</em></span> <span class='ocrx_word' id='word_1_591' title='bbox 1946 2831 2125 2900; x_wconf 84' lang='lat' dir='ltr'><em>ﬁnem.</em></span> <span class='ocrx_word' id='word_1_592' title='bbox 2166 2830 2400 2902; x_wconf 86' lang='lat' dir='ltr'><em>Regnum</em></span> <span class='ocrx_word' id='word_1_593' title='bbox 2432 2843 2629 2900; x_wconf 87' lang='lat' dir='ltr'><em>autem,</em></span> <span class='ocrx_word' id='word_1_594' title='bbox 2669 2844 2718 2888; x_wconf 91' lang='lat' dir='ltr'><em>et</em></span> <span class='ocrx_word' id='word_1_595' title='bbox 2763 2845 3010 2905; x_wconf 88' lang='lat' dir='ltr'><em>potestas,</em></span> <span class='ocrx_word' id='word_1_596' title='bbox 3041 2848 3087 2890; x_wconf 92' lang='lat' dir='ltr'><em>et</em></span> <span class='ocrx_word' id='word_1_597' title='bbox 3138 2839 3445 2908; x_wconf 87' lang='lat' dir='ltr'><em>magnitudo</em></span> 
     </span>
    </p>
   </div>
   <div class='ocr_carea' id='block_1_75' title="bbox 1863 2925 3443 3000">
    <p class='ocr_par' dir='ltr' id='par_1_75' title="bbox 1863 2925 3443 3000">
     <span class='ocr_line' id='line_1_75' title="bbox 1863 2925 3443 3000; baseline 0.006 -25"><span class='ocrx_word' id='word_1_598' title='bbox 1863 2925 2025 2994; x_wconf 84' lang='lat' dir='ltr'><em>regni,</em></span> <span class='ocrx_word' id='word_1_599' title='bbox 2059 2939 2176 2995; x_wconf 69' lang='lat' dir='ltr'><em>quia</em></span> <span class='ocrx_word' id='word_1_600' title='bbox 2212 2933 2287 2977; x_wconf 91' lang='lat' dir='ltr'><em>est</em></span> <span class='ocrx_word' id='word_1_601' title='bbox 2315 2927 2493 2979; x_wconf 89' lang='lat' dir='ltr'><em>subter</em></span> <span class='ocrx_word' id='word_1_602' title='bbox 2516 2942 2665 2980; x_wconf 85' lang='lat' dir='ltr'><em>omne</em></span> <span class='ocrx_word' id='word_1_603' title='bbox 2697 2926 2903 2993; x_wconf 72' lang='lat' dir='ltr'><em>caelum,</em></span> <span class='ocrx_word' id='word_1_604' title='bbox 2927 2928 3082 2983; x_wconf 89' lang='lat' dir='ltr'><em>detur</em></span> <span class='ocrx_word' id='word_1_605' title='bbox 3107 2930 3299 3000; x_wconf 90' lang='lat' dir='ltr'><em>populo</em></span> <span class='ocrx_word' id='word_1_606' title='bbox 3326 2947 3443 2984; x_wconf 90' lang='lat' dir='ltr'><em>san-</em></span> 
     </span>
    </p>
   </div>
   <div class='ocr_carea' id='block_1_76' title="bbox 1861 3015 3443 3089">
    <p class='ocr_par' dir='ltr' id='par_1_76' title="bbox 1861 3015 3443 3089">
     <span class='ocr_line' id='line_1_76' title="bbox 1861 3015 3443 3089; baseline 0.004 -19"><span class='ocrx_word' id='word_1_607' title='bbox 1861 3026 2066 3070; x_wconf 88' lang='lat' dir='ltr'><em>ctorum</em></span> <span class='ocrx_word' id='word_1_608' title='bbox 2107 3015 2382 3084; x_wconf 83' lang='lat' dir='ltr'><em>Altissitni,</em></span> <span class='ocrx_word' id='word_1_609' title='bbox 2407 3017 2559 3087; x_wconf 87' lang='lat' dir='ltr'><em>cujus</em></span> <span class='ocrx_word' id='word_1_610' title='bbox 2590 3034 2806 3088; x_wconf 84' lang='lat' dir='ltr'><em>regnum</em></span> <span class='ocrx_word' id='word_1_611' title='bbox 2846 3020 3215 3089; x_wconf 85' lang='lat' dir='ltr'><em>sempiternum</em></span> <span class='ocrx_word' id='word_1_612' title='bbox 3246 3031 3341 3075; x_wconf 89' lang='lat' dir='ltr'><em>est.</em></span> <span class='ocrx_word' id='word_1_613' title='bbox 3377 3022 3443 3077; x_wconf 77' lang='lat' dir='ltr'><strong>Et</strong></span> 
     </span>
    </p>
   </div>
   <div class='ocr_carea' id='block_1_77' title="bbox 1862 3100 3443 3183">
    <p class='ocr_par' dir='ltr' id='par_1_77' title="bbox 1862 3100 3443 3183">
     <span class='ocr_line' id='line_1_77' title="bbox 1862 3100 3443 3183; baseline 0.006 -24"><span class='ocrx_word' id='word_1_614' title='bbox 1862 3106 2058 3161; x_wconf 86' lang='lat' dir='ltr'><strong>iterum</strong></span> <span class='ocrx_word' id='word_1_615' title='bbox 2092 3124 2105 3160; x_wconf 73' lang='grc' dir='ltr'><strong>ε</strong></span> <span class='ocrx_word' id='word_1_616' title='bbox 2134 3106 2213 3161; x_wconf 90' lang='lat' dir='ltr'><em>De</em></span> <span class='ocrx_word' id='word_1_617' title='bbox 2238 3124 2342 3161; x_wconf 89' lang='lat' dir='ltr'><em>uno</em></span> <span class='ocrx_word' id='word_1_618' title='bbox 2392 3100 2567 3163; x_wconf 88' lang='lat' dir='ltr'><em>autem</em></span> <span class='ocrx_word' id='word_1_619' title='bbox 2612 3126 2677 3163; x_wconf 71' lang='lat' dir='ltr'><em>ex</em></span> <span class='ocrx_word' id='word_1_620' title='bbox 2722 3111 2797 3165; x_wconf 87' lang='lat' dir='ltr'><em>eis</em></span> <span class='ocrx_word' id='word_1_621' title='bbox 2844 3128 3107 3183; x_wconf 87' lang='lat' dir='ltr'><em>egressum</em></span> <span class='ocrx_word' id='word_1_622' title='bbox 3161 3123 3234 3168; x_wconf 87' lang='lat' dir='ltr'><em>est</em></span> <span class='ocrx_word' id='word_1_623' title='bbox 3279 3131 3443 3169; x_wconf 83' lang='lat' dir='ltr'><em>cornu</em></span> 
     </span>
    </p>
   </div>
   <div class='ocr_carea' id='block_1_78' title="bbox 1784 3198 3444 3272">
    <p class='ocr_par' dir='ltr' id='par_1_78' title="bbox 1784 3198 3444 3272">
     <span class='ocr_line' id='line_1_78' title="bbox 1784 3198 3444 3272; baseline 0.007 -24"><span class='ocrx_word' id='word_1_624' title='bbox 1784 3198 1828 3258; x_wconf 87' lang='lat' dir='ltr'><strong>C</strong></span> <span class='ocrx_word' id='word_1_625' title='bbox 1861 3213 2022 3250; x_wconf 88' lang='lat' dir='ltr'><em>unum</em></span> <span class='ocrx_word' id='word_1_626' title='bbox 2068 3198 2435 3264; x_wconf 87' lang='lat' dir='ltr'><em>modicum;et</em></span> <span class='ocrx_word' id='word_1_627' title='bbox 2473 3198 2671 3269; x_wconf 89' lang='lat' dir='ltr'><em>factum</em></span> <span class='ocrx_word' id='word_1_628' title='bbox 2716 3211 2789 3255; x_wconf 85' lang='lat' dir='ltr'><em>est</em></span> <span class='ocrx_word' id='word_1_629' title='bbox 2841 3202 3038 3272; x_wconf 85' lang='lat' dir='ltr'><em>grande</em></span> <span class='ocrx_word' id='word_1_630' title='bbox 3083 3214 3263 3259; x_wconf 87' lang='lat' dir='ltr'><em>contra</em></span> <span class='ocrx_word' id='word_1_631' title='bbox 3290 3208 3444 3261; x_wconf 74' lang='lat' dir='ltr'><em>meti-</em></span> 
     </span>
    </p>
   </div>
   <div class='ocr_carea' id='block_1_79' title="bbox 1858 3288 3439 3363">
    <p class='ocr_par' dir='ltr' id='par_1_79' title="bbox 1858 3288 3439 3363">
     <span class='ocr_line' id='line_1_79' title="bbox 1858 3288 3439 3363; baseline 0.006 -22"><span class='ocrx_word' id='word_1_632' title='bbox 1858 3288 2017 3350; x_wconf 90' lang='lat' dir='ltr'><em>diem,</em></span> <span class='ocrx_word' id='word_1_633' title='bbox 2060 3301 2109 3342; x_wconf 90' lang='lat' dir='ltr'><em>et</em></span> <span class='ocrx_word' id='word_1_634' title='bbox 2138 3299 2318 3343; x_wconf 86' lang='lat' dir='ltr'><em>contra</em></span> <span class='ocrx_word' id='word_1_635' title='bbox 2359 3292 2633 3355; x_wconf 87' lang='lat' dir='ltr'><em>orientem,</em></span> <span class='ocrx_word' id='word_1_636' title='bbox 2660 3301 2709 3345; x_wconf 91' lang='lat' dir='ltr'><em>et</em></span> <span class='ocrx_word' id='word_1_637' title='bbox 2744 3303 2926 3347; x_wconf 90' lang='lat' dir='ltr'><em>contra</em></span> <span class='ocrx_word' id='word_1_638' title='bbox 2952 3294 3346 3363; x_wconf 79' lang='lat' dir='ltr'><em>fortitudinem;</em></span> <span class='ocrx_word' id='word_1_639' title='bbox 3390 3306 3439 3350; x_wconf 91' lang='lat' dir='ltr'><em>et</em></span> 
     </span>
    </p>
   </div>
   <div class='ocr_carea' id='block_1_80' title="bbox 1858 3376 3438 3450">
    <p class='ocr_par' dir='ltr' id='par_1_80' title="bbox 1858 3376 3438 3450">
     <span class='ocr_line' id='line_1_80' title="bbox 1858 3376 3438 3450; baseline 0.009 -22"><span class='ocrx_word' id='word_1_640' title='bbox 1858 3376 2247 3445; x_wconf 88' lang='lat' dir='ltr'><em>magnificatum</em></span> <span class='ocrx_word' id='word_1_641' title='bbox 2276 3388 2350 3432; x_wconf 90' lang='lat' dir='ltr'><em>est</em></span> <span class='ocrx_word' id='word_1_642' title='bbox 2378 3395 2541 3449; x_wconf 89' lang='lat' dir='ltr'><em>usque</em></span> <span class='ocrx_word' id='word_1_643' title='bbox 2577 3381 2647 3433; x_wconf 92' lang='lat' dir='ltr'><em>ad</em></span> <span class='ocrx_word' id='word_1_644' title='bbox 2688 3380 3048 3450; x_wconf 77' lang='lat' dir='ltr'><em>fortitudinem</em></span> <span class='ocrx_word' id='word_1_645' title='bbox 3079 3384 3192 3438; x_wconf 69' lang='lat' dir='ltr'><em>caeli</em></span> <span class='ocrx_word' id='word_1_646' title='bbox 3206 3402 3225 3450; x_wconf 86' lang='lat'><em>;</em></span> <span class='ocrx_word' id='word_1_647' title='bbox 3271 3395 3320 3439; x_wconf 89' lang='lat' dir='ltr'><em>et</em></span> <span class='ocrx_word' id='word_1_648' title='bbox 3348 3386 3438 3442; x_wconf 78' lang='lat' dir='ltr'><em>de-</em></span> 
     </span>
    </p>
   </div>
   <div class='ocr_carea' id='block_1_81' title="bbox 1846 3465 3431 3536">
    <p class='ocr_par' dir='ltr' id='par_1_81' title="bbox 1846 3465 3431 3536">
     <span class='ocr_line' id='line_1_81' title="bbox 1846 3465 3431 3536; baseline 0.008 -18"><span class='ocrx_word' id='word_1_649' title='bbox 1846 3465 1976 3535; x_wconf 87' lang='lat' dir='ltr'><em>jecit</em></span> <span class='ocrx_word' id='word_1_650' title='bbox 2022 3466 2087 3520; x_wconf 90' lang='lat' dir='ltr'><em>de</em></span> <span class='ocrx_word' id='word_1_651' title='bbox 2123 3466 2450 3536; x_wconf 85' lang='lat' dir='ltr'><em>fortitudine,</em></span> <span class='ocrx_word' id='word_1_652' title='bbox 2480 3478 2529 3523; x_wconf 91' lang='lat' dir='ltr'><em>et</em></span> <span class='ocrx_word' id='word_1_653' title='bbox 2558 3470 2622 3525; x_wconf 87' lang='lat' dir='ltr'><em>de</em></span> <span class='ocrx_word' id='word_1_654' title='bbox 2648 3470 2835 3536; x_wconf 90' lang='lat' dir='ltr'><em>stellis,</em></span> <span class='ocrx_word' id='word_1_655' title='bbox 2879 3482 2927 3527; x_wconf 94' lang='lat' dir='ltr'><em>et</em></span> <span class='ocrx_word' id='word_1_656' title='bbox 2955 3474 3279 3530; x_wconf 90' lang='lat' dir='ltr'><em>conculcavit</em></span> <span class='ocrx_word' id='word_1_657' title='bbox 3321 3494 3431 3533; x_wconf 89' lang='lat' dir='ltr'><em>eas.</em></span> 
     </span>
    </p>
   </div>
   <div class='ocr_carea' id='block_1_82' title="bbox 1856 3558 3428 3639">
    <p class='ocr_par' dir='ltr' id='par_1_82' title="bbox 1856 3558 3428 3639">
     <span class='ocr_line' id='line_1_82' title="bbox 1856 3558 3428 3639; baseline 0.009 -26"><span class='ocrx_word' id='word_1_658' title='bbox 1856 3558 1923 3613; x_wconf 87' lang='lat' dir='ltr'><em>Et</em></span> <span class='ocrx_word' id='word_1_659' title='bbox 1944 3567 2107 3632; x_wconf 86' lang='lat' dir='ltr'><em>usque</em></span> <span class='ocrx_word' id='word_1_660' title='bbox 2134 3562 2203 3615; x_wconf 89' lang='lat' dir='ltr'><em>ad</em></span> <span class='ocrx_word' id='word_1_661' title='bbox 2239 3564 2525 3633; x_wconf 75' lang='lat' dir='ltr'><em>principem</em></span> <span class='ocrx_word' id='word_1_662' title='bbox 2555 3564 2882 3633; x_wconf 86' lang='lat' dir='ltr'><em>fortitudinis</em></span> <span class='ocrx_word' id='word_1_663' title='bbox 2911 3569 3301 3639; x_wconf 87' lang='lat' dir='ltr'><em>magnificatum</em></span> <span class='ocrx_word' id='word_1_664' title='bbox 3336 3581 3428 3637; x_wconf 82' lang='lat' dir='ltr'><em>est,</em></span> 
     </span>
    </p>
   </div>
   <div class='ocr_carea' id='block_1_83' title="bbox 1853 3649 3434 3725">
    <p class='ocr_par' dir='ltr' id='par_1_83' title="bbox 1853 3649 3434 3725">
     <span class='ocr_line' id='line_1_83' title="bbox 1853 3649 3434 3725; baseline 0.01 -24"><span class='ocrx_word' id='word_1_665' title='bbox 1853 3657 1902 3702; x_wconf 92' lang='lat' dir='ltr'><em>et</em></span> <span class='ocrx_word' id='word_1_666' title='bbox 1940 3650 2005 3701; x_wconf 92' lang='lat' dir='ltr'><em>ab</em></span> <span class='ocrx_word' id='word_1_667' title='bbox 2033 3666 2095 3703; x_wconf 91' lang='lat' dir='ltr'><em>eo</em></span> <span class='ocrx_word' id='word_1_668' title='bbox 2136 3649 2255 3703; x_wconf 92' lang='lat' dir='ltr'><em>tulit</em></span> <span class='ocrx_word' id='word_1_669' title='bbox 2286 3650 2418 3721; x_wconf 90' lang='lat' dir='ltr'><em>juge</em></span> <span class='ocrx_word' id='word_1_670' title='bbox 2446 3652 2788 3721; x_wconf 77' lang='lat' dir='ltr'><em>sacriﬁcium,</em></span> <span class='ocrx_word' id='word_1_671' title='bbox 2822 3662 2872 3708; x_wconf 91' lang='lat' dir='ltr'><em>et</em></span> <span class='ocrx_word' id='word_1_672' title='bbox 2898 3654 3083 3725; x_wconf 89' lang='lat' dir='ltr'><em>dejecit</em></span> <span class='ocrx_word' id='word_1_673' title='bbox 3112 3658 3283 3713; x_wconf 90' lang='lat' dir='ltr'><em>locum</em></span> <span class='ocrx_word' id='word_1_674' title='bbox 3314 3678 3434 3717; x_wconf 89' lang='lat' dir='ltr'><em>san-</em></span> 
     </span>
    </p>
   </div>
   <div class='ocr_carea' id='block_1_84' title="bbox 1852 3738 3432 3823">
    <p class='ocr_par' dir='ltr' id='par_1_84' title="bbox 1852 3738 3432 3823">
     <span class='ocr_line' id='line_1_84' title="bbox 1852 3738 3432 3823; baseline 0.011 -31"><span class='ocrx_word' id='word_1_675' title='bbox 1852 3738 2183 3807; x_wconf 83' lang='lat' dir='ltr'><em>ctiﬁcationis</em></span> <span class='ocrx_word' id='word_1_676' title='bbox 2212 3741 2346 3811; x_wconf 88' lang='lat' dir='ltr'><em>ejus.</em></span> <span class='ocrx_word' id='word_1_677' title='bbox 2376 3740 2559 3796; x_wconf 84' lang='lat' dir='ltr'><em>Robur</em></span> <span class='ocrx_word' id='word_1_678' title='bbox 2588 3753 2761 3798; x_wconf 81' lang='lat' dir='ltr'><em>autem</em></span> <span class='ocrx_word' id='word_1_679' title='bbox 2785 3744 2969 3800; x_wconf 88' lang='lat' dir='ltr'><em>datum</em></span> <span class='ocrx_word' id='word_1_680' title='bbox 2995 3756 3071 3801; x_wconf 89' lang='lat' dir='ltr'><em>est</em></span> <span class='ocrx_word' id='word_1_681' title='bbox 3095 3761 3278 3806; x_wconf 90' lang='lat' dir='ltr'><em>contra</em></span> <span class='ocrx_word' id='word_1_682' title='bbox 3299 3753 3432 3823; x_wconf 85' lang='lat' dir='ltr'><em>juge</em></span> 
     </span>
    </p>
   </div>
   <div class='ocr_carea' id='block_1_85' title="bbox 1848 3830 3429 3902">
    <p class='ocr_par' dir='ltr' id='par_1_85' title="bbox 1848 3830 3429 3902">
     <span class='ocr_line' id='line_1_85' title="bbox 1848 3830 3429 3902; baseline 0.011 -22"><span class='ocrx_word' id='word_1_683' title='bbox 1848 3830 2167 3896; x_wconf 84' lang='lat' dir='ltr'><em>sacri/icium</em></span> <span class='ocrx_word' id='word_1_684' title='bbox 2192 3839 2402 3901; x_wconf 80' lang='lat' dir='ltr'><em>propter</em></span> <span class='ocrx_word' id='word_1_685' title='bbox 2421 3842 2667 3901; x_wconf 83' lang='lat' dir='ltr'><em>peccata;</em></span> <span class='ocrx_word' id='word_1_686' title='bbox 2696 3842 2745 3887; x_wconf 91' lang='lat' dir='ltr'><em>et</em></span> <span class='ocrx_word' id='word_1_687' title='bbox 2780 3844 3138 3902; x_wconf 87' lang='lat' dir='ltr'><em>prosternetur</em></span> <span class='ocrx_word' id='word_1_688' title='bbox 3156 3842 3345 3895; x_wconf 85' lang='lat' dir='ltr'><em>veritas</em></span> <span class='ocrx_word' id='word_1_689' title='bbox 3376 3843 3429 3897; x_wconf 87' lang='lat' dir='ltr'><em>in</em></span> 
     </span>
    </p>
   </div>
   <div class='ocr_carea' id='block_1_86' title="bbox 1848 3919 3429 4001">
    <p class='ocr_par' dir='ltr' id='par_1_86' title="bbox 1848 3919 3429 4001">
     <span class='ocr_line' id='line_1_86' title="bbox 1848 3919 3429 4001; baseline 0.009 -28"><span class='ocrx_word' id='word_1_690' title='bbox 1848 3928 2013 3985; x_wconf 87' lang='lat' dir='ltr'><em>terra,</em></span> <span class='ocrx_word' id='word_1_691' title='bbox 2035 3929 2084 3973; x_wconf 91' lang='lat' dir='ltr'><em>et</em></span> <span class='ocrx_word' id='word_1_692' title='bbox 2105 3919 2287 3988; x_wconf 84' lang='lat' dir='ltr'><em>faciet,</em></span> <span class='ocrx_word' id='word_1_693' title='bbox 2310 3929 2361 3974; x_wconf 90' lang='lat' dir='ltr'><em>et</em></span> <span class='ocrx_word' id='word_1_694' title='bbox 2392 3922 2807 3991; x_wconf 85' lang='lat' dir='ltr'><em>prosperabitur.</em></span> <span class='ocrx_word' id='word_1_695' title='bbox 2836 3923 2902 3979; x_wconf 82' lang='lat' dir='ltr'><em>Et</em></span> <span class='ocrx_word' id='word_1_696' title='bbox 2932 3925 3131 3981; x_wconf 86' lang='lat' dir='ltr'><strong>iterum</strong></span> <span class='ocrx_word' id='word_1_697' title='bbox 3167 3942 3186 3980; x_wconf 90' lang='lat'><strong><em>:</em></strong></span> <span class='ocrx_word' id='word_1_698' title='bbox 3219 3928 3289 3983; x_wconf 83' lang='lat' dir='ltr'><em>Et</em></span> <span class='ocrx_word' id='word_1_699' title='bbox 3314 3943 3429 4001; x_wconf 83' lang='lat' dir='ltr'><em>post</em></span> 
     </span>
    </p>
   </div>
   <div class='ocr_carea' id='block_1_87' title="bbox 1847 4014 3427 4092">
    <p class='ocr_par' dir='ltr' id='par_1_87' title="bbox 1847 4014 3427 4092">
     <span class='ocr_line' id='line_1_87' title="bbox 1847 4014 3427 4092; baseline 0.009 -30"><span class='ocrx_word' id='word_1_700' title='bbox 1847 4026 2061 4081; x_wconf 88' lang='lat' dir='ltr'><em>regnum</em></span> <span class='ocrx_word' id='word_1_701' title='bbox 2099 4026 2296 4075; x_wconf 88' lang='lat' dir='ltr'><em>eorum,</em></span> <span class='ocrx_word' id='word_1_702' title='bbox 2345 4029 2462 4066; x_wconf 92' lang='lat' dir='ltr'><em>cum</em></span> <span class='ocrx_word' id='word_1_703' title='bbox 2489 4014 2739 4067; x_wconf 81' lang='lat' dir='ltr'><em>creverint</em></span> <span class='ocrx_word' id='word_1_704' title='bbox 2783 4016 3102 4086; x_wconf 78' lang='lat' dir='ltr'><em>iniquitates,</em></span> <span class='ocrx_word' id='word_1_705' title='bbox 3154 4033 3427 4092; x_wconf 86' lang='lat' dir='ltr'><em>consurget</em></span> 
     </span>
    </p>
   </div>
   <div class='ocr_carea' id='block_1_88' title="bbox 1848 4101 3427 4179">
    <p class='ocr_par' dir='ltr' id='par_1_88' title="bbox 1848 4101 3427 4179">
     <span class='ocr_line' id='line_1_88' title="bbox 1848 4101 3427 4179; baseline 0.01 -26"><span class='ocrx_word' id='word_1_706' title='bbox 1848 4117 1939 4155; x_wconf 73' lang='lat' dir='ltr'><em>rex</em></span> <span class='ocrx_word' id='word_1_707' title='bbox 1979 4101 2250 4171; x_wconf 86' lang='lat' dir='ltr'><em>impudens</em></span> <span class='ocrx_word' id='word_1_708' title='bbox 2286 4103 2455 4172; x_wconf 89' lang='lat' dir='ltr'><em>facie,</em></span> <span class='ocrx_word' id='word_1_709' title='bbox 2496 4112 2545 4159; x_wconf 92' lang='lat' dir='ltr'><em>et</em></span> <span class='ocrx_word' id='word_1_710' title='bbox 2594 4104 2886 4176; x_wconf 88' lang='lat' dir='ltr'><em>intelligens</em></span> <span class='ocrx_word' id='word_1_711' title='bbox 2928 4111 3333 4179; x_wconf 86' lang='lat' dir='ltr'><em>propositiones;</em></span> <span class='ocrx_word' id='word_1_712' title='bbox 3377 4122 3427 4168; x_wconf 88' lang='lat' dir='ltr'><em>et</em></span> 
     </span>
    </p>
   </div>
   <div class='ocr_carea' id='block_1_89' title="bbox 1850 4191 3424 4269">
    <p class='ocr_par' dir='ltr' id='par_1_89' title="bbox 1850 4191 3424 4269">
     <span class='ocr_line' id='line_1_89' title="bbox 1850 4191 3424 4269; baseline 0.01 -26"><span class='ocrx_word' id='word_1_713' title='bbox 1850 4191 2183 4245; x_wconf 85' lang='lat' dir='ltr'><em>roborabitur</em></span> <span class='ocrx_word' id='word_1_714' title='bbox 2202 4191 2459 4261; x_wconf 89' lang='lat' dir='ltr'><em>fortitudo</em></span> <span class='ocrx_word' id='word_1_715' title='bbox 2488 4195 2624 4264; x_wconf 87' lang='lat' dir='ltr'><em>ejus,</em></span> <span class='ocrx_word' id='word_1_716' title='bbox 2657 4197 2747 4250; x_wconf 91' lang='lat' dir='ltr'><em>sed</em></span> <span class='ocrx_word' id='word_1_717' title='bbox 2779 4213 2881 4250; x_wconf 91' lang='lat' dir='ltr'><em>non</em></span> <span class='ocrx_word' id='word_1_718' title='bbox 2919 4197 2972 4251; x_wconf 90' lang='lat' dir='ltr'><em>in</em></span> <span class='ocrx_word' id='word_1_719' title='bbox 2995 4199 3187 4255; x_wconf 90' lang='lat' dir='ltr'><em>viribus</em></span> <span class='ocrx_word' id='word_1_720' title='bbox 3209 4204 3353 4269; x_wconf 83' lang='lat' dir='ltr'><em>suis;</em></span> <span class='ocrx_word' id='word_1_721' title='bbox 3376 4216 3424 4259; x_wconf 82' lang='lat' dir='ltr'><em>et</em></span> 
     </span>
    </p>
   </div>
   <div class='ocr_carea' id='block_1_90' title="bbox 1843 4283 3422 4364">
    <p class='ocr_par' dir='ltr' id='par_1_90' title="bbox 1843 4283 3422 4364">
     <span class='ocr_line' id='line_1_90' title="bbox 1843 4283 3422 4364; baseline 0.011 -30"><span class='ocrx_word' id='word_1_722' title='bbox 1843 4298 2004 4352; x_wconf 89' lang='lat' dir='ltr'><em>supra</em></span> <span class='ocrx_word' id='word_1_723' title='bbox 2029 4298 2186 4353; x_wconf 87' lang='lat' dir='ltr'><em>quam</em></span> <span class='ocrx_word' id='word_1_724' title='bbox 2210 4283 2350 4337; x_wconf 88' lang='lat' dir='ltr'><em>credi</em></span> <span class='ocrx_word' id='word_1_725' title='bbox 2374 4294 2563 4354; x_wconf 79' lang='lat' dir='ltr'><em>potest,</em></span> <span class='ocrx_word' id='word_1_726' title='bbox 2606 4287 2843 4341; x_wconf 83' lang='lat' dir='ltr'><em>universa</em></span> <span class='ocrx_word' id='word_1_727' title='bbox 2870 4290 3113 4356; x_wconf 86' lang='lat' dir='ltr'><em>vastabit,</em></span> <span class='ocrx_word' id='word_1_728' title='bbox 3140 4302 3187 4345; x_wconf 87' lang='lat' dir='ltr'><em>et</em></span> <span class='ocrx_word' id='word_1_729' title='bbox 3214 4311 3422 4364; x_wconf 81' lang='lat' dir='ltr'><em>prospe-</em></span> 
     </span>
    </p>
   </div>
   <div class='ocr_carea' id='block_1_91' title="bbox 1844 4372 3419 4452">
    <p class='ocr_par' dir='ltr' id='par_1_91' title="bbox 1844 4372 3419 4452">
     <span class='ocr_line' id='line_1_91' title="bbox 1844 4372 3419 4452; baseline 0.007 -26"><span class='ocrx_word' id='word_1_730' title='bbox 1844 4373 2058 4436; x_wconf 90' lang='lat' dir='ltr'><em>rabitur,</em></span> <span class='ocrx_word' id='word_1_731' title='bbox 2101 4382 2149 4426; x_wconf 93' lang='lat' dir='ltr'><em>et</em></span> <span class='ocrx_word' id='word_1_732' title='bbox 2171 4373 2347 4442; x_wconf 87' lang='lat' dir='ltr'><em>faciet.</em></span> <span class='ocrx_word' id='word_1_733' title='bbox 2382 4372 2447 4426; x_wconf 86' lang='lat' dir='ltr'><em>Et</em></span> <span class='ocrx_word' id='word_1_734' title='bbox 2474 4374 2745 4442; x_wconf 76' lang='lat' dir='ltr'><em>interﬁciet</em></span> <span class='ocrx_word' id='word_1_735' title='bbox 2783 4376 3040 4445; x_wconf 89' lang='lat' dir='ltr'><em>robustos,</em></span> <span class='ocrx_word' id='word_1_736' title='bbox 3075 4389 3124 4434; x_wconf 89' lang='lat' dir='ltr'><em>et</em></span> <span class='ocrx_word' id='word_1_737' title='bbox 3170 4383 3419 4452; x_wconf 84' lang='lat' dir='ltr'><em>populum</em></span> 
     </span>
    </p>
   </div>
   <div class='ocr_carea' id='block_1_92' title="bbox 1840 4462 3421 4543">
    <p class='ocr_par' dir='ltr' id='par_1_92' title="bbox 1840 4462 3421 4543">
     <span class='ocr_line' id='line_1_92' title="bbox 1840 4462 3421 4543; baseline 0.007 -27"><span class='ocrx_word' id='word_1_738' title='bbox 1840 4471 2162 4527; x_wconf 73' lang='lat' dir='ltr'><em>sanctorum,</em></span> <span class='ocrx_word' id='word_1_739' title='bbox 2200 4462 2485 4515; x_wconf 87' lang='lat' dir='ltr'><em>secundum</em></span> <span class='ocrx_word' id='word_1_740' title='bbox 2527 4462 2842 4518; x_wconf 81' lang='lat' dir='ltr'><em>voluntatem</em></span> <span class='ocrx_word' id='word_1_741' title='bbox 2863 4482 3014 4520; x_wconf 90' lang='lat' dir='ltr'><em>suam</em></span> <span class='ocrx_word' id='word_1_742' title='bbox 3042 4484 3061 4521; x_wconf 91' lang='lat'><strong><em>:</em></strong></span> <span class='ocrx_word' id='word_1_743' title='bbox 3092 4479 3138 4523; x_wconf 90' lang='lat' dir='ltr'><em>et</em></span> <span class='ocrx_word' id='word_1_744' title='bbox 3165 4471 3421 4543; x_wconf 86' lang='lat' dir='ltr'><em>dirigetur</em></span> 
     </span>
    </p>
   </div>
   <div class='ocr_carea' id='block_1_93' title="bbox 156 4541 3417 4631">
    <p class='ocr_par' dir='ltr' id='par_1_93' title="bbox 156 4541 3417 4631">
     <span class='ocr_line' id='line_1_93' title="bbox 156 4541 3417 4631; baseline 0.002 -21"><span class='ocrx_word' id='word_1_745' title='bbox 156 4557 392 4611; x_wconf 89' lang='lat' dir='ltr'><em>omnium</em></span> <span class='ocrx_word' id='word_1_746' title='bbox 421 4566 574 4626; x_wconf 86' lang='lat' dir='ltr'><em>caput</em></span> <span class='ocrx_word' id='word_1_747' title='bbox 612 4564 686 4612; x_wconf 89' lang='lat' dir='ltr'><em>est</em></span> <span class='ocrx_word' id='word_1_748' title='bbox 733 4557 1105 4613; x_wconf 82' lang='lat' dir='ltr'><em>Antichristus.</em></span> <span class='ocrx_word' id='word_1_749' title='bbox 1139 4558 1215 4614; x_wconf 85' lang='lat' dir='ltr'><strong>De</strong></span> <span class='ocrx_word' id='word_1_750' title='bbox 1256 4575 1363 4629; x_wconf 89' lang='lat' dir='ltr'><strong>quo</strong></span> <span class='ocrx_word' id='word_1_751' title='bbox 1402 4560 1733 4631; x_wconf 82' lang='lat' dir='ltr'><strong>Apostolus:</strong></span> <span class='ocrx_word' id='word_1_752' title='bbox 1763 4541 1816 4600; x_wconf 82' lang='grc' dir='ltr'>Ῑ)</span> <span class='ocrx_word' id='word_1_753' title='bbox 1840 4552 1992 4607; x_wconf 90' lang='lat' dir='ltr'><em>dolus</em></span> <span class='ocrx_word' id='word_1_754' title='bbox 2031 4553 2087 4605; x_wconf 90' lang='lat' dir='ltr'><em>in</em></span> <span class='ocrx_word' id='word_1_755' title='bbox 2136 4568 2296 4606; x_wconf 92' lang='lat' dir='ltr'><em>manu</em></span> <span class='ocrx_word' id='word_1_756' title='bbox 2321 4552 2456 4622; x_wconf 88' lang='lat' dir='ltr'><em>ejus,</em></span> <span class='ocrx_word' id='word_1_757' title='bbox 2481 4562 2528 4606; x_wconf 90' lang='lat' dir='ltr'><em>et</em></span> <span class='ocrx_word' id='word_1_758' title='bbox 2556 4569 2647 4607; x_wconf 91' lang='lat' dir='ltr'><em>cor</em></span> <span class='ocrx_word' id='word_1_759' title='bbox 2686 4570 2839 4607; x_wconf 88' lang='lat' dir='ltr'><em>suum</em></span> <span class='ocrx_word' id='word_1_760' title='bbox 2875 4541 3417 4628; x_wconf 26' lang='lat' dir='ltr'><em>magni/icabitfetin</em></span> 
     </span>
    </p>
   </div>
   <div class='ocr_carea' id='block_1_94' title="bbox 158 4646 1736 4719">
    <p class='ocr_par' dir='ltr' id='par_1_94' title="bbox 158 4646 1736 4719">
     <span class='ocr_line' id='line_1_94' title="bbox 158 4646 1736 4719; baseline 0.003 -19"><span class='ocrx_word' id='word_1_761' title='bbox 158 4646 428 4716; x_wconf 84' lang='lat' dir='ltr'><em>Rogamus</em></span> <span class='ocrx_word' id='word_1_762' title='bbox 481 4664 567 4701; x_wconf 90' lang='lat' dir='ltr'><em>vos</em></span> <span class='ocrx_word' id='word_1_763' title='bbox 615 4656 822 4712; x_wconf 87' lang='lat' dir='ltr'><em>autem,</em></span> <span class='ocrx_word' id='word_1_764' title='bbox 875 4648 1098 4718; x_wconf 89' lang='lat' dir='ltr'><em>fratres,</em></span> <span class='ocrx_word' id='word_1_765' title='bbox 1146 4666 1239 4719; x_wconf 87' lang='lat' dir='ltr'><em>per</em></span> <span class='ocrx_word' id='word_1_766' title='bbox 1283 4650 1565 4705; x_wconf 87' lang='lat' dir='ltr'><em>adventum</em></span> <span class='ocrx_word' id='word_1_767' title='bbox 1624 4651 1736 4704; x_wconf 87' lang='lat' dir='ltr'><em>Do-</em></span> 
     </span>
    </p>
   </div>
   <div class='ocr_carea' id='block_1_95' title="bbox 154 4730 1736 4811">
    <p class='ocr_par' dir='ltr' id='par_1_95' title="bbox 154 4730 1736 4811">
     <span class='ocr_line' id='line_1_95' title="bbox 154 4730 1736 4811; baseline 0.001 -18"><span class='ocrx_word' id='word_1_768' title='bbox 154 4739 288 4793; x_wconf 85' lang='lat' dir='ltr'><em>mini</em></span> <span class='ocrx_word' id='word_1_769' title='bbox 343 4740 507 4792; x_wconf 89' lang='lat' dir='ltr'><em>nostri</em></span> <span class='ocrx_word' id='word_1_770' title='bbox 554 4739 683 4793; x_wconf 74' lang='lat' dir='ltr'><em>Iesu</em></span> <span class='ocrx_word' id='word_1_771' title='bbox 731 4737 928 4793; x_wconf 84' lang='lat' dir='ltr'><em>Christi</em></span> <span class='ocrx_word' id='word_1_772' title='bbox 977 4748 1024 4793; x_wconf 83' lang='lat' dir='ltr'><em>et</em></span> <span class='ocrx_word' id='word_1_773' title='bbox 1078 4730 1269 4794; x_wconf 72' lang='lat' dir='ltr'><em>nostra:</em></span> <span class='ocrx_word' id='word_1_774' title='bbox 1323 4742 1736 4811; x_wconf 88' lang='lat' dir='ltr'><em>congregationis</em></span> 
     </span>
    </p>
   </div>
   <div class='ocr_carea' id='block_1_96' title="bbox 154 4830 1731 4901">
    <p class='ocr_par' dir='ltr' id='par_1_96' title="bbox 154 4830 1731 4901">
     <span class='ocr_line' id='line_1_96' title="bbox 154 4830 1731 4901; baseline 0.001 -18"><span class='ocrx_word' id='word_1_775' title='bbox 154 4832 211 4883; x_wconf 87' lang='lat' dir='ltr'><em>in</em></span> <span class='ocrx_word' id='word_1_776' title='bbox 264 4832 465 4901; x_wconf 83' lang='lat' dir='ltr'><em>ipsum,</em></span> <span class='ocrx_word' id='word_1_777' title='bbox 504 4840 557 4883; x_wconf 90' lang='lat' dir='ltr'><em>ut</em></span> <span class='ocrx_word' id='word_1_778' title='bbox 607 4846 710 4884; x_wconf 90' lang='lat' dir='ltr'><em>non</em></span> <span class='ocrx_word' id='word_1_779' title='bbox 754 4830 857 4885; x_wconf 89' lang='lat' dir='ltr'><em>cito</em></span> <span class='ocrx_word' id='word_1_780' title='bbox 907 4831 1217 4885; x_wconf 87' lang='lat' dir='ltr'><em>moveamini</em></span> <span class='ocrx_word' id='word_1_781' title='bbox 1265 4848 1296 4883; x_wconf 88' lang='lat' dir='ltr'><em>tt</em></span> <span class='ocrx_word' id='word_1_782' title='bbox 1334 4841 1498 4885; x_wconf 80' lang='lat' dir='ltr'><em>vestro</em></span> <span class='ocrx_word' id='word_1_783' title='bbox 1544 4848 1731 4895; x_wconf 88' lang='lat' dir='ltr'><em>sensu,</em></span> 
     </span>
    </p>
   </div>
   <div class='ocr_carea' id='block_1_97' title="bbox 154 4921 1736 4993">
    <p class='ocr_par' dir='ltr' id='par_1_97' title="bbox 154 4921 1736 4993">
     <span class='ocr_line' id='line_1_97' title="bbox 154 4921 1736 4993; baseline 0.001 -18"><span class='ocrx_word' id='word_1_784' title='bbox 154 4937 327 4989; x_wconf 77' lang='lat' dir='ltr'><em>neque</em></span> <span class='ocrx_word' id='word_1_785' title='bbox 379 4922 712 4986; x_wconf 88' lang='lat' dir='ltr'><em>terreamini,</em></span> <span class='ocrx_word' id='word_1_786' title='bbox 766 4938 928 4992; x_wconf 87' lang='lat' dir='ltr'><em>neque</em></span> <span class='ocrx_word' id='word_1_787' title='bbox 979 4938 1071 4991; x_wconf 89' lang='lat' dir='ltr'><em>per</em></span> <span class='ocrx_word' id='word_1_788' title='bbox 1118 4921 1389 4991; x_wconf 87' lang='lat' dir='ltr'><em>spiritum,</em></span> <span class='ocrx_word' id='word_1_789' title='bbox 1435 4939 1598 4993; x_wconf 86' lang='lat' dir='ltr'><em>neque</em></span> <span class='ocrx_word' id='word_1_790' title='bbox 1643 4940 1736 4992; x_wconf 88' lang='lat' dir='ltr'><em>per</em></span> 
     </span>
    </p>
   </div>
   <div class='ocr_carea' id='block_1_98' title="bbox 153 5010 1730 5082">
    <p class='ocr_par' dir='ltr' id='par_1_98' title="bbox 153 5010 1730 5082">
     <span class='ocr_line' id='line_1_98' title="bbox 153 5010 1730 5082; baseline 0 -15"><span class='ocrx_word' id='word_1_791' title='bbox 153 5027 478 5075; x_wconf 86' lang='lat' dir='ltr'><em>sermonem,</em></span> <span class='ocrx_word' id='word_1_792' title='bbox 522 5027 682 5081; x_wconf 84' lang='lat' dir='ltr'><em>neque</em></span> <span class='ocrx_word' id='word_1_793' title='bbox 732 5028 825 5082; x_wconf 86' lang='lat' dir='ltr'><em>per</em></span> <span class='ocrx_word' id='word_1_794' title='bbox 872 5010 1146 5081; x_wconf 84' lang='lat' dir='ltr'><em>epistolam</em></span> <span class='ocrx_word' id='word_1_795' title='bbox 1197 5021 1447 5082; x_wconf 90' lang='lat' dir='ltr'><em>tanquam</em></span> <span class='ocrx_word' id='word_1_796' title='bbox 1502 5028 1594 5081; x_wconf 88' lang='lat' dir='ltr'><em>per</em></span> <span class='ocrx_word' id='word_1_797' title='bbox 1638 5030 1730 5067; x_wconf 88' lang='lat' dir='ltr'><em>nos</em></span> 
     </span>
    </p>
   </div>
   <div class='ocr_carea' id='block_1_99' title="bbox 153 5100 1732 5173">
    <p class='ocr_par' dir='ltr' id='par_1_99' title="bbox 153 5100 1732 5173">
     <span class='ocr_line' id='line_1_99' title="bbox 153 5100 1732 5173; baseline 0.001 -17"><span class='ocrx_word' id='word_1_798' title='bbox 153 5102 391 5165; x_wconf 78' lang='lat' dir='ltr'><em>missam,</em></span> <span class='ocrx_word' id='word_1_799' title='bbox 420 5101 569 5170; x_wconf 83' lang='lat' dir='ltr'><em>quasi</em></span> <span class='ocrx_word' id='word_1_800' title='bbox 606 5101 759 5155; x_wconf 88' lang='lat' dir='ltr'><em>instet</em></span> <span class='ocrx_word' id='word_1_801' title='bbox 810 5101 920 5155; x_wconf 86' lang='lat' dir='ltr'><em>dies</em></span> <span class='ocrx_word' id='word_1_802' title='bbox 968 5100 1201 5154; x_wconf 87' lang='lat' dir='ltr'><em>Domini.</em></span> <span class='ocrx_word' id='word_1_803' title='bbox 1242 5101 1323 5155; x_wconf 87' lang='lat' dir='ltr'><em>Ne</em></span> <span class='ocrx_word' id='word_1_804' title='bbox 1366 5104 1482 5173; x_wconf 88' lang='lat' dir='ltr'><em>quis</em></span> <span class='ocrx_word' id='word_1_805' title='bbox 1528 5119 1614 5157; x_wconf 86' lang='lat' dir='ltr'><em>vos</em></span> <span class='ocrx_word' id='word_1_806' title='bbox 1651 5120 1732 5157; x_wconf 90' lang='lat' dir='ltr'><em>se-</em></span> 
     </span>
    </p>
   </div>
   <div class='ocr_carea' id='block_1_100' title="bbox 152 5178 1730 5261">
    <p class='ocr_par' dir='ltr' id='par_1_100' title="bbox 152 5178 1730 5261">
     <span class='ocr_line' id='line_1_100' title="bbox 152 5178 1730 5261; baseline -0.001 -14"><span class='ocrx_word' id='word_1_807' title='bbox 152 5194 315 5247; x_wconf 86' lang='lat' dir='ltr'><em>dueat</em></span> <span class='ocrx_word' id='word_1_808' title='bbox 350 5190 443 5245; x_wconf 86' lang='lat' dir='ltr'><em>illo</em></span> <span class='ocrx_word' id='word_1_809' title='bbox 473 5191 647 5244; x_wconf 86' lang='lat' dir='ltr'><em>modo.</em></span> <span class='ocrx_word' id='word_1_810' title='bbox 679 5189 939 5255; x_wconf 83' lang='lat' dir='ltr'><em>Quoniam</em></span> <span class='ocrx_word' id='word_1_811' title='bbox 971 5191 1073 5244; x_wconf 90' lang='lat' dir='ltr'><em>nisi</em></span> <span class='ocrx_word' id='word_1_812' title='bbox 1108 5190 1299 5244; x_wconf 84' lang='lat' dir='ltr'><em>venerit</em></span> <span class='ocrx_word' id='word_1_813' title='bbox 1344 5178 1591 5245; x_wconf 62' lang='lat' dir='ltr'><em>diicessio</em></span> <span class='ocrx_word' id='word_1_814' title='bbox 1620 5193 1730 5261; x_wconf 89' lang='lat' dir='ltr'><em>pri-</em></span> 
     </span>
    </p>
   </div>
   <div class='ocr_carea' id='block_1_101' title="bbox 154 5281 1724 5354">
    <p class='ocr_par' dir='ltr' id='par_1_101' title="bbox 154 5281 1724 5354">
     <span class='ocr_line' id='line_1_101' title="bbox 154 5281 1724 5354; baseline -0.001 -17"><span class='ocrx_word' id='word_1_815' title='bbox 154 5300 320 5348; x_wconf 72' lang='lat' dir='ltr'><em>urum,</em></span> <span class='ocrx_word' id='word_1_816' title='bbox 347 5292 395 5337; x_wconf 88' lang='lat' dir='ltr'><em>et</em></span> <span class='ocrx_word' id='word_1_817' title='bbox 442 5281 699 5336; x_wconf 78' lang='lat' dir='ltr'><em>revelatus</em></span> <span class='ocrx_word' id='word_1_818' title='bbox 726 5282 885 5351; x_wconf 90' lang='lat' dir='ltr'><em>fuerit</em></span> <span class='ocrx_word' id='word_1_819' title='bbox 925 5282 1080 5336; x_wconf 85' lang='lat' dir='ltr'><em>homo</em></span> <span class='ocrx_word' id='word_1_820' title='bbox 1120 5283 1344 5352; x_wconf 87' lang='lat' dir='ltr'><em>peccati,</em></span> <span class='ocrx_word' id='word_1_821' title='bbox 1376 5282 1519 5351; x_wconf 83' lang='lat' dir='ltr'><em>ﬁlius</em></span> <span class='ocrx_word' id='word_1_822' title='bbox 1549 5284 1724 5354; x_wconf 83' lang='lat' dir='ltr'><em>perdi-</em></span> 
     </span>
    </p>
   </div>
   <div class='ocr_carea' id='block_1_102' title="bbox 153 5370 1728 5444">
    <p class='ocr_par' dir='ltr' id='par_1_102' title="bbox 153 5370 1728 5444">
     <span class='ocr_line' id='line_1_102' title="bbox 153 5370 1728 5444; baseline 0 -17"><span class='ocrx_word' id='word_1_823' title='bbox 153 5373 332 5435; x_wconf 80' lang='lat' dir='ltr'><em>tionis,</em></span> <span class='ocrx_word' id='word_1_824' title='bbox 374 5371 467 5441; x_wconf 91' lang='lat' dir='ltr'><em>qui</em></span> <span class='ocrx_word' id='word_1_825' title='bbox 497 5370 804 5425; x_wconf 86' lang='lat' dir='ltr'><em>adversatur</em></span> <span class='ocrx_word' id='word_1_826' title='bbox 830 5380 879 5425; x_wconf 90' lang='lat' dir='ltr'><em>et</em></span> <span class='ocrx_word' id='word_1_827' title='bbox 912 5370 1177 5425; x_wconf 72' lang='lat' dir='ltr'><em>extollitur</em></span> <span class='ocrx_word' id='word_1_828' title='bbox 1209 5388 1368 5442; x_wconf 87' lang='lat' dir='ltr'><em>supra</em></span> <span class='ocrx_word' id='word_1_829' title='bbox 1404 5390 1553 5428; x_wconf 87' lang='lat' dir='ltr'><em>omne</em></span> <span class='ocrx_word' id='word_1_830' title='bbox 1589 5375 1728 5444; x_wconf 90' lang='lat' dir='ltr'><em>quod</em></span> 
     </span>
    </p>
   </div>
   <div class='ocr_carea' id='block_1_103' title="bbox 152 5460 1731 5533">
    <p class='ocr_par' dir='ltr' id='par_1_103' title="bbox 152 5460 1731 5533">
     <span class='ocr_line' id='line_1_103' title="bbox 152 5460 1731 5533; baseline 0.001 -17"><span class='ocrx_word' id='word_1_831' title='bbox 152 5463 349 5516; x_wconf 88' lang='lat' dir='ltr'><em>dicitur</em></span> <span class='ocrx_word' id='word_1_832' title='bbox 387 5460 549 5525; x_wconf 89' lang='lat' dir='ltr'><em>Deus,</em></span> <span class='ocrx_word' id='word_1_833' title='bbox 587 5471 676 5515; x_wconf 88' lang='lat' dir='ltr'><em>aut</em></span> <span class='ocrx_word' id='word_1_834' title='bbox 703 5461 842 5533; x_wconf 84' lang='lat' dir='ltr'><em>quod</em></span> <span class='ocrx_word' id='word_1_835' title='bbox 871 5460 1079 5525; x_wconf 89' lang='lat' dir='ltr'><em>colitur,</em></span> <span class='ocrx_word' id='word_1_836' title='bbox 1107 5461 1181 5514; x_wconf 90' lang='lat' dir='ltr'><em>ita</em></span> <span class='ocrx_word' id='word_1_837' title='bbox 1212 5472 1266 5515; x_wconf 89' lang='lat' dir='ltr'><em>ut</em></span> <span class='ocrx_word' id='word_1_838' title='bbox 1295 5462 1351 5515; x_wconf 89' lang='lat' dir='ltr'><em>in</em></span> <span class='ocrx_word' id='word_1_839' title='bbox 1395 5462 1584 5533; x_wconf 85' lang='lat' dir='ltr'><em>templo</em></span> <span class='ocrx_word' id='word_1_840' title='bbox 1630 5463 1731 5517; x_wconf 89' lang='lat' dir='ltr'><em>Dei</em></span> 
     </span>
    </p>
   </div>
   <div class='ocr_carea' id='block_1_104' title="bbox 150 5550 1730 5622">
    <p class='ocr_par' dir='ltr' id='par_1_104' title="bbox 150 5550 1730 5622">
     <span class='ocr_line' id='line_1_104' title="bbox 150 5550 1730 5622; baseline 0.001 -15"><span class='ocrx_word' id='word_1_841' title='bbox 150 5553 348 5609; x_wconf 80' lang='lat' dir='ltr'><em>sedeat.</em></span> <span class='ocrx_word' id='word_1_842' title='bbox 372 5550 647 5606; x_wconf 82' lang='lat' dir='ltr'><em>ostendens</em></span> <span class='ocrx_word' id='word_1_843' title='bbox 687 5568 742 5605; x_wconf 88' lang='lat' dir='ltr'><em>se</em></span> <span class='ocrx_word' id='word_1_844' title='bbox 768 5560 1017 5622; x_wconf 84' lang='lat' dir='ltr'><em>tanquam</em></span> <span class='ocrx_word' id='word_1_845' title='bbox 1042 5552 1108 5605; x_wconf 90' lang='lat' dir='ltr'><em>sit</em></span> <span class='ocrx_word' id='word_1_846' title='bbox 1136 5551 1297 5606; x_wconf 90' lang='lat' dir='ltr'><em>Deus.</em></span> <span class='ocrx_word' id='word_1_847' title='bbox 1330 5552 1454 5605; x_wconf 86' lang='lat' dir='ltr'><em>Non</em></span> <span class='ocrx_word' id='word_1_848' title='bbox 1500 5554 1730 5608; x_wconf 70' lang='lat' dir='ltr'><em>retineIis</em></span> 
     </span>
    </p>
   </div>
   <div class='ocr_carea' id='block_1_105' title="bbox 150 5639 1732 5711">
    <p class='ocr_par' dir='ltr' id='par_1_105' title="bbox 150 5639 1732 5711">
     <span class='ocr_line' id='line_1_105' title="bbox 150 5639 1732 5711; baseline 0.001 -16"><span class='ocrx_word' id='word_1_849' title='bbox 150 5641 291 5710; x_wconf 80' lang='lat' dir='ltr'><em>quod</em></span> <span class='ocrx_word' id='word_1_850' title='bbox 316 5656 432 5695; x_wconf 88' lang='lat' dir='ltr'><em>cum</em></span> <span class='ocrx_word' id='word_1_851' title='bbox 462 5639 635 5693; x_wconf 84' lang='lat' dir='ltr'><em>adhuc</em></span> <span class='ocrx_word' id='word_1_852' title='bbox 666 5657 827 5695; x_wconf 88' lang='lat' dir='ltr'><em>essem</em></span> <span class='ocrx_word' id='word_1_853' title='bbox 852 5641 993 5711; x_wconf 86' lang='lat' dir='ltr'><em>apud</em></span> <span class='ocrx_word' id='word_1_854' title='bbox 1020 5657 1129 5707; x_wconf 91' lang='lat' dir='ltr'><em>vos,</em></span> <span class='ocrx_word' id='word_1_855' title='bbox 1158 5642 1266 5696; x_wconf 73' lang='lat' dir='ltr'><em>lucc</em></span> <span class='ocrx_word' id='word_1_856' title='bbox 1286 5641 1521 5696; x_wconf 83' lang='lat' dir='ltr'><em>dicebam</em></span> <span class='ocrx_word' id='word_1_857' title='bbox 1549 5644 1732 5696; x_wconf 82' lang='lat' dir='ltr'><em>vobis?</em></span> 
     </span>
    </p>
   </div>
   <div class='ocr_carea' id='block_1_106' title="bbox 158 5726 1729 5792">
    <p class='ocr_par' dir='ltr' id='par_1_106' title="bbox 158 5726 1729 5792">
     <span class='ocr_line' id='line_1_106' title="bbox 158 5726 1729 5792; baseline 0.002 -11"><span class='ocrx_word' id='word_1_858' title='bbox 158 5729 219 5781; x_wconf 70' lang='lat' dir='ltr'><em>lzt</em></span> <span class='ocrx_word' id='word_1_859' title='bbox 249 5745 388 5783; x_wconf 77' lang='lat' dir='ltr'><em>nunc</em></span> <span class='ocrx_word' id='word_1_860' title='bbox 413 5726 543 5790; x_wconf 81' lang='lat' dir='ltr'><em>quid</em></span> <span class='ocrx_word' id='word_1_861' title='bbox 570 5726 795 5782; x_wconf 82' lang='lat' dir='ltr'><em>detineat</em></span> <span class='ocrx_word' id='word_1_862' title='bbox 820 5729 978 5792; x_wconf 83' lang='lat' dir='ltr'><em>scitis,</em></span> <span class='ocrx_word' id='word_1_863' title='bbox 1009 5740 1064 5783; x_wconf 88' lang='lat' dir='ltr'><em>ut</em></span> <span class='ocrx_word' id='word_1_864' title='bbox 1097 5729 1346 5784; x_wconf 72' lang='lat' dir='ltr'><em>reveletur</em></span> <span class='ocrx_word' id='word_1_865' title='bbox 1376 5731 1428 5784; x_wconf 86' lang='lat' dir='ltr'><em>in</em></span> <span class='ocrx_word' id='word_1_866' title='bbox 1470 5747 1566 5785; x_wconf 89' lang='lat' dir='ltr'><em>suo</em></span> <span class='ocrx_word' id='word_1_867' title='bbox 1602 5741 1729 5785; x_wconf 85' lang='lat' dir='ltr'><em>tem-</em></span> 
     </span>
    </p>
   </div>
   <div class='ocr_carea' id='block_1_107' title="bbox 1838 4641 3414 4722">
    <p class='ocr_par' dir='ltr' id='par_1_107' title="bbox 1838 4641 3414 4722">
     <span class='ocr_line' id='line_1_107' title="bbox 1838 4641 3414 4722; baseline 0.008 -28"><span class='ocrx_word' id='word_1_868' title='bbox 1838 4641 1986 4709; x_wconf 85' lang='lat' dir='ltr'><em>copia</em></span> <span class='ocrx_word' id='word_1_869' title='bbox 2016 4656 2189 4694; x_wconf 90' lang='lat' dir='ltr'><em>rerum</em></span> <span class='ocrx_word' id='word_1_870' title='bbox 2212 4643 2443 4695; x_wconf 90' lang='lat' dir='ltr'><em>omnium</em></span> <span class='ocrx_word' id='word_1_871' title='bbox 2465 4642 2662 4696; x_wconf 89' lang='lat' dir='ltr'><em>occidet</em></span> <span class='ocrx_word' id='word_1_872' title='bbox 2689 4643 2964 4711; x_wconf 87' lang='lat' dir='ltr'><em>plurimos,</em></span> <span class='ocrx_word' id='word_1_873' title='bbox 2989 4657 3036 4701; x_wconf 91' lang='lat' dir='ltr'><em>et</em></span> <span class='ocrx_word' id='word_1_874' title='bbox 3074 4660 3255 4704; x_wconf 89' lang='lat' dir='ltr'><em>contra</em></span> <span class='ocrx_word' id='word_1_875' title='bbox 3276 4655 3414 4722; x_wconf 88' lang='lat' dir='ltr'><em>prin-</em></span> 
     </span>
    </p>
   </div>
   <div class='ocr_carea' id='block_1_108' title="bbox 1835 4732 3408 4804">
    <p class='ocr_par' dir='ltr' id='par_1_108' title="bbox 1835 4732 3408 4804">
     <span class='ocr_line' id='line_1_108' title="bbox 1835 4732 3408 4804; baseline 0.008 -21"><span class='ocrx_word' id='word_1_876' title='bbox 1835 4734 1997 4802; x_wconf 82' lang='lat' dir='ltr'><em>cipem</em></span> <span class='ocrx_word' id='word_1_877' title='bbox 2025 4732 2317 4803; x_wconf 86' lang='lat' dir='ltr'><em>principum</em></span> <span class='ocrx_word' id='word_1_878' title='bbox 2359 4743 2653 4804; x_wconf 89' lang='lat' dir='ltr'><em>consurget,</em></span> <span class='ocrx_word' id='word_1_879' title='bbox 2685 4746 2733 4789; x_wconf 88' lang='lat' dir='ltr'><em>et</em></span> <span class='ocrx_word' id='word_1_880' title='bbox 2769 4736 2881 4790; x_wconf 90' lang='lat' dir='ltr'><em>sine</em></span> <span class='ocrx_word' id='word_1_881' title='bbox 2911 4755 3069 4793; x_wconf 85' lang='lat' dir='ltr'><em>manu</em></span> <span class='ocrx_word' id='word_1_882' title='bbox 3097 4751 3408 4797; x_wconf 87' lang='lat' dir='ltr'><em>conteretur.</em></span> 
     </span>
    </p>
   </div>
   <div class='ocr_carea' id='block_1_109' title="bbox 1840 4824 3411 4900">
    <p class='ocr_par' dir='ltr' id='par_1_109' title="bbox 1840 4824 3411 4900">
     <span class='ocr_line' id='line_1_109' title="bbox 1840 4824 3411 4900; baseline 0.006 -21"><span class='ocrx_word' id='word_1_883' title='bbox 1840 4825 1903 4879; x_wconf 86' lang='lat' dir='ltr'><strong>Et</strong></span> <span class='ocrx_word' id='word_1_884' title='bbox 1933 4826 2127 4879; x_wconf 80' lang='lat' dir='ltr'><strong>iterum</strong></span> <span class='ocrx_word' id='word_1_885' title='bbox 2167 4842 2179 4878; x_wconf 91' lang='lat'>:</span> <span class='ocrx_word' id='word_1_886' title='bbox 2218 4824 2285 4878; x_wconf 89' lang='lat' dir='ltr'><em>Et</em></span> <span class='ocrx_word' id='word_1_887' title='bbox 2311 4826 2468 4894; x_wconf 92' lang='lat' dir='ltr'><em>faciet</em></span> <span class='ocrx_word' id='word_1_888' title='bbox 2486 4826 2647 4894; x_wconf 70' lang='lat' dir='ltr'><em>juxta</em></span> <span class='ocrx_word' id='word_1_889' title='bbox 2673 4827 2988 4882; x_wconf 88' lang='lat' dir='ltr'><em>voluntatem</em></span> <span class='ocrx_word' id='word_1_890' title='bbox 3026 4846 3178 4884; x_wconf 87' lang='lat' dir='ltr'><em>suam</em></span> <span class='ocrx_word' id='word_1_891' title='bbox 3218 4848 3329 4900; x_wconf 73' lang='lat' dir='ltr'><em>rex,</em></span> <span class='ocrx_word' id='word_1_892' title='bbox 3362 4847 3411 4889; x_wconf 90' lang='lat' dir='ltr'><em>et</em></span> 
     </span>
    </p>
   </div>
   <div class='ocr_carea' id='block_1_110' title="bbox 1834 4913 3407 4987">
    <p class='ocr_par' dir='ltr' id='par_1_110' title="bbox 1834 4913 3407 4987">
     <span class='ocr_line' id='line_1_110' title="bbox 1834 4913 3407 4987; baseline 0.004 -18"><span class='ocrx_word' id='word_1_893' title='bbox 1834 4914 2139 4978; x_wconf 89' lang='lat' dir='ltr'><em>elevabitur,</em></span> <span class='ocrx_word' id='word_1_894' title='bbox 2160 4924 2208 4968; x_wconf 90' lang='lat' dir='ltr'><em>et</em></span> <span class='ocrx_word' id='word_1_895' title='bbox 2230 4913 2652 4984; x_wconf 80' lang='lat' dir='ltr'><em>magniﬁcabitur</em></span> <span class='ocrx_word' id='word_1_896' title='bbox 2672 4915 2945 4970; x_wconf 88' lang='lat' dir='ltr'><em>adversum</em></span> <span class='ocrx_word' id='word_1_897' title='bbox 2968 4934 3171 4973; x_wconf 88' lang='lat' dir='ltr'><em>omnem</em></span> <span class='ocrx_word' id='word_1_898' title='bbox 3204 4919 3368 4975; x_wconf 87' lang='lat' dir='ltr'><em>Deum</em></span> <span class='ocrx_word' id='word_1_899' title='bbox 3389 4942 3407 4987; x_wconf 77' lang='lat'><em>,-</em></span> 
     </span>
    </p>
   </div>
   <div class='ocr_carea' id='block_1_111' title="bbox 1835 5002 3410 5078">
    <p class='ocr_par' dir='ltr' id='par_1_111' title="bbox 1835 5002 3410 5078">
     <span class='ocr_line' id='line_1_111' title="bbox 1835 5002 3410 5078; baseline 0.004 -20"><span class='ocrx_word' id='word_1_900' title='bbox 1835 5014 1883 5059; x_wconf 88' lang='lat' dir='ltr'><em>et</em></span> <span class='ocrx_word' id='word_1_901' title='bbox 1905 5005 2178 5058; x_wconf 88' lang='lat' dir='ltr'><em>adversum</em></span> <span class='ocrx_word' id='word_1_902' title='bbox 2206 5002 2373 5057; x_wconf 90' lang='lat' dir='ltr'><em>Deum</em></span> <span class='ocrx_word' id='word_1_903' title='bbox 2411 5004 2627 5059; x_wconf 89' lang='lat' dir='ltr'><em>deorum</em></span> <span class='ocrx_word' id='word_1_904' title='bbox 2653 5005 2892 5075; x_wconf 88' lang='lat' dir='ltr'><em>loquetur</em></span> <span class='ocrx_word' id='word_1_905' title='bbox 2928 5008 3227 5078; x_wconf 88' lang='lat' dir='ltr'><em>magni/ica,</em></span> <span class='ocrx_word' id='word_1_906' title='bbox 3250 5022 3298 5063; x_wconf 90' lang='lat' dir='ltr'><em>et</em></span> <span class='ocrx_word' id='word_1_907' title='bbox 3327 5012 3410 5064; x_wconf 62' lang='lat' dir='ltr'><em>dic</em></span> 
     </span>
    </p>
   </div>
   <div class='ocr_carea' id='block_1_112' title="bbox 1834 5093 3407 5168">
    <p class='ocr_par' dir='ltr' id='par_1_112' title="bbox 1834 5093 3407 5168">
     <span class='ocr_line' id='line_1_112' title="bbox 1834 5093 3407 5168; baseline 0.003 -19"><span class='ocrx_word' id='word_1_908' title='bbox 1834 5096 2068 5166; x_wconf 79' lang='lat' dir='ltr'><em>rigetur,</em></span> <span class='ocrx_word' id='word_1_909' title='bbox 2119 5094 2281 5148; x_wconf 88' lang='lat' dir='ltr'><em>donec</em></span> <span class='ocrx_word' id='word_1_910' title='bbox 2332 5093 2655 5165; x_wconf 79' lang='lat' dir='ltr'><em>compleatur</em></span> <span class='ocrx_word' id='word_1_911' title='bbox 2708 5096 2985 5150; x_wconf 84' lang='lat' dir='ltr'><em>iracundia</em></span> <span class='ocrx_word' id='word_1_912' title='bbox 3036 5112 3055 5149; x_wconf 89' lang='lat'><strong><em>:</em></strong></span> <span class='ocrx_word' id='word_1_913' title='bbox 3109 5109 3407 5168; x_wconf 88' lang='lat' dir='ltr'><em>perpetrata</em></span> 
     </span>
    </p>
   </div>
   <div class='ocr_carea' id='block_1_113' title="bbox 1834 5184 3404 5256">
    <p class='ocr_par' dir='ltr' id='par_1_113' title="bbox 1834 5184 3404 5256">
     <span class='ocr_line' id='line_1_113' title="bbox 1834 5184 3404 5256; baseline 0.004 -19"><span class='ocrx_word' id='word_1_914' title='bbox 1834 5187 2017 5256; x_wconf 84' lang='lat' dir='ltr'><em>quippe</em></span> <span class='ocrx_word' id='word_1_915' title='bbox 2063 5194 2136 5238; x_wconf 89' lang='lat' dir='ltr'><em>est</em></span> <span class='ocrx_word' id='word_1_916' title='bbox 2178 5184 2437 5254; x_wconf 82' lang='lat' dir='ltr'><em>definitio.</em></span> <span class='ocrx_word' id='word_1_917' title='bbox 2474 5184 2543 5239; x_wconf 85' lang='lat' dir='ltr'><em>Et</em></span> <span class='ocrx_word' id='word_1_918' title='bbox 2582 5184 2749 5239; x_wconf 90' lang='lat' dir='ltr'><em>Deum</em></span> <span class='ocrx_word' id='word_1_919' title='bbox 2782 5196 2993 5255; x_wconf 88' lang='lat' dir='ltr'><em>patrum</em></span> <span class='ocrx_word' id='word_1_920' title='bbox 3034 5204 3250 5241; x_wconf 90' lang='lat' dir='ltr'><em>suorum</em></span> <span class='ocrx_word' id='word_1_921' title='bbox 3302 5205 3404 5243; x_wconf 88' lang='lat' dir='ltr'><em>non</em></span> 
     </span>
    </p>
   </div>
   <div class='ocr_carea' id='block_1_114' title="bbox 1834 5276 3405 5348">
    <p class='ocr_par' dir='ltr' id='par_1_114' title="bbox 1834 5276 3405 5348">
     <span class='ocr_line' id='line_1_114' title="bbox 1834 5276 3405 5348; baseline 0.003 -17"><span class='ocrx_word' id='word_1_922' title='bbox 1834 5277 2111 5347; x_wconf 89' lang='lat' dir='ltr'><em>reputabit,</em></span> <span class='ocrx_word' id='word_1_923' title='bbox 2142 5286 2191 5330; x_wconf 90' lang='lat' dir='ltr'><em>et</em></span> <span class='ocrx_word' id='word_1_924' title='bbox 2240 5278 2338 5331; x_wconf 91' lang='lat' dir='ltr'><em>erit</em></span> <span class='ocrx_word' id='word_1_925' title='bbox 2380 5278 2434 5330; x_wconf 88' lang='lat' dir='ltr'><em>in</em></span> <span class='ocrx_word' id='word_1_926' title='bbox 2473 5276 2901 5347; x_wconf 85' lang='lat' dir='ltr'><em>concupiscentiis</em></span> <span class='ocrx_word' id='word_1_927' title='bbox 2943 5279 3274 5348; x_wconf 86' lang='lat' dir='ltr'><em>feminarum,</em></span> <span class='ocrx_word' id='word_1_928' title='bbox 3311 5298 3405 5335; x_wconf 84' lang='lat' dir='ltr'><em>nec</em></span> 
     </span>
    </p>
   </div>
   <div class='ocr_carea' id='block_1_115' title="bbox 1828 5366 3403 5438">
    <p class='ocr_par' dir='ltr' id='par_1_115' title="bbox 1828 5366 3403 5438">
     <span class='ocr_line' id='line_1_115' title="bbox 1828 5366 3403 5438; baseline 0.002 -18"><span class='ocrx_word' id='word_1_929' title='bbox 1828 5384 2139 5438; x_wconf 88' lang='lat' dir='ltr'><em>quemquam</em></span> <span class='ocrx_word' id='word_1_930' title='bbox 2184 5366 2399 5421; x_wconf 90' lang='lat' dir='ltr'><em>deorum</em></span> <span class='ocrx_word' id='word_1_931' title='bbox 2438 5366 2664 5431; x_wconf 89' lang='lat' dir='ltr'><em>curabit,</em></span> <span class='ocrx_word' id='word_1_932' title='bbox 2704 5368 2827 5436; x_wconf 89' lang='lat' dir='ltr'><em>quia</em></span> <span class='ocrx_word' id='word_1_933' title='bbox 2858 5368 3129 5421; x_wconf 77' lang='lat' dir='ltr'><em>adversum</em></span> <span class='ocrx_word' id='word_1_934' title='bbox 3161 5369 3403 5425; x_wconf 87' lang='lat' dir='ltr'><em>universa</em></span> 
     </span>
    </p>
   </div>
   <div class='ocr_carea' id='block_1_116' title="bbox 1830 5454 3406 5527">
    <p class='ocr_par' dir='ltr' id='par_1_116' title="bbox 1830 5454 3406 5527">
     <span class='ocr_line' id='line_1_116' title="bbox 1830 5454 3406 5527; baseline 0.001 -15"><span class='ocrx_word' id='word_1_935' title='bbox 1830 5466 2121 5526; x_wconf 81' lang='lat' dir='ltr'><em>consurget.</em></span> <span class='ocrx_word' id='word_1_936' title='bbox 2171 5455 2228 5511; x_wconf 87' lang='lat' dir='ltr'><em>In</em></span> <span class='ocrx_word' id='word_1_937' title='bbox 2286 5456 2423 5510; x_wconf 89' lang='lat' dir='ltr'><strong>libro</strong></span> <span class='ocrx_word' id='word_1_938' title='bbox 2469 5456 2791 5527; x_wconf 79' lang='lat' dir='ltr'><strong>Apocalypsi</strong></span> <span class='ocrx_word' id='word_1_939' title='bbox 2844 5475 2857 5509; x_wconf 90' lang='lat'>:</span> <span class='ocrx_word' id='word_1_940' title='bbox 2908 5454 2977 5509; x_wconf 87' lang='lat' dir='ltr'><em>Et</em></span> <span class='ocrx_word' id='word_1_941' title='bbox 3014 5457 3116 5510; x_wconf 86' lang='lat' dir='ltr'><em>vidi</em></span> <span class='ocrx_word' id='word_1_942' title='bbox 3156 5457 3220 5511; x_wconf 89' lang='lat' dir='ltr'><em>de</em></span> <span class='ocrx_word' id='word_1_943' title='bbox 3266 5460 3406 5515; x_wconf 81' lang='lat' dir='ltr'><em>mari</em></span> 
     </span>
    </p>
   </div>
   <div class='ocr_carea' id='block_1_117' title="bbox 1830 5546 3404 5617">
    <p class='ocr_par' dir='ltr' id='par_1_117' title="bbox 1830 5546 3404 5617">
     <span class='ocr_line' id='line_1_117' title="bbox 1830 5546 3404 5617; baseline -0.001 -16"><span class='ocrx_word' id='word_1_944' title='bbox 1830 5549 2044 5602; x_wconf 89' lang='lat' dir='ltr'><em>bestiam</em></span> <span class='ocrx_word' id='word_1_945' title='bbox 2083 5546 2441 5601; x_wconf 87' lang='lat' dir='ltr'><em>ascendentem</em></span> <span class='ocrx_word' id='word_1_946' title='bbox 2468 5587 2482 5611; x_wconf 95' lang='lat'><em>,</em></span> <span class='ocrx_word' id='word_1_947' title='bbox 2533 5547 2802 5617; x_wconf 85' lang='lat' dir='ltr'><em>habentem</em></span> <span class='ocrx_word' id='word_1_948' title='bbox 2843 5562 3040 5600; x_wconf 89' lang='lat' dir='ltr'><em>cornua</em></span> <span class='ocrx_word' id='word_1_949' title='bbox 3082 5557 3305 5617; x_wconf 88' lang='lat' dir='ltr'><em>septem,</em></span> <span class='ocrx_word' id='word_1_950' title='bbox 3351 5558 3404 5603; x_wconf 86' lang='lat' dir='ltr'><em>et</em></span> 
     </span>
    </p>
   </div>
   <div class='ocr_carea' id='block_1_118' title="bbox 1830 5628 3399 5708">
    <p class='ocr_par' dir='ltr' id='par_1_118' title="bbox 1830 5628 3399 5708">
     <span class='ocr_line' id='line_1_118' title="bbox 1830 5628 3399 5708; baseline -0.001 -16"><span class='ocrx_word' id='word_1_951' title='bbox 1830 5639 1999 5707; x_wconf 91' lang='lat' dir='ltr'><em>capita</em></span> <span class='ocrx_word' id='word_1_952' title='bbox 2030 5638 2227 5701; x_wconf 82' lang='lat' dir='ltr'><em>decem,</em></span> <span class='ocrx_word' id='word_1_953' title='bbox 2253 5646 2300 5690; x_wconf 88' lang='lat' dir='ltr'><em>et</em></span> <span class='ocrx_word' id='word_1_954' title='bbox 2328 5655 2483 5708; x_wconf 90' lang='lat' dir='ltr'><em>super</em></span> <span class='ocrx_word' id='word_1_955' title='bbox 2517 5628 2677 5691; x_wconf 76' lang='lat' dir='ltr'><em>cornu</em></span> <span class='ocrx_word' id='word_1_956' title='bbox 2704 5638 2817 5707; x_wconf 77' lang='lat' dir='ltr'><em>ejus</em></span> <span class='ocrx_word' id='word_1_957' title='bbox 2844 5640 3020 5693; x_wconf 87' lang='lat' dir='ltr'><em>decem</em></span> <span class='ocrx_word' id='word_1_958' title='bbox 3061 5638 3399 5704; x_wconf 76' lang='lat' dir='ltr'><em>diademata;</em></span> 
     </span>
    </p>
   </div>
   <div class='ocr_carea' id='block_1_119' title="bbox 1830 5726 3401 5799">
    <p class='ocr_par' dir='ltr' id='par_1_119' title="bbox 1830 5726 3401 5799">
     <span class='ocr_line' id='line_1_119' title="bbox 1830 5726 3401 5799; baseline -0.006 -14"><span class='ocrx_word' id='word_1_959' title='bbox 1830 5742 1877 5785; x_wconf 85' lang='lat' dir='ltr'><em>et</em></span> <span class='ocrx_word' id='word_1_960' title='bbox 1906 5746 2061 5799; x_wconf 79' lang='lat' dir='ltr'><em>super</em></span> <span class='ocrx_word' id='word_1_961' title='bbox 2104 5730 2274 5798; x_wconf 64' lang='lat' dir='ltr'><em>capita</em></span> <span class='ocrx_word' id='word_1_962' title='bbox 2321 5730 2431 5797; x_wconf 76' lang='lat' dir='ltr'><em>ejus</em></span> <span class='ocrx_word' id='word_1_963' title='bbox 2482 5744 2663 5781; x_wconf 84' lang='lat' dir='ltr'><em>nomen</em></span> <span class='ocrx_word' id='word_1_964' title='bbox 2709 5728 3057 5794; x_wconf 75' lang='lat' dir='ltr'><em>blaspht‘mitr.</em></span> <span class='ocrx_word' id='word_1_965' title='bbox 3117 5729 3181 5779; x_wconf 57' lang='grc'><em>1⁸1</em></span> <span class='ocrx_word' id='word_1_966' title='bbox 3236 5726 3401 5780; x_wconf 73' lang='lat' dir='ltr'><em>bt‘slits</em></span> 
     </span>
    </p>
   </div>
  </div>
