3930 6332
475 338 585 396 17.9

1445 344 1502 400 S.
1549 344 1900 403 ΑςοεΑιωι
1936 346 2246 406 EPlSCOPl
2285 351 2772 412 LUGDUNENSIS

3674 368 3784 427 880

665 451 772 508 nidi
789 495 804 519 ,
833 451 1024 548 simil-is
1065 455 1483 548 erat‘pardotet
1512 458 1668 528 pedes
1713 458 1832 528 ejus
1877 457 2076 513 similes
2103 462 2154 520 Α
2179 461 2316 530 ignis
2336 473 2386 517 et
2406 463 2800 536 sulphuris,ubi
2824 471 2988 528 bestia
3013 481 3067 527 et
3081 476 3550 548 pseudopropheta
3565 488 3780 547 crueia-

474 543 607 608 ursi,
635 551 686 597 et
714 557 772 597 ss
795 542 914 616 ejus
939 544 1076 598 sicut
1096 561 1154 599 os
1184 544 1372 601 leonis.
1401 546 1472 601 Et
1495 547 1638 602 dedit
1667 549 1747 602 illi
1774 549 1937 604 draco
1971 551 2072 605 uir-

471 642 645 693 tutem
660 651 815 690 suam
841 643 894 690 et
915 644 1222 707 potestatem
1265 654 1532 710 magnam.
1560 637 1627 693 Et
1663 641 1771 694 vidi
1797 658 1961 695 unum
2005 642 2070 697 de

475 726 738 797 capitibus
762 728 873 782 suis
899 728 1056 799 quasi
1083 730 1314 785 occisum
1341 732 1398 786 in
1419 743 1660 799 mortem,
1688 745 1735 787 et
1757 734 1915 805 plaga
1933 752 2070 790 mor-

473 819 543 876 tis
588 823 706 891 ejus
747 831 935 876 curato
979 828 1074 878 est.
1112 822 1184 878 Et
1227 823 1494 880 admirata
1543 836 1617 881 est
1645 827 1888 882 universa
1926 837 2066 883 terra

466 923 586 986 post
641 914 882 969 bestiam.
932 914 1004 971 Et
1057 915 1414 973 adoraoerunt
1461 917 1747 974 dracbnem
1791 920 1887 991 qui
1921 920 2066 974 dedit

464 1012 776 1077 potestatem
806 1007 1018 1075 bestia;
1044 1017 1094 1062 et
1136 1008 1488 1065 adorava
1522 1010 1759 1076 bestiam,
1789 1011 2018 1065 dicentes
2045 1025 2064 1062 :

467 1096 603 1165 Quis
626 1085 816 1155 similis
859 1098 1037 1155 bestia
1053 1100 1080 1156 7
1097 1108 1149 1155 et
1171 1099 1288 1172 quis
1317 1102 1507 1174 poterit
1541 1119 1777 1175 pugnare
1814 1117 1933 1157 cum
1962 1105 2066 1159 ea?

466 1184 538 1242 Et
565 1186 747 1244 datum
773 1195 850 1245 est
894 1189 1030 1245 ei-os
1070 1189 1284 1262 loquens
1327 1207 1540 1263 magna,
1567 1202 1620 1247 et
1653 1191 2063 1265 blasphemiam,

467 1288 522 1334 et
547 1277 700 1344 data
744 1290 821 1336 est
865 1279 948 1335 illi
998 1289 1228 1352 potestas
1269 1281 1442 1351 facere
1473 1298 1673 1336 menses
1707 1282 2065 1353 quadraginta

467 1371 624 1426 duos.
658 1368 728 1425 Et
767 1372 974 1443 aperuit
1000 1388 1058 1427 os
1085 1387 1240 1426 suum
1288 1373 1344 1427 in
1379 1371 1752 1443 blasphemias,
1778 1372 1849 1426 ad
1892 1373 2058 1426 Deum

465 1456 830 1533 blasphemare
859 1478 1046 1518 nomen
1067 1461 1206 1533 ejus,
1235 1471 1285 1517 et
1312 1461 1713 1526 tabernaculum
1734 1463 1871 1532 ejus,
1901 1473 1950 1517 et
1975 1479 2061 1519 eos

462 1551 555 1624 qui
596 1549 651 1606 in
690 1550 818 1607 calo
858 1551 1118 1608 habitant.
1147 1552 1218 1607 Et
1259 1552 1442 1608 datum
1470 1563 1546 1608 est
1571 1553 1622 1608 ei
1660 1553 1852 1609 bellum
1889 1554 2060 1624 facere

463 1659 583 1696 cum
604 1642 823 1708 sanctis,
850 1651 900 1696 et
926 1643 1129 1698 vincere
1156 1639 1381 1715 illos.Et
1405 1644 1604 1700 iterum
1630 1662 1644 1699 :
1670 1643 1741 1699 Et
1768 1645 1874 1699 vidi
1897 1645 2059 1700 aliam

462 1731 683 1788 bestiam
711 1733 1076 1788 ascendentem
1101 1733 1166 1788 de
1201 1743 1376 1801 terra;
1399 1744 1446 1790 et
1475 1735 1697 1790 habebat
1725 1753 1925 1791 cornua
1953 1737 2059 1792 duo

2174 553 2372 610 buntur
2400 557 2490 612 die
2519 575 2582 614 ac
2604 571 2755 616 nocte
2777 566 2832 618 in
2857 565 3054 622 sacula
3079 568 3422 624 saculorum.

2243 645 2359 702 XV.
2419 648 2556 706 Tres
2604 651 2696 706 hic
2749 653 3039 724 dicuntur,
3100 658 3352 716 diabolus
3398 662 3675 731 videlicet,
3719 677 3783 725 et

2170 735 2368 802 bestia,
2398 755 2521 809 qua:
2567 752 2653 798 est
2699 744 3102 813 Antichristus,
3163 759 3219 804 et
3267 754 3777 827 pseudopropheta,

2169 843 2290 897 quae
2319 844 2538 887 omnem
2563 837 2863 904 potentiam
2903 837 3229 898 Antichristi
3257 852 3546 901 ostenwra
3575 857 3662 904 est
3717 853 3776 907 in

2167 919 2336 989 signis
2357 931 2413 976 et
2433 927 2698 998 prodigiis
2725 931 3102 987 mendacibus.
3140 934 3209 988 Et
3231 935 3350 991 dua:
3393 939 3601 1005 bestia,
3630 955 3775 1012 ope-

2167 1023 2324 1070 rante
2346 1015 2581 1084 diabolo,
2609 1022 3001 1080 eminentiores
3020 1035 3148 1079 sunt
3171 1027 3225 1080 in
3248 1029 3506 1086 universo
3533 1047 3778 1103 corpore

2163 1105 2520 1172 perditorum.
2541 1109 2610 1165 Et
2623 1111 2870 1169 diabolus
2892 1115 3111 1184 quidem
3134 1125 3220 1172 est
3245 1118 3495 1178 inventor
3518 1132 3572 1179 et
3598 1141 3774 1181 causa

2165 1195 2344 1250 omnis
2370 1195 2498 1251 mali
2522 1237 2537 1263 ,
2564 1205 2823 1268 tanquam
2860 1203 3171 1267 hominibus
3197 1208 3506 1264 mortaliter
3532 1212 3774 1269 \iventi-

2163 1284 2266 1340 bus
2301 1287 2605 1344 invisibilis.
2638 1290 2735 1346 Est
2781 1300 2838 1347 et
2877 1294 3149 1352 homicida
3189 1306 3275 1353 est
3302 1299 3373 1354 ab
3406 1300 3580 1356 initio.
3623 1303 3770 1359 Uni-

2163 1392 2322 1432 versa
2351 1379 2495 1436 mala
2524 1395 2644 1451 qua:
2681 1392 2941 1452 operatus
2977 1395 3078 1453 est,
3116 1389 3356 1445 maxime
3382 1405 3482 1460 per
3509 1391 3768 1449 homines

2161 1471 2407 1524 exercuit
2444 1478 2500 1526 et
2544 1483 2783 1528 exercet.
2829 1473 2986 1530 illum
3038 1485 3220 1534 autem
3276 1482 3514 1550 primum
3548 1484 3764 1539 malum

2162 1560 2308 1629 quod
2336 1560 2391 1615 in
2421 1561 2744 1632 deceptione
2767 1565 3071 1634 primorum
3107 1568 3388 1624 hominum
3413 1581 3771 1642 perpetratae

2160 1660 2291 1719 est,
2321 1667 2420 1724 per
2463 1663 2771 1724 serpentem
2797 1656 2957 1726 fecit;
2993 1660 3118 1729 quia
3149 1675 3250 1716 nec
3289 1671 3410 1718 erat
3447 1666 3630 1730 homo,
3659 1680 3771 1736 per

2162 1755 2325 1816 quem
2352 1747 2516 1816 primi
2563 1748 2812 1806 homines
2845 1751 3245 1820 deciperentur.
3299 1754 3404 1810 Per
3443 1767 3762 1826 serpentem

458 1821 661 1917 similia
689 1823 838 1917 agni,
869 1834 919 1879 et
940 1824 1252 1898 loquebatur
1287 1828 1424 1917 sicut
1450 1827 1632 1882 draco.
1657 1826 1728 1881 Et
1755 1837 2060 1899 potestatem
2092 1823 2139 1882 B
2167 1837 2383 1895 locutus
2415 1841 2543 1896 Em
2563 1881 2579 1906 ,
2619 1855 2720 1911 ρον
2746 1842 2915 1897 Evam
2950 1843 3101 1899 Αάω,
3144 1845 3349 1902 Deinde
3375 1863 3474 1917 per
3667 1867 3766 1907 oc-

458 1915 659 1988 prioris
705 1915 884 1970 bestia
913 1932 1116 1971 omnem
1141 1916 1370 1988 faciebat
1405 1916 1462 1972 in
1500 1927 1780 1989 conspectu
1817 1919 1968 1988 ejus;
2012 1929 2063 1973 et

464 2007 591 2078 fecit
620 2014 818 2062 terram
840 2014 890 2063 et
916 2006 1269 2064 inhabitantes
1289 2008 1346 2063 in
1381 2025 1443 2063 ea
1473 2009 1701 2064 adorare
1721 2009 1936 2064 besthm
1960 2009 2064 2079 pri-

457 2113 625 2166 mam,
657 2097 813 2168 cujus
859 2106 1046 2152 curata
1084 2107 1160 2153 est
1189 2098 1349 2170 plaga
1395 2100 1603 2154 mortis.
1642 2098 1727 2152 Et
1763 2099 1886 2168 fecit
1909 2098 2062 2169 signa

458 2205 677 2262 magna,
717 2197 775 2244 ut
801 2189 959 2244 etiam
980 2189 1152 2259 ignem
1177 2190 1376 2260 faceret
1407 2190 1472 2245 de
1497 2188 1623 2245 calo
1669 2189 1984 2244 descendere
2005 2190 2061 2245 in

456 2287 654 2333 terram
679 2278 739 2333 in
773 2283 1053 2350 conspectu
1091 2278 1382 2333 hominum.
1418 2278 1480 2332 Et
1521 2277 1731 2333 seduxit
1763 2277 2061 2332 habitantes

456 2378 675 2434 terram,
701 2375 916 2439 propter
958 2368 1136 2439 signa,
1165 2382 1285 2439 qua
1331 2368 1460 2423 data
1503 2376 1626 2422 sunt
1668 2366 1749 2420 illi
1800 2367 1976 2436 facere
2002 2367 2058 2422 in

456 2465 738 2528 conspectu
781 2457 977 2511 bestia.
1010 2453 1078 2513 Et
1101 2457 1302 2512 iterum
1338 2475 1352 2510 :
1381 2456 1497 2528 Ego
1523 2457 1620 2511 tibi
1658 2457 1835 2510 dicam
1879 2473 2062 2511 sacra-

454 2556 690 2602 mentum
719 2547 976 2614 mulieris,
1019 2557 1069 2605 et
1096 2548 1274 2602 bestia
1302 2564 1421 2619 qua
1448 2557 1624 2619 portat
1652 2561 1788 2615 eam,
1817 2563 1936 2618 qua
1963 2549 2060 2603 ha-

455 2638 538 2692 bet
574 2637 749 2707 capita
779 2645 996 2707 septem,
1034 2647 1084 2692 et
1109 2653 1312 2692 cornua
1335 2637 1533 2692 decem.
1573 2637 1756 2694 Bestia
1795 2657 1955 2711 quam
1985 2642 2058 2695 vi-

453 2727 585 2784 disti
613 2729 735 2800 fuit,
758 2737 806 2784 et
836 2744 942 2784 non
967 2737 1064 2795 est,
1096 2737 1144 2783 et
1171 2744 1456 2784 ascensura
1481 2738 1558 2784 est
1587 2731 1652 2785 de
1676 2731 1884 2802 abysso,
1928 2741 1977 2786 et
2003 2733 2058 2786 in

450 2821 733 2877 interitum
782 2820 918 2886 ibit;
956 2828 1004 2875 et
1062 2820 1400 2874 mirabuntur
1446 2820 1804 2876 inhabitantes
1862 2829 2057 2876 terram

452 2914 472 2984 (
486 2927 710 2985 quorum
737 2928 844 2966 non
873 2921 994 2966 sunt
1015 2911 1211 2983 scripta
1233 2911 1448 2966 nomina
1471 2913 1526 2966 in
1551 2912 1686 2968 libro
1707 2916 1831 2969 vita
1858 2932 1890 2969 a
1925 2930 2055 2968 con-

447 3005 722 3061 stitutione
757 3003 990 3076 mundi),
1031 3003 1264 3059 uidentes
1287 3019 1406 3075 qua
1442 3015 1578 3071 erat,
1610 3015 1660 3058 et
1707 3022 1811 3059 non
1849 3015 1946 3060 est.
1987 3004 2057 3058 Et

449 3100 632 3153 hicest
677 3113 881 3162 sensus,
911 3097 1002 3168 qui
1026 3095 1182 3151 habet
1233 3097 1572 3166 sapientiam.
1605 3095 1810 3166 Septem
1856 3097 2051 3168 capita,

2163 1929 2294 1985 cidit
2318 1928 2474 1985 Abel.
2506 1931 2575 1986 Et
2608 1931 2867 2003 deinceps
2904 1934 3239 2004 pullularunt
3265 1939 3448 1992 omnia
3475 1941 3616 1994 mala
3642 1982 3658 2005 ,
3707 1951 3766 1996 et

2162 2028 2448 2074 creverunt
2472 2021 2803 2091 iniquitates,
2839 2031 2894 2080 et
2919 2034 3176 2081 crescunt
3204 2029 3402 2093 adhuc,
3433 2029 3608 2086 donec
3633 2048 3762 2102 per-

2160 2111 2381 2165 veniam
2408 2112 2477 2166 ad
2507 2129 2782 2168 summum
2810 2116 2973 2183 mali;
3019 2119 3238 2188 quando
3266 2117 3379 2177 Deo
3403 2125 3764 2193 permittente

2160 2209 2216 2258 et
2237 2203 2525 2259 ordinante
2551 2215 2932 2277 assumptums
2961 2216 3046 2263 est
3074 2209 3177 2264 sibi
3207 2211 3451 2269 diabolus
3467 2229 3565 2270 vas
3591 2216 3761 2285 aptis-

2161 2294 2380 2360 simum,
2406 2296 2685 2353 hominem
2714 2298 2966 2355 videlicet
2990 2299 3144 2356 illum
3185 2300 3517 2359 damnatum‘
3548 2315 3606 2362 et
3631 2323 3762 2377 per-

2161 2385 2363 2450 ditum,
2412 2396 2683 2458 caputque
2725 2390 3101 2460 perditorum;
3151 2393 3244 2463 qui
3293 2394 3348 2448 iu
3394 2403 3605 2450 tantam
3659 2413 3760 2452 ex-

2160 2485 2371 2530 crescet
2397 2477 2682 2544 malitiam,
2714 2488 2775 2534 ut
2815 2480 2980 2535 homo
3001 2482 3246 2538 omnium
3275 2485 3546 2553 pessimus
3573 2496 3761 2542 osten-

2161 2571 2278 2619 tare
2306 2579 2366 2620 se
2391 2567 2585 2636 possit,
2616 2573 2672 2622 et
2703 2568 2891 2623 audiat
2920 2577 3177 2640 tanquam
3200 2570 3261 2626 ﬁt
3288 2571 3450 2638 Deus,
3485 2583 3541 2629 et
3559 2585 3759 2631 contra

2159 2655 2415 2711 universa
2467 2666 2780 2730 consurgat,
2819 2667 2874 2714 et
2921 2661 3148 2717 extollat
3188 2677 3248 2718 se
3279 2679 3346 2719 ac
3378 2665 3550 2735 jactet
3591 2682 3762 2737 super

2159 2761 2319 2801 omne
2342 2749 2484 2816 quod
2519 2749 2718 2803 dicitur
2758 2750 2901 2806 Deus
2949 2759 3005 2806 et
3035 2753 3182 2822 quod
3210 2753 3405 2808 colitur
3446 2773 3459 2808 :
3495 2757 3568 2810 ita
3599 2765 3658 2811 ut
3686 2758 3760 2814 de

2160 2835 2252 2891 illo
2268 2835 2382 2904 jam
2405 2839 2608 2894 dictum
2637 2840 2706 2894 sit
2730 2857 2760 2895 a
2789 2841 3021 2898 Domino
3047 2857 3062 2897 :
3094 2841 3220 2898 Non
3253 2854 3330 2899 est
3354 2863 3514 2917 super
3552 2857 3760 2904 terram

2158 2937 2387 2998 potestas
2413 2946 2532 2999 qua
2568 2941 2902 3002 comparetur
2933 2933 2984 2988 ei
3015 2935 3105 3006 qui
3134 2934 3308 3004 factus
3353 2949 3429 2992 est
3459 2949 3516 2993 ut
3545 2940 3759 2995 nullum

2162 3018 2383 3074 timeret.
2409 3017 2578 3074 Omne
2608 3020 2834 3076 sublime
2857 3022 3018 3077 videt.
3045 3023 3168 3095 Ipse
3210 3035 3288 3080 est
3320 3044 3416 3081 rea:
3447 3045 3612 3098 super.
3638 3035 3761 3086 ussi-

2161 3126 2334 3164 uersos
2356 3110 2496 3179 ﬁlios
2523 3113 2800 3182 superbia.
2822 3113 2894 3169 Ut
2909 3115 3146 3171 sciamus
3170 3117 3237 3173 de
3263 3117 3359 3181 illo
3382 3119 3586 3176 dictum
3607 3136 3754 3189 esse.

453 3201 647 3263 κρίθη
669 3197 1036 3280 immaduit
1056 3204 1217 3260 NP"
1248 3191 1378 3280 quo:
1409 3187 1600 3242 ’πείθεθ’
1625 3189 1806 3280 κάτε(
1827 3197 1874 3242 σε
1906 3205 2050 3258 νοθεε
2078 3170 2124 3232 C
2155 3170 2404 3271 superius
2437 3170 2764 3268 ostenditur,
2787 3204 2879 3258 ubi
2908 3195 3117 3260 dicitur.
3142 3224 3155 3260 :
3185 3173 3318 3261 Cum
3353 3170 3757 3280 apprehde

453 3292 648 3355 septem
679 3290 824 3336 sunt.
851 3279 1098 3352 Quinque
1119 3279 1441 3345 ceciderunt,
1464 3295 1602 3336 unus
1627 3287 1724 3342 est,
1752 3277 1892 3333 alius
1915 3296 2050 3336 non-

454 3371 580 3428 dum
604 3373 777 3437 venit;
817 3381 1013 3427 etcum
1064 3373 1291 3438 venerit,
1334 3379 1536 3442 oportet
1567 3369 1718 3424 illum
1757 3369 1908 3425 breve
1931 3381 2054 3426 tem-

461 3479 555 3524 pus
576 3479 809 3518 manere.
840 3462 911 3516 Et
943 3462 1106 3517 bestia
1135 3477 1254 3534 qua
1279 3472 1460 3516 eratet
1486 3478 1590 3516 non
1609 3471 1706 3528 est,
1726 3462 1842 3533 ipsa
1869 3471 2052 3518 octava

463 3565 554 3624 est,
577 3565 629 3612 et
656 3555 734 3611 de
747 3565 940 3628 septem
967 3565 1064 3622 est,
1095 3564 1144 3610 et
1187 3556 1245 3610 in
1282 3556 1553 3610 interitum
1578 3555 1740 3610 vadit.
1775 3554 1846 3609 Et
1874 3556 2051 3611 decem

461 3661 660 3702 cornua
702 3659 821 3716 qua
869 3643 1064 3711 vidisti,
1101 3645 1278 3699 decem
1327 3660 1470 3715 reges
1516 3655 1667 3709 sunt,
1698 3643 1789 3716 qui
1835 3661 2053 3716 regnum

456 3736 691 3792 nondum
739 3743 1089 3807 acceperunt,
1131 3734 1223 3789 sed
1275 3743 1580 3806 potestatem
1622 3743 1874 3806 tanquam
1909 3751 2052 3806 reges

456 3849 565 3888 una
587 3831 719 3886 hora
741 3828 1007 3900 accipiunt
1041 3835 1157 3899 post
1191 3827 1426 3882 bestiam.
1460 3825 1534 3880 Hi
1573 3827 1854 3881 consilium
1886 3845 2050 3882 unum

454 3922 646 3978 habent
669 3929 718 3975 et
744 3919 1010 3985 virtutem,
1032 3926 1080 3974 et
1106 3927 1413 3990 potestatem
1443 3932 1594 3972 suam
1618 3919 1796 3973 bestia
1818 3919 2048 3976 tradent.

458 4012 533 4070 ηι
557 4027 679 4068 euut
703 4009 855 4083 Agna
886 4009 1218 4081 pugnabunt,
1247 4017 1294 4062 et
1317 4007 1498 4079 Agnus
1526 4009 1694 4063 vincet
1721 4007 1843 4072 illos
1872 4025 1892 4064 :
1916 4026 2052 4082 quo-

456 4102 604 4158 niam
629 4099 888 4156 Dominus
911 4098 1246 4153 dominorum
1284 4108 1382 4163 est,
1415 4107 1466 4151 et
1498 4096 1614 4152 Rea:
1657 4113 1860 4168 regum,
1888 4107 1942 4153 et
1964 4100 2054 4170 qui

461 4208 583 4250 cum
635 4189 730 4246 κιο
775 4197 900 4246 sunt
935 4188 1140 4256 vocati,
1185 4188 1336 4243 electi
1373 4198 1420 4244 et
1472 4187 1675 4258 ﬁdeles.
1706 4189 1775 4243 Et
1809 4190 2049 4245 iterum:

465 4285 540 4343 Et
576 4283 688 4343 uidi
716 4282 958 4350 bestiam,
987 4290 1038 4337 et
1085 4296 1230 4352 reges
1277 4290 1463 4346 terra,
1505 4289 1555 4335 et
1581 4281 1842 4335 exercitus
1871 4297 2052 4337 eorum

461 4383 804 4450 congregatos
833 4372 905 4429 ad
926 4372 1226 4444 faciendum
1253 4371 1495 4444 pralium
1521 4388 1640 4427 cum
1668 4370 1762 4427 illo
1788 4373 1878 4444 qui
1907 4374 2054 4429 sede-

461 4475 550 4526 bat
586 4469 644 4524 iu
664 4483 814 4540 equo,
839 4474 889 4521 et
920 4479 1041 4541 cum
1069 4462 1300 4519 exercitu
1337 4462 1474 4532 ejus.
1513 4461 1585 4516 Et
1624 4463 1950 4533 apprehensa
1976 4475 2052 4518 est

2076 4522 2133 4583 Il

2152 3291 2530 3362 eum‘gladius,
2577 3295 2862 3349 subsistere
2889 3312 2994 3350 non
3025 3297 3237 3367 poterit,
3269 3314 3435 3372 neque
3462 3303 3639 3370 hasta,
3672 3322 3758 3361 ue-

2152 3398 2250 3452 que
2277 3383 2486 3437 thorax.

2223 3471 2362 3529 XVI.
2394 3473 2548 3541 Quod
2581 3484 2764 3531 autem
2792 3493 2960 3531 unum
2991 3494 3193 3549 corpus
3231 3481 3306 3536 sit
3345 3484 3593 3538 omnium
3624 3501 3744 3554 per-

2154 3560 2412 3628 ditorum,
2441 3561 2597 3633 cujus
2618 3563 2789 3619 isdem
2815 3565 3186 3622 Antichristus
3210 3577 3370 3639 caput
3387 3571 3480 3637 sit,
3497 3573 3756 3642 superius

2154 3653 2476 3716 ostenditur,
2505 3653 2598 3708 ubi
2618 3653 2821 3710 dictum
2850 3664 2933 3711 est
2965 3675 2978 3710 :
3011 3655 3250 3714 Membra
3289 3661 3632 3721 coharentia.
3651 3666 3755 3718 sibi

2153 3743 2394 3801 carnium
2418 3745 2553 3814 ejus.
2599 3745 2666 3800 Et
2695 3747 2892 3802 iterum
2926 3766 2940 3801 :
2971 3745 3175 3819 Corpus
3213 3749 3361 3809 illius
3400 3754 3556 3823 quasi
3597 3767 3756 3810 scuta

2154 3836 2372 3907 fusilia;
2399 3847 2726 3908 compactum
2765 3840 2998 3910 squamis
3020 3857 3076 3895 ss
3097 3841 3472 3911 prementibus.
3505 3840 3627 3899 Una
3671 3844 3765 3897 uni

2153 3927 2525 3997 coniungitur,
2555 3938 2605 3982 et
2657 3945 2720 3983 ne
2767 3930 3094 3998 spiraculum
3145 3931 3360 4002 quidem
3411 3931 3608 3988 incedit
3657 3952 3754 4005 per

2153 4035 2243 4074 eas
2272 4031 2290 4070 :
2314 4018 2468 4073 alteri
2499 4034 2607 4071 una
2635 4018 2943 4085 adharebit,
2973 4027 3022 4073 et
3064 4028 3294 4076 tenentes
3322 4037 3379 4076 se
3419 4039 3753 4093 nequaquam

2153 4108 2559 4180 separabantur.
2584 4108 2662 4163 De
2685 4120 2794 4178 quo
2828 4122 3059 4179 corpore
3080 4117 3136 4164 et
3161 4099 3339 4180 capite
3371 4109 3509 4179 ejus,
3555 4111 3614 4165 id
3640 4120 3749 4177 est,

2154 4197 2389 4264 diabolo,
2404 4197 2487 4252 vel
2501 4194 2856 4263 Antichristo,
2873 4206 2929 4253 et
2942 4211 3039 4266 per
3054 4197 3396 4254 Ezechielem
3424 4199 3750 4269 prophetam

2155 4290 2356 4346 dicitur
2381 4303 2395 4343 :
2422 4288 2560 4344 Ecce
2600 4305 2694 4360 ego
2732 4289 2802 4343 ad
2833 4298 2882 4344 te
2911 4286 3129 4351 Pharao
3177 4305 3270 4344 rea:
3308 4288 3550 4360 κεραμεᾶ,
3582 4288 3750 4346 draco

2154 4398 2365 4454 magne,
2392 4382 2482 4453 qui
2524 4380 2688 4435 cubas
2723 4381 2782 4435 in
2803 4382 2976 4436 medio
3002 4382 3281 4452 ﬂuminum
3310 4391 3546 4447 tuorum,
3573 4391 3623 4435 et
3664 4383 3751 4435 di-

2155 4475 2230 4529 cis
2252 4487 2271 4526 :
2310 4472 2462 4529 Heus
2484 4483 2560 4530 est
2588 4475 2801 4544 ﬂuvius,
2826 4484 2876 4528 et
2905 4491 2999 4545 ego
3023 4474 3122 4544 feci
3143 4476 3524 4545 memetipsum.
3556 4474 3628 4528 Et
3653 4490 3750 4545 po-

463 4561 649 4628 bestia,
683 4566 733 4615 et
757 4574 878 4614 cum
922 4558 1036 4630 ipso
1091 4554 1544 4628 pseudopmpheta
1589 4554 1680 4626 qui
1725 4554 1848 4624 fecit
1897 4555 2050 4626 signa
2077 4554 2133 4583 "
2157 4581 2280 4618 nam
2311 4563 2540 4634 franum
2574 4566 2632 4620 in
2671 4564 2903 4620 maxillis
2938 4566 3065 4630 tuis,
3115 4574 3162 4620 st
3200 4564 3539 4636 agglutinabo
3578 4566 3748 4635 pisces

457 4669 639 4710 coram
681 4652 817 4723 ipso,
844 4647 1034 4722 quibus
1073 4646 1279 4701 seduxit
1318 4662 1404 4701 eos
1445 4646 1536 4717 qui
1584 4654 1893 4716 acceperunt
1921 4646 2051 4699 chaa

461 4753 716 4801 racterens
746 4741 946 4806 bestia,
973 4747 1024 4794 et
1066 4745 1161 4809 qut
1189 4736 1414 4791 adorant
1457 4733 1739 4807 imaginem
1759 4736 1894 4806 ejus.
1938 4734 2050 4789 Vivi

457 4834 607 4891 missi
624 4840 748 4890 sunt
777 4831 834 4885 hi
859 4830 966 4884 duo
985 4829 1042 4883 in
1074 4837 1316 4898 stagnum
1339 4827 1478 4898 ignis
1503 4825 1736 4879 ardentis
1759 4824 2048 4895 sulphuris,

457 4936 508 4982 et
546 4922 723 4980 cateri
743 4920 901 4976 occisi
931 4927 1053 4973 sunt
1082 4919 1137 4972 in
1175 4915 1353 4987 gladio
1378 4915 1606 4970 sedentis
1643 4931 1799 4985 super
1829 4932 2041 4986 equum,

458 5015 550 5091 qui
585 5011 823 5087 procedit
852 5010 917 5066 de
942 5024 1032 5064 ore
1055 5009 1241 5091 ipsius.
1287 5007 1356 5063 Et
1393 5008 1588 5063 iterum
1635 5024 1648 5060 ε
1680 5007 1748 5060 Et
1776 5023 1893 5060 cum
1921 5024 2048 5062 con-

459 5105 709 5163 summati
743 5100 939 5174 fuerint
966 5090 1111 5154 mille
1139 5096 1287 5166 anni,
1327 5097 1555 5153 sciretur
1585 5095 1815 5152 Satanas
1837 5098 1902 5152 de
1933 5115 2051 5151 car-

461 5214 576 5254 cere
595 5211 716 5260 suo,
739 5201 786 5248 et
823 5191 979 5256 exist,
1009 5199 1059 5244 et
1107 5189 1318 5243 seducet
1352 5198 1526 5259 gentes
1575 5204 1692 5260 qua
1729 5196 1850 5241 sunt
1896 5203 2052 5256 super

461 5286 684 5359 angulos
726 5291 882 5339 terra
910 5277 1023 5352 Gog
1071 5287 1121 5334 et
1166 5277 1378 5349 Magog,
1430 5287 1478 5332 et
1507 5277 1838 5348 congregabit
1864 5293 1949 5331 eos
1994 5277 2050 5329 in

461 5377 728 5449 pralium,
776 5388 1000 5447 quorum
1026 5387 1276 5427 numerus
1308 5379 1382 5426 est
1409 5371 1543 5424 sicut
1583 5386 1744 5424 arena
1770 5370 1953 5424 maris.
1981 5368 2052 5422 Et

464 5465 812 5524 ascenderunt
870 5478 1029 5533 super
1082 5460 1414 5517 altitudinem
1469 5470 1655 5523 terra;
1720 5469 1768 5513 et
1825 5461 2049 5514 circium

466 5561 640 5616 ierunt
670 5563 848 5611 castra
894 5563 1222 5619 sanctorum,
1261 5561 1310 5606 et
1363 5550 1622 5606 civitatem
1668 5548 1928 5603 dilectam.
1984 5547 2052 5602 Et

467 5645 731 5706 descendit
767 5645 902 5716 ignis
942 5660 974 5697 ι
1020 5643 1130 5698 Deo
1158 5642 1222 5696 de
1249 5639 1397 5705 calo,
1423 5648 1471 5693 et
1500 5637 1763 5692 devoravit
1805 5637 1922 5691 illos
1947 5655 1963 5702 ;
2006 5646 2055 5690 et

472 5734 712 5792 diabolus
760 5733 850 5794 qui
903 5732 1179 5788 seducebat
1225 5746 1335 5796 eos,
1365 5728 1552 5784 missus
1595 5735 1668 5780 cst
1716 5727 1769 5780 in
1810 5736 2053 5796 stagnum

2154 4655 2432 4722 ﬂuminum
2474 4665 2686 4710 tuorum
2737 4657 2970 4726 squamis
3009 4655 3146 4720 tuis;
3172 4665 3222 4709 et
3252 4656 3530 4709 extraham
3583 4665 3634 4710 te
3679 4657 3748 4710 de

2155 4743 2326 4797 medio
2348 4746 2627 4814 ﬂuminum
2650 4754 2884 4811 tuorum,
2916 4755 2963 4800 et
2992 4745 3225 4800 uniuersi
3253 4747 3420 4816 pisces
3464 4746 3543 4799 tui
3583 4761 3748 4816 squa-

2156 4837 2255 4890 mis
2293 4837 2396 4890 tuis
2436 4836 2799 4904 adharebunt,
2840 4847 2889 4892 et
2925 4837 3203 4908 projiciam
3236 4822 3296 4892 te
3336 4837 3392 4891 in
3440 4835 3705 4891 desertum
3727 4876 3744 4902 ,

2153 4937 2202 4982 et
2229 4943 2404 4981 omnes
2454 4926 2620 4997 pisces
2665 4928 2902 4997 ﬂuminis
2952 4927 3049 4982 tui.
3091 4926 3167 4980 De
3203 4925 3359 4996 cujus
3404 4931 3650 4995 potentia
3689 4932 3746 4979 ct

2157 5017 2212 5072 in
2242 5017 2472 5088 psalmo,
2521 5019 2815 5074 secundum
2845 5017 3165 5073 Hebraicam
3202 5025 3382 5072 tamen
3432 5016 3746 5071 translatio-

2158 5123 2303 5172 nem,
2337 5108 2575 5164 dicitur:
2612 5129 2631 5161 ε
2663 5109 2863 5178 Impius
2890 5108 3186 5164 secundum
3223 5107 3563 5163 altitudinem
3593 5104 3746 5160 iuro-

2158 5198 2234 5253 ris
2258 5198 2340 5252 sui
2368 5212 2474 5252 non
2497 5198 2754 5267 requiret,
2781 5213 2883 5253 nec
2904 5204 2989 5252 est
3010 5199 3154 5252 Deus
3173 5199 3230 5253 in
3260 5197 3510 5252 omnibus
3538 5195 3744 5263 cogita-

2158 5288 2396 5343 tionibus
2422 5287 2558 5356 ejus.
2589 5288 2910 5343 Parturiunt
2937 5289 3039 5343 vim
3071 5288 3190 5359 ejus
3221 5289 3273 5342 in
3300 5287 3446 5342 omni
3471 5295 3740 5356 tempore.

2156 5379 2340 5450 Longe
2364 5387 2489 5434 sunt
2506 5378 2710 5447 judicia
2738 5387 2831 5435 tua
2861 5395 2892 5435 a
2929 5378 3067 5434 facie
3087 5378 3223 5448 ejus.
3262 5378 3463 5434 Omnes
3489 5378 3743 5433 inimicus

2157 5488 2284 5528 suos
2310 5472 2554 5540 despicit.
2591 5470 2856 5542 Loqqu
2883 5471 2938 5525 in
2983 5471 3148 5526 corde
3190 5485 3310 5526 suo.
3341 5468 3456 5524 Non
3483 5469 3746 5524 movebar

2159 5566 2224 5619 de
2262 5564 2610 5635 generatione
2647 5564 2700 5618 in
2723 5563 3149 5634 generationem,
3173 5576 3267 5617 ero
3295 5561 3412 5617 sine
3432 5559 3592 5614 malo.
3622 5557 3741 5612 bis.

2158 5652 2442 5708 ledictione
2481 5667 2542 5707 os
2569 5651 2685 5720 ejus
2713 5653 2932 5723 plenum
2968 5660 3068 5716 est,
3112 5660 3167 5707 et
3194 5651 3361 5715 dolis,
3389 5659 3444 5706 et
3474 5647 3742 5720 avaritia;

2159 5744 2257 5800 sub
2285 5742 2464 5814 lingua
2489 5741 2604 5812 ejus
2643 5744 2797 5800 dolus
2828 5752 2881 5799 et
2914 5742 3188 5814 iniquitas.
3241 5741 3346 5799 Sed
3374 5749 3427 5797 et
3457 5737 3743 5796 insidiatur
