3930 6326
456 372 564 433 εέδ

1354 371 1412 427 S.
1450 372 1804 431 AGOBARDI
1838 369 2151 428 EPISCOPI
2188 372 2672 429 LUGDUNENSIS

3642 382 3754 437 28b

457 490 735 563 linguam;
783 486 1136 543 circumferte
1166 486 1354 542 oculos
1391 488 1591 543 mentis
1618 496 1816 543 vestra:
1842 502 1940 559 per
1979 485 2059 539 νὶ-
2085 483 2139 544 A
2164 499 2416 557 magnum
2464 485 2559 541 Dei
2608 502 2729 543 esse
2757 503 2951 543 munus
2982 489 3241 545 Dominus
3287 492 3530 547 ostendit
3553 535 3567 557 ,
3621 510 3749 549 cum

460 582 614 638 einas
640 580 910 650 regiones,
948 588 1002 633 et
1028 578 1377 634 considerate
1398 579 1660 634 mortales
1686 580 1891 634 nostris
1916 586 2053 633 tem-

465 672 712 742 poribus.
739 670 820 725 Ad
851 669 981 739 quid
1008 683 1104 724 eos
1130 668 1329 724 videtis
1354 671 1600 725 vacare?
1624 670 1755 740 quid
1789 671 2051 739 cogitare,

462 762 609 833 loqui
649 770 728 817 et-
768 760 992 815 facere?
1034 760 1225 829 quanti
1274 768 1405 815 sunt
1450 761 1543 830 qui
1591 770 1861 816 conentur
1893 774 2056 830 agere

460 856 603 925 quod
631 854 922 925 Apostolus
945 855 1191 924 praecipit
1212 895 1227 920 ,
1260 854 1489 915 dicens;
1520 856 1705 910 Omnis
1741 871 1910 909 sermo
1943 871 2057 907 ma-

460 945 544 1002 lus
566 963 632 999 ea:
660 962 749 999 ore
788 956 959 1000 vestro
986 962 1087 999 non
1112 946 1392 1015 procedat;
1436 945 1526 1001 sed
1558 946 1602 999 si
1627 946 1745 1015 quis
1776 945 1940 997 bonus
1982 951 2057 996 est

463 1042 535 1097 ad
575 1041 979 1107 adificationem
1016 1041 1179 1106 fidei,
1210 1050 1268 1094 ut
1296 1040 1385 1095 det
1424 1041 1649 1111 gratiam
1699 1037 2052 1093 audientibus.

459 1129 533 1189 Et
578 1134 821 1187 iterum:
857 1128 1084 1185 Verbum
1123 1129 1320 1185 Christi
1369 1132 1563 1185 habitet
1608 1132 1663 1184 in
1710 1131 1851 1184 vobis
1899 1129 2060 1182 abun-

461 1220 672 1285 danter,
708 1223 764 1276 in
806 1225 950 1276 omni
974 1226 1255 1293 sapientia,
1284 1225 1525 1279 docentes
1578 1233 1626 1278 et
1676 1230 2057 1277 commonentes

464 1312 798 1380 rosmetipsos
830 1312 1048 1381 psalmis
1070 1354 1083 1375 ,
1115 1315 1346 1384 hymnis,
1380 1315 1597 1368 canticis
1622 1312 1947 1383 spiritalibus
1966 1352 1978 1375 ,
2002 1312 2059 1364 in

460 1404 637 1471 gratia
665 1414 937 1458 cantantes
970 1406 1024 1458 in
1059 1406 1305 1459 cordibus
1328 1406 1509 1460 vestris
1536 1404 1664 1458 Deo.
1699 1401 1864 1457 Omne
1888 1401 2057 1473 quod-

463 1510 666 1565 cunque
698 1494 873 1563 focitis
896 1496 949 1549 in
977 1496 1126 1550 verba
1149 1505 1240 1549 aut
1269 1499 1324 1550 in
1349 1512 1522 1565 opere,
1547 1495 1724 1548 omnia
1760 1496 1813 1548 in
1852 1492 2059 1546 nomine

461 1582 675 1637 Domini
706 1585 856 1649 Iesu,
893 1587 1091 1655 gratias
1118 1596 1327 1656 agentes
1350 1586 1461 1639 Deo
1488 1595 1535 1639 et
1567 1584 1721 1638 Patri
1747 1601 1839 1653 per
1862 1585 2055 1653 ipsum.

464 1675 543 1730 Et
566 1677 761 1730 iterum
796 1695 809 1730 :
845 1675 987 1742 Quid
1020 1692 1141 1747 ergo
1185 1687 1295 1741 est,
1323 1677 1515 1745 fratres
1536 1676 1561 1728 .9
1584 1672 1717 1729 Cum
1749 1673 2055 1733 convenitis,

461 1767 818 1836 unusquisque
854 1777 1076 1819 vestrum
1114 1765 1377 1836 psalmum
1412 1764 1603 1829 habet,
1633 1764 1927 1817 doctrinam
1958 1762 2058 1815 ha-

464 1854 568 1918 bet,
604 1828 961 1925 apoc'alypsim
990 1828 1162 1920 habet,
1190 1855 1423 1924 linguam
1456 1828 1632 1919 habet,
1666 1853 2057 1921 interpretatio-
2087 1828 2135 1889 Β

465 1963 581 2000 nem
605 1946 791 2009 habet;
817 1948 992 2000 omnia
1016 1947 1086 1999 ad
1110 1946 1515 2014 a‘dificationem
1538 1947 1691 2015 ﬁant.
1726 1946 1788 1999 Et
1818 1946 2015 1998 iterum
2043 1961 2054 1996 :

466 2033 590 2092 Sive
624 2054 746 2108 ergo
785 2038 1139 2101 manducatis,
1178 2040 1284 2092 sive
1318 2038 1517 2102 bibitis,
1543 2039 1650 2092 sive
1685 2036 1831 2090 aliud
1859 2034 2059 2105 aliquid

464 2126 662 2195 facitis,
688 2127 865 2180 omnia
892 2127 947 2179 in
971 2126 1141 2197 gloria
1168 2127 1261 2181 Dei
1284 2126 1462 2197 facite.
1489 2125 1630 2181 Vere
1654 2128 1899 2189 omnino,
1922 2125 2063 2180 sicut

463 2215 727 2271 Dominus
760 2218 835 2271 ait
868 2236 879 2270 :
914 2206 1094 2272 Bonus
1130 2219 1284 2271 homo
1331 2219 1397 2271 de
1429 2220 1564 2271 bono
1604 2218 1851 2270 thesauro
1887 2214 2061 2268 cordis

464 2309 549 2363 sui
588 2308 789 2378 profert
817 2308 974 2362 bona.
1010 2308 1163 2364 Sicut
1193 2324 1294 2380 ego
1334 2310 1681 2364 verissimum
1711 2316 1795 2361 est
1814 2308 1940 2376 quia
1967 2306 2060 2374 qui

468 2399 788 2454 thesaurum
832 2401 1094 2456 bonitatis
1132 2401 1297 2455 habet
1322 2400 1376 2455 in
1407 2402 1592 2464 corde,
1630 2414 1735 2453 non
1762 2406 1938 2467 potest
1964 2398 2062 2451 ali-

466 2499 553 2546 ter
583 2492 683 2545 nisi
722 2501 781 2545 ut
810 2493 948 2547 bona
988 2493 1205 2561 cogitet,
1230 2499 1285 2545 et
1324 2491 1614 2560 loquatur;
1650 2490 1726 2543 ita
1756 2491 1850 2559 qui
1880 2489 2062 2543 inania

465 2591 522 2636 et
573 2581 785 2635 inutilia
835 2582 1109 2649 loquitur,
1160 2582 1597 2641 (lemonstratse
1638 2581 1851 2634 inanem
1888 2589 1943 2634 et
1970 2594 2063 2632 va-

465 2685 626 2726 cuum
658 2686 779 2725 esse
817 2671 1048 2741 agratia
1080 2670 1333 2739 spiritali.
1367 2670 1502 2724 Nam
1532 2672 1577 2723 si
1610 2686 1715 2725 non
1745 2679 1911 2731 esset,
1938 2684 2064 2722 cur-

466 2772 644 2827 reret;
675 2772 729 2819 et
758 2762 941 2832 procul
970 2764 1133 2817 dubio
1164 2779 1222 2817 se
1249 2762 1529 2816 audientes
1554 2760 1853 2816 aediﬁcaret
1878 2761 1929 2814 in
1956 2760 2061 2815 ﬁde

464 2863 521 2911 et
560 2855 859 2925 gratiarum
890 2855 1105 2910 actione
1129 2855 1195 2908 azl
1226 2854 1456 2926 gloriam
1486 2853 1605 2908 Dei.

534 2946 657 3002 XX.
682 2947 822 3001 Ecce
847 2945 1075 3001 audistis
1097 2949 1238 3001 nu‘nc
1261 2954 1316 3000 et
1338 2947 1502 3010 bona,
1526 2960 1647 3015 qua:
1666 2959 1730 2997 ex
1755 2951 1871 2998 toto
1899 2943 2061 2996 corde

467 3053 652 3095 amare
671 3046 725 3093 et
758 3036 1070 3092 desiderare
1091 3037 1365 3102 debeatis;
1400 3037 1627 3091 audistis
1653 3046 1710 3090 et
1739 3036 1879 3089 mala
1898 3075 1913 3096 ,
1939 3050 2060 3104 (luat:

466 3147 533 3188 ex
577 3138 704 3194 tota,
722 3130 926 3184 virtute
952 3138 1004 3182 et
1030 3128 1177 3183 omni
1218 3128 1505 3183 conamine
1553 3126 1741 3198 fugere
1788 3125 2054 3181 debeatis.

465 3221 700 3293 Propter
724 3220 866 3289 quod
895 3231 1116 3290 pensato
1144 3233 1307 3289 quem
1338 3217 1513 3272 locum
1541 3216 1746 3270 habere
1774 3214 1949 3285 possit
1974 3214 2060 3268 in-

466 3322 555 3369 ter
577 3322 867 3382 utrumque
900 3310 1269 3381 periturorum
1300 3323 1484 3363 rerum
1516 3322 1691 3371 amor,
1720 3318 1774 3359 ct
1803 3305 2065 3359 transito-

470 3403 537 3459 rii
563 3402 747 3457 damni
777 3410 833 3456 et
862 3399 1084 3471 periculi
1125 3398 1309 3454 timor.
1355 3395 1648 3452 Sciendum
1684 3395 1909 3450 omnino
1934 3393 2063 3464 quia

469 3495 614 3550 sicut
655 3508 842 3547 amare
874 3492 1057 3546 illicita
1089 3499 1182 3545 aut
1215 3490 1572 3545 immoderata
1603 3488 1746 3543 bona
1792 3495 2066 3557 tempora-

470 3584 573 3648 lia,
604 3591 885 3653 peccatum
918 3590 1034 3647 est;
1066 3582 1139 3636 ita
1174 3582 1366 3635 timere
1403 3579 1707 3634 inordinate
1733 3618 1747 3643 ,
1779 3585 2065 3648 peccatum

469 3676 693 3731 omnino
727 3669 838 3739 est;
872 3684 927 3729 et
954 3682 1064 3727 tam
1101 3673 1319 3743 grande
1350 3680 1653 3741 peccatum,
1682 3680 1742 3726 ut
1785 3672 1928 3725 inter
1968 3686 2067 3725 ca:-

471 3774 584 3821 tera
608 3774 829 3835 peccata
852 3771 1263 3825 annumeretur,
1279 3773 1335 3819 et
1358 3779 1387 3817 a
1411 3778 1575 3833 regno
1597 3763 1861 3821 caelorum
1884 3762 2069 3820 exclu-

462 3857 567 3913 ‘dat
598 3897 613 3923 ,
642 3864 700 3912 et
738 3857 961 3911 mternis
986 3855 1161 3926 premis
1192 3856 1443 3920 a‘ldicat,
1478 3855 1619 3909 sicut
1660 3854 1712 3908 in
1743 3853 2067 3923 Apocalypsi

472 3946 675 4019 legitur
706 3964 720 4000 :
751 3945 974 4001 Timidis
1015 3954 1212 4006 autem,
1247 3953 1294 3999 et
1339 3944 1646 4009 incredulis,
1688 3952 1737 3997 et
1762 3944 2065 4006 exsecratis,

475 4049 525 4093 et
560 4038 838 4092 homicidis
858 4078 871 4102 ,
900 4048 948 4090 et
974 4035 1385 4105 fornicatoribus
1406 4076 1421 4099 ,
1452 4043 1499 4088 et
1531 4034 1793 4103 veneﬁcis,
1822 4042 1869 4087 et
1897 4032 2070 4087 idolo-

474 4129 661 4194 latris,
710 4137 758 4182 et
790 4125 1030 4180 omnibus
1065 4125 1438 4191 mendacibus,
1476 4140 1600 4194 pars
1623 4123 1837 4177 illorum
1873 4123 1971 4176 erit
2013 4122 2069 4175 in

473 4230 658 4289 stagno
688 4218 902 4271 ardente
928 4217 1049 4286 igne
1073 4226 1121 4270 et
1147 4214 1415 4286 sulphure,
1452 4214 1592 4286 quod
1615 4225 1687 4269 est
1725 4231 1867 4268 mors
1886 4229 2071 4267 secun-

474 4311 564 4362 da.
595 4307 793 4362 Beatus
821 4322 1036 4377 quoque
1062 4306 1258 4362 Petrus
1281 4307 1559 4377 apostolus
1580 4321 1688 4361 non
1719 4304 1894 4360 solum
1916 4305 2073 4359 docet

476 4416 584 4453 non
628 4399 928 4453 timendum
959 4405 1371 4467 persecutores,
1403 4397 1498 4452 sed
1527 4410 1627 4451 nec
1664 4394 1940 4450 lmsionem
1973 4408 2073 4463 pu-

477 4498 591 4544 tare
614 4488 875 4559 quidquid
908 4489 1034 4542 mali
1064 4482 1441 4558 persecutores
1467 4486 1671 4541 inferre
1697 4493 1945 4555 possunt,
1968 4486 2073 4539 duo

475 4580 809 4648 enajzuigens
864 4578 1173 4632 testimonia
1218 4576 1413 4648 psalmi
1463 4584 1519 4630 et
1561 4577 1839 4644 propheta:
1881 4574 2069 4637 Isaiae,

476 4671 662 4725 dicens
696 4686 710 4723 :
742 4668 897 4723 Oculi
930 4668 1026 4722 Dei
1062 4678 1182 4722 sunt
1218 4684 1376 4738 super
1410 4667 1587 4737 justas
1609 4707 1622 4730 ,
1667 4674 1716 4719 et
1765 4682 1919 4718 aures
1956 4664 2073 4733 ejus

480 4760 549 4814 ad
578 4777 755 4830 preces
787 4774 987 4813 eorum.
1027 4758 1213 4812 Vultus
1246 4766 1423 4811 autem
1444 4756 1661 4810 Domini
1684 4772 1843 4825 super
1868 4754 2071 4823 facien-

483 4861 556 4902 t."s
583 4849 743 4902 mala.
776 4848 860 4907 Et,
898 4847 1030 4913 Quis
1056 4857 1129 4902 est
1160 4848 1249 4918 qui
1276 4846 1420 4899 vobis
1442 4852 1648 4910 noceat,
1680 4844 1725 4899 si
1754 4842 1877 4897 boni
1904 4859 2070 4896 temu-

481 4942 673 4992 tironis
716 4939 963 5007 fueritis?
996 4937 1109 4993 [Ioc
1138 4939 1312 5007 ipsum
1344 4945 1401 4991 et
1424 4952 1525 5007 per
1543 4936 1864 5005 prophetam
1894 4933 2076 4988 Domi-

485 5047 588 5086 nus
616 5031 903 5099 praecepit,
944 5030 1133 5084 dicens
1174 5047 1185 5081 :
1225 5027 1405 5084 Nolite
1448 5029 1630 5081 timere
1660 5024 1943 5096 opprobria
1983 5024 2078 5077 ho-

484 5122 721 5180 minum,
774 5130 820 5172 et
872 5119 1221 5189 blasphemias
1265 5134 1448 5171 eorum
1500 5132 1562 5169 ne
1606 5114 1869 5169 metuatis.
1924 5112 2075 5168 Sicut

482 5213 620 5266 enim
660 5212 1020 5265 vestimentum
1042 5250 1055 5272 ,
1098 5210 1173 5263 sic
1204 5206 1434 5261 comedet
1474 5222 1560 5260 eos
1585 5206 1817 5269 vermis;
1860 5213 1910 5258 et
1940 5204 2075 5258 sicut

483 5304 665 5359 lanam
687 5345 700 5366 ,
731 5303 805 5355 sic
843 5301 1114 5355 devorabit
1140 5316 1227 5353 eos
1264 5300 1425 5351 tinea.
1470 5295 1631 5352 Salus
1669 5306 1845 5350 autem
1874 5311 1989 5349 mea
2018 5295 2076 5349 in

483 5397 857 5465 sempiternum
896 5392 1014 5445 erit.
1061 5390 1325 5444 Similiter
1365 5396 1421 5443 et
1474 5401 1571 5457 per
1614 5388 1971 5456 semetipsum
2018 5385 2074 5440 in

485 5484 780 5554 Ex-augelio
822 5482 1019 5551 jubet:
1059 5480 1238 5535 Nolite
1284 5480 1484 5543 timere,
1530 5477 1804 5547 inquiens,
1854 5492 1942 5531 eos
1984 5478 2077 5548 qui

485 5591 675 5645 corpus
703 5572 973 5639 occidunt,
1003 5582 1051 5625 et
1075 5580 1189 5641 post
1220 5569 1330 5623 ha‘c
1353 5585 1457 5623 non
1483 5568 1676 5623 habent
1699 5566 1927 5638 antplius
1948 5568 2075 5639 quid

483 5665 712 5739 faciant.

556 5752 698 5810 XXI.
746 5751 866 5809 Non
915 5752 1113 5810 timere
1165 5759 1348 5807 autem
1403 5750 1647 5822 corporis
1696 5758 2077 5819 persecutores

2157 576 2395 648 loquitur
2418 578 2486 634 ad
2514 578 2826 637 Jeremiatu.
2856 582 3040 637 dicens
3070 600 3083 636 :
3120 581 3196 635 Tu
3225 599 3346 653 ergo
3375 584 3590 654 accinge
3615 585 3753 638 lum-

2158 670 2247 724 bos
2276 680 2391 724 tuos
2416 688 2433 736 ;
2462 680 2508 724 et
2532 689 2686 741 surge
2705 714 2717 735 _.
2742 683 2788 726 et
2829 674 3037 744 loquere
3074 676 3144 728 ad
3167 692 3253 729 eos
3292 677 3466 729 omnia
3497 695 3615 746 qua
3652 696 3751 748 ego

2156 761 2404 829 pra’cipio
2432 760 2544 815 tibi.
2582 762 2663 816 Ne
2690 764 2942 831 formides
2970 783 3001 817 a
3040 764 3176 833 facie
3198 782 3380 820 eorum
3412 782 3429 820 :
3468 784 3561 821 nec
3604 772 3750 823 enim

2158 852 2339 905 timere
2382 863 2431 905 te
2471 853 2663 920 faciam
2696 853 2894 907 vultum
2926 871 3125 909 eorum.
3170 856 3284 925 Ego
3310 859 3500 929 quippe
3544 860 3668 913 dedi
3702 871 3753 914 ts

2162 940 2311 994 hodie
2332 944 2385 995 in
2419 944 2679 997 civitatem
2712 945 2990 1010 munitam,
3023 954 3071 999 et
3099 946 3152 999 in
3176 947 3474 1002 columnam
3498 948 3750 1017 ferream,

2158 1048 2207 1091 et
2240 1040 2293 1091 in
2326 1056 2534 1091 murum
2562 1057 2789 1105 teneam,
2818 1058 2977 1113 super
2998 1059 3199 1095 omnem
3228 1054 3441 1097 terram.
3485 1044 3755 1099 Similiter

2160 1137 2215 1182 et
2243 1130 2309 1183 ad
2353 1129 2695 1185 Ezechielth
2723 1147 2737 1185 :
2772 1132 2908 1186 Ecce
2934 1133 3075 1197 dedi,
3109 1135 3213 1198 ait,
3244 1136 3431 1205 faciem
3470 1146 3616 1189 tuam
3654 1153 3754 1190 va-

2161 1216 2435 1273 lentiorem
2464 1221 2697 1290 faciebus
2726 1239 2927 1288 eorum,
2957 1233 3005 1277 et
3042 1224 3265 1293 frontem
3296 1234 3441 1279 tuam
3481 1228 3755 1280 duriorem

2162 1305 2423 1375 frontibus
2452 1326 2664 1375 eorum,
2709 1321 2767 1364 ut
2809 1312 3143 1367 adamantem
3165 1355 3178 1377 ,
3221 1323 3269 1367 et
3300 1325 3355 1367 ut
3382 1315 3602 1379 silicem,
3631 1317 3758 1369 dedi

2163 1396 2351 1466 faciem
2376 1409 2540 1452 tuam.
2582 1400 2665 1455 Ne
2694 1404 2879 1456 timeas
2903 1420 3009 1467 eos,
3036 1421 3200 1474 neque
3232 1415 3433 1459 metuas
3455 1424 3488 1459 a
3510 1407 3645 1475 facie
3663 1424 3757 1461 eo—

2164 1502 2313 1550 rum;
2336 1487 2459 1557 quia
2494 1488 2681 1544 domus
2710 1508 3026 1562 exasperans
3055 1503 3150 1548 est.
3179 1494 3245 1548 Et
3279 1495 3403 1564 quia
3433 1498 3628 1551 timere
3650 1499 3755 1551 ini-

2164 1577 2387 1642 micum,
2412 1578 2505 1648 qui
2528 1581 2701 1634 solum
2729 1583 3012 1651 corporale
3034 1584 3290 1638 damnum
3321 1584 3525 1641 inferre
3552 1597 3756 1655 potest,

2164 1683 2328 1735 grave
2358 1670 2564 1724 crimen
2598 1681 2719 1739 est;
2761 1674 2963 1729 idcirco
2994 1676 3213 1730 instruit
3253 1692 3350 1731 nos
3391 1678 3630 1748 psalmus
3681 1680 3758 1733 ita

2164 1759 2430 1812 orandum
2466 1776 2478 1811 :
2519 1758 2755 1825 Exaudi,
2787 1762 2948 1827 Deus,
2981 1766 3271 1819 orationem
3300 1784 3487 1831 meam,
3521 1785 3639 1821 cum
3666 1771 3760 1823 de-

2160 1862 2345 1914 precor
2371 1866 2388 1899 :
2423 1864 2456 1899 a
2481 1849 2667 1902 timore
2702 1851 2901 1904 inimici
2934 1853 3075 1923 eripe
3101 1855 3335 1908 animam
3362 1872 3553 1909 meam.
3587 1856 3758 1922 Quasi

2160 1936 2305 1991 dicat
2341 1956 2353 1991 :
2385 1939 2427 1992 A
2460 1940 2656 1995 timore
2684 1941 2889 1996 inimici
2919 1943 3085 1999 libera
3121 1960 3237 2010 me,
3281 1953 3337 1999 et
3374 1946 3547 2003 subde
3571 1947 3759 2002 timori

2161 2034 2275 2083 tuo.
2302 2027 2433 2084 Tale
2460 2039 2546 2084 est
2582 2030 2727 2100 quod
2757 2031 2810 2085 in
2840 2032 2948 2087 alio
2976 2034 3185 2102 psalmo
3214 2037 3414 2090 dicitur
3449 2054 3461 2089 :
3494 2036 3761 2102 Quoniam

2167 2116 2321 2172 multi
2346 2118 2596 2173 bellantes
2619 2121 2894 2174 adversum
2911 2139 3012 2186 me,
3036 2124 3101 2176 ab
3120 2124 3401 2178 altitudine
3421 2126 3527 2179 diei
3547 2126 3761 2190 timebo,

2161 2226 2253 2279 ego
2298 2226 2413 2263 vero
2443 2210 2495 2263 in
2542 2221 2590 2263 te
2626 2211 2866 2281 sperabo.
2920 2213 3074 2279 Quod
3104 2216 3183 2269 sic
3229 2216 3605 2285 accipiendum
3652 2227 3759 2281 est,

2165 2300 2323 2367 quasi
2368 2300 2573 2354 diceret
2606 2318 2618 2353 :
2655 2300 2803 2355 Multi
2842 2303 3059 2371 quidem
3108 2315 3350 2374 pugnant
3402 2314 3591 2362 contra
3652 2323 3759 2363 me.

2161 2389 2276 2459 Ego
2305 2396 2483 2443 autem
2517 2390 2721 2445 auxilio
2750 2393 2941 2462 gratia:
2969 2401 3074 2447 tum
3117 2394 3397 2461 ﬁrmatus,
3442 2411 3670 2466 sperans
3707 2400 3763 2452 ia

2162 2487 2235 2543 te,
2272 2494 2380 2533 non
2409 2477 2809 2536 multitudinem
2835 2497 3047 2549 eorum,
3085 2485 3179 2539 sed
3205 2494 3356 2539 tuum
3383 2487 3664 2542 excelsum
3693 2488 3763 2542 ti-

2162 2572 2320 2624 mebo
2363 2571 2562 2624 lumen.
2618 2571 2695 2625 Illi
2723 2588 2853 2644 ergo
2878 2576 2970 2643 qui
3014 2574 3290 2630 bellantur
3320 2577 3612 2633 adversum
3652 2596 3762 2640 me,

2163 2676 2272 2714 non
2322 2671 2548 2731 possunt
2589 2673 2877 2733 penetrare
2903 2666 3245 2722 altitudinem
3286 2668 3414 2733 diei,
3449 2668 3605 2738 cujus
3636 2684 3768 2741 apo-

2162 2753 2283 2808 stoli
2316 2753 2596 2808 duodecim
2626 2765 2751 2810 sunt
2780 2770 2874 2810 ore
2906 2755 3020 2827 [F.,
3054 2757 3223 2829 horae]
3255 2757 3546 2829 fulgentes.

2234 2847 2397 2902 XXII.
2430 2847 2529 2915 Qui
2573 2858 2754 2903 autem
2802 2850 3071 2904 veraciter
3101 2852 3153 2904 in
3199 2851 3429 2905 Domino
3457 2850 3764 2915 conﬁdunt,

2162 2939 2341 2993 securi
2386 2953 2444 2992 se
2485 2940 2673 2994 dicunt
2718 2942 2769 2993 in
2807 2938 2918 2994 Deo
2949 2959 2961 2993 :
2989 2939 3244 2994 Laudabo
3286 2958 3553 2996 sermones
3583 2959 3725 2996 meos
3752 2984 3768 3005 ,

2162 3029 2217 3081 in
2256 3028 2366 3081 Deo
2406 3031 2631 3099 speravi.
2679 3029 2803 3084 Non
2833 3030 3023 3083 timebo
3052 3032 3180 3100 quid
3226 3031 3389 3100 faciat
3440 3033 3569 3085 mihi
3616 3050 3764 3086 caro.

2165 3118 2230 3171 Et
2266 3120 2461 3173 iterum
2488 3136 2502 3173 :
2528 3119 2787 3174 Dominus
2816 3120 2943 3173 mihi
2962 3121 3212 3193 gadjutor,
3259 3139 3363 3176 non
3408 3122 3598 3175 timebo
3633 3124 3766 3193 quid

2088 3171 2134 3235 Ο
2167 3208 2330 3279 faciat
2355 3210 2483 3265 mihi
2510 3210 2684 3264 homo.
2715 3210 2847 3278 Quis
2874 3210 3019 3265 enim
3048 3212 3326 3266 accusabit
3354 3212 3622 3268 adversus
3656 3214 3771 3267 ele-

2166 3308 2283 3353 ctos
2306 3298 2431 3364 Dei,
2463 3308 2523 3353 ut
2550 3301 2629 3354 ait
2655 3301 2984 3370 Apostolus?
3024 3302 3091 3355 Et
3120 3303 3317 3357 iterum
3352 3321 3363 3357 :
3396 3302 3529 3369 Quis
3556 3322 3653 3358 nos
3678 3322 3766 3359 se-

2164 3389 2375 3459 parabit
2400 3405 2433 3441 a
2468 3389 2727 3443 charitate
2750 3387 2996 3444 Christi?
3031 3390 3347 3459 Tribulatio,
3395 3410 3467 3446 an
3496 3395 3770 3462 angustia,

2165 3496 2235 3532 an
2263 3480 2583 3549 persecutio,
2612 3497 2683 3533 an
2711 3480 2877 3550 fames
2898 3520 2913 3547 ,
2947 3498 3017 3535 an
3048 3481 3261 3535 nuditas
3282 3522 3296 3545 ,
3328 3500 3399 3536 an
3438 3483 3769 3553 periculum,

2165 3577 2245 3623 an‘
2264 3570 2471 3641 gladius
2517 3570 2671 3639 (sicut
2717 3572 2969 3641 scriptum
2995 3581 3112 3624 est:
3149 3571 3287 3635 Quia
3322 3589 3417 3641 pro
3460 3583 3511 3626 te
3541 3575 3773 3644 mortiﬁ-

2166 3678 2352 3715 cantur
2379 3671 2487 3714 tota
2507 3662 2612 3727 die,
2638 3662 2885 3716 rrstimati
2906 3680 3085 3717 sumus
3103 3672 3156 3715 ut
3180 3680 3296 3717 ores
3319 3665 3620 3734 occisionis)
3634 3666 3659 3703 ν
3679 3668 3774 3719 sed

2167 3754 2223 3805 in
2246 3753 2326 3806 his
2352 3753 2591 3806 omnibus
2611 3770 2943 3822 superamus,
2960 3763 3171 3822 propter
3187 3771 3303 3808 eum
3319 3758 3409 3824 qui
3436 3756 3629 3810 dilexit
3651 3774 3770 3812 nos.

2173 3842 2423 3897 Perfecte
2470 3842 2653 3911 itaque
2692 3842 2986 3897 Christiani
3040 3858 3145 3898 non
3194 3844 3373 3898 solum
3420 3861 3528 3899 non
3579 3847 3777 3902 timent

2177 3934 2559 3989 tribulationes
2580 3974 2595 3999 ,
2637 3951 2825 3989 verum
2852 3936 3017 3990 etiam
3042 3936 3352 4006 gloriantur
3375 3936 3429 3989 in
3462 3937 3774 3992 tribulatio-

2170 4028 2357 4092 nibus;
2386 4028 2623 4082 scientes
2660 4028 2805 4097 quod
2832 4028 3112 4083 tribulatio
3140 4028 3458 4098 patientiam
3488 4038 3771 4099 operatur,

2171 4120 2434 4191 patientia
2482 4130 2666 4175 autem
2695 4121 3105 4191 probationem,
3142 4124 3393 4193 probatio
3428 4140 3562 4179 Vt‘l'o
3594 4140 3771 4194 spem,

2172 4225 2297 4279 spes
2326 4218 2507 4266 autem
2546 4226 2654 4265 non
2683 4211 2969 4267 confundit
2994 4230 3005 4265 :
3038 4213 3162 4283 quia
3186 4214 3428 4269 Charitas
3456 4214 3553 4269 Dei
3577 4215 3775 4271 diﬂ'usa

2174 4311 2261 4357 est
2301 4303 2356 4357 in
2397 4303 2653 4359 cordibus
2703 4318 2889 4359 eorum
2928 4304 3026 4373 per
3050 4303 3315 4375 Spiritum
3356 4314 3629 4373 sanctum,
3680 4309 3774 4377 qui

2176 4394 2336 4450 datus
2356 4402 2441 4448 est
2463 4394 2581 4459 eis;
2614 4402 2669 4448 et
2694 4409 2856 4449 omne
2900 4394 3153 4463 gaudiu’m
3187 4397 3531 4461 existimant,
3559 4413 3689 4452 cum
3717 4399 3773 4453 in

2099 4510 2153 4571 Β
2178 4485 2506 4540 tentationes
2533 4484 2713 4539 varias
2736 4484 2982 4539 incidunt
3012 4503 3025 4539 :
3054 4486 3260 4556 absque
3283 4488 3389 4540 ulla
3412 4488 3775 4559 ambiguitate

2177 4583 2452 4631 noverunt
2500 4590 2558 4630 se
2604 4574 3048 4630 tribulationibus
3106 4584 3160 4630 et
3210 4577 3477 4646 angustiis
3520 4576 3771 4643 conﬂari,

2175 4664 2476 4718 examinari
2526 4672 2580 4718 et
2610 4664 2848 4735 purgari,
2887 4664 3031 4719 sicut
3069 4680 3263 4719 aurum
3310 4674 3365 4720 et
3397 4676 3689 4737 argentum
3720 4670 3774 4722 in

2174 4751 2397 4806 fornace
2425 4752 2587 4821 ignis,
2620 4768 2727 4807 non
2752 4754 2898 4808 sicut
2922 4753 3125 4824 paleas,
3156 4764 3248 4811 aut
3282 4754 3507 4811 frenum.
3533 4757 3677 4825 Quia
3707 4759 3775 4815 ad

2173 4844 2279 4899 hoc
2308 4844 2412 4897 illis
2442 4843 2620 4913 ignem
2654 4843 3021 4899 tribulationis
3052 4845 3278 4902 adhibet
3314 4846 3479 4901 Pater
3509 4846 3771 4916 caelestis,

2178 4943 2236 4987 ut
2275 4932 2465 4988 sordes
2497 4932 2702 4997 abluat,
2726 4949 2834 4987 non
2856 4942 2917 4987 ut
2940 4934 2995 4988 in
3022 4934 3262 4989 cinerem
3295 4944 3596 4991 convertat.
3633 4936 3775 4994 San-

2174 5033 2387 5081 ctorum
2424 5010 2609 5094 itaque
2646 5040 2753 5080 vox
2797 5026 2964 5081 estin
3001 5027 3211 5097 psalmo
3253 5028 3552 5083 dicentium
3582 5047 3596 5084 :
3630 5029 3778 5097 Quo-

2175 5117 2317 5169 niam
2339 5116 2577 5186 probasti
2605 5132 2720 5180 nos,
2757 5115 2899 5169 Deus
2923 5156 2937 5181 ,
2975 5118 3094 5187 igne
3123 5134 3216 5171 nos
3253 5118 3605 5185 examinasti,
3637 5121 3776 5174 sicut

2173 5209 2510 5261 examinatur
2545 5217 2840 5278 argentum.
2885 5207 3155 5263 Induxisti
3182 5225 3277 5263 nos
3302 5211 3357 5263 in
3383 5209 3655 5279 laqueum,
3686 5228 3777 5281 po-

2175 5299 2325 5351 suisti
2348 5297 2711 5351 tribulationes
2734 5298 2789 5350 in
2810 5297 2969 5352 dorso
2990 5308 3191 5363 nostra,
3214 5299 3510 5369 imposuisti
3535 5300 3775 5361 homines

2176 5407 2334 5459 super
2359 5392 2531 5459 capita
2552 5399 2750 5443 nostra.
2794 5390 3152 5445 Transioimus
3173 5406 3266 5460 per
3289 5391 3459 5461 ignem
3478 5400 3528 5445 et
3555 5407 3775 5459 aquam,

2177 5490 2226 5535 et
2264 5481 2494 5534 eduxisti
2527 5498 2621 5535 nos
2648 5481 2703 5534 in
2743 5481 3094 5551 refrigerium.
3128 5480 3254 5536 Hinc
3283 5481 3467 5537 omnia
3492 5481 3778 5553 patiuntur

2179 5572 2346 5625 variis
2372 5571 2861 5640 persecutionibus.
2905 5571 3164 5625 Tolerant
3189 5571 3509 5640 plerumque
3537 5574 3777 5641 superio-

2178 5674 2289 5722 res,
2339 5661 2490 5728 quasi
2533 5674 2699 5729 super
2734 5661 2912 5729 capita
2963 5661 3278 5729 impositos,
3330 5675 3467 5729 quos
3504 5656 3777 5715 noremnt

2178 5768 2299 5807 esse
2326 5751 2555 5821 pejores.
2590 5752 2848 5805 Tolerant
2870 5758 3071 5816 autem,
3112 5766 3216 5805 non
3257 5750 3429 5805 solum
3463 5750 3774 5805 tribulatio—
