3930 6350
159 395 270 454 εδδ

1311 397 1547 455 ιειωο
1587 395 1677 451 ΒΕ
1714 393 1892 448 FIDEI
1938 393 2306 452 VEBITA'I‘K.

3338 407 3444 461 2236

162 528 284 579 nes,
312 512 410 568 sed
431 520 488 567 et
522 513 871 577 mutationes,
901 514 1057 581 quasi
1100 510 1279 585 Ignem
1309 520 1365 566 et
1393 526 1587 581 aquam
1608 550 1622 577 ,
1663 522 1762 577 per
1788 508 1840 567 Α
1864 508 2031 574 gibus,
2058 511 2360 564 etomnibus
2398 512 2487 580 qui
2528 513 2581 566 iu
2618 512 2938 565 sublimitate
2967 522 3109 579 sunt,
3135 524 3190 567 ut
3216 517 3443 585 quietam

162 606 395 659 adversa
440 604 650 659 scilicet
672 613 727 659 et
756 618 1037 675 pr05pera.
1082 603 1287 659 Carent
1312 603 1535 658 omnino
1573 618 1639 655 ne
1664 616 1758 654 eos

161 707 256 753 aut
284 698 425 768 ignis
453 707 677 760 exurat,
717 705 811 751 aut
842 711 984 766 aqua
1021 704 1354 767 corrumpat.
1388 695 1757 749 Transeuntes

160 799 345 844 autem
379 804 477 859 per
503 790 684 861 ignem
726 796 783 842 et
818 803 1037 857 aquam,
1072 787 1175 843 hoc
1211 796 1326 851 est,
1365 801 1462 855 per
1498 798 1755 853 prospera

158 889 215 933 et
241 879 469 933 adversa
491 920 505 943 ,
537 880 844 933 educuntur
875 878 927 931 in
963 876 1336 947 refrigerium;
1368 876 1457 930 ubi
1496 874 1607 942 jam
1631 874 1754 927 nul-

158 967 273 1023 lum
312 969 507 1022 timent
536 967 841 1031 inimicum,
876 966 1076 1020 nullam
1115 968 1385 1022 sustinent
1426 965 1750 1027 molestiam,

156 1058 286 1126 quia
324 1066 642 1126 perpetuum
689 1056 1033 1127 refrigerium
1061 1065 1116 1111 et
1149 1064 1407 1126 perpetua
1448 1056 1603 1112 auies
1632 1070 1755 1124 per-

157 1162 350 1205 severa
361 1156 400 1201 ί.

232 1238 419 1295 XXIII.
464 1239 535 1296 Ut
572 1249 755 1295 autem
783 1239 851 1293 ad
882 1240 987 1294 hoc
1031 1239 1372 1309 perveniant,
1421 1237 1550 1306 quid
1590 1252 1755 1306 agen-

160 1332 289 1385 dum
328 1339 414 1385 est
440 1331 695 1385 omnibus
733 1329 979 1384 fidelibus
1023 1330 1166 1384 inter
1194 1337 1275 1383 tot
1304 1328 1441 1383 mala
1484 1338 1539 1382 et
1577 1337 1753 1381 trans-

158 1423 299 1475 itura
343 1432 398 1475 et
445 1436 724 1485 mansura,
759 1420 1039 1475 toleranda
1075 1430 1130 1475 et
1159 1420 1431 1490 fugienda,
1471 1420 1573 1472 nisi
1610 1419 1753 1486 quod

155 1510 416 1567 Dominus
454 1522 510 1567 et
539 1513 1109 1582 Rcdemptormoster,
1161 1512 1436 1576 liberator,
1489 1520 1540 1566 et
1572 1512 1755 1565 mode-

154 1612 325 1666 rator,
357 1619 478 1658 cum
508 1604 573 1658 de
620 1604 826 1658 ultimis
860 1604 1299 1658 tribulationibus
1350 1605 1645 1657 instrueret
1677 1601 1753 1655 di-

154 1693 418 1763 scipulos,
455 1696 753 1764 prmcepit,
801 1696 987 1749 dicens
1038 1712 1051 1749 :
1108 1694 1337 1763 Vigilate
1383 1696 1557 1764 itaque
1606 1694 1749 1747 omni

152 1798 384 1852 tempore
415 1796 646 1850 orantes,
673 1796 728 1838 ut
755 1785 901 1856 digni
918 1786 1218 1839 habeamiui
1247 1786 1426 1855 fugere
1448 1786 1549 1838 ista
1571 1784 1746 1838 omnia

151 1892 268 1947 qua:
294 1877 479 1946 futura
504 1888 643 1942 sunt,
671 1886 719 1930 et
754 1888 898 1930 stare
924 1887 1043 1930 ante
1070 1876 1267 1931 Filium
1308 1877 1555 1930 hominis.
1591 1875 1750 1930 Simi-
1776 1852 1822 1909 Β

153 1965 276 2020 liter
306 1974 364 2019 et
403 1982 525 2019 cum
558 1967 623 2021 de
653 1968 882 2037 suajam
912 1968 1134 2021 instanti
1160 1969 1411 2035 passione
1443 1982 1536 2021 eos
1563 1982 1748 2021 mone-

150 2062 252 2119 ret,
303 2056 471 2110 dicit:
507 2054 668 2109 Orate
695 2074 757 2110 ne
794 2058 996 2110 intretis
1040 2058 1093 2108 in
1136 2058 1498 2111 tentationem.
1528 2056 1661 2109 Nam
1692 2046 1749 2110 et

152 2157 310 2203 antea
346 2150 710 2218 interrogatus
740 2164 769 2201 a
796 2147 1085 2203 Pharisaeis
1110 2148 1325 2217 quando
1348 2136 1495 2202 venit
1518 2162 1745 2216 regnum

150 2237 266 2302 Dei,
296 2253 419 2293 cum
457 2239 846 2307 respondisset,
877 2236 1179 2306 subiunxit,
1213 2238 1401 2291 dicens
1431 2252 1443 2289 :
1479 2236 1743 2301 Quoniam

152 2338 348 2399 oportet
376 2344 578 2399 semper
606 2345 776 2389 orare,
818 2338 865 2381 et
894 2345 997 2381 non
1024 2326 1244 2397 deﬁcere
1276 2344 1292 2381 :
1322 2336 1476 2382 ostcu
1502 2330 1617 2381 iens
1642 2328 1744 2381 hoc

153 2436 247 2491 per
273 2420 593 2488 parabolam
618 2421 683 2473 de
701 2418 882 2487 judice
910 2420 1065 2482 duro,
1096 2429 1151 2474 et
1177 2420 1335 2473 vidua
1361 2420 1747 2487 interpellante

156 2510 484 2579 Importune.
527 2508 663 2563 Nam
690 2518 745 2564 et
775 2510 827 2564 in
861 2510 966 2564 alio
992 2510 1132 2574 loco,
1159 2525 1281 2563 cum
1310 2525 1406 2579 per
1430 2510 1745 2577 parabolam

153 2600 362 2654 diceret
403 2600 691 2669 quemdam
736 2602 1041 2670 importune
1092 2609 1372 2669 rogantem
1425 2601 1745 2668 impetrasse

154 2691 440 2744 commodo
460 2689 575 2744 dari
607 2690 708 2744 sibi
730 2705 898 2759 panes
914 2708 943 2744 a
966 2691 1220 2759 quodam,
1246 2689 1496 2757 sul~jecit,
1522 2689 1739 2746 dicens:

150 2779 219 2834 Et
247 2796 342 2849 ego
368 2779 509 2832 vobis
546 2780 685 2842 dico,
733 2777 937 2845 Petite,
969 2791 1016 2835 et
1048 2781 1260 2834 dabitur
1300 2782 1472 2845 vobis;
1501 2784 1738 2853 qucerite,

146 2876 194 2923 et
217 2867 522 2932 invenietis;
555 2868 783 2938 pulsate,
812 2879 859 2923 et
891 2872 1155 2939 aperietur
1182 2871 1347 2925 vobis.
1383 2870 1567 2927 Omnis
1601 2876 1737 2927 enim

144 2960 232 3030 qui
260 2960 384 3029 petit
413 2960 634 3029 accipit,
676 2969 725 3013 et
767 2961 859 3030 qui
887 2961 1076 3031 quterit
1131 2961 1364 3027 invenit,
1409 2971 1457 3015 et
1504 2961 1742 3033 pulsanti

148 3051 433 3119 aperietur.
473 3050 541 3104 Et
579 3059 705 3120 post
741 3049 1021 3120 paululum
1050 3068 1062 3103 :
1088 3047 1147 3105 Si
1168 3067 1291 3122 ergo
1326 3068 1436 3117 vos,
1475 3068 1593 3105 cum
1623 3052 1738 3107 sitis

147 3145 317 3210 mali,
374 3146 537 3199 nostis
575 3144 710 3198 bona
747 3144 875 3197 data
927 3143 1056 3197 dare
1104 3142 1230 3212 ﬁliis
1278 3146 1507 3209 vestris;
1544 3155 1739 3215 quanto

150 3240 318 3307 magis
350 3235 517 3291 Pater
546 3246 711 3292 vester
731 3236 795 3290 de
825 3235 951 3290 ccelo
978 3236 1123 3290 dabit
1151 3237 1395 3308 spiritum
1421 3238 1611 3292 bonum
1638 3254 1734 3306 pe-

143 3326 371 3381 tentibus
395 3343 449 3380 se
467 3326 491 3379 .°

212 3415 403 3472 XXIV.
447 3416 523 3471 De
574 3431 680 3484 qua
714 3431 807 3481 re,
857 3415 909 3470 id
956 3423 1040 3470 est
1079 3416 1398 3472 assiduitate
1438 3418 1521 3471 vel
1556 3418 1735 3487 potius

142 3506 552 3576 importunitate
599 3506 930 3571 orationum,
974 3522 1139 3576 quam
1191 3507 1411 3563 solliciti
1454 3516 1510 3563 et
1539 3510 1731 3564 intenti

141 3613 263 3652 esse
285 3597 520 3651 debeant
550 3594 752 3658 ﬁdeles,
774 3596 933 3665 plena
961 3603 1045 3649 est
1073 3596 1251 3649 omnis
1270 3610 1425 3650 sacra
1450 3595 1734 3665 Scriptura

141 3687 278 3743 Novi
310 3697 367 3743 et
413 3688 627 3743 Veteris
655 3687 992 3743 Testamenti
1029 3686 1293 3756 exemplis
1332 3695 1388 3742 et
1426 3690 1732 3757 praeceptis,

143 3781 195 3835 in
235 3780 436 3849 quibus
473 3778 638 3850 (quod
685 3777 1233 3847 incomprehensibilis
1271 3786 1355 3833 est
1401 3779 1732 3850 hominibus)

144 3870 325 3938 aliqua
376 3881 496 3937 qua:
541 3868 887 3936 omnipotens
930 3867 1071 3920 Deus
1119 3868 1371 3935 promisit
1400 3865 1615 3932 futura,
1656 3869 1733 3923 sic

145 3960 377 4026 distulit,
406 3966 466 4013 ut
506 3958 846 4013 orationibus
869 3958 1268 4013 obtinerentur.
1305 3958 1458 4014 Unde
1483 3968 1534 4013 et
1571 3959 1733 4014 Petro

143 4050 393 4114 apostolo
437 4051 656 4106 detento
701 4050 770 4105 ab
804 4051 1038 4116 IIerode,
1088 4060 1142 4105 et
1174 4051 1230 4106 in
1280 4067 1504 4109 carcere
1547 4062 1731 4119 truso,

152 4142 326 4196 oratio
350 4141 421 4196 ab
436 4141 674 4197 Ecclesia
700 4141 1000 4197 ﬁebatsine
1028 4141 1433 4197 intermissione
1453 4142 1519 4196 ad
1542 4142 1729 4198 Deum.

143 4237 212 4295 Et
241 4232 445 4288 Paulus
469 4233 788 4288 exhortatur
817 4232 1093 4287 auditores
1122 4247 1271 4297 suos,
1297 4231 1485 4288 dicens
1516 4250 1528 4285 :
1562 4230 1737 4286 Oran-

149 4341 222 4388 tes
243 4327 389 4381 omni
424 4334 653 4394 tempore
686 4326 740 4378 in
767 4325 991 4392 spiritu,
1036 4333 1085 4377 et
1129 4324 1184 4377 iu
1213 4325 1326 4393 ipso
1376 4322 1647 4394 vigilantes
1680 4324 1734 4377 in

146 4416 287 4475 omni
312 4415 567 4469 instantia
596 4422 643 4468 et
669 4412 1047 4478 obsecratione,
1087 4430 1182 4483 pro
1220 4413 1461 4466 omnibus
1500 4412 1731 4475 sanctis,

135 4518 184 4559 et
206 4523 307 4577 pro
350 4522 449 4569 me,
490 4515 545 4558 ut
571 4504 725 4558 detur
750 4502 879 4557 mihi
905 4519 1073 4557 sermo
1106 4502 1161 4555 in
1192 4503 1459 4572 apertione
1488 4504 1593 4556 oris
1630 4503 1731 4555 mei
1757 4538 1809 4596 D

140 4614 258 4652 cum
286 4596 491 4666 ﬁducia
513 4635 527 4659 ,
556 4604 735 4648 notum
766 4594 941 4662 facere
974 4595 1279 4662 mysterium
1313 4592 1605 4662 Evangelii,
1637 4610 1730 4662 pro

140 4706 242 4760 quo
270 4687 533 4757 legatione
555 4684 747 4755 {ungor
767 4684 824 4737 in
851 4693 1037 4737 catena
1088 4684 1209 4744 ista,
1239 4684 1314 4734 ita
1338 4692 1393 4735 ut
1421 4685 1477 4735 in
1506 4683 1615 4751 ipso
1637 4700 1735 4735 uu-

141 4778 297 4832 deam
320 4786 475 4845 prout
496 4783 693 4844 oportet
714 4790 796 4827 me
817 4771 976 4843 loqui.
1010 4773 1077 4827 Et
1102 4772 1154 4826 in
1180 4773 1284 4825 alio
1310 4772 1427 4826 Ioco
1442 4772 1692 4826 similiter
1718 4790 1730 4825 :

142 4868 392 4923 Orationi
416 4867 625 4931 instate,
662 4865 760 4931 ait,
790 4864 1061 4935 vigilantes
1083 4865 1138 4917 in
1166 4880 1225 4917 ea
1256 4865 1547 4931 gratiarum
1577 4865 1737 4917 actio-

138 4972 232 5019 ne;
265 4964 481 5009 orantes
506 4952 666 5008 simul
695 4962 745 5007 et
768 4970 864 5024 pro
886 4953 1033 5007 nobis
1053 4994 1067 5017 ,
1100 4962 1157 5005 ut
1187 4952 1326 5005 Deus
1350 4952 1550 5020 aperiat
1586 4954 1734 5007 nobis

139 5046 334 5099 ostium
375 5043 629 5097 sermonis
684 5043 753 5096 ad
809 5040 1130 5113 loquendum
1179 5043 1481 5111 mysterium
1535 5041 1733 5095 Chriin

140 5136 376 5207 (propter
400 5132 539 5205 quod
561 5133 721 5187 etiam
744 5134 950 5188 vinctus
972 5131 1111 5203 sum)
1142 5141 1199 5186 ut
1220 5130 1550 5201 manifestem
1571 5132 1729 5191 illud,

139 5227 211 5281 ita
236 5236 299 5280 ut
336 5237 541 5295 Oportet
572 5240 654 5279 me
683 5222 847 5295 loqui.

204 5316 380 5373 XXV.
404 5317 557 5385 Quod
577 5324 757 5371 autem
776 5331 885 5372 non
907 5322 1117 5369 tantum
1135 5330 1235 5385 pro
1259 5329 1320 5370 se
1338 5312 1729 5382 unusquisque,

142 5418 232 5464 aut
253 5424 361 5479 pro
400 5407 630 5472 sanctis,
660 5406 855 5462 debeat
892 5404 1157 5460 sollicitus
1200 5417 1324 5459 esse
1354 5403 1407 5457 in
1441 5402 1687 5457 oratione
1714 5442 1729 5467 ,

143 5503 231 5558 sed
255 5510 321 5557 et
349 5514 448 5570 pro
478 5500 734 5553 omnibus
761 5497 1095 5562 hominibus,
1138 5495 1281 5550 idem
1312 5494 1504 5549 beatus
1532 5494 1731 5549 Paulus

143 5594 217 5649 sic
256 5591 523 5655 ostendit,
557 5589 878 5660 praecipiens
914 5602 929 5643 :
961 5586 1186 5642 Obsecro
1224 5586 1387 5657 igitur
1419 5586 1589 5654 primo
1621 5602 1733 5638 om-

145 5683 286 5738 nium
338 5680 457 5751 ﬁeri
504 5678 881 5733 obsecrationes
908 5719 923 5744 ,
980 5678 1276 5741 orationes,
1328 5673 1728 5747 postulationes,

148 5778 439 5842 gratiarum
471 5769 701 5825 actiones
734 5786 830 5837 pro
869 5768 1107 5825 omnibus
1152 5766 1479 5833 hominibus,
1512 5782 1607 5833 pro
1649 5782 1730 5821 re-

1765 3197 1811 3261 C

1858 610 1907 651 et
1937 600 2277 669 tranquillam
2296 603 2450 654 vitam
2479 620 2715 671 agamus,
2747 604 2799 657 in
2824 606 2967 657 omni
2994 607 3187 675 pietate
3214 618 3262 661 et
3288 614 3448 664 casti-

1858 698 1983 743 tate.
2011 689 2165 756 Quod
2195 706 2325 746 vero
2366 693 2673 749 nonsolum
2700 693 2754 749 in
2789 695 2934 749 omni
2962 706 3233 767 tempore,
3269 700 3364 752 sed
3390 710 3445 757 et

1856 780 1912 833 in
1944 781 2091 834 omni
2130 781 2268 846 loco,
2316 782 2417 837 hoc
2445 781 2562 836 ﬁeri
2588 783 2801 847 debeat,
2829 787 3089 850 ostendit,
3122 796 3244 857 post
3272 804 3444 857 pauca

1855 868 2185 939 subjungens
2217 888 2231 923 :
2279 869 2403 925 Volo
2430 887 2554 941 ergo
2582 873 2716 926 viros
2749 891 2901 928 orare
2930 877 3070 929 omni
3102 876 3237 930 loco.
3266 878 3445 934 levan-

1855 970 1928 1014 tes
1971 978 2129 1030 puras
2170 979 2356 1017 manus
2401 966 2513 1017 sine
2557 965 2637 1017 ira
2693 975 2743 1018 et
2790 966 3185 1036 disceptatione.
3238 970 3444 1025 Simili-

1854 1062 1933 1107 ter
1958 1066 2005 1108 et
2037 1055 2276 1111 mulieres
2306 1059 2360 1112 in
2404 1059 2585 1113 habitu
2620 1069 2841 1126 ornato,
2884 1078 3002 1115 cum
3036 1066 3347 1121 verecundia
3391 1078 3440 1122 et

1854 1150 2154 1205 sobrietate.
2286 1131 2294 1139 ’

1928 1241 2113 1294 XXVI.
2167 1240 2463 1298 Sciendum
2513 1253 2638 1299 ante
2675 1247 2856 1300 omnia
2904 1248 3030 1315 quia
3073 1252 3251 1305 oratio
3298 1258 3441 1306 sicut

1852 1348 1972 1387 esse
1999 1334 2159 1389 debet
2199 1335 2316 1389 sine
2354 1336 2432 1389 ira
2463 1350 2517 1391 et
2555 1338 2965 1408 disceptatione,
2999 1341 3071 1394 ita
3100 1351 3156 1395 et
3180 1342 3297 1396 sine
3331 1344 3441 1396 ba)—

1853 1424 2111 1478 sitatioue
2137 1465 2149 1485 ,
2190 1440 2310 1478 cum
2360 1434 2468 1477 tota
2500 1426 2695 1480 ﬁducia
2731 1437 2784 1481 et
2815 1428 2938 1483 Iide.
2975 1430 3128 1495 Quod
3168 1431 3221 1483 in
3256 1432 3436 1484 multis

1852 1517 2068 1582 quidem
2100 1515 2233 1569 locis
2261 1516 2589 1578 ostenditur;
2638 1520 2733 1572 sed
2768 1521 3035 1587 przccipue
3065 1521 3116 1573 in
3160 1521 3252 1575 illo
3276 1561 3289 1583 ,
3344 1520 3437 1575 ubi

1850 1604 2042 1660 Petrus
2088 1605 2313 1661 Domino
2351 1607 2523 1660 dicit:
2560 1606 2746 1671 Rabbi,
2779 1625 2893 1661 ecce
2930 1611 3080 1676 licus,
3136 1613 3217 1662 cui
3265 1611 3432 1664 malr—

1850 1694 2051 1758 dixisti,
2092 1697 2255 1749 aruit.
2300 1696 2370 1749 Et
2406 1697 2722 1764 respondens
2749 1698 2925 1760 Jesus,
2958 1700 3029 1751 ait
3059 1699 3165 1753 illis
3194 1714 3211 1750 :
3242 1701 3440 1756 llubete

1849 1786 2004 1854 ﬁdem
2046 1787 2163 1841 Dei.
2206 1788 2371 1842 Amen
2412 1788 2531 1842 dico
2571 1789 2736 1852 vobis,
2761 1790 2886 1860 quia
2914 1791 3211 1859 quicunque
3244 1792 3441 1845 dixerit

1850 1877 1971 1929 huic
1998 1879 2162 1929 monti
2191 1894 2207 1930 :
2242 1877 2385 1931 Tolle
2414 1887 2462 1931 te
2489 1887 2538 1932 et
2568 1880 2711 1931 mitte
2739 1888 2787 1931 te
2808 1880 2859 1931 in
2886 1896 3050 1944 mare,
3081 1892 3126 1933 et
3152 1897 3255 1934 non
3283 1882 3351 1935 ha
3368 1883 3438 1935 si-

1850 1968 2037 2018 taverit
2064 1968 2117 2019 in
2151 1969 2307 2021 corde
2344 1985 2458 2032 suo,
2504 1968 2593 2021 sed
2620 1969 2901 2022 crediderit
2936 1971 3061 2039 quia
3090 1972 3435 2041 quodcunque

1848 2057 2038 2109 dir-erit
2061 2057 2171 2123 ﬁat,
2216 2058 2302 2123 [iet
2329 2060 2395 2110 ei.
2435 2058 2715 2127 PrOpterea
2741 2061 2858 2114 dico
2884 2062 3044 2121 vobis,
3075 2064 3252 2115 omnia
3289 2080 3436 2133 qure-

1846 2163 2048 2215 cunque
2086 2162 2294 2200 orantes
2333 2148 2607 2217 petieritis,
2652 2149 2843 2204 credite
2884 2153 3008 2221 quia
3056 2153 3341 2221 accipietis,
3384 2160 3435 2205 et

1847 2237 2045 2289 venient
2083 2236 2239 2289 robfs.
2276 2237 2385 2291 [Ioc
2418 2238 2577 2291 modo
2606 2240 2871 2292 orandum
2907 2251 2961 2294 et
2988 2242 3177 2295 beatus
3200 2239 3433 2296 Iacobus

1848 2328 2123 2394 apustolus
2147 2326 2423 2391 admonet,
2454 2331 2639 2384 dicens
2672 2349 2682 2383 :
2714 2332 2900 2400 Siqu‘s
2919 2334 3232 2401 sapien:iam
3257 2344 3436 2402 postu-

1846 2415 1913 2467 let
1938 2433 1966 2468 a
1994 2416 2099 2468 Deo
2140 2417 2228 2484 qui
2254 2417 2343 2468 dat
2370 2420 2609 2471 omnibus
2642 2420 2929 2489 affluenter,
2956 2431 3001 2473 et
3044 2438 3145 2474 non
3180 2423 3435 2491 imprope-

1848 2516 1949 2567 rat,
1974 2507 2021 2559 ei
2058 2506 2291 2558 dabitur.
2318 2506 2556 2559 Postulet
2590 2518 2762 2560 autent
2791 2508 2845 2561 in
2873 2510 2977 2577 ﬁde
3004 2510 3135 2563 nihil
3159 2512 3430 2564 haesitans.

1849 2598 1951 2659 Qui
1976 2598 2112 2649 enim
2140 2598 2368 2661 Ita'sitat,
2396 2598 2583 2651 similis
2612 2608 2684 2651 est
2711 2600 3004 2668 tempestati
3042 2601 3226 2664 maris,
3258 2616 3375 2669 qua:
3398 2616 3433 2654 a

1846 2695 1993 2738 vento
2021 2696 2271 2743 movetur.
2311 2700 2359 2740 et
2392 2688 2779 2756 circumfertur.
2810 2688 2933 2742 Non
2963 2706 3083 2759 ergo
3106 2692 3321 2743 a’stimet
3343 2689 3433 2745 ille

1845 2777 1998 2828 homo
2044 2777 2183 2846 quod
2230 2777 2451 2847 accipiat
2487 2777 2689 2847 aliquid
2714 2796 2761 2831 σα
2810 2778 3054 2831 Domino.
3112 2776 3204 2831 Vir
3238 2778 3432 2849 duplex

1843 2870 2043 2932 animo,
2086 2869 2385 2921 inconstans
2408 2877 2481 2922 est
2523 2870 2578 2922 in
2607 2869 2845 2922 omnibus
2882 2869 2975 2922 riis
3018 2870 3147 2922 suis.
3197 2868 3429 2924 Tantam

1844 2959 2003 3013 ﬁdem
2039 2967 2095 3013 et
2133 2957 2385 3013 ﬁduciam
2430 2966 2651 3027 praestat
2686 2974 2879 3029 magna
2929 2959 3216 3013 multitudo
3245 2960 3429 3015 dulce-

1843 3052 1987 3105 dinis
2014 3052 2141 3117 Dei,
2174 3051 2260 3104 cui
2289 3051 2341 3104 in
2373 3050 2479 3104 alio
2507 3059 2719 3118 psalmo
2749 3050 2945 3105 dicitur
2972 3068 2984 3103 :
3022 3049 3184 3116 Quia,
3216 3061 3273 3105 tu
3314 3051 3425 3105 Do-

1844 3145 2005 3208 mine,
2033 3144 2207 3197 suavis
2231 3154 2277 3195 et
2299 3143 2462 3207 mitis,
2496 3152 2544 3195 et
2584 3142 2763 3195 multa:
2790 3143 3159 3198 misericordia:
3191 3144 3428 3198 omnibus

1842 3232 2207 3288 invocantibus
2244 3242 2309 3287 te.
2344 3234 2412 3286 Et
2456 3233 2614 3289 nobis
2652 3249 2750 3303 per
2806 3234 3127 3305 prophetam
3181 3235 3422 3290 dicitur:

1839 3323 2077 3378 Dissolve
2113 3324 2471 3393 colligationes
2508 3325 2810 3394 impietatis,
2849 3325 2987 3378 solre
3020 3324 3303 3392 fasciculos
3342 3325 3429 3380 de-

1836 3416 2133 3486 primentes,
2167 3413 2367 3467 dimitte
2412 3430 2499 3467 eos
2529 3415 2619 3483 qui
2666 3414 2923 3483 confracti
2961 3423 3082 3468 sunt
3131 3413 3341 3479 liberos,
3375 3424 3423 3469 et

1837 3521 1987 3558 omne
2025 3521 2155 3558 onus
2184 3505 2467 3572 disrumpe.
2516 3500 2727 3574 Frange
2751 3504 3001 3557 esurienti
3032 3520 3220 3573 panem
3251 3514 3423 3567 tuum,

1836 3607 1883 3650 et
1909 3613 2092 3665 egenos
2117 3611 2369 3664 vagosque
2387 3595 2545 3646 induc
2571 3594 2625 3646 in
2646 3594 2861 3648 domum
2875 3604 3039 3647 tuam.
3077 3594 3221 3647 Tunc
3249 3612 3425 3649 erum-

1835 3697 1919 3756 pet
1947 3686 2097 3756 quasi
2130 3702 2281 3739 mane
2302 3683 2476 3737 lumen
2499 3692 2668 3747 tuum,
2693 3693 2738 3736 et
2767 3684 2968 3737 sanitas
2998 3694 3088 3737 tua
3111 3684 3263 3738 citius
3294 3687 3426 3737 orie-

1835 3788 1944 3840 tur,
1970 3787 2016 3829 et
2046 3775 2260 3829 anteibit
2286 3774 2475 3843 [aciem
2498 3784 2641 3826 tuam
2656 3774 2867 3842 justitia
2894 3784 3012 3839 tua,
3043 3784 3087 3828 et
3111 3776 3280 3844 gloria
3316 3775 3422 3828 Do-

1834 3866 1963 3925 mini
1988 3865 2190 3933 colliget
2218 3873 2285 3916 te.
2315 3862 2458 3916 Tunc
2488 3863 2774 3926 invocabis,
2809 3872 2855 3915 et
2886 3863 3144 3916 Dominus
3170 3866 3415 3920 exaudiet

1834 3968 1913 4021 te;
1935 3954 2206 4017 clamabis,
2241 3964 2287 4007 et
2314 3954 2445 4006 dicet
2479 3970 2490 4004 :
2524 3951 2659 4005 Ecce
2684 3952 2891 4005 adsum.
2931 3952 2987 4005 In
3021 3954 3215 4019 quibus
3244 3956 3417 4008 versi-

1834 4045 1934 4099 bus
1966 4054 2155 4113 aperte
2175 4041 2513 4096 demonstrat
2535 4042 2678 4109 quod
2701 4042 2790 4109 qui
2824 4041 2910 4110 pic
2936 4042 3083 4095 audit
3107 4042 3419 4108 Dominum.

1836 4133 2262 4189 misericorditer
2283 4131 2502 4185 auditur
2538 4147 2566 4183 a
2608 4131 2857 4185 Domino.
2892 4130 2997 4186 Sed
3023 4132 3122 4186 hos
3150 4133 3423 4201 pmplteti-

1835 4240 1925 4278 cos
1956 4238 2147 4276 versus
2173 4222 2275 4276 alia
2314 4221 2595 4275 translatio
2622 4221 2699 4275 sic
2734 4221 2951 4275 inchoat
2984 4236 2997 4274 :
3032 4219 3266 4274 Dissolve
3291 4222 3421 4275 ob!t-

1834 4314 2070 4383 gationcs
2114 4312 2457 4365 violentaruut
2507 4313 2829 4374 cantionum,
2870 4312 3071 4364 dimStte
3124 4312 3320 4379 fractos
3365 4313 3417 4366 in

1837 4402 2211 4463 remissionem,
2244 4409 2291 4453 et
2320 4414 2522 4451 omnem
2571 4398 2885 4467 scripturum
2918 4400 3149 4468 iniquam
3180 4402 3420 4453 conscin-

1835 4492 1919 4554 de,
1947 4502 1992 4544 et
2020 4493 2074 4543 in
2103 4492 2228 4559 ﬁne,
2263 4490 2434 4543 adhu:
2456 4490 2691 4560 loquente
2717 4501 2794 4554 te,
2837 4491 2995 4553 dices,
3031 4490 3169 4543 Ecce
3202 4492 3412 4545 adsum.

1835 4586 1987 4651 Quod
2036 4584 2190 4637 valde
2221 4598 2441 4637 necesse
2470 4593 2573 4647 est,
2603 4594 2661 4636 ut
2700 4584 3055 4651 praedicetur,
3096 4581 3343 4634 audiatur
3365 4592 3418 4636 et

1836 4678 2141 4746 impleatur.

1906 4766 2113 4820 XXVII.
2160 4765 2311 4820 IIanc
2338 4764 2733 4819 multitudinem
2766 4762 3063 4816 dulcedinis
3101 4776 3213 4815 suae
3246 4762 3417 4814 omni-

1834 4870 2025 4928 potens
2051 4867 2106 4912 ct
2135 4858 2448 4910 misericors
2493 4856 2749 4907 Dominus
2779 4870 2873 4922 per
2914 4852 3250 4906 Ezechielem
3283 4868 3412 4921 pro-

1834 4950 2050 5018 phetam
2082 4947 2371 4999 annuntiat
2395 4946 2709 5005 clcmcntcr,
2733 4955 2784 4997 et
2837 4944 2967 4996 dicit
2998 4956 3011 4995 :
3043 4941 3415 4996 Convertimini

1832 5051 1878 5093 ct
1912 5038 2420 5107 agitepanxitentiant
2450 5035 2514 5087 ab
2546 5038 2784 5088 omnibus
2819 5034 3180 5103 iniquitatibus
3210 5035 3412 5096 vestris,

1832 5142 1877 5184 et
1910 5145 2012 5181 non
2038 5129 2132 5179 crit
2161 5128 2300 5181 vobis
2324 5128 2377 5180 in
2402 5128 2609 5179 ruinam
2634 5128 2899 5194 iniquitas.
2936 5122 3189 5193 Projicite
3216 5142 3246 5175 a
3273 5124 3413 5176 vobis

1835 5235 2008 5274 omnes
2022 5234 2191 5287 prtrva
2201 5218 2479 5291 ricationes
2499 5227 2693 5271 vestras
2716 5216 2900 5285 quibus
2920 5214 3247 5284 pra'varicati
3266 5214 3387 5267 estis
3403 5250 3416 5273 .

1830 5321 1879 5363 et
1909 5310 2068 5378 facile
2094 5308 2235 5361 vobis
2260 5325 2349 5360 cor
2372 5325 2557 5361 norum
2580 5317 2623 5360 et
2650 5308 2887 5375 spiritum
2919 5320 3124 5358 novum.
3162 5302 3227 5355 Et
3250 5318 3415 5373 quare

1832 5395 2150 5462 moriemini,
2195 5397 2381 5450 domus
2428 5395 2637 5450 Israel?
2685 5396 2820 5459 Quia
2861 5392 2980 5445 nolo
3032 5400 3247 5445 mortem
3297 5408 3413 5444 mt-

1833 5488 2033 5549 rientis,
2064 5486 2190 5539 dicit
2228 5485 2506 5539 Dominus.
2540 5484 2897 5543 Revertimini,
2924 5490 2972 5535 et
3016 5480 3189 5534 vivite.
3236 5478 3328 5533 Sic
3354 5486 3413 5534 et

1833 5594 1931 5653 per
1952 5578 2146 5633 Isaiam
2168 5577 2489 5639 ostenditur,
2522 5590 2641 5628 cum
2666 5574 2797 5627 dicit
2827 5588 2840 5625 :
2866 5570 3202 5641 Derelinquat
3223 5571 3413 5639 impius

1836 5678 1972 5731 viam
2002 5688 2176 5735 suam,
2208 5679 2255 5724 et
2290 5669 2367 5724 vir
2396 5670 2603 5737 iniquus
2634 5665 2968 5735 cogitationes
2992 5678 3139 5727 suas,
3167 5672 3215 5717 et
3251 5676 3418 5715 rever-

1834 5774 1978 5821 tatur
1997 5761 2064 5816 ad
2094 5761 2394 5824 Dominum,
2427 5768 2473 5813 ct
2512 5757 2836 5812 miserebitur
2862 5754 2975 5823 ejus
3000 5793 3013 5820 ,
3049 5762 3099 5809 et
3138 5748 3205 5807 ad
3244 5752 3407 5808 [Icum
