3930 6346
521 370 628 432 387

1490 382 1550 440 S.
1591 381 1943 442 AGOBARDI
1984 382 2299 442 EPISCOPI
2327 385 2814 444 LUGDUNENSIS

3704 397 3804 451 283

511 502 774 562 nostrum,
808 497 1058 565 quoniam
1098 498 1295 555 multus
1321 509 1400 556 est
1430 501 1504 556 ad
1521 499 1917 572 ignoscendum.
1949 502 2101 558 Hane
2129 506 2179 565 Α
2201 503 2294 572 qui
2327 504 2600 574 aspiceret.
2661 503 2988 571 Despexistis
3028 519 3181 559 omne
3210 504 3495 561 consilium
3536 523 3732 566 meum.
3762 521 3804 564 et

510 584 838 641 suavitatem
886 588 1277 646 misericordia
1305 605 1417 647 suae
1450 589 1714 647 Dominus
1753 591 1909 647 nobis
1950 592 2110 647 oﬁ‘ert

506 685 611 745 per
652 677 904 744 eumdem
952 680 1301 751 prophetam,
1346 681 1580 738 dicens:
1617 681 1876 736 Memento
1919 683 2106 736 horum

508 763 678 822 Iacob
701 776 750 820 et
776 767 971 836 Israel,
997 772 1247 842 quamam
1283 788 1462 827 servus
1485 787 1630 827 meus
1654 789 1710 826 es
1745 781 1822 825 tu.
1859 770 2109 826 Formaoi

508 863 581 922 te,
620 843 819 912 seruus
837 874 984 915 meus
1025 876 1080 915 es
1120 869 1196 924 tu,
1247 858 1442 926 Israel,
1475 878 1581 916 non
1609 860 1926 916 obliuisceris
1961 863 2063 916 mei
2086 877 2106 915 :

506 943 776 1001 deleoi‘ut
824 948 1012 1003 nubem
1059 950 1362 1022 iniquitates
1402 961 1543 1018 tuas,
1581 961 1630 1005 et
1658 953 1812 1022 quasi
1859 951 2105 1006 nebulam

506 1033 724 1108 peccata
740 1046 835 1092 tua
860 1055 887 1094 ξ
910 1051 1165 1097 reuertere
1191 1042 1262 1097 ad
1293 1060 1398 1109 me,
1425 1043 1676 1115 quoniam
1701 1045 1898 1098 redemi
1931 1054 1998 1097 te.
2038 1044 2106 1098 Et

510 1126 714 1184 lterum
743 1147 756 1184 :
789 1130 905 1202 Ego
931 1149 1069 1200 sum,
1100 1151 1193 1204 ego
1219 1151 1336 1190 sum
1356 1151 1486 1206 ipse,
1509 1136 1600 1206 qui
1625 1135 1772 1190 deleo
1799 1136 2104 1206 iniquitates

509 1228 631 1275 rus
663 1233 880 1292 propter
920 1241 1023 1288 me.
1055 1234 1106 1280 et
1142 1235 1480 1296 peccatorum
1525 1236 1739 1281 tuorum
1792 1243 1898 1281 non
1927 1243 2103 1282 recor-

512 1309 701 1366 dabor.

579 1390 818 1458 XXVIII.
871 1404 976 1472 Qui
1028 1414 1215 1462 autem
1240 1407 1356 1462 has
1399 1408 1744 1464 dulcissimae
1787 1410 2103 1466 vocationes

506 1486 605 1542 Dei
652 1488 990 1561 neglexerint
1017 1493 1072 1548 in
1109 1496 1367 1564 praesenti
1397 1503 1662 1567 tempore,
1692 1498 1820 1552 dum
1870 1498 2102 1552 inveniri

503 1586 705 1648 potest,
755 1589 813 1636 et
845 1581 974 1637 dum
1020 1598 1192 1654 prope
1218 1592 1322 1651 est,
1353 1595 1410 1642 et
1458 1587 1670 1642 venerit
1721 1596 1936 1658 tempus
1986 1586 2102 1656 jam

503 1681 614 1722 non
640 1671 922 1740 operaudi,
950 1673 1048 1728 sed
1091 1674 1387 1744 recipiendi
1430 1691 1871 1746 unumquemque
1908 1692 2103 1733 secun-

504 1755 635 1813 dum
683 1775 846 1837 opera
875 1777 997 1831 sua,
1049 1766 1277 1820 audiens
1303 1782 1520 1824 amaras
1563 1768 2049 1840 improperationes
2082 1789 2095 1822 :

2208 594 2590 664 increpationes
2634 611 2778 648 meas
2819 592 3140 663 neglectistis.
3183 592 3297 664 Ego
3325 611 3532 667 quoque
3573 599 3630 651 in
3677 602 3807 653 inte-

2208 684 2314 736 ritu
2347 691 2514 737 vestro
2541 683 2741 737 ridebo.
2773 682 2928 738 Tunc
2953 686 3059 738 erit
3085 685 3168 739 eis
3195 683 3286 738 illa
3317 683 3654 743 infructuosa
3675 703 3805 744 con»

2206 776 2421 841 versio,
2473 776 2540 830 de
2590 790 2695 845 qua
2733 775 2998 831 Dominus
3049 792 3150 846 per
3185 778 3511 848 prophetam
3566 778 3808 850 loquitur

2206 865 2461 920 omnibus
2485 865 2672 921 dicens
2718 883 2730 918 :
2764 863 3165 931 Conoertimini,
3205 876 3254 920 et
3284 868 3526 923 videbitis
3573 871 3704 940 quid
3743 872 3805 925 sit

2205 957 2346 1011 inter
2375 957 2587 1027 justum
2621 967 2680 1012 et
2701 957 2944 1027 impium,
2993 967 3043 1011 et
3071 958 3210 1010 inter
3235 958 3545 1013 servientem
3596 959 3711 1016 Deo
3763 972 3806 1015 et

2205 1063 2311 1100 non
2352 1048 2660 1102 servientem
2695 1049 2764 1101 ei.
2813 1047 2952 1102 Ecce
2999 1049 3142 1102 enim
3183 1047 3298 1102 dies
3326 1051 3495 1103 ueniet
3548 1067 3804 1106 succenso

2203 1131 2358 1207 quasi
2382 1137 2656 1203 caminus;
2685 1147 2734 1191 et
2771 1147 2924 1192 erunt
2952 1155 3131 1192 omnes
3163 1139 3394 1209 superbi,
3423 1150 3471 1194 et
3498 1157 3681 1198 omnes
3719 1143 3802 1212 fa-

2203 1229 2397 1284 cientes
2433 1228 2776 1298 impietatem,
2803 1228 3043 1299 stipula:
3075 1239 3125 1283 et
3169 1227 3521 1299 inﬂammabit
3568 1232 3656 1286 eos
3695 1233 3804 1286 dies

2206 1316 2434 1381 veniens,
2465 1315 2592 1368 dicit
2619 1315 2880 1368 Dominus
2925 1317 3275 1382 exercituum,
3321 1334 3439 1388 qua
3477 1335 3583 1372 non
3636 1319 3801 1373 relin-

2202 1414 2324 1476 quet
2362 1406 2437 1460 eis
2468 1405 2701 1475 radicem
2743 1414 2793 1459 et
2819 1422 3050 1476 germen.
3082 1405 3154 1459 Et
3180 1407 3384 1461 orietur
3411 1408 3550 1463 vobis
3572 1411 3800 1464 timenti-

2204 1492 2298 1547 bus
2340 1509 2529 1547 nomen
2578 1509 2751 1551 meum
2795 1492 2875 1549 sol
2905 1493 3156 1563 justitiw,
3183 1505 3233 1550 et
3275 1496 3477 1551 sanitas
3504 1499 3561 1551 in
3617 1500 3801 1568 pennis

2201 1581 2336 1652 ejus,
2368 1592 2417 1636 et
2444 1582 2802 1652 egrediemini,
2826 1591 2874 1637 et
2902 1582 3105 1638 salictis
3125 1585 3257 1638 sicut
3284 1585 3434 1640 uituli
3455 1587 3520 1640 de
3541 1598 3797 1649 armento,

2203 1681 2252 1726 et
2272 1657 2544 1728 Ealcabitis
2584 1673 2798 1744 impios,
2834 1691 2953 1729 cum
2994 1675 3157 1744 fuerit
3201 1677 3336 1732 cinis
3368 1679 3462 1732 sub
3492 1678 3677 1748 planta
3713 1697 3798 1749 pe-

2202 1764 2328 1818 dum
2359 1774 2648 1819 vestrorum
2695 1766 2766 1820 in'
2785 1766 2870 1821 die
2916 1783 3022 1838 qua
3051 1783 3144 1838 ego
3171 1767 3331 1837 facio,
3372 1769 3501 1822 dicit
3543 1769 3797 1824 Dominus

513 1841 733 1915 Voconi,
759 1859 809 1905 et
839 1853 1083 1909 renuistis
1106 1871 1125 1921 ;
1155 1855 1366 1911 extendi
1392 1873 1583 1911 manus
1610 1868 1838 1925 meas,et
1866 1875 1972 1914 non
1996 1858 2098 1928 fuit
2127 1865 2173 1923 Β
2201 1858 2545 1911 exercituum.

503 1990 3782 2022 mm

1226 2101 1850 2186 AGOBARDI
1926 2102 2450 2186 FLEBILIS
2516 2103 3091 2191 EPISTOLA

591 2289 623 2322 ⁸
653 2278 762 2341 DE
789 2279 1203 2344 DIVISIONE
1230 2282 1542 2344 IMPERII
1576 2281 2070 2345 FRANCORUM
2106 2282 2348 2342 INTER
2393 2281 2654 2344 FILIOS
2696 2282 3079 2345 LUDOVICI
3119 2286 3670 2352 IMPERATORIS

572 2511 615 2569 l.
665 2511 895 2567 Domino
967 2512 1362 2577 gloriosissimo
1435 2514 1711 2570 Ludovico
1778 2513 2098 2584 imperatori

501 2602 822 2675 Agobardus
855 2604 1123 2660 servulus.

571 2694 708 2752 Cum
742 2695 1113 2766 unusquisque
1150 2695 1323 2753 ﬁdelis
1348 2697 1495 2752 omni
1528 2695 1672 2752 ﬁdeli
1717 2697 1841 2752 ﬁdei
1869 2696 2094 2752 sinceri—

501 2795 672 2843 tatem
696 2788 909 2855 debeat,
953 2789 1175 2845 dubium
1200 2806 1308 2845 non
1340 2796 1421 2845 est
1458 2792 1605 2860 quod
1647 2791 1918 2862 prmcipue
1947 2788 2093 2845 ﬁdeli

500 2878 750 2949 praelato,
778 2878 866 2934 cui
891 2894 979 2935 res
1005 2879 1221 2949 publica
1254 2882 1322 2936 ad
1359 2880 1768 2951 gubernandum
1801 2879 2092 2934 commissa

499 2975 606 3038 est,
641 2971 777 3028 ﬁdes
826 2974 1093 3029 servanda
1124 2973 1195 3028 sit
1224 2974 1290 3029 ab
1322 2974 1606 3049 omnibus,
1640 2973 1734 3043 qui
1760 2972 1953 3028 divina:
1981 2970 2091 3026 dis.

2204 2512 2331 2582 quia
2369 2509 2511 2564 nulla
2562 2510 2677 2564 alia
2704 2519 2883 2566 exstat
2910 2527 3096 2579 causa,
3127 2529 3228 2584 pro
3273 2531 3378 2587 qua
3407 2518 3528 2573 haec
3556 2521 3798 2577 scribere

2201 2618 2490 2672 praesumo,
2525 2603 2628 2656 nisi
2664 2603 2790 2673 quia
2833 2602 3007 2670 doleo,
3040 2613 3303 2674 quantum
3329 2607 3509 2664 dicere
3537 2625 3646 2664 non
3674 2627 3798 2680 pos-

2202 2708 2344 2759 sum,
2390 2694 2455 2748 de
2494 2695 2751 2764 periculis
2803 2710 2923 2764 qum
2967 2696 3122 2750 vobis
3183 2696 3469 2753 imminere
3520 2700 3796 2768 videntur,

2201 2791 2255 2837 et
2298 2785 2535 2839 maxime
2581 2785 2796 2839 animae.
2849 2783 2982 2838 Nam
3038 2794 3243 2855 quanto
3285 2788 3642 2844 excellentior
3670 2793 3800 2849 sub-

2201 2877 2399 2930 stantia
2447 2885 2530 2931 est
2558 2877 2737 2930 anima
2774 2892 3025 2946 corpore,
3080 2887 3231 2933 tanto
3268 2879 3645 2936 excellentiori
3692 2884 3798 2936 sol-

2195 2965 2475 3022 licitudine
2505 2984 2691 3023 curam
2728 2969 2924 3025 animae
2950 2984 3136 3040 gerere
3164 2969 3445 3038 debemus,
3478 2988 3645 3041 quam
3675 2960 3798 3030 cor-

497 3065 756 3134 positioni
787 3065 1020 3121 ﬁdeliter
1045 3067 1273 3136 subjecti
1303 3075 1450 3134 sunt,
1481 3067 1622 3123 sicut
1667 3065 1964 3146 Apostolus
1988 3064 2085 3120 do-
2116 3089 2161 3150 ρ
2191 3061 2372 3129 poris;
2420 3060 2494 3114 ita
2532 3057 2771 3116 Domino
2803 3060 3032 3116 docente
3056 3061 3111 3115 in
3151 3061 3477 3132 Evangeliis,
3522 3064 3663 3120 sicut
3693 3067 3797 3138 ipsi

500 3167 588 3216 oet
618 3173 635 3214 :
663 3158 868 3227 Omnis,
900 3161 1171 3231 inquiens,
1199 3163 1377 3215 anima
1400 3160 1742 3231 potestatibus
1766 3156 2091 3212 sublimiori-

501 3251 599 3307 bus
632 3251 844 3307 subdita
889 3253 958 3308 sit
987 3267 1004 3305 :
1035 3269 1346 3324 quanquam
1384 3253 1532 3308 circa
1566 3251 1770 3306 nullum
1800 3249 2090 3306 inﬁdeliter

503 3343 775 3414 agendum
811 3344 902 3399 sit.
937 3345 1165 3414 Propter
1193 3344 1337 3414 quod
1365 3351 1419 3400 et
1448 3343 1587 3398 alius
1607 3341 1882 3414 apostolus
1912 3341 2044 3397 dicit
2071 3361 2085 3397 :

500 3431 708 3492 Subditi
738 3445 902 3489 estote
935 3437 1078 3496 omni
1102 3437 1348 3489 humana:
1372 3444 1629 3488 creatura?
1651 3443 1861 3504 propter
1879 3432 2046 3487 Deum
2069 3445 2088 3485 :

496 3532 554 3580 et
581 3524 840 3580 docemur
867 3539 1027 3578 orare
1068 3539 1168 3593 pro
1211 3523 1463 3579 omnibus
1504 3524 1836 3589 hominibus,
1881 3538 1983 3592 pro
2009 3536 2095 3577 re-

496 3612 653 3684 gibus
701 3619 758 3669 et
802 3612 890 3680 his
919 3612 1012 3680 qui
1049 3612 1103 3665 in
1133 3612 1463 3666 sublimitate
1489 3619 1638 3676 sunt,
1679 3617 1740 3664 ut
1765 3610 2007 3679 quietam
2035 3615 2095 3665 et

500 3702 848 3773 tranquillam
874 3703 1046 3757 vitam
1100 3717 1321 3772 agamus
1373 3701 1427 3755 In
1457 3702 1602 3757 omni
1659 3701 1881 3771 pietate.
1918 3700 1988 3754 Et
2035 3701 2090 3754 ὴ]

501 3792 609 3849 alio
645 3793 766 3848 loco
787 3792 988 3848 dicitur
1016 3810 1030 3847 :
1065 3791 1194 3846 Ideo
1225 3792 1529 3845 necessitate
1555 3791 1752 3845 subditi
1771 3800 1946 3854 estote,
1986 3807 2091 3845 non

499 3882 674 3939 solum
702 3891 916 3955 propter
964 3883 1124 3948 iram,
1161 3881 1250 3936 sed
1273 3883 1430 3936 etiam
1456 3891 1668 3951 propter
1695 3883 2087 3936 conscientiam.

570 3973 634 4029 ιι.
666 3973 1035 4030 ϐυωλειιιιθω
1081 3973 1199 4028 hac
1225 3972 1300 4026 ita
1351 3971 1480 4037 sint,
1519 3979 1573 4026 et
1599 3985 1786 4025 omnes
1831 3970 1985 4025 vobis
2029 3970 2094 4024 ﬁ-

499 4066 650 4124 deles
688 4079 810 4122 esse
837 4067 1088 4131 debeant,
1117 4064 1382 4134 quomodo
1485 4064 1693 4132 isquam
1725 4060 1899 4116 ﬁdelis
1937 4061 2092 4116 vobis

500 4169 629 4212 esse
655 4155 874 4227 poterit,
902 4154 948 4210 si
977 4154 1169 4208 videns
1210 4160 1302 4206 aut
1329 4150 1636 4221 intelligens
1675 4159 1917 4204 vestrum
1946 4149 2093 4218 peri-

497 4244 704 4313 culum,
756 4261 866 4302 non
917 4259 978 4301 se
1023 4244 1222 4316 ingerit
1269 4250 1532 4312 quantum
1577 4248 1779 4310 potest,
1829 4247 1889 4294 ut
1938 4241 2093 4297 vobis

501 4337 707 4392 indicet
741 4344 798 4391 et
828 4336 1108 4407 cognitum
1159 4333 1358 4397 faciat,
1397 4333 1442 4386 si
1493 4339 1674 4386 tamen
1704 4331 1855 4386 locus
1883 4339 1979 4386 aut
2013 4330 2093 4385 fa-

2196 3152 2402 3221 optime
2423 3151 2618 3205 nostis.

2261 3242 2348 3296 ll.
2381 3244 2408 3283 δ
2436 3241 2594 3298 Anno
2622 3243 2806 3313 itaque
2835 3245 3126 3314 praesenti,
3167 3245 3221 3298 in
3249 3245 3529 3301 attritione
3562 3256 3620 3302 et
3649 3264 3799 3303 com-

2192 3335 2452 3400 motione,
2503 3335 2798 3405 agitatione
2844 3344 2898 3390 et
2924 3335 3213 3392 alﬁictione
3243 3346 3402 3394 terra:
3443 3347 3498 3393 et
3539 3340 3797 3397 habitan-

2192 3430 2325 3484 tium
2358 3428 2412 3482 in
2442 3443 2505 3484 ea
2548 3436 2751 3499 quanta
2794 3429 2937 3483 mala
2994 3428 3381 3495 increbueriut,
3429 3445 3590 3486 nemo
3628 3433 3797 3487 homi-

2192 3537 2322 3576 num
2371 3530 2458 3575 est
2502 3521 2594 3590 qui
2621 3535 2944 3576 enumerare
2972 3521 3165 3591 possit,
3194 3521 3341 3576 nulla
3369 3524 3628 3591 exigente
3660 3540 3794 3579 cau-

2194 3626 2274 3674 sa,
2312 3609 2458 3664 nulla
2512 3609 2868 3680 compellente
2915 3611 3243 3666 necessitate
3270 3620 3330 3665 ut
3374 3613 3449 3666 ita
3475 3612 3591 3668 ﬁeri
3626 3629 3794 3683 opor-

2193 3703 2337 3756 teret
2388 3700 2687 3755 certamina
2716 3715 2836 3768 qua!
2865 3709 3112 3755 tenemus
3141 3718 3153 3754 :
3184 3701 3310 3770 quia
3359 3701 3405 3756 si
3454 3701 3791 3767 voluissetis,

2190 3790 2536 3861 tranquillam
2563 3799 2618 3845 et
2657 3791 2896 3860 quietam
2922 3790 3085 3844 vitam
3112 3792 3347 3862 ageretis
3391 3807 3518 3856 cum
3545 3792 3678 3848 ﬁliis
3703 3810 3794 3848 ve-

2192 3881 2341 3946 stris,
2363 3896 2469 3934 non
2494 3881 2674 3936 minus
2717 3895 2880 3950 quam
2913 3891 2935 3920 ε
2962 3889 3119 3950 pater
3139 3890 3341 3947 vester,
3363 3888 3419 3937 et
3446 3897 3603 3937 avus.
3631 3883 3796 3940 Adsit

2191 3973 2534 4041 omnipotens
2573 3979 2629 4027 et
2667 3972 2976 4027 misericors
3016 3972 3180 4037 Deus,
3237 3973 3330 4042 qui
3386 3971 3665 4028 habitator
3712 3983 3799 4028 est

2189 4065 2428 4135 pectoris
2453 4064 2639 4128 vestri,
2671 4063 2815 4118 adsit
2839 4064 3005 4118 etiam
3023 4063 3283 4132 patientia
3321 4070 3527 4129 vestra,
3552 4080 3661 4133 qua
3688 4081 3791 4120 cev

2193 4162 2340 4209 teros
2387 4154 2636 4221 homines
2700 4152 3027 4223 prmcellitis,
3085 4161 3143 4206 ut
3189 4151 3305 4206 haec
3357 4167 3478 4221 qua:
3533 4168 3768 4225 suggero

2193 4243 2484 4313 tranquille
2515 4244 2703 4299 audire
2735 4251 2789 4298 et
2814 4243 3152 4313 perpendere
3179 4242 3495 4311 dignemini.

2264 4336 2353 4392 IV.
2377 4336 2436 4390 In
2458 4336 2548 4390 illo
2582 4344 2843 4405 tempore,
2869 4335 3084 4404 quando
3122 4334 3292 4388 ﬁlium
3314 4342 3557 4389 vestrum
3588 4333 3616 4374 δ
3654 4349 3786 4404 paro

495 4426 676 4482 cultas
702 4426 918 4496 penitus
960 4424 1036 4479 illi
1082 4440 1186 4478 non
1220 4422 1560 4494 denegatur?
1608 4421 1802 4476 Testor
1841 4418 2166 4492 omnipo-D
2193 4427 2412 4495 ticipem
2454 4425 2689 4479 nominis
2736 4424 2905 4478 vestri
2953 4424 3136 4478 facere
3177 4424 3430 4489 curastis,
3489 4424 3567 4478 ita
3603 4424 3659 4478 in
3690 4441 3792 4494 pu-

500 4526 704 4574 tentem
739 4517 928 4583 Deum,
960 4516 1053 4587 qui
1090 4523 1361 4572 scrutator
1399 4521 1482 4570 est
1511 4512 1757 4569 sordium
1781 4521 1836 4568 et
1862 4527 2075 4580 renum,

2185 4518 2386 4574 blicum
2410 4526 2651 4572 vestrum
2686 4514 3072 4585 interrogando
3100 4513 3555 4580 hocjnchoastis,
3595 4515 3781 4570 dicen-

1850 4623 2123 4681 BALUZII
2162 4626 2394 4685 NOTAE.

574 4734 602 4764 ι
639 4720 698 4776 In
726 4719 915 4776 codice
957 4715 1106 4776 regio
1143 4716 1320 4773 nullus
1359 4717 1464 4771 hoc
1501 4716 1620 4770 loco
1661 4714 1845 4769 titulus
1881 4725 2080 4771 exstat.

500 4793 686 4862 Itaque
700 4804 833 4844 eum
860 4785 1182 4862 retinulmus
1231 4787 1323 4862 qui
1353 4785 1667 4862 a‘Massono
1698 4785 1948 4840 inventus
1977 4795 2079 4862 est.

501 4855 821 4930 Quanquam
853 4858 1065 4930 animus
1107 4863 1228 4912 erat
1252 4855 1418 4930 istud
1453 4862 1940 4930 quoquemutare.
1978 4855 2082 4930 Sed

502 4922 852 5008 quiat-imbrs
1011 4928 1125 4998 jam
1164 4922 1562 5008 praevaluit,;‘et
1584 4922 1801 5006 ﬁebilis
1843 4924 2085 5008 epistolae

503 4995 722 5057 nomine
747 4997 904 5052 citari
939 4995 1218 5052 consuevit
1255 4995 1344 5051 hic
1371 4995 1604 5061 libellus,
1635 4995 1810 5048 visum
1842 5000 1926 5049 est
1960 5010 2082 5049 mu-

501 5070 605 5126 tari
635 5083 745 5123 non
773 5065 989 5121 debere.

571 5141 619 5216 ι»⁸
639 5135 1088 5216 Ann_o_prcsenti,_
1105 5134 1290 5216 est,
1319 5148 1459 5188 anno
1480 5133 1601 5188 833.
1634 5133 1785 5188 Tunc
1807 5133 1950 5216 enim
1974 5134 2083 5216 Lu-

499 5209 724 5278 dovicus
753 5203 985 5278 ﬁliorum
1015 5205 1745 5278 nbellionem__eompes_cer_e_
1767 5203 2079 5278 meditatus,

498 5277 799 5334 exercit
855 5274 1115 5332 adversus
1159 5290 1253 5330 eos
1297 5269 1545 5343 collegit,
1601 5269 1800 5327 infelici
1856 5281 2081 5341 prorsus

497 5355 716 5410 eventu,
737 5352 799 5400 ut
825 5346 1047 5399 tradunt
1069 5345 1360 5412 scriptores
1387 5343 1597 5412 illorum
1627 5351 1948 5411 temporum.

570 5428 594 5457 α
636 5414 803 5469 Pater
815 5419 981 5467 uester
998 5421 1048 5466 et
1065 5411 1212 5477 avus,
1229 5413 1453 5468 Carolus
1471 5411 1689 5482 Magnus
1710 5422 1765 5465 et
1798 5412 2074 5481 Pippinus.

565 5486 602 5562 ξ
636 5482 956 5562 Ρατροξρςπι
992 5483 1434 5562 nominis-uestri.-
1471 5479 1714 5562 Qontigit
1750 5479 1912 5562 istud
1934 5497 2078 5562 anno

495 5555 625 5619 817,
649 5562 710 5609 ut
739 5550 1079 5622 Eginhardus
1107 5553 1287 5622 tradit.
1322 5550 1624 5606 Ludovicus
1650 5550 1962 5622 imperator,
1995 5552 2078 5605 in-

495 5625 645 5698 quit,
687 5640 704 5673 c
739 5619 1043 5747 gie'neralem
1078 5621 1256 5702 pOpuli
1287 5623 1366 5675 sui
1403 5628 1723 5703 conventum
1754 5619 2074 5702 Aqufsgrani

496 5708 648 5747 more
686 5706 749 5747 so
792 5699 846 5746 to
875 5691 1094 5747 habuit;
1143 5707 1196 5744 in
1231 5706 1338 5747 auo
1362 5691 1527 5744 ﬁlmm
1559 5705 1716 5744 suum
1745 5705 2072 5747 primonem-

496 5690 648 5751 more
686 5690 846 5748 solito
875 5690 1094 5754 habuit;
1143 5690 1196 5744 in
1231 5706 1338 5759 quo
1362 5691 1527 5744 ﬁlium
1559 5705 1716 5744 suum
1745 5690 2072 5760 primogeni-

497 5776 610 5821 tum
637 5761 950 5822 Lotharium
977 5761 1280 5819 coronavit.
1320 5769 1376 5815 et
1403 5760 1637 5815 nominis
1667 5767 1828 5830 atque
1859 5761 2068 5831 imperii

2191 4720 2275 4774 sui
2300 4721 2506 4774 socium
2535 4721 2636 4774 sibi
2658 4725 2959 4788 constituit.
2992 4737 3012 4788 ρ
3043 4716 3150 4772 Sed
3172 4716 3343 4788 fusius
3371 4717 3472 4788 ista
3499 4725 3790 4788 prosequi-

2192 4798 2280 4843 tur
2311 4799 2503 4843 auctor
2525 4788 2778 4845 Clironici
2822 4786 3241 4856 Moissiaoensis,
3283 4788 3376 4856 qui
3413 4786 3575 4842 ﬁdem
3616 4786 3788 4845 etiam

2191 4860 2386 4928 astruit
2412 4861 2571 4914 rebus
2595 4874 2732 4928 quas
2756 4857 2846 4910 hic
2873 4863 3092 4928 enarrat
3114 4855 3453 4928 Agobardus.
3489 4875 3510 4907 ι
3541 4856 3647 4928 Au.
3678 4859 3789 4914 817

2190 4926 2495 4998 Ludovicus
2520 4924 2848 4998 imperator,
2879 4925 3086 4998 inquit,
3127 4924 3269 4995 apud
3308 4924 3488 4998 Aquis
3519 4927 3787 4998 palatium

2192 4997 2488 5053 celebravit
2514 4992 2739 5052 Pascha.
2788 4996 2856 5050 Et
2896 4992 2969 5048 in—
2989 4995 3106 5063 ipsa
3124 4992 3318 5049 :estate
3352 4992 3538 5062 jussit"
3555 4996 3687 5052 esse
3711 4999 3787 5053 ibi

2192 5077 2516 5122 conventum
2553 5066 2733 5134 populi
2761 5066 2828 5119 de
2864 5063 3012 5134 omni
3038 5079 3223 5134 _regno
3260 5063 3344 5134 vel
3384 5064 3616 5133 imperio
3655 5081 3785 5132 suo,

2192 5077 2516 5122 conventum
2545 5075 2733 5192 ἔξω
2761 5075 2828 5119 de
2864 5075 3012 5118 omni
3056 5079 3223 5134 regno
3260 5075 3344 5117 vel
3384 5075 3616 5133 imperio
3655 5081 3783 5132 suo,

2190 5138 2329 5206 apud
2353 5137 2524 5207 Aquis
2640 5151 2732 5190 em
2749 5135 2975 5207 regiam,
2998 5132 3053 5186 id
3071 5141 3178 5207 es_t.
3202 5133 3505 5202 episcopos,
3505 5135 3783 5207 _abbates,

2188 5202 2303 5285 sive
2327 5202 2556 5285 comites
2585 5214 2643 5258 et
2669 5202 2905 5285 majores
2939 5202 3467 5285 natouFrancorum.
3503 5204 3574 5285 Et
3603 5207 3788 5260 mani-

2188 5274 2404 5331 festavit
2432 5276 2512 5331 eis
2548 5271 3102 5344 mysteriumgconsilii
3133 5273 3217 5344 sui
3235 5272 3386 5344 quod
3416 5273 3782 5344 cogitaverat,

2187 5353 2248 5398 ut
2278 5341 2630 5400 constitueret
2656 5358 2822 5414 unum
2852 5342 2918 5396 de
2942 5341 3066 5396 ﬁliis
3092 5342 3207 5414 suis
3233 5341 3640 5414 imperatorem.
3676 5343 3787 5399 Ha—

2187 5415 2348 5483 bebat
2377 5415 2520 5469 enim
2551 5423 2662 5483 tres
2689 5413 2830 5467 ﬁlios
2861 5427 2929 5466 ex
2968 5425 3137 5465 uxore
3167 5410 3780 5483 Emengardaregina.

2188 5481 2392 5539 Nomen
2419 5484 2512 5538 uni
2554 5481 2847 5546 Clotaﬂus,
2892 5495 3090 5537 nomen
3134 5481 3356 5535 secundi
3388 5481 3692 5548 .Piopinui,
3729 5495 3788 5538 et

2184 5568 2379 5609 nomen
2413 5553 2558 5609 tertii
2594 5552 2919 5620 Ludovicus.
2962 5549 3119 5620 Tunc
3143 5551 3292 5604 omni
3331 5549 3529 5620 populo
3564 5551 3784 5620 placuit

2182 5631 2243 5692 ut
2281 5623 2416 5692 ipse,
2455 5638 2516 5677 se
2539 5619 2783 5692 vivente,
2817 5619 3176 5692 constitueret
3197 5635 3381 5692 unum
3404 5619 3474 5675 ex
3503 5619 3633 5692 ﬁliis
3663 5625 3784 5678 suis

2181 5689 2468 5760 imperare,
2513 5692 2654 5746 sicut
2695 5689 2918 5760 Carolus
2965 5696 3119 5757 pater
3161 5689 3295 5760 ejus,
3319 5689 3526 5760 fecerat
3565 5691 3777 5758 ipsum.

2180 5756 2330 5818 'l‘unc
2358 5763 2532 5818 tribus
2560 5761 2751 5817 diebus
2783 5756 3085 5829 jejunatuni
3123 5756 3209 5814 est
3249 5759 3318 5814 ab
3353 5758 3499 5814 omni
3542 5756 3772 5830 pupula.
