3930 6354
185 399 295 464 289

1122 404 1429 464 FLEBlLlS
1465 404 1800 464 EPISTOLA
1841 404 1928 464 DE
1965 404 2324 475 DIVISIONE,
2367 409 2515 466 ETC.

3334 417 3439 473 290

188 523 273 571 tes
322 532 337 569 :
382 514 534 583 Quod
564 517 632 572 ad
659 516 1085 574 stabilimentum
1136 519 1288 588 regni
1312 514 1565 588 pertinet,
1611 528 1669 573 et
1697 517 1764 571 ad
1793 525 1844 584 Α
1867 526 1923 571 et
1961 518 2249 586 ﬁrmanda;
2279 536 2344 575 ac
2367 521 2560 577 deinde
2581 521 2608 562 ά
2655 519 2841 588 jurare
2885 535 3078 577 omnes
3119 521 3357 595 jussistis
3381 536 3440 583 ut

187 607 357 682 robur
416 609 716 680 regiminis,
768 609 928 663 debet
980 609 1142 663 homo
1192 609 1427 675 diﬁ'erre,
1494 626 1564 665 an
1617 609 1768 664 non?

182 696 428 768 Cumque
457 715 646 755 omnes
673 699 1080 768 respondissent
1101 699 1244 769 quod
1279 700 1408 755 utile
1435 708 1491 755 et
1517 715 1766 755 necessa-

182 787 327 843 rium
361 797 466 853 est,
509 805 617 844 non
646 804 766 843 esse
805 787 1182 854 differendum,
1226 788 1321 843 sed
1356 791 1536 858 potius
1563 788 1766 844 accele-

182 879 444 943 randum;
483 880 667 934 statim
700 895 816 944 vos,
844 880 986 948 quod
1032 895 1154 934 cum
1181 879 1522 948 paucissimis
1568 887 1767 936 tracta-

179 972 406 1035 veratis,
453 970 706 1024 omnibus
764 969 1084 1040 aperuistis;
1119 976 1175 1023 et
1226 969 1437 1023 dixistis
1473 984 1568 1022 vos
1626 969 1764 1024 velle

176 1067 402 1128 propter
446 1057 794 1127 fragilitatem
838 1059 983 1125 vita,
1034 1058 1120 1113 cui
1151 1058 1354 1111 incerta
1382 1064 1470 1111 est
1508 1071 1672 1120 mors,
1705 1065 1766 1110 ut

176 1146 308 1200 dum
351 1145 624 1212 valeretis,
670 1161 867 1201 nomen
915 1146 1260 1216 imperatoris
1294 1146 1382 1201 uni
1415 1161 1482 1200 ex
1507 1145 1680 1199 tribus
1703 1143 1764 1197 ﬁ-

176 1232 267 1290 liis
334 1235 533 1290 vestris
577 1235 949 1306 imponeretts,
996 1236 1052 1288 in
1117 1250 1225 1305 quo
1293 1235 1623 1288 voluntatem
1667 1233 1761 1288 Dei

175 1327 556 1394 quoquomodo
593 1340 921 1396 cognoscere
967 1324 1298 1394 potuissetis.
1342 1324 1567 1393 Propter
1600 1337 1760 1392 quam

175 1415 610 1485 cognoscendam
628 1414 936 1483 injunxistis
954 1423 1015 1470 ut
1030 1413 1274 1470 facerent
1295 1429 1483 1468 omnes
1497 1414 1758 1484 jejunium

175 1501 507 1568 triduanum,
533 1501 792 1558 oﬁ‘errent
813 1503 1123 1559 sacerdotes
1145 1501 1415 1557 sacriﬁcia
1428 1502 1759 1571 omnipoten-

174 1596 213 1651 ti
243 1596 374 1661 Deo,
429 1597 521 1666 qui
566 1596 748 1651 suavis
791 1605 844 1651 et
883 1596 1032 1651 mitis
1077 1605 1134 1650 et
1164 1595 1348 1650 multae
1375 1594 1760 1649 misericordia:

171 1694 258 1743 est
274 1671 529 1742 omnibus
558 1687 933 1743 invocantibus
953 1702 1040 1754 se;
1070 1681 1228 1742 ﬁeret
1253 1701 1466 1756 quoque
1492 1687 1558 1740 ab
1586 1688 1759 1741 omni-

171 1779 276 1836 bus
305 1778 649 1848 eleemosyna
673 1794 774 1849 per
814 1779 945 1833 illud
984 1778 1222 1834 triduum
1245 1777 1407 1832 solito
1446 1777 1664 1847 largior,
1698 1785 1758 1829 ut

1869 607 2030 663 talem
2077 609 2394 665 electionem
2430 619 2484 666 et
2511 612 2826 668 divisionem
2870 615 3049 668 cuncti
3085 625 3441 683 sequerentur

1865 711 1930 750 ac
1957 707 2256 753 servarent.
2295 698 2448 766 Quod
2490 700 2854 770 juramentum
2891 701 3093 756 nemini
3137 697 3313 757 visum
3353 713 3439 760 est

1865 787 2246 856 spernendum,
2271 795 2366 841 aut
2385 786 2732 858 superﬂuum,
2756 789 2849 844 sed
2875 789 3056 859 potius
3076 798 3436 859 opportunum

1864 883 2026 944 atque
2073 875 2387 946 legitimum,
2427 891 2493 930 eo
2521 877 2662 945 quod
2691 877 2755 930 ad
2784 892 2972 945 pacem
3003 886 3057 931 et
3090 878 3435 933 concordiam

1862 967 2136 1034 pertinere
2185 967 2474 1022 videretur.
2523 952 2864 1036 In'processu
2893 960 3105 1038 quoque
3153 969 3434 1038 temporis,

1863 1057 2285 1132 quotiescunque
2350 1065 2443 1110 aut
2493 1071 2812 1126 quocunque
2873 1057 3175 1126 imperiales
3243 1059 3436 1113 littera:

1862 1145 2229 1211 mitterentur,
2260 1157 2283 1184 ο
2314 1146 2596 1200 amborum
2626 1146 3013 1214 imperatorum
3060 1147 3277 1201 nomina
3304 1162 3436 1201 con-

1860 1236 2123 1290 tinebant.
2156 1236 2348 1291 Postea
2394 1251 2524 1305 vero
2557 1244 2760 1289 mutata
2815 1236 3125 1302 voluntate,
3174 1238 3434 1293 convulsa

1861 1336 1990 1381 sunt
2017 1334 2236 1391 statuta,
2265 1334 2320 1378 et
2345 1325 2410 1379 de
2437 1325 2628 1378 litteris
2667 1324 2685 1362 ῐ
2713 1340 2906 1379 nomen
2947 1327 3204 1380 omissum
3243 1319 3349 1391 est,
3377 1335 3436 1382 et

1859 1417 1915 1470 in
1953 1416 2203 1471 omnibus
2228 1415 2497 1469 contraria
2520 1421 2784 1469 attentata
2809 1422 2964 1479 sunt;
2990 1428 3110 1469 eum
3141 1429 3314 1485 neque
3335 1430 3435 1484 per

1861 1507 2096 1575 seipsum
2135 1506 2297 1570 Deus,
2328 1521 2500 1575 neque
2527 1521 2624 1576 per
2660 1505 2930 1575 angelum,
2973 1519 3148 1574 neque
3173 1520 3271 1576 per
3307 1520 3435 1575 pro-

1858 1603 2074 1671 phetam
2125 1600 2278 1654 vobis
2327 1601 2541 1663 dixerit,
2591 1600 2811 1653 Paenitet
2859 1615 2940 1652 me
2972 1600 3046 1652 ita
3081 1600 3432 1666 constituisse,

1859 1688 2002 1747 sicut
2030 1693 2094 1746 de
2135 1691 2296 1745 Saule
2322 1692 2458 1746 dixit
2486 1689 2723 1744 Samueli
2756 1706 2768 1742 :
2814 1691 2991 1744 adhuc
3015 1703 3227 1758 quoque
3255 1692 3434 1746 nesci-

1859 1783 1929 1836 tis
1973 1782 2203 1851 qualiter
2232 1781 2285 1834 in
2311 1780 2558 1835 secretis
2608 1780 2701 1833 Dei
2749 1779 2991 1834 consiliis
3019 1779 3297 1834 deﬁnitum
3336 1781 3428 1834 sit.

169 1870 513 1939 omnipotens
545 1869 709 1933 Deus,
733 1870 823 1939 qui
862 1884 1073 1924 summa
1116 1868 1449 1937 benignitate
1474 1869 1611 1934 regit
1637 1882 1756 1921 cor-
1785 1869 1830 1926 B
1860 1872 1926 1925 Et
1953 1887 2098 1942 ecce,
2152 1872 2265 1925 sine
2311 1871 2418 1924 ulla
2473 1871 2679 1924 ratione
2725 1877 2779 1950 et
2832 1869 3075 1936 consilio,
3126 1885 3285 1939 quem
3309 1885 3431 1925 cum

168 1959 237 2014 da
270 1961 326 2015 in
350 1976 410 2016 se
434 1961 788 2030 sperantium,
829 1961 1139 2015 iufunderet
1167 1961 1222 2014 in
1253 1959 1416 2014 corde
1455 1967 1635 2013 vestro
1662 1973 1752 2011 vo-

171 2053 438 2107 luntatem
460 2068 636 2117 suam,
661 2061 718 2116 et
743 2057 851 2107 n'on
886 2053 1092 2106 sineret
1118 2065 1283 2120 super
1308 2049 1474 2102 alium
1505 2048 1752 2103 inclinari

168 2143 502 2197 voluntatem
543 2152 805 2208 vestram,
861 2142 963 2208 nisi
1018 2156 1180 2212 super
1230 2157 1351 2195 eum
1383 2139 1473 2210 qui
1511 2140 1610 2194 sibi
1641 2139 1754 2208 pla-

168 2233 393 2289 cuisset.
440 2233 631 2304 Itaque
654 2232 959 2303 perfecistis
987 2233 1167 2287 omnia
1189 2249 1310 2302 qua:
1353 2232 1406 2286 in
1438 2230 1530 2287 tali
1579 2247 1638 2285 re
1674 2230 1751 2284 fa-

168 2325 363 2379 cienda
409 2332 585 2390 erant,
619 2325 712 2378 tali
751 2324 857 2379 ﬁde
883 2332 956 2378 'et
989 2337 1103 2392 spe,
1148 2331 1209 2377 ut
1252 2324 1354 2376 hoc
1382 2337 1412 2376 a
1442 2321 1554 2376 Deo
1601 2321 1751 2376 vobis

169 2413 408 2472 infusum
444 2423 501 2473 et
514 2415 844 2484 ‘inspiratum
866 2430 1025 2488 nemo
1055 2414 1341 2469 dubitaret.
1378 2413 1602 2467 Caeteris
1630 2412 1753 2466 ﬁliis

167 2505 366 2559 vestris
411 2516 437 2544 ει
485 2504 804 2574 designastis
844 2512 1028 2574 partes
1075 2503 1227 2572 regni
1279 2502 1490 2565 vestri;
1549 2501 1641 2555 sed
1693 2509 1752 2554 ut

169 2595 198 2636 δ
216 2610 388 2649 unum
425 2610 653 2665 regnum
671 2605 839 2661 esset,
870 2609 982 2649 non
1015 2594 1135 2657 tria,
1161 2593 1473 2664 praetulistis
1497 2607 1620 2656 eum
1649 2594 1753 2648 illis

166 2702 331 2759 quem
359 2687 680 2758 participem
713 2687 946 2742 nominis
986 2687 1154 2742 vestri
1201 2686 1436 2751 fecistis;
1468 2702 1533 2742 ac
1560 2687 1752 2742 deinde

167 2789 322 2853 gesta
349 2781 589 2836 scribere
618 2780 938 2845 mandastis,
967 2780 1167 2849 scripta
1196 2781 1432 2848 signare,
1457 2787 1513 2835 et
1538 2781 1758 2835 robora-

170 2889 250 2940 re,
280 2883 339 2928 et
373 2881 681 2928 consortem
734 2873 973 2927 nominis
1017 2873 1184 2927 vestri
1217 2872 1438 2938 factum,
1464 2884 1487 2912 ο
1524 2873 1753 2928 Romam

169 2963 399 3018 misistis
451 2976 484 3016 a
528 2977 740 3018 summo
779 2961 1037 3031 pontiﬁce
1078 2971 1227 3033 gesta
1265 2972 1443 3018 vestra
1473 2964 1748 3034 probanda

1859 1962 1969 2016 Deo
1997 1962 2254 2031 elegistis,
2293 1961 2409 2015 sine
2454 1960 2562 2015 Deo
2613 1961 2924 2030 repudiatis,
2966 1969 3022 2015 et
3067 1959 3218 2028 cujus
3245 1962 3434 2017 volum-

1860 2062 2022 2107 tatem
2065 2054 2118 2105 in
2165 2052 2412 2121 eligendo
2459 2051 2718 2120 quaesitis,
2759 2065 2868 2104 non
2919 2058 3232 2120 exspectato
3283 2052 3430 2106 exitu

1858 2143 2149 2197 voluntatis
2170 2145 2306 2212 ejus,
2335 2157 2450 2196 rem
2479 2142 2762 2210 probatam
2791 2141 3112 2210 reprobatis.
3137 2139 3255 2196 Non
3281 2141 3432 2211 igno-

1857 2244 1942 2289 rat
1967 2237 2250 2304 prudentia
2279 2241 2480 2299 vestra,
2509 2234 2652 2303 quod
2689 2233 2992 2302 sequendus
3021 2242 3105 2289 est
3132 2233 3295 2299 Deus,
3324 2250 3431 2288 non

1855 2325 2257 2395 prurcedendus.
2306 2324 2440 2378 Nam
2469 2324 2559 2394 qui
2588 2323 2895 2393 praecedere
2922 2325 3059 2390 vult,
3091 2333 3265 2380 tentat
3287 2325 3432 2395 quod

1858 2433 1963 2470 non
1992 2425 2167 2472 estex
2200 2415 2322 2481 ﬁde,
2364 2416 2584 2473 dicente
2609 2416 2724 2485 ipso
2772 2415 3002 2470 Domino
3035 2434 3049 2470 :
3085 2415 3209 2471 Non
3261 2427 3433 2474 tenta-

1858 2508 1933 2561 bis
1959 2507 2238 2562 Dominum
2273 2507 2434 2560 Deum
2463 2516 2630 2559 tuum.

1930 2599 1993 2653 V.
2031 2598 2158 2662 Oro,
2209 2599 2424 2654 domine
2467 2600 2561 2663 mi,
2626 2598 2768 2653 adsit
2818 2599 3202 2670 benignissima
3259 2601 3433 2672 pietas

1859 2698 2057 2752 vestra,
2101 2705 2168 2744 ne
2211 2699 2561 2758 aspernanter
2604 2691 2706 2744 ista
2749 2691 3062 2760 accipiatis;
3116 2693 3209 2746 sed
3252 2673 3432 2762 potius

1858 2767 2196 2850 ingredimini
2245 2780 2544 2834 sacrarium
2586 2780 2780 2833 mentis
2821 2788 3015 2835 vestra:
3038 2796 3159 2837 cum
3215 2782 3348 2849 Deo,
3375 2793 3430 2839 et

1855 2870 2135 2939 loquimini
2181 2884 2302 2924 cum
2341 2870 2432 2924 illo
2479 2870 2750 2924 mediante
2789 2869 2911 2926 ﬁdei
2966 2872 3202 2941 pietate;
3253 2877 3309 2929 et
3349 2876 3431 2930 in-

1847 2964 2082 3018 venietis
2125 2979 2224 3018 vos
2265 2963 2463 3019 dixisse
2518 2963 2647 3030 Deo,
2700 2979 2806 3019 non
2847 2966 3043 3032 verbis,
3092 2969 3185 3024 sed
3222 2972 3424 3026 rebus:

1538 3073 1809 3128 BALUZII
1849 3072 2077 3128 NOTAE.

1538 3075 1809 3128 BALUZII
1850 3075 2077 3129 ΝΟΤᾹΞ.

164 3180 227 3236 ac
278 3163 483 3236 litanias
527 3160 702 3236 factae.
747 3161 878 3236 Post
915 3162 1024 3216 hoc
1062 3159 1177 3236 jam
1229 3160 1405 3214 dictus
1459 3161 1752 3236 imperator
1780 3167 1823 3226 C
1857 3163 2024 3217 renda
2051 3174 2155 3236 est,
2187 3164 2380 3236 inquit,
2414 3165 2716 3236 procacitas
2742 3174 2796 3219 et
2834 3166 3129 3236 petulantia
3161 3173 3426 3226 recentio-

163 3234 486 3297 Clotarium,
512 3234 606 3302 qui
632 3241 751 3286 erat
776 3231 949 3300 major
976 3239 1131 3302 natu,
1156 3230 1537 3302 imperatorem
1567 3231 1748 3302 elegit,

164 3318 227 3374 ac
253 3318 358 3374 per
381 3299 640 3374 coronam
671 3299 907 3374 auream
917 3301 1140 3374 tradidit
1168 3301 1218 3353 ei
1236 3299 1554 3374 imperium,
1583 3299 1754 3369 popu-

164 3373 228 3426 lis
254 3367 728 3435 'acclamantibus,
775 3379 832 3425 et
876 3370 1216 3432 dicentibus,
1280 3367 1424 3422 Vivat
1468 3367 1753 3438 imperator

163 3441 454 3509 Clotarius.
499 3441 665 3495 Facta
693 3447 775 3494 est
803 3446 983 3494 autem
1013 3438 1198 3493 laetitia
1233 3453 1426 3509 magna
1470 3438 1524 3493 in
1551 3440 1751 3509 popqu

162 3511 250 3566 die
279 3505 409 3592 illo;
442 3510 648 3592 Et
676 3511 978 3592 imperator.
1005 3509 1282 3592 benedixit
1321 3505 1641 3592 Dominum,
1665 3509 1747 3592 di-

162 3597 291 3636 cens
320 3601 335 3635 :
370 3568 692 3635 Benedictus
730 3568 789 3634 e‘s
811 3568 1087 3633 Dominus
1118 3578 1259 3632 Deus
1299 3587 1506 3642 noster,
1537 3568 1631 3647 qui
1659 3579 1751 3632 de-

163 3652 285 3706 disti
310 3651 476 3706 hodie
495 3664 560 3703 ex
586 3649 792 3703 semine
814 3663 935 3702 meo
961 3649 1338 3702 consedentem
1364 3647 1418 3699 in
1445 3648 1578 3701 solio
1604 3663 1747 3711 meo,

163 3722 477 3776 videntibus
504 3719 676 3774 oculis
714 3719 883 3788 meis.
906 3737 926 3770 ›
960 3717 1152 3788 Actum
1184 3717 1349 3788 id._m
1375 3716 1492 3770 Kal.
1522 3718 1749 3788 Augusti

164 3790 351 3844 scribit
382 3797 575 3843 auctor
604 3789 834 3842 ineditus
861 3786 1145 3849 Annalium
1172 3786 1575 3839 Anianensium.

233 3872 258 3899 ι
298 3857 629 3926 Designastt's
656 3867 829 3926 partes
858 3858 1020 3924 regni.
1054 3853 1278 3922 Pippino
1307 3855 1555 3910 videlicet
1582 3854 1751 3923 Aqui-

233 3875 258 3899 ⁸
298 3875 425 3912 11881
465 3875 629 3911 nasus
656 3875 829 3926 partes
858 3875 1020 3924 regnt.

164 3928 391 3992 taniam,
422 3875 695 3980 Eudovico
725 3924 1047 3992 Bajoariam.

233 3999 259 4036 δ
291 3997 362 4052 Ut
388 4012 556 4050 unum
573 4012 787 4065 regnum
807 4003 959 4059 esset,
975 4011 1100 4065 nos:
1097 3994 1218 4046 tria.
1233 3993 1404 4048 Aliter
1425 4001 1601 4047 tamen
1624 3992 1748 4065 dein

162 4067 357 4124 evenit.
397 4066 536 4120 Nam
567 4059 761 4132 triplex
800 4079 867 4120 ex
910 4079 1018 4118 uno
1060 4059 1390 4117 Francorum
1423 4077 1646 4132 regnum
1677 4061 1752 4115 fa-

162 4145 304 4191 ctum
335 4145 453 4200 est,
494 4143 615 4205 post
638 4132 899 4205 Ludovici
931 4141 1187 4205 mortem,
1234 4133 1310 4186 uti
1339 4133 1541 4186 dictum
1566 4141 1649 4186 est
1680 4132 1748 4185 ad

161 4205 452 4276 epistolam
477 4203 1059 4276 LupiFerraﬁensisn
1207 4272 1218 4276 _
1280 4272 1291 4276 _
1452 4271 1464 4276 Α
1488 4270 1502 4276 _
1553 4269 1571 4276 _
1727 4206 1729 4208 ’

232 4287 254 4314 ο
298 4275 525 4329 Romam
560 4269 798 4327 misistis.
848 4271 926 4327 Ne
971 4272 1093 4340 quis
1135 4272 1409 4325 existimet
1451 4270 1504 4324 id
1547 4269 1748 4324 factum

161 4340 353 4401 fuisse'
372 4344 560 4400 statim
595 4352 717 4413 post
734 4351 1068 4413 conventum
1097 4340 1622 4413 Aquisgranensem,
1653 4355 1750 4413 ne-

159 4429 262 4486 que
292 4413 438 4486 ideo
464 4410 689 4486 missum
733 4411 1048 4486 Lotiiarium
1077 4418 1136 4464 ut
1173 4425 1429 4486 coronam
1473 4410 1746 4486 imperii_a

159 4481 418 4555 pontiﬁce
463 4482 709 4555 Romano
734 4483 1163 4555 Aaceiperet,_ac_
1194 4481 1240 4533 si
1287 4481 1743 4555 tum‘neeess‘aria

160 4549 296 4622 novo
324 4553 644 4622 imperatori
673 4549 1202 4622 fuisseLapprobatio
1229 4549 1425 4622 summi
1451 4549 1741 4622 pontiﬁcis,

157 4621 383 4677 afferam
406 4618 1047 4691 VerbamEginhardiﬂiri
1077 4618 1131 4671 in
1157 4619 1278 4691 aula
1307 4618 1744 4691 educati,_et_ne-

155 4687 811 4764 gotiorumpublicorum
859 4688 1008 4764 gnari
1026 4728 1048 4764 _,
1099 4687 1502 4764 majestatisqu
1540 4687 1743 4752 jurium

156 4756 536 4818 Eallentissir'ni
559 4776 623 4816 ac
645 4756 1116 4828 temperantissimi
1143 4756 1435 4828 scriptoriis.
1453 4756 1743 4825 Postquam

156 4845 282 4903 ergo
329 4827 827 4903 dixit‘ltotbarium
877 4843 908 4881 a
948 4834 1110 4903 patre
1156 4827 1470 4903 i_t_1__ltaliam
1503 4830 1742 4903 _missum

162 4895 322 4957 fuisse
348 4917 442 4957 an.
470 4899 598 4964 822,
642 4908 702 4952 ut
729 4913 840 4951 rem
862 4895 1142 4967 publicam
1172 4897 1301 4967 illie_
1316 4895 1740 4967 administraret,

159 4968 270 5026 haec
299 4971 524 5024 demum
568 4969 646 5024 ait
680 4967 748 5022 ad
784 4965 984 5021 aurium
1027 4966 1131 5020 825
1173 4985 1185 5019 :
1227 4985 1245 5016 ς
1281 4965 1573 5022 Lotharius
1614 4980 1744 5020 vero

159 5055 278 5109 eum
327 5038 631 5109 secundum
676 5037 846 5109 patris
882 5035 1179 5109 jussionem
1226 5036 1280 5109 in
1320 5035 1470 5109 italia
1505 5034 1744 5102 justitias

159 5107 386 5174 faceret,
419 5117 479 5162 et
495 5106 610 5174 jam
642 5105 702 5163 se
729 5107 797 5160 ad
824 5106 1198 5160 revertendum
1229 5107 1294 5160 de
1321 5105 1473 5159 italia
1494 5119 1745 5174 propera-

150 5185 256 5249 ret,
283 5185 517 5249 rogante
543 5174 804 5231 Paschale
828 5190 963 5249 papa
988 5174 1389 5249 Romam_ven_it
1405 5175 1745 5249 ;_et._bonori:

157 5247 256 5302 ﬁce
286 5243 375 5304 ab'
402 5247 499 5301 illo
539 5243 846 5315 susceptus,
886 5243 940 5298 in
973 5250 1161 5299 sancto
1199 5243 1443 5315 Paschali
1478 5243 1566 5298 die
1603 5243 1744 5315 apud

158 5328 410 5372 sanctum
447 5315 670 5371 Petrum
701 5313 862 5382 regni
905 5327 1178 5383 co_ronam_
1201 5323 1255 5368 et
1304 5313 1646 5383 imperatoris
1689 5322 1744 5366 et

157 5385 395 5457 Augusti
437 5381 917 5457 nomengacc’epit.
972 5381 1099 5437 inde
1149 5381 1740 5457 Papiam:_regressus,

160 5451 338 5511 mense
365 5454 534 5510 Junio
561 5455 630 5508 ad
659 5451 1043 5523 imperatorem
1069 5451 1241 5523 venit.
1266 5471 1293 5523 _i
1338 5451 1585 5523 ldipsum
1601 5452 1742 5523 seri»

157 5523 234 5579 bit
260 5527 433 5581 etiam
463 5532 658 5580 auctor
683 5521 818 5578 Vita
841 5521 1100 5576 Ludovici
1129 5521 1231 5585 Pii,
1263 5521 1497 5590 itemque
1519 5521 1633 5573 alii.

221 5593 251 5634 ⁸
286 5592 492 5650 Ικταη
536 5609 715 5663 omnes
745 5592 1000 5663 jussisjs.
1045 5589 1148 5663 E_x__
1172 5590 1277 5663 isto
1319 5592 1589 5663 prtecipue
1620 5590 1742 5663 loco

157 5665 406 5742 evincere
428 5669 670 5742 conatur
886 5658 1217 5742 Theophilus
1246 5658 1578 5742 [taynaudus
1603 5659 1744 5729 Ago-

160 5731 379 5799 bardnm
412 5732 614 5787 debere
644 5733 808 5788 eximi
844 5747 873 5785 a
917 5729 1091 5799 culpa,
1134 5728 1349 5799 tametsi
1394 5728 1742 5799 rebellionem

159 5798 393 5860 Lotbarii
436 5802 639 5858 foverit
678 5803 934 5858 adversus
962 5797 1190 5870 patrem.
1230 5817 1247 5850 ι
1285 5797 1439 5853 Nullo
1471 5799 1630 5854 modo
1661 5797 1742 5852 fe-

1857 3248 2000 3312 mum,
2031 3234 2123 3312 qui
2153 3234 2438 3312 metientes
2478 3235 2542 3312 de
2595 3250 2693 3288 suo
2737 3234 2950 3312 ingenio
2991 3248 3234 3304 czeteros,
3281 3241 3426 3312 Ago-

1853 3303 2080 3375 bardum
2111 3311 2363 3375 tanquam
2393 3302 2677 3359 factiosum
2701 3315 2753 3361 et
2779 3302 3095 3362 seditiosum
3122 3302 3422 3375 traducuvnt.

1853 3372 2030 3454 iisque
2050 3386 2170 3427 eum
2197 3372 2419 3454 ﬁoribus
2440 3387 2823 3454 conspergunt,
2850 3387 2927 3442 ut,
2951 3379 2993 3431 si
3018 3380 3136 3433 illos
3157 3372 3424 3454 audimus,

1852 3443 2086 3513 maligna
2113 3445 2331 3497 omnino
2359 3458 2423 3496 ac
2450 3443 2695 3512 pessima
2711 3446 2984 3502 voluntate
3011 3458 3253 3504 versatus
3275 3453 3346 3506 sit
3372 3443 3424 3507 in

1852 3513 2066 3586 negotio
2111 3513 2422 3586 proposito;
2467 3522 2654 3586 contra
2695 3529 2859 3586 quam
2893 3525 3073 3586 aperte
3107 3518 3334 3574 habetur
3359 3538 3426 3576 ex

1851 3581 2135 3651 ipsiusmet
2159 3581 2425 3652 Agobardi
2455 3581 2793 3658 epistolanad
2838 3581 3165 3658 Ludovicum
3198 3590 3426 3658 impera-

1851 3661 2056 3722 torem;
2108 3665 2175 3722 εξ
2218 3651 2321 3722 qua
2364 3651 2649 3722 manifeste
2677 3653 2847 3721 liquet
2888 3651 3424 3722 Agobarbumﬁnetu

1851 3721 2562 3794 potius_violapdi_nu‘minis
2590 3730 2645 3775 et
2674 3721 2972 3794 temerandi
3006 3723 3297 3794 juramenti
3326 3745 3425 3783 au-

1851 3787 2002 3871 ctore
2041 3790 2157 3870 ipso
2201 3787 2476 3871 Lmlovico
2505 3793 2727 3871 przestiti
2759 3792 2886 3871 ﬁlio,
2931 3787 3262 3871 quamAmalo
3299 3813 3426 3871 erga

1854 3859 2179 3913 Ludovicum
2220 3858 2434 3930 affectu,
2485 3858 2685 3927 aliquid
2728 3858 2992 3915 molitum.
3027 3882 3047 3915 ›
3093 3863 3256 3930 Quasi
3297 3858 3429 3923 vero

1849 3943 1958 4005 non
1980 3933 2199 4005 constet
2239 3928 2509 3982 neminem
2541 3943 2598 3982 se
2621 3945 2777 4005 _reum
2811 3930 2998 4005 fateri,
3038 3940 3094 3985 et
3118 3928 3428 4005 quicunque

1851 3997 2197 4051 rebellionem
2227 4006 2470 4064 cmptant
2495 4006 2590 4050 aut
2617 3998 2823 4062 fovent,
2867 3998 3029 4066 justis
3071 3997 3220 4059 se—de
3247 3997 3426 4060 can-sis

1849 4066 2030 4141 facere
2060 4082 2167 4141 non
2185 4065 2566 4141 proﬁteantur.
2585 4137 2594 4141 _
2611 4068 2848 4141 Denique
2873 4065 2935 4124 si
2961 4071 3112 4141 deest
3134 4082 3426 4141 prmtextus

1847 4135 1973 4189 boni
2001 4135 2219 4203 publici,
2245 4135 2555 4190 obtenditur
2584 4135 2833 4191 infractis
2854 4135 3185 4205 pactionum,
3209 4144 3427 4200 violatio

1843 4205 2215 4275 jurisjurandi,
2266 4214 2358 4258 aut
2385 4205 2584 4274 aliquid
2629 4207 2820 4261 simile.
2871 4207 3020 4274 Quod
3061 4210 3105 4264 si
3135 4211 3221 4265 illa
3251 4213 3427 4268 Theo-

1847 4276 1980 4345 phili
2008 4275 2285 4345 Raynaudi
2313 4277 2708 4345 argumentatio
2739 4277 2960 4341 valeret,
2994 4277 3150 4333 facile
3177 4284 3424 4337 ostende-

1849 4361 1964 4418 rem
1988 4345 2368 4418 extra_culpam
2384 4360 2515 4418 esse
2544 4347 2822 4418 episcopos
2836 4362 3035 4418 omnes
3056 4350 3148 4418 qui
3172 4361 3425 4406 exaucto-

1848 4417 2117 4494 rationem
2145 4413 2398 4494 Ludovici
2429 4428 2702 4494 peregere.
2913 4413 3163 4494 enim—in
3190 4422 3423 4490 speciem

1774 4510 1824 4569 D
1849 4487 2116 4569 sanctius,
2148 4485 2277 4552 quid
2305 4483 2638 4569 religiosius,
2663 4485 2808 4569 quid
2841 4486 3130 4569 episcopali
3163 4483 3425 4558 gravitate

1848 4555 2077 4622 dignius,
2106 4569 2266 4621 quam
2291 4553 2425 4606 Acta
2458 4554 2633 4622 impias
2661 4553 2801 4608 illius
2825 4553 2891 4609 ac
2913 4553 3425 4615 nefandte'exaucto-

1847 4625 2108 4705 rationis?
2139 4623 2205 4710 Ιξι
2232 4631 2410 4710 tamen
2451 4623 2918 4710 posteritasnistos
2952 4625 3186 4707 culpavit
3202 4624 3229 4692 ,’
3249 4644 3424 4710 neque

1845 4695 2126 4818 guisquam
2156 4694 2415 4746 hactenus
2457 4691 2707 4745 infamem
2751 4693 2896 4747 illam
2935 4691 3207 4765 principis
3233 4691 3421 4766 optimi

1881 4772 2194 4818 eiectionem
2223 4776 2484 4816 excusare
2513 4777 2795 4818 auuressus
2819 4773 2921 4818 est.
2953 4778 3138 4818 eorum
3167 4767 3421 4818 nimirum

1818 4767 2194 4829 .dejectionem
2223 4776 2484 4816 excusare
2513 4777 2795 4831 aggressus
2819 4773 2921 4828 est,
2953 4778 3138 4818 eorum
3167 4767 3421 4823 nimirum

1844 4835 1934 4900 qui
1991 4840 2113 4916 post
2161 4831 2281 4916 illos
2337 4831 2727 4916 vixerethN‘am
2762 4833 2864 4916 “vel
2917 4833 3423 4916 unus_Agobardus

1843 4902 2089 4973 exemplo
2122 4901 2249 4973 erit,
2281 4916 2385 4973 non
2428 4901 2712 4973 destitutas
2759 4901 2922 4957 fuisse
2963 4901 3202 4973 Lotbarii
3239 4915 3423 4973 partes

1843 4972 1974 5028 viris
2003 4970 2251 5034 eruditis,
2279 4970 2369 5037 qui
2398 4985 2558 5041 manu
2586 4970 2871 5041 linguaque
2902 4970 3255 5027 rebellionem
3269 4973 3417 5029 fove-

1843 5049 1982 5095 rent.
2008 5041 2138 5110 Ego
2163 5051 2392 5110 veneror
2417 5039 2755 5107 Agobardum
2784 5039 2845 5094 ex
2875 5041 3088 5106 animo;
3118 5044 3212 5096 sed
3244 5044 3421 5098 bomi~

1842 5124 1967 5182 nem
1995 5109 2163 5164 fuisse
2189 5109 2351 5163 credo
2377 5126 2391 5161 :
2423 5117 2478 5161 et
2503 5123 2623 5176 qua
2648 5124 2933 5178 perperam
2958 5111 3100 5181 egit,
3143 5127 3206 5166 ea
3245 5127 3422 5182 neque

1841 5181 2030 5249 probo,
2062 5193 2235 5249 neque
2257 5192 2517 5249 excusare
2540 5192 2725 5233 conor.

1918 5261 1941 5290 ο
1980 5247 2265 5302 Amborum
2296 5247 2667 5316 imperatorum
2700 5249 2932 5303 nomina.
2961 5247 3174 5304 Earum
3214 5249 3424 5305 littera-

1841 5334 1963 5373 rum
1999 5319 2103 5372 hoc
2139 5317 2350 5372 initium
2387 5323 2508 5369 erat
2549 5333 2560 5368 :
2608 5316 2968 5372 Hludouricus
3014 5327 3061 5371 et
3108 5317 3420 5374 Hlotharius

1842 5387 2323 5457 divinq_ordinante_
2343 5383 2666 5457 providentis
2695 5388 3028 5457 imperatores
3058 5386 3300 5457 Augusti.

1918 5458 1936 5495 ί
1980 5455 2470 5514 Νοηιεηωκὶεειιηι
2500 5463 2596 5507 est.
2639 5455 2900 5511 Accendit
2937 5457 3080 5510 haud
3111 5455 3271 5511 dubie
3298 5472 3422 5512 con-

1844 5524 2063 5582 tumelia
2095 5524 2182 5578 illa
2219 5523 2457 5578 animum
2492 5523 2755 5579 Lotbarii.
2789 5523 2898 5578 Cur
2933 5527 3076 5580 enim
3113 5538 3171 5580 se
3204 5541 3427 5580 consor-

1844 5605 1953 5651 tem
1980 5594 2190 5662 imperii
2221 5593 2436 5647 fecisset
2458 5602 2630 5661 pater,
2661 5593 2706 5648 si
2732 5602 2917 5662 postea
2951 5609 3145 5650 nomen
3177 5609 3334 5648 suum
3364 5595 3420 5650 in

1842 5665 2117 5720 consortio
2145 5663 2374 5734 paterni,
2399 5664 2540 5734 quod
2568 5678 2664 5733 per
2687 5662 2884 5720 multos
2907 5678 3078 5720 annos
3102 5673 3420 5734 usurpatum

1843 5735 2045 5798 fuerat,
2081 5733 2245 5788 nollet
2271 5731 2500 5786 admitti.
