3930 6326
466 330 573 389 295

1433 325 1490 392 S.
1530 325 1880 392 AGDBARDI
1920 324 2232 393 EPISCOPI
2270 326 2755 392 LUGDUNENSKS

3659 340 3762 398 296

465 443 794 499 auctoritate
833 441 918 497 vel
945 443 1326 498 communione
1366 447 1730 514 suspenderit,
1761 463 1861 502 nec
1900 448 2062 501 aliam
2091 459 2141 517 Α
2168 448 2406 502 humana
2432 454 2714 501 temeritas
2736 453 2918 517 posset
2945 454 3218 519 appetere,
3249 466 3349 504 nec
3380 459 3550 522 portze
3572 465 3765 510 contra

466 535 779 592 manifestet
806 550 929 591 esse
949 535 1273 600 Ecclesiam,
1299 537 1406 591 nisi
1435 553 1556 606 qua:
1585 538 1639 592 in
1662 538 2070 607 pontiﬁcalibus

467 626 1132 700 apostolicarumgsedium
1178 636 1258 681 est
1313 627 1544 682 solidata
1580 627 1888 692 radicibus;
1941 646 2070 699 quo-

464 723 627 778 modo
654 736 752 777 vos
789 720 859 776 ab
903 718 1145 777 universi
1175 721 1326 776 orbis
1354 723 1739 777 communione
1783 731 2071 792 separatos

462 829 588 870 esse
613 829 720 870 non
743 813 992 879 creditis,
1023 813 1070 868 si
1092 813 1200 868 mei
1221 813 1364 867 inter
1389 828 1545 868 sacra
1585 815 1844 885 mysteria
1875 811 2068 869 secuno

463 902 593 958 dum
621 901 1068 969 consuetudinem
1093 903 1334 956 nominis
1371 903 1692 958 memoriam
1723 905 1986 970 reticetis,
2014 906 2066 959 in

463 1008 596 1064 quo,
620 993 748 1049 licet
773 994 1018 1066 indigno,
1040 995 1353 1064 apostolica:
1380 997 1524 1051 sedis
1545 1012 1642 1066 per
1665 999 2066 1053 successionem

464 1085 815 1154 episcopatus
839 1086 1098 1156 prasenti
1139 1093 1387 1157 tempore
1429 1088 1626 1144 videtis
1649 1090 1950 1145 consistere
1974 1089 2067 1144 fir-

463 1176 738 1231 mitatem.
773 1195 792 1228 ι

531 1265 618 1322 Ill.
669 1265 1026 1322 Beatissimus
1071 1282 1286 1338 quoque
1329 1267 1442 1323 Leo
1490 1284 1629 1338 papa
1666 1275 1735 1324 ad
1780 1271 2065 1326 universos

461 1354 792 1412 Viennensis
840 1358 1139 1426 provinciae
1191 1359 1478 1429 episcopos
1530 1360 1595 1414 de
1642 1361 1963 1416 auctoritate
2011 1370 2064 1415 et

460 1447 744 1518 privilegio
774 1447 1089 1518 apostolicae
1117 1449 1264 1504 sedis
1293 1449 1365 1503 ita
1399 1450 1624 1504 scribit:
1661 1469 1679 1500 ι
1715 1450 1920 1507 Divina:
1945 1453 2063 1507 cul-

461 1545 575 1592 tum
615 1537 926 1607 religionis,
977 1553 1138 1608 quem
1171 1537 1224 1591 in
1270 1553 1464 1592 omnes
1506 1546 1726 1610 gentes,
1765 1555 2063 1611 omnesque

459 1625 733 1692 nationes,
770 1627 864 1682 Dei
898 1627 1071 1682 voluit
1104 1628 1276 1698 gratia
1321 1642 1648 1692 coruscare,
1697 1628 1770 1682 ita
1803 1629 2062 1685 Dominus

458 1725 651 1772 noster
680 1716 841 1772 Jesus
861 1716 1113 1772 Christus
1149 1717 1374 1771 humani
1404 1719 1620 1788 generis
1644 1719 1879 1773 salvator
1905 1720 2060 1774 insti-

2171 537 2315 590 illam
2339 537 2498 592 inferi
2523 538 2893 607 praevalerent.
2923 538 3122 594 Verum
3147 541 3285 597 hanc
3305 553 3474 612 petra!
3497 546 3656 602 istius
3676 564 3762 602 sa-

2169 627 2535 682 cratissimam
2574 626 3052 695 ﬁmtitatem‘Deo,
3086 637 3147 684 ut
3178 631 3433 698 diximus,
3458 633 3766 692 aedificante

2168 724 2562 779 constructam,
2580 717 2742 771 nimis
2769 718 2931 788 impia
2952 719 3067 773 vult
3087 724 3509 792 praesumptione
3532 726 3763 792 violare,

2167 806 2415 876 quisquis
2443 806 2562 876 ejus
2600 815 2926 876 potestatem
2957 815 3128 864 tentat
3157 809 3484 883 infringere,
3533 813 3765 870 favendo

2167 895 2555 965 cupiditatibus
2583 896 2716 959 suis,
2732 905 2788 950 et
2809 895 2861 950 id
2889 898 3034 966 quod
3063 901 3272 970 accepit
3294 917 3325 954 ιι
3350 904 3628 958 veteribus
3651 919 3766 958 non

2167 986 2464 1054 sequendo.
2506 1005 2524 1038 ι
2561 984 2688 1040 Hmc
2729 988 2921 1042 beatus
2951 988 3099 1054 Leo;
3141 991 3237 1044 sed
3267 1000 3321 1046 et
3349 993 3438 1047 alii
3468 994 3625 1049 multi
3661 996 3765 1050 hu-

2159 1073 2397 1142 jusmodi
2427 1077 2705 1141 docentes,
2736 1086 2798 1131 ut
2826 1078 2968 1133 illius
2997 1079 3208 1152 stabilis
3235 1093 3403 1150 petrae
3427 1068 3765 1155 sempiterna

2166 1168 2429 1232 soliditas,
2458 1183 2622 1238 super
2647 1183 2810 1236 quam
2832 1169 3094 1226 Dominus
3139 1159 3386 1228 Salvator
3423 1186 3609 1231 noster
3635 1195 3765 1248 pro-

2164 1257 2339 1325 priam
2367 1254 2610 1310 fundavit
2635 1257 2954 1323 Ecclesiam,
2986 1274 3016 1313 a
3048 1260 3179 1316 solis
3212 1272 3335 1316 ortu
3373 1279 3547 1335 usque
3578 1267 3644 1320 ad
3669 1283 3762 1322 oc-

2165 1365 2347 1405 casum
2375 1351 2637 1420 primatus
2665 1351 2746 1406 sui
2773 1352 2982 1420 apicem
3011 1369 3393 1410 successorum
3417 1373 3638 1412 suorum
3665 1375 3765 1413 au-

2164 1441 2417 1495 ctoritate
2439 1451 2553 1494 tam
2584 1456 2681 1510 per
2707 1456 2766 1495 se
2789 1457 2950 1511 quam
2981 1455 3006 1482 ι
3033 1458 3134 1513 per
3162 1445 3396 1501 vicarios
3427 1462 3556 1502 suos
3585 1446 3762 1503 ﬁrmi-

2165 1540 2249 1584 ter
2273 1533 2560 1586 obtineret.
2593 1531 2672 1586 Ex
2700 1533 2895 1602 quibus
2939 1533 3129 1590 beatus
3172 1536 3499 1592 Anastasius
3522 1553 3660 1608 papa
3693 1540 3763 1594 ad

2165 1623 2549 1692 imperatorem
2579 1625 2842 1690 scribens,
2884 1627 3044 1682 docet
3083 1630 3226 1698 quod
3252 1645 3352 1699 pro
3389 1629 3610 1686 Christo
3639 1631 3765 1688 fun-

2164 1722 2324 1782 gatur
2355 1713 2644 1782 legatione,
2673 1717 2764 1784 qui
2792 1731 2891 1787 pro
2915 1731 3049 1786 pace
3093 1727 3350 1788 precatur
3376 1720 3676 1787 Ecclesiae;
3707 1729 3765 1778 et

458 1805 584 1870 tuit,
610 1814 671 1860 ut
692 1805 897 1861 veritas
917 1821 1038 1875 quae
1063 1814 1226 1860 antea
1253 1807 1386 1876 legis
1420 1815 1475 1862 et
1500 1809 1890 1878 pr0phetarum
1915 1825 2057 1879 prae-
2088 1801 2134 1859 B
2165 1807 2339 1876 ipsum
2370 1808 2753 1880 imperatorem
2785 1809 3061 1876 admonet,
3105 1817 3164 1864 ut
3193 1811 3508 1866 constitutis
3538 1822 3762 1883 aposto-

458 1896 620 1950 conio
654 1896 1056 1962 continebatur,
1084 1912 1182 1967 per
1211 1899 1564 1967 apostolicam
1606 1902 1794 1953 tubam
1831 1901 1885 1955 in
1914 1901 2079 1956 salu-'

459 1997 572 2050 tem
597 1990 976 2045 universitatis
1007 1991 1200 2055 exiret,
1231 1992 1371 2047 sicut
1398 1993 1658 2062 scriptum
1691 2003 1773 2047 est
1798 2005 1811 2046 :
1854 1992 1922 2047 In
1943 2011 2058 2048 om-

459 2095 578 2136 nem
602 2089 798 2134 terram
829 2083 986 2135 exivit
1011 2099 1171 2135 sonus
1197 2098 1399 2145 eorum,
1428 2093 1475 2136 et
1513 2085 1567 2136 in
1590 2083 1721 2151 ﬁnes
1745 2084 1889 2139 of“:
1906 2094 2061 2138 terra:

458 2166 612 2224 verba
656 2186 858 2223 eorum.
892 2169 998 2225 Sed
1045 2169 1205 2239 hujus
1250 2173 1492 2227 muneris
1537 2185 1938 2228 sacramentum
1987 2173 2060 2226 ita

457 2259 720 2317 Dominus
747 2261 814 2316 ad
841 2263 1083 2317 omnium
1116 2276 1272 2334 apost
1315 2271 1486 2316 ‘orum
1522 2262 1756 2317 cilicium
1784 2264 2062 2333 pertinere

456 2351 650 2417 voluit,
680 2360 741 2406 ut
769 2352 822 2405 in
851 2352 1168 2407 beatissimo
1199 2353 1384 2418 Petro,
1409 2354 1778 2423 apostolorum
1817 2353 2062 2408 omnium

456 2443 1092 2513 summo,principaliter
1133 2443 1455 2508 collocaret,
1504 2452 1562 2496 ut
1594 2443 1662 2498 ab
1703 2443 1857 2512 ipso,
1907 2444 2062 2512 quasi

456 2535 693 2602 quodam
731 2534 934 2602 capite,
963 2535 1107 2588 dona
1145 2549 1242 2587 sua
1274 2532 1422 2587 velut
1452 2534 1504 2586 in
1534 2548 1732 2603 corpus
1756 2549 1918 2588 omne
1959 2531 2063 2586 dif-

456 2621 744 2689 funderet,
792 2631 851 2678 ut
886 2631 1165 2678 exsortem
1211 2639 1268 2677 se
1294 2624 1557 2694 mysterii
1588 2623 1918 2694 intelligeret
1941 2639 2062 2679 esse

461 2713 654 2778 divini,
695 2714 785 2783 qui
835 2729 998 2768 ausus
1023 2702 1217 2768 fuisset
1241 2727 1271 2766 a
1301 2712 1448 2767 Petri
1477 2711 1750 2768 soliditdte
1782 2713 2056 2789 recedere.

457 2803 615 2859 Hunc
635 2804 782 2858 enim
811 2804 864 2858 in
892 2803 1232 2857 consortium
1267 2803 1557 2858 individua:
1594 2803 1820 2858 unitatis
1850 2818 2067 2858 assum-

456 2903 633 2964 ptum,
667 2893 720 2948 id
753 2894 896 2963 quod
927 2894 1040 2962 ipse
1067 2902 1206 2959 erat,
1238 2893 1410 2948 voluit
1443 2883 1752 2957 nominari,
1788 2895 2017 2949 dicendo
2045 2913 2056 2946 :

458 2985 538 3040 Tu
560 3002 613 3040 es
639 2984 860 3048 Petrus,
885 2993 934 3037 et
973 3001 1129 3054 super
1159 2983 1294 3037 hanc
1334 2994 1536 3054 petram
1564 2984 1840 3053 wdiﬁcabo
1883 2984 2063 3039 Eccleo

454 3077 592 3130 siam
614 3091 819 3139 meam;
855 3082 915 3128 ut
937 3075 1126 3128 aeterni
1155 3074 1340 3144 templi
1370 3073 1659 3128 aedificatio
1684 3075 1920 3128 mirabili
1944 3091 2062 3129 mu-

2163 1898 2281 1954 licae
2309 1899 2452 1953 sedis
2477 1899 2832 1969 obtemperet.

2233 1989 2320 2057 ιγ.
2348 1989 2530 2055 Certe,
2560 1989 2985 2045 clementissime
3011 1991 3226 2051 domine
3247 2033 3261 2057 ,
3309 1993 3354 2048 si
3393 2010 3539 2049 nunc
3567 1993 3596 2034 δ
3627 1993 3764 2049 Gre-

2164 2079 2347 2148 gorius
2375 2094 2514 2148 papa
2551 2079 3000 2134 irrationabiliter
3021 2089 3074 2134 et
3103 2081 3172 2135 ad
3196 2084 3545 2158 pugnandum
3575 2084 3760 2149 venit,

2163 2170 2359 2224 merito
2386 2178 2442 2224 et
2486 2182 2507 2208 ο
2548 2181 2820 2241 pugnatus
2849 2180 2904 2226 et
2940 2173 3188 2242 repulsus
3219 2175 3452 2229 recedet.
3484 2173 3542 2230 Si
3575 2187 3764 2232 autem

2163 2278 2262 2332 pro
2289 2263 2472 2332 quiete
2499 2270 2553 2317 et
2583 2279 2717 2332 pace
2755 2265 2936 2334 pepuli
2962 2274 3017 2320 et
3046 2274 3227 2320 vestra
3265 2267 3516 2323 laborare
3546 2268 3761 2330 nititur.

2164 2351 2299 2405 bene
2341 2360 2395 2405 et
2496 2353 2832 2408 lionabiliter
2860 2355 3343 2424 obtemperandum
3389 2365 3474 2410 est
3500 2356 3610 2421 illi,
3655 2374 3762 2410 non

2167 2443 2595 2512 repugnandum.
2637 2443 2695 2498 Si
2722 2444 2866 2498 enim
2904 2445 3046 2512 quod
3074 2453 3256 2498 vestra
3284 2445 3559 2500 voluntate
3581 2455 3637 2500 et
3662 2463 3764 2516 po-

2165 2543 2362 2589 testate
2396 2550 2519 2590 cum
2563 2549 2830 2588 consensu
2876 2535 3044 2588 totius
3088 2534 3300 2604 imperii
3342 2537 3513 2590 vestri
3553 2535 3763 2590 factum

2163 2634 2265 2686 est,
2295 2623 2692 2693 etposteadin
2741 2624 3035 2694 apostolica
3087 2624 3214 2678 sede
3261 2627 3615 2688 roboratum,
3663 2625 3767 2678 huc

2164 2714 2278 2767 vult
2309 2714 2362 2766 in
2387 2713 2677 2782 pristinum
2707 2712 2965 2768 reducere
2992 2723 3214 2778 statum,
3256 2715 3390 2769 satis
3420 2713 3764 2768 rationabilis

2163 2813 2220 2858 et
2262 2810 2598 2873 opportunus
2647 2806 2730 2857 est
2775 2803 2892 2872 ejus
2939 2803 3221 2858 adventus.
3270 2803 3404 2870 Quia
3450 2805 3766 2859 nullatenus

2162 2894 2305 2962 quod
2337 2893 2411 2945 ita
2451 2901 2536 2946 est
2567 2892 2922 2947 constitutum
2970 2909 3001 2946 a
3045 2893 3230 2958 vobis,
3274 2895 3480 2949 debetis
3523 2903 3760 2951 mutare.

2163 2985 2276 3041 Nec
2299 2985 2446 3040 enim
2484 2986 2602 3039 sine
2627 2985 2777 3053 gravi
2819 2985 3059 3054 periculo
3103 2994 3156 3040 et
3197 2994 3354 3040 reatu
3396 2985 3596 3041 animm
3644 2986 3762 3042 fieri

2162 3084 2362 3146 potest.

456 3180 590 3221 nere
621 3165 807 3235 gratim
839 3164 932 3218 Dei
965 3164 1017 3218 in
1046 3163 1195 3218 Petri
1224 3164 1497 3220 soliditate
1522 3166 1883 3242 consisteret;
1921 3166 2061 3221 hanc
2090 3150 2134 3212 C
2238 3168 2304 3222 γ.
2342 3167 2398 3220 ln
2426 3167 2512 3221 his
2538 3165 2923 3222 sacratissimis
2948 3166 3140 3223 diebus
3159 3167 3514 3224 Paschalibus
3538 3169 3765 3239 perlata:

454 3255 758 3311 Ecclesiam
784 3269 938 3309 suam
971 3253 1231 3309 firmitate
1260 3257 1653 3320 corroborans,
1687 3267 1748 3310 ut
1778 3255 1924 3310 illam
1956 3272 2060 3312 nec

2167 3266 2296 3311 sunt
2335 3258 2402 3310 ad
2431 3271 2518 3310 me
2549 3256 2744 3312 litterae
2787 3257 2943 3312 istius
2977 3268 2999 3297 ε
3029 3257 3340 3326 apostolici,
3383 3261 3766 3330 prmeipientes

1821 3346 2099 3404 BALUZII
2137 3347 2368 3405 NOT/E.

454 3452 673 3519 semper
700 3436 1024 3519 intelligunt,
1070 3435 1215 3519 quod
1241 3450 1305 3489 ea
1332 3435 1450 3519 sola.
1478 3433 1775 3504 apostolica
1796 3437 2050 3519 essetin

453 3507 770 3564 Occidente.
851 3507 1038 3576 Neque
1087 3515 1267 3576 tamen
1297 3515 1595 3576 propterea
1630 3507 1900 3561 assentior
1929 3507 2051 3560 illu-

453 3579 726 3634 strissimo
771 3575 1036 3632 cardinali
1082 3575 1346 3640 Baronio,
1399 3577 1493 3643 qui
1557 3575 1931 3630 Turonensem
1985 3593 2050 3632 ac

456 3647 913 3717 Burdegalensem
943 3645 1239 3709 Ecclesias,
1277 3661 1399 3713 qua:
1421 3646 1562 3717 apud
1589 3645 1911 3717 Gregorium
1945 3647 2054 3700 Tu-

454 3713 746 3773 ronens'em
797 3717 936 3771 libro
978 3724 1190 3784 quarto,
1250 3730 1371 3783 cap.
1414 3715 1485 3785 ‘36
1541 3713 1654 3785 (ubi
1701 3713 1770 3770 de
1822 3717 2054 3771 concilio

457 3787 786 3842 Santoneusi
813 3787 1011 3856 agitur,
1050 3786 1196 3856 quod
1233 3799 1378 3856 anno
1403 3784 1508 3856 566
1529 3784 1776 3839 habitum
1819 3789 1922 3856 est)
1961 3802 2054 3841 vo-

456 3866 654 3913 cantur
677 3859 832 3912 sedes
853 3853 1195 3925 'apostolic:e,
1241 3855 1314 3925 ob
1341 3855 1442 3925 hoc
1469 3853 1644 3909 dictas
1664 3863 1817 3925 putat
1841 3853 2055 3924 aposto-

455 3927 610 3991 licas,
656 3943 764 3982 non
794 3923 939 3997 quod
966 3927 1035 3980 ab
1058 3924 1315 3997 apostolis
1346 3923 1549 3997 fuerint
1580 3923 1922 3989 instituta]
1957 3927 2055 3982 sed

455 4000 604 4070 quod
632 3993 836 4053 eisdem
869 3998 936 4070 ab
987 3993 1281 4070 apostolica
1331 3996 1464 4070 sede
1494 3993 1641 4049 Petri
1671 4010 1932 4070 concessa
1958 4012 2057 4070 per

457 4065 1005 4140 palliumiapostoliea
1025 4068 1227 4140 inesset
1261 4066 1582 4140 auctoritas.
1614 4085 1632 4117 ι
1683 4065 1945 4140 Respexit
1975 4067 2056 4118 vi—

457 4135 653 4193 delicet
686 4135 949 4191 Baronius
975 4135 1043 4190 ad
1089 4150 1272 4189 mores
1305 4135 1665 4203 posteriorum
1709 4135 2052 4190 surculorum.

457 4207 595 4277 Nam
629 4215 815 4277 postea
845 4221 1166 4277 persuasum
1188 4203 1292 4258 fuit
1316 4204 1464 4273 pallii
1490 4206 1749 4277 honorem
1777 4206 2054 4277 decretum

457 4275 1108 4356 fuisse—metropolitauis,
1141 4284 1364 4397 propter.
1396 4275 1737 4356 apostolicam
1777 4277 1959 4339 vicem,
2001 4275 2055 4356 id

457 4356 562 4397 est.
615 4355 676 4397 ut
704 4362 768 4397 ex
799 4346 1139 4397 confessrone
1167 4360 1232 4397 na
1257 4344 1312 4397 lu
1351 4345 1719 4397 mtelheerent
1744 4345 2055 4397 metronolt-

457 4356 563 4411 est,
615 4355 676 4400 ut
704 4362 768 4401 ex
799 4344 1139 4401 confessione
1167 4344 1312 4414 pallii
1351 4345 1719 4414 intelligerent
1744 4345 2056 4414 metropoli-

461 4418 574 4472 tani
600 4417 834 4472 vicarios
857 4432 917 4471 se
938 4431 1060 4471 esse
1083 4414 1231 4469 sedis
1255 4414 1584 4483 apostolica,
1614 4422 1675 4467 ut
1700 4431 1768 4469 ex
1789 4415 2055 4469 Rthabano

2158 3437 2405 3512 Gclasius
2433 3451 2573 3512 papa
2605 3437 2658 3491 in
2686 3435 2912 3504 epistola
2944 3437 3011 3512 ad
3043 3437 3387 3512 Anastasiurn
3411 3439 3714 3512 Augustum
3745 3460 3760 3496 :

2166 3527 2183 3557 ι
2225 3509 2290 3562 Et
2315 3509 2729 3580 qualiscunque
2761 3507 3238 3580 apostolicmsedis
3275 3507 3532 3574 vicarius]
3587 3514 3764 3580 quod-

2159 3575 2372 3646 cunque
2396 3579 2567 3650 plenae
2599 3575 2722 3630 fidei
2747 3575 3028 3650 catholica:
3051 3578 3239 3634 deesse
3261 3575 3622 3650 cumperem,
3660 3597 3763 3650 pro

2163 3643 2530 3719 meo'modulo
2553 3645 2990 3719 suggestionibus
3015 3649 3334 3719 opportunis
3357 3643 3607 3719 supplere
3636 3643 3764 3705 con-

2163 3718 2359 3789 tendo.
2383 3737 2400 3769 ι
2473 3716 2606 3789 Item
2637 3715 2997 3789 Symmachus
3026 3715 3474 3789 in’Apologetic'o—
3503 3720 3572 3774 ad
3605 3736 3762 3774 eum-

2162 3789 2287 3841 dem
2338 3786 2725 3840 Anastasium:
2787 3803 2806 3836 ι
2857 3786 2959 3841 Ubi
3009 3796 3106 3852 te,
3159 3786 3342 3844 rerum
3394 3789 3760 3844 humanarum

2161 3857 2435 3926 princeps,
2461 3856 2851 3925 qualiscunque
2874 3857 3018 3910 sedis
3043 3859 3351 3926 apostolica:
3372 3860 3610 3914 vicarius
3631 3876 3763 3914 con-

2163 3929 2352 4000 testari
2387 3942 2517 3980 voce
2551 3941 2656 3980 non
2692 3927 2899 4000 desino,
2929 3935 3057 4000 etc.
3083 3947 3117 4000 r
3173 3929 3426 4000 Episcopi
3467 3928 3519 3982 in
3548 3931 3761 4000 synodo

2165 3995 2750 4072 Romana__congregati
2784 3996 3067 4072 anno_800
3107 3998 3160 4051 in
3210 3995 3385 4053 causa
3407 3995 3608 4054 Leonis
3660 4016 3760 4072 pa-

2163 4082 2246 4135 pa:
2280 4085 2291 4120 :
2348 4085 2366 4137 ς
2405 4065 2512 4137 Nos
2541 4065 2724 4137 sedem
2746 4066 3113 4137 apostolicam,
3175 4083 3295 4137 qua:
3317 4079 3401 4122 est
3449 4079 3614 4137 caput
3637 4065 3760 4123 6m-

2166 4138 2313 4190 nium
2344 4136 2436 4190 Dei
2467 4135 2856 4198 Ecelesiarutn,
2877 4135 3122 4202 judicare
3151 4135 3258 4191 non
3287 4135 3568 4192 audemus.
3619 4138 3759 4192 Nam

2164 4208 2233 4260 ab
2264 4207 2377 4276 ipsa
2423 4222 2522 4276 nos
2577 4221 2768 4276 omnes
2805 4213 2859 4259 et
2890 4205 3092 4260 vicario
3115 4221 3212 4261 suo
3248 4205 3579 4274 judicamur.
3619 4228 3637 4258 ι
3693 4209 3761 4261 Et

2164 4275 2295 4329 alibi
2314 4275 2534 4345 pluries.
2599 4275 2690 4328 Sic
2717 4283 2978 4330 vocantur
3009 4277 3174 4330 etiam
3199 4278 3388 4331 vicarii
3415 4278 3557 4331 beati
3582 4277 3757 4339 Petri,

2163 4355 2217 4401 et
2245 4347 2430 4400 vicarii
2465 4345 2828 4414 apostolorum
2851 4345 2997 4400 Petri
3037 4356 3090 4400 et
3115 4346 3301 4411 Pauli;
3345 4356 3402 4400 ut
3429 4347 3557 4401 alibi
3582 4347 3758 4416 pluri-

2163 4418 2265 4471 bus
2294 4417 2496 4470 dictum
2526 4424 2609 4468 est
2659 4430 2689 4468 a
2727 4416 2900 4469 nobis.
2958 4417 3097 4484 Quin
3132 4426 3188 4470 et
3222 4416 3525 4485 Cyprianus
3558 4417 3610 4470 in
3643 4419 3760 4485 cpi—

461 4488 994 4543 Heroa-observavit.
1069 4485 1178 4540 Sed
1209 4475 1693 4555 istudvalerenon
1723 4487 1901 4555 potuit
1929 4493 2059 4539 tem-
2083 4475 2136 4534 D
2163 4488 2301 4541 stola
2351 4487 2417 4539 67
2451 4486 2784 4554 Stephanum
2812 4475 3005 4554 papam
3038 4495 3195 4540 vocat
3221 4475 3483 4541 vicarium
3535 4496 3588 4541 et
3632 4475 3761 4540 suc—

460 4573 594 4630 pore
636 4558 796 4630 istius
828 4557 1021 4627 synodi
1047 4554 1426 4630 Santonensis,
1483 4570 1591 4625 quo
1627 4554 1864 4630 nondum
1904 4557 2055 4626 quis-

461 4623 623 4697 quam
675 4623 1054 4698 episcoporum
1085 4623 1539 4698 _Gall_icanorur_n'.
1600 4626 1645 4679 si
1682 4623 2055 4680 Arelatensem

460 4695 725 4767 excipias;
778 4695 998 4767 pallium
1049 4695 1118 4749 ab
1150 4695 1404 4818 epgcopo
1455 4695 1698 4776 Romano
1751 4704 2053 4765 acceperat.

463 4766 858 4823 Conturbasset
906 4766 1151 4836 profecto
1263 4779 1472 4836 romus,
1509 4781 1554 4819 si
1580 4765 1809 4836 probare
1838 4774 2059 4820 coactus

466 4807 663 4894 ἦίἷέἱέί
675 4807 2062 4904 Ὲῖἕέιῖπι⁷’ί“ῐῐιῖὄ’ἶιιῖἔῖεέἑ“ῐὲηἷρἕἔῗῦἷξεέἱῖἓὶξ

460 4908 841 4978 chiepiscopos
889 4906 1263 4978 Turonensem
1312 4917 1379 4958 ac
1414 4903 1893 4978 Burdegalensem.
1951 4905 2060 4959 Sed

461 4975 768 5035 ideo‘dicta‘:
789 4985 915 5032 sunt
944 4975 1272 5046 apostolicae,
1300 4975 1472 5046 quod
1493 4989 1590 5044 per
1620 4975 1738 5029 illas
1767 4983 2062 5045 tempesta-

461 5057 547 5104 tes
559 5048 817 5103 Ecclesia:
829 5044 1022 5103 omnes
1043 5044 1380 5115 episcopales
1407 5045 1683 5099 dicerentu
1692 5061 1718 5098 r
1728 5044 2056 5115 apostolicae,

457 5117 617 5198 juxta
644 5114 1091 5198 observationem
1121 5114 1462 5198 Tertulliani,
1520 5117 1664 5196 quod
1688 5114 1873 5198 tidem
1905 5131 2060 5170 suam

449 5185 536 5264 {ab
558 5188 854 5258 apostolica
884 5187 977 5244 illa
1009 5185 1186 5256 prima
1211 5185 1339 5239 sede
1365 5185 1705 5265 accepissent
1738 5201 1899 5265 quam
1927 5201 2058 5309 apo-

464 5258 606 5336 stoli_
635 5257 1017 5336 fundaverunt.
1099 5253 1276 5336 Unde“
1299 5269 1423 5336 cum
1470 5256 1622 5336 vides
1651 5255 1929 5336 Burneium
1995 5269 2062 5336 e-

465 5327 1158 5396 movicensemepiscopum
1179 5340 1210 5378 a
1238 5324 1441 5396 Fausto
1472 5325 1693 5379 Reiensi
1714 5325 1819 5380 dici
1851 5335 2066 5396 aposto-

464 5398 569 5453 lica
603 5399 732 5453 sede
759 5394 1162 5468 dignissimum,
1205 5394 1539 5468 intelligere:
1555 5410 1663 5468 non
1686 5396 1853 5451 debes
1870 5394 2064 5468 Roma-

467 5483 614 5531 nam,
639 5468 735 5523 sed
767 5464 1358 5537 Lemovicensem,_cui
1393 5464 1713 5537 dignissime
1743 5466 2066 5534 pmidcbat

467 5537 743 5603 Ruricius,
775 5539 899 5592 ideo
933 5536 1061 5590 sede
1089 5535 1180 5606 illa
1211 5534 1584 5606 dignissimus.
1625 5535 1760 5590 Vide
1780 5550 1944 5606 porro
1971 5550 2067 5590 no-

468 5616 554 5662 tas
585 5616 802 5663 nostras
827 5607 897 5661 ad
923 5603 1668 5660 Vincentinm’Lirinensem.

539 5689 565 5756 τ
597 5676 704 5756 If"
721 5677 948 5732 vicario:
973 5691 1120 5740 suos,
1149 5675 1202 5756 id
1216 5683 1320 5738 est,
1344 5689 1444 5756 per
1455 5673 2062 5756 llomanos‘pontiﬁces,

469 5747 565 5820 qui
617 5746 934 5818 frumenta
993 5754 1258 5800 vocantur
1307 5745 1494 5799 vicarii
1543 5745 1851 5816 apostolica!
1895 5745 2060 5800 sedis.

2161 4572 2432 4626 cessarem
2459 4556 2696 4610 Cornelii
2722 4555 2982 4624 Luciique
3012 4556 3327 4626 pontificum
3361 4556 3755 4611 Romanorum.

2235 4627 2260 4666 ι)
2302 4625 2584 4694 Gregorius
2606 4641 2742 4695 papa
2770 4626 2929 4695 hujus
2968 4625 3200 4680 numinis
3249 4636 3476 4694 quartus
3511 4627 3601 4694 qui
3639 4635 3759 4680 tum

2163 4696 2458 4751 inGalliam
2480 4712 2600 4749 cum
2620 4696 2872 4748 Lothario
2889 4704 3128 4766 venerat,
3158 4697 3210 4750 in
3227 4697 3343 4766 ejus
3369 4705 3552 4765 partes
3579 4704 3763 4750 trans-

2163 4782 2382 4835 gressus
2414 4774 2605 4819 contra
2629 4773 2859 4835 patrem,
2893 4765 2970 4818 uti
3000 4765 3434 4820 dicemusinfra.

2238 4849 2259 4875 ο
2307 4835 2582 4905 Pugnatus
2611 4845 2656 4887 et
2677 4834 2914 4904 repulsus
2951 4835 3170 4889 recedet.
3225 4835 3759 4904 Evenisseid.quod

2162 4907 2511 4961 ominabatur
2539 4905 2640 4958 hoc
2664 4905 2782 4959 loco
2809 4905 3126 4973 Agobardus
3150 4914 3297 4973 patet
3332 4921 3399 4958 ex
3433 4905 3756 4968 Hincmaro,

2164 4979 2255 5046 qui
2271 4976 2349 5030 sic
2373 4976 2612 5043 loquitur
2633 4977 2689 5046 in
2712 4975 2939 5044 epistola
2965 4975 3027 5027 Η
3052 4974 3431 5046 adAdrianum
3455 4974 3722 5046 “scripta
3743 5015 3757 5028 .

2171 5044 2197 5097 ἱ
2233 5048 2300 5101 Et
2331 5046 2598 5115 quomodo
2642 5044 2940 5115 Gregorius
2985 5045 3274 5114 subreptus
3321 5060 3445 5099 cum
3491 5044 3760 5099 Lothario

2165 5126 2319 5186 patre
2347 5114 2447 5186 suo
2474 5124 2806 5186 repugnante
2827 5116 2886 5186 in
2905 5114 3190 5186 Franciam
3210 5117 3445 5178 venit,et
3468 5129 3574 5183 pax
3596 5124 3756 5183 post-

2165 5184 2230 5240 ea
2279 5187 2332 5240 in
2365 5184 2595 5240 Francia
2643 5192 2704 5238 ut
2747 5184 2911 5240 antea
2944 5199 3051 5239 non
3084 5184 3203 5250 fuit,
3237 5193 3294 5240 et
3317 5186 3432 5254 ipse
3455 5199 3591 5255 papa
3619 5199 3758 5255 cum

2166 5257 2260 5310 tali
2295 5258 2499 5311 honore
2527 5256 2666 5310 sicut
2689 5255 2964 5320 decuerat,
3010 5261 3067 5309 et
3093 5255 3178 5310 sui
3205 5252 3576 5310 antecessores
3609 5252 3761 5309 fece~

2166 5339 2314 5390 runt,
2343 5324 2570 5380 Romam
2597 5340 2700 5378 non
2735 5325 2910 5379 rediit.
2948 5345 2967 5377 ι

2238 5396 2262 5434 δ
2300 5395 2366 5448 In
2389 5395 2677 5464 apostolica
2717 5395 2838 5449 sede
2868 5396 3192 5450 roboratam.
3247 5393 3364 5450 Non
3391 5391 3534 5462 quod
3560 5407 3762 5464 appro-

2168 5467 2316 5520 batio
2347 5463 2575 5519 Bemani
2605 5464 2880 5533 pontificis
2921 5476 3071 5521 esset
3113 5466 3456 5528 necessaria;
3502 5463 3599 5518 sed
3624 5464 3762 5532 quia

2166 5535 2614 5605 Paschalispapa
2647 5535 2702 5588 id
2731 5535 2892 5605 valde
2917 5537 3114 5604 cupiit,
3155 5543 3216 5589 ut
3243 5547 3404 5604 supra
3432 5534 3674 5588 diximus
3704 5533 3762 5587 in

2169 5605 2315 5659 notis
2345 5606 2412 5658 ad
2436 5604 2732 5674 Epistolam
2753 5604 3011 5660 flebilem.

2245 5684 2266 5710 ε
2311 5673 2619 5744 Apostolici,
2669 5675 2722 5729 id
2768 5683 2874 5736 est,
2916 5675 3145 5744 Romani
3172 5673 3466 5744 pontiﬁcis,
3499 5673 3591 5742 qui
3643 5679 3758 5726 tum

2245 5691 2266 5710 ε
2311 5691 2350 5728 Α
2393 5691 2619 5738 ououct,
2669 5691 2722 5729 ια
2768 5691 2874 5736 est.
2916 5691 3145 5729 nomam
3172 5691 3466 5744 ponimus,
3499 5691 3591 5742 qui
3643 5691 3758 5726 lum

2168 5755 2309 5807 erat.
2338 5691 2632 5814 gregarius
2673 5753 2921 5814 quartus.
2971 5743 3104 5798 Nam
3142 5759 3241 5814 per
3273 5759 3370 5799 eas
3406 5751 3761 5811 tempestates
