3930 6364
203 372 305 434 297

871 377 958 435 DE
996 369 1302 436 COMPAB.
1347 369 1610 439 REGIM.,
1646 370 1798 428 ETC.
1841 401 1910 411 —
1949 368 2169 426 EPIST.
2202 367 2535 428 GREGORII
2574 370 2678 427 PP.
2722 367 2810 425 IV.

3375 366 3478 424 298

205 504 263 548 ut
284 492 492 564 jejunia
517 499 572 547 et
601 492 874 548 orationes
903 508 1025 548 cum
1049 492 1376 548 abstinentia
1399 491 1723 551 faceremus,
1750 488 1794 542 si
1825 494 1874 551 Α
1900 489 2170 551 turbatus,
2197 501 2360 557 cogor
2388 489 2548 544 modo
2582 487 2636 542 in
2667 486 2783 556 ipsa
2809 483 3022 540 clavum
3055 481 3381 537 adversitate
3406 482 3486 537 di-

206 583 347 639 forte
403 583 746 654 omnipotens
796 583 1058 638 Dominus
1106 581 1357 638 effectum
1409 580 1627 637 conatui
1681 576 1797 646 ejus

1901 579 2109 650 rigere,
2159 579 2320 633 modo
2350 586 2575 632 curvato
2616 576 2770 631 navis
2811 574 2977 630 latere
3008 572 3184 627 minas
3229 569 3488 626 ﬂuctuum

205 683 468 746 prastare
495 674 779 744 dignetur;
825 681 1092 742 quatenus
1122 675 1260 744 apud
1290 689 1386 728 vos
1414 671 1647 727 obtineri
1677 684 1799 740 pos-
1899 688 1967 726 ex
1991 672 2209 741 obliquo
2241 671 2532 726 declinare.
2585 669 2913 740 lngemisco,
2958 667 3083 736 quia
3125 665 3301 720 sentio
3343 661 3490 733 quod

205 766 293 831 sit,
320 773 382 819 ut
411 780 518 836 pax
546 773 603 818 et
628 764 917 820 concordia
955 765 1183 834 pristina
1221 765 1404 820 domui
1433 771 1488 819 et
1515 777 1681 835 regno
1703 777 1799 817 ve-

204 867 320 913 stro
349 857 692 912 restituatur.
721 855 877 922 Quod
902 871 1003 924 ego
1025 855 1272 921 audiens,
1305 862 1687 924 compunctus,
1718 852 1800 908 fa-

204 949 346 1004 ciem
378 947 566 1002 cordis
588 946 714 1012 mei,
744 955 1005 1018 quantum
1026 946 1190 1012 valui,
1217 947 1284 1000 ad
1311 944 1495 1000 Jesum
1527 944 1800 1001 Christum

207 1038 502 1094 Dominum
533 1046 778 1092 nostrum
820 1036 1026 1101 levavi,
1055 1038 1406 1091 vehementer
1440 1045 1702 1106 exoptans
1746 1045 1806 1089 ut

206 1128 327 1182 sine
358 1126 642 1197 sanguinis
676 1125 938 1182 effusione
987 1137 1096 1182 tam
1143 1127 1377 1197 injustus
1412 1127 1674 1181 tumultus
1710 1142 1807 1196 per

207 1216 659 1286 benignissimam
687 1217 1138 1287 omnipotentiam
1166 1216 1282 1285 ejus
1305 1217 1608 1272 sedaretur.

277 1309 368 1364 Vl.
411 1310 675 1380 Dignetur
718 1311 968 1366 sublimis
1011 1311 1297 1381 prudentia
1335 1319 1516 1365 vestra
1561 1311 1648 1381 pic
1687 1326 1808 1380 per-

208 1401 452 1472 pendere
477 1401 620 1470 quod
653 1401 944 1472 Apostolus
971 1401 1139 1456 dicit:
1177 1401 1242 1454 In
1290 1401 1585 1455 novissimis
1628 1402 1808 1455 diebus

207 1490 481 1544 instabunt
526 1500 759 1561 tempora
797 1490 1116 1562 periculosa.
1159 1491 1290 1558 Quae
1337 1490 1578 1562 pericula
1619 1490 1810 1546 beatus

205 1599 349 1655 papa
379 1583 678 1653 Gregorius
711 1599 810 1640 suo
827 1584 939 1655 jam
968 1592 1234 1655 tempore,
1264 1585 1479 1655 quando
1503 1585 1679 1640 adhuc
1703 1595 1812 1640 sta-

207 1684 294 1730 tus
323 1674 470 1729 idem
496 1674 662 1730 multo
687 1683 744 1730 et
763 1675 1260 1746 incomparabiliter
1290 1676 1480 1731 melior
1503 1685 1623 1731 erat
1650 1692 1811 1746 quam

207 1781 378 1832 nunc,
410 1766 486 1820 ita
532 1766 800 1837 deplorat,
846 1767 1068 1822 dicens:
1114 1785 1131 1817 ι
1171 1767 1360 1822 Tantis
1391 1769 1589 1839 quippe
1622 1769 1673 1822 in
1712 1769 1813 1822 hoc

1901 764 2202 836 negligente
2227 779 2312 818 me
2336 762 2534 818 crescit
2555 761 2763 815 sentina
2788 759 3063 822 vitiorum,
3091 765 3145 811 ct
3169 765 3492 826 tempestate

1904 852 2115 908 fortiter
2143 853 2430 917 ohviante,
2474 850 2590 918 jam
2629 849 2851 920 jamque
2891 847 3118 916 putrida:
3150 843 3490 914 naufragium

1905 943 2100 997 tabula:
2123 951 2335 996 sonant.
2376 962 2392 994 ι
2429 941 2565 1005 Heu,
2601 940 2740 994 heu!
2774 937 2830 992 Si
2861 945 2988 991 tunc
3009 937 3120 1006 jam
3147 934 3493 1005 putrescebat

1905 1036 2056 1090 navis
2083 1035 2360 1095 Ecclesiae.
2392 1042 2447 1086 et
2483 1032 2530 1085 si
2560 1029 2678 1099 ejus
2709 1027 2904 1083 tabula:
2926 1025 3041 1096 jam
3065 1025 3295 1096 putrida:
3316 1032 3490 1087 erant,

1907 1126 2034 1198 quid
2062 1142 2205 1180 nunc
2233 1133 2315 1178 est
2339 1126 2360 1176 ?

1985 1217 2087 1270 ΠΙ.
2120 1217 2244 1270 llrrc
2281 1217 2468 1279 verba,
2496 1215 2737 1284 piissime
2764 1211 3016 1273 domine,
3061 1206 3360 1263 beatissimi
3403 1205 3496 1259 do-

1908 1309 2074 1362 ctoris
2127 1317 2416 1377 propterea
2469 1306 2536 1360 ad
2583 1303 2904 1360 memoriam
2953 1309 3190 1355 vestram
3243 1298 3500 1351 reducere

1909 1399 2248 1468 prazsumpsi,
2281 1406 2338 1449 ut
2372 1398 2496 1466 quia
2530 1402 2700 1449 nemo'
2716 1393 2927 1449 dubitat
2956 1407 3050 1446 vos
3085 1388 3254 1444 multo
3285 1397 3338 1443 et
3365 1386 3502 1443 incf-

1911 1489 2148 1544 fabiliter
2171 1488 2289 1557 plus
2305 1503 2426 1543 esse
2451 1493 2748 1540 amatorem
2773 1483 2924 1554 regni
2946 1481 3184 1538 celestis
3205 1494 3368 1548 quam
3393 1489 3504 1533 ter-

1911 1580 2052 1644 reni,
2089 1579 2428 1649 permansuri
2459 1592 2620 1647 quam
2662 1573 2963 1636 transituri,
2995 1579 3050 1626 et
3073 1571 3227 1640 juxta
3264 1579 3502 1623 vestram

1912 1679 2155 1725 sanctam
2202 1670 2383 1734 fidem,
2431 1683 2583 1738 spem
2622 1673 2677 1721 ct
2722 1665 3070 1727 cbaritatem,
3103 1662 3169 1716 de
3212 1660 3356 1714 nullo
3401 1659 3506 1713 alio

1913 1779 2078 1835 Opere
2121 1764 2350 1833 potestis
2382 1772 2490 1816 tam
2521 1764 2688 1817 chare
2738 1761 2906 1815 Deum
2956 1758 3206 1828 placare,
3239 1771 3400 1826 quam
3442 1756 3508 1809 de

210 1856 331 1912 loco
381 1854 544 1923 hujus
570 1856 755 1911 mundi
786 1855 1039 1912 ﬂuctibus
1065 1857 1282 1926 quatior
1302 1898 1314 1922 ,
1353 1865 1414 1911 ut
1442 1866 1712 1912 vetustam
1746 1873 1809 1913 ac
1839 1858 1884 1915 Β
1912 1855 2274 1912 Sollicitudine
2298 1864 2356 1910 et
2382 1853 2853 1910 administratione
2893 1850 3042 1922 pacis
3072 1858 3126 1905 et
3158 1849 3384 1903 unitatis
3409 1847 3509 1900 Ee-

209 1955 621 2019 putrescentem
651 1962 878 2008 navem.
927 1964 1089 2018 quam
1127 1949 1416 2019 regendam
1463 1949 1673 2005 occulta
1719 1950 1812 2005 Dei

209 2041 619 2112 dispensatione
650 2041 884 2109 suscepi,
915 2041 984 2096 ad
1007 2050 1225 2110 portum
1251 2041 1486 2113 dirigere
1507 2042 1816 2096 nullatenus

209 2133 439 2203 possim.
475 2131 629 2187 Nunc
657 2145 724 2186 ex
759 2132 992 2187 adverso
1030 2131 1226 2186 ﬂuctus
1271 2133 1520 2196 irruunt,
1570 2149 1711 2188 nunc
1749 2149 1813 2186 ex

212 2224 389 2280 latere
435 2223 636 2278 cumuli
684 2224 927 2294 spumosi
965 2224 1135 2279 maris
1171 2224 1572 2290 intumescunt,
1613 2241 1755 2281 nunc
1788 2243 1815 2279 a

213 2319 373 2381 tergo
421 2321 720 2384 tempestas
767 2313 1108 2385 insequitur;
1162 2315 1412 2384 interque
1460 2316 1574 2370 hmc
1635 2317 1817 2369 omnia

1916 1951 2116 2015 rlesite,
2143 1957 2321 2003 vestra
2353 1947 2710 2002 solertissima
2740 1945 2932 2015 religio
2961 1942 3223 2004 elaboret,
3245 1948 3305 1994 ut
3331 1939 3509 1994 omnis

1919 2042 2096 2095 anima
2147 2039 2319 2095 ﬁdelis
2363 2038 2614 2110 proficiat
2663 2038 2717 2092 in
2767 2035 2872 2090 lide
2918 2043 2973 2091 et
3018 2033 3326 2104 cognitione
3372 2031 3504 2084 Dei:

1919 2149 2040 2203 quae
2085 2148 2172 2187 res
2219 2133 2475 2186 omnibus
2504 2130 2668 2184 rebus
2702 2129 2813 2183 Deo
2843 2126 3063 2181 cliarior
3093 2134 3196 2179 est.
3231 2123 3400 2192 Hujus
3431 2121 3508 2174 rei

1922 2227 2074 2280 nisus
2103 2225 2293 2278 merita
2326 2231 2502 2276 vestra
2531 2221 2968 2290 appropinquare
2999 2216 3160 2271 faciat
3196 2215 3404 2284 apostol
3433 2214 3511 2265 iis

1926 2317 2157 2372 meritis.

1607 2427 1880 2484 BALUZII
1919 2428 2152 2485 ΝΟΤᾸΞ.

218 2518 337 2590 haec
375 2517 662 2587 appellatio
717 2517 816 2590 soli
861 2521 1107 2573 Romano
1157 2517 1394 2590 pontifici
1455 2519 1816 2590 competebat.

217 2585 361 2660 Olim
395 2585 576 2660 tamen
627 2588 827 2658 singuli
874 2591 1111 2660 episcopi
1158 2585 1478 2645 dicebantur
1523 2585 1817 2660 apostolici,

217 2659 288 2730 ob
330 2673 450 2713 eam
488 2659 743 2713 videlicet
765 2674 1010 2730 causam,
1049 2659 1192 2729 quod
1240 2659 1586 2714 successores
1613 2669 1824 2730 aposto.

220 2727 400 2812 lor-nm
429 2741 552 2782 cum
581 2738 786 2812 essent,
813 2727 1688 2812 sedessuasapogolicisprzediii
1718 2731 1823 2812 vir-

220 2798 434 2852 tutibus
456 2800 739 2868 regebant,
764 2808 824 2852 ut
845 2801 1026 2854 verbis
1045 2798 1241 2854 Juliani
1258 2798 1493 2854 Pomerii
1524 2808 1740 2854 utamur
1769 2803 1821 2856 in

216 2869 400 2938 capite
442 2867 677 2923 25'libri
726 2869 885 2938 primi
938 2870 1004 2924 de
1045 2871 1163 2924 Vita
1202 2870 1649 2938 contemplativa;
1711 2881 1822 2924 tum

218 2937 386 2993 etiam
407 2940 535 3009 quia
558 2955 683 2995 cum
713 2937 903 2994 omnes
936 2940 1092 2994 sedes
1131 2937 1456 2994 vocarentur
1489 2939 1820 3009 apostolicae,

1211 3172 1234 3199 ι
1270 3153 1656 3217 EPISTOLA
1716 3157 2103 3222 GREGORII
2157 3161 2385 3222 PAPJE
2445 3160 2525 3222 IV

1923 2536 2262 2602 nonse‘quens
2287 2529 2477 2602 eratut
2503 2519 3188 2602 prmsidentesdicerentur
3213 2513 3512 2602 apostolici,

1927 2586 2130 2646 Deinde
2159 2606 2288 2645 vero
2315 2586 2573 2660 paulatim
2601 2592 2787 2645 titulus
2834 2591 2922 2644 ille
2953 2590 3234 2660 ademptus
3261 2586 3528 2654 sin-plici.

1928 2664 2028 2741 l_i_us
2042 2658 2330 2741 episcopis,
2347 2661 2633 2741 peculiaris
2651 2663 2823 2741 factus
2848 2670 2924 2715 es:
2944 2658 3506 2741 metropolitanorum.

1927 2726 2168 2786 Tandem
2213 2726 2267 2786 et
2307 2726 2391 2786 his
2420 2747 2635 2801 quoque
2667 2732 2913 2799 demptus
2941 2738 3041 2794 cst,
3101 2726 3316 2794 tutaque
3356 2726 3514 2801 hujus

1930 2802 2164 2872 nominis
2195 2795 2502 2872 dignitas—in
2533 2795 2842 2871 episcopum
2876 2801 3172 2872 Romanum
3221 2795 3512 2849 transfusa.

1927 2871 2113 2941 Itaque
2137 2869 2345 2938 jam'ab
2371 2869 2580 2942 aliquot
2601 2869 2812 2927 szeculis
2839 2870 2987 2926 solus
3028 2869 3113 2923 ille
3144 2875 3366 2921 vocatur
3389 2879 3515 2936 apo-

1926 2943 2164 2996 stolicus.

3197 3059 3510 3077 Μ

3021 3067 3188 3079 -Δ-ο

1302 3313 1382 3354 ΑΒ
1411 3311 1750 3359 Ειηεοονοε
1783 3318 1974 3360 ιιεῡκι
2013 3316 2421 3361 FRANCORUM.

1698 3439 1826 3456 b-

1831 3446 2058 3457 ⁸-

296 3525 545 3579 Romano
588 3521 832 3594 pontiﬁci
882 3522 1206 3587 scribentes,
1257 3519 1550 3577 contrariis
1597 3535 1720 3576 eum
1771 3520 1824 3573 in
1854 3538 1896 3598 ς
1929 3535 2236 3594 comperto,
2284 3539 2303 3565 ο
2340 3525 2511 3584 lzetari
2560 3544 2655 3584 vos
2701 3529 2903 3593 dicitis,
2947 3528 3231 3586 credentes
3264 3537 3518 3592 omnibus

221 3621 545 3694 praefatione
573 3621 884 3675 nominibus
913 3619 1256 3690 appellastis,
1291 3619 1320 3659 δ
1356 3617 1582 3674 fratrem
1626 3615 1820 3671 videli-

223 3722 309 3770 cet
335 3722 392 3768 et
417 3728 646 3785 papam;
697 3714 822 3768 dum
850 3712 1241 3783 congruentius
1260 3719 1405 3768 esset
1431 3713 1601 3768 solam
1640 3711 1690 3766 ei
1724 3727 1823 3781 pa-

225 3814 442 3858 ternam
473 3802 832 3858 reverentiam
863 3801 1142 3857 exhibere.
1174 3801 1424 3859 Adventu
1462 3816 1679 3873 quoque
1703 3797 1820 3869 ejus

1931 3614 2160 3686 principi
2193 3617 2399 3672 scilicet
2443 3618 2701 3689 subjectis
2747 3617 3114 3690 profuturum,
3163 3631 3217 3675 et
3261 3631 3514 3692 optasse:

1931 3704 1953 3739 ι¹
1981 3719 2265 3760 occursum
2292 3717 2533 3763 vestrum
2567 3711 2724 3765 nobis
2749 3726 2854 3764 non
2881 3710 3202 3780 negandum,
3229 3714 3330 3769 nisi
3361 3733 3514 3774 sacra

1920 3794 2094 3866 jussio
2126 3797 2423 3868 imperialis
2449 3803 2794 3870 praeveniret.
2828 3800 2958 3869 Qua
2987 3799 3152 3856 verba
3182 3809 3521 3875 reprelieusi~

1607 3889 1691 3944 BA
1702 3887 1878 3945 LUle
1914 3885 2146 3942 NOTAE.

297 3997 323 4024 ι
369 3980 612 4065 ῐιξρὶειοιε
638 3981 762 4065 ista,
804 3996 911 4065 seu
942 3985 1126 4065 verius
1164 3981 1526 4065 fragmentum
1555 3981 1820 4064 epistolte,

227 4060 412 4124 magni
448 4060 710 4107 momenti
737 4060 850 4116 est;
905 4060 957 4106 et
987 4068 1094 4121 quo
1117 4060 1352 4122 primum
1389 4063 1634 4122 tempore
1655 4060 1708 4107 in
1732 4067 1826 4121 pu-

227 4125 430 4178 blicum
473 4121 695 4191 prodiit,
745 4125 992 4177 exercuit
1025 4124 1347 4178 industriam
1378 4124 1660 4179 doctorum
1682 4123 1826 4176 viro—

227 4209 375 4248 rum.
421 4191 704 4263 Massonus
725 4207 875 4263 sane,
915 4194 1006 4262 qui
1046 4195 1254 4263 primus
1281 4193 1427 4248 illam
1459 4193 1645 4263 edidit,
1684 4191 1821 4248 scri—

227 4271 382 4334 ptam
403 4263 613 4332 putavit
638 4262 707 4334 ab
726 4259 1032 4334 Agobardo,
1047 4259 1232 4332 'quem
1272 4263 1562 4334 primatem
1584 4262 1821 4334 Aquita-

227 4330 337 4388 nia
381 4330 560 4403 vocat,
606 4330 865 4403 adversus
887 4330 1166 4401 episcopos
1194 4330 1366 4403 partis
1391 4330 1671 4403 Ludovici.
1701 4330 1824 4403 Gol-

226 4401 643 4472 dastusiisdetu
666 4400 1223 4472 vestigiis’insis’tens',
1255 4402 1400 4458 hunc
1433 4403 1482 4458 ei
1509 4402 1721 4457 titulum
1745 4400 1825 4457 fe—

225 4475 340 4547 cit:
373 4471 1103 4547 Βεεεῄρωηι-αάίειήξιοιωῃ-
1126 4471 1430 4547 εμῃοάαιεηι
1462 4475 1824 4542 episcoporum

230 4538 570 4612 Francorum:
594 4557 659 4612 ea:
683 4538 967 4612 Gefmdnia
997 4552 1043 4594 et
1063 4538 1238 4594 Gallia
1263 4538 1703 4612 gingregatoru'm
1725 4557 1822 4612 pro

225 4629 399 4666 causa
449 4610 696 4679 Ludovici
737 4608 822 4663 Pii
862 4612 1208 4679 imperatoris.
1271 4608 1513 4667 Tandem
1544 4608 1824 4666 divini'in-

263 4682 378 4738 enii
403 4680 505 4751 vir,
533 4678 730 4751 Petrus
745 4681 809 4736 de
822 4678 1455 4751 Marcaarcliiepiscopus
1478 4681 1820 4746 Parisiensis,

263 4699 378 4738 enu
403 4699 505 4744 γη,
537 4699 730 4735 retrus
745 4699 809 4736 ae
822 4699 1000 4734 marca
1018 4699 1455 4751 arcmeptscopus
1480 4699 1820 4746 rartsrensrs,

223 4699 613 4822 deprehendit
645 4750 932 4822 epistolam
980 4750 1133 4822 illam
1180 4767 1303 4822 esse
1352 4766 1461 4806 non
1509 4751 1821 4822 Agobardig,

367 4819 707 4902 Gregorii
761 4820 1001 4902 Romani.
1029 4820 1334 4902 pontificis:
1390 4822 1535 4902 quod
1564 4819 1825 4902 probavit

227 4899 316 4946 tot
358 4889 716 4960 argumentis,
774 4899 833 4944 nt
881 4889 1045 4945 valde
1084 4890 1351 4947 luseiosus
1382 4889 1454 4946 sit
1487 4889 1700 4962 oportet
1731 4891 1823 4961 qui

228 4962 413 5016 lucem
446 4959 692 5015 veritatis
740 4960 829 5015 hie
867 4975 976 5015 non
1006 4960 1203 5014 videat.
1283 4961 1359 5017 Ea
1413 4963 1481 5016 de
1503 4976 1668 5016 causa
1723 4976 1824 5016 nos

228 5029 456 5103 titulum
500 5028 576 5083 illi
627 5029 869 5103 epistola:
913 5031 992 5086 sic
1025 5029 1253 5103 fecimus
1263 5050 1304 5103 _:
1348 5030 1588 5103 Epistola
1628 5029 1825 5103 Grego-

226 5101 296 5154 rii
324 5099 353 5152 1
376 5095 414 5148 γ
454 5114 605 5167 ραρω
641 5095 710 5172 ad
740 5102 1016 5172 episcopos
1065 5100 1208 5170 regni
1253 5095 1625 5172 Francorum._
1690 5095 1822 5154 Eam

228 5183 577 5241 poer._90m
601 5168 786 5224 multis
815 5171 869 5224 in
891 5168 1026 5224 lacis
1058 5168 1204 5241 esset
1233 5178 1510 5241 corrupta,
1537 5169 1825 5239 diligenter

227 5237 292 5294 ac
324 5237 560 5313 fideliter
605 5241 1012 5294 emendavimus
1065 5240 1132 5298 ad
1174 5238 1351 5295 ﬁdem.
1379 5237 1584 5295 codicis
1633 5237 1822 5297 inanu-
1848 5253 1901 5313 1)

227 5307 451 5365 scripti.

299 5378 327 5416 δ
355 5378 606 5432 Fratrem
632 5393 698 5433 ex
721 5380 891 5436 veteri
912 5393 1079 5446 more,
1097 5378 1253 5504 anius
1271 5380 1822 5437 retinentissimusest

299 5447 570 5504 mrianus:
589 5463 691 5504 nec
700 5449 856 5504 aliter
866 5449 1095 5504 concilia
1179 5451 1325 5504 ricae.
1339 5460 1432 5504 aut
1444 5452 1559 5504 inse
1569 5450 1822 5504 Augusti-

225 5447 570 5520 Cyprianus:
589 5463 691 5504 nec
700 5449 856 5506 aliter
866 5449 1095 5506 concilia
1107 5447 1325 5516 Africae,
1339 5460 1432 5506 aut
1444 5452 1559 5520 ipse
1569 5450 1824 5520 Augusti-

227 5515 360 5574 nas.
403 5515 511 5590 sed
541 5520 839 5576 vetustiora
879 5527 1038 5575 erant
1079 5515 1345 5588 exempla,
1384 5515 1548 5590 quam
1580 5515 1823 5576 utbisce

227 5587 575 5660 temporibus
599 5591 875 5660 potuerint
907 5605 1027 5646 esse
1047 5587 1255 5660 valida.
1275 5587 1537 5644 Baronius
1570 5605 1733 5660 porro
1755 5591 1822 5644 ad

227 5656 441 5729 annum
477 5656 840 5728 M9loquens
891 5661 960 5715 de
996 5660 1150 5716 libris
1215 5659 1499 5729 Augustini
1562 5656 1823 5716 adversus

226 5726 512 5800 lulianum
538 5726 784 5800 agnoscit
820 5745 1026 5800 morem
1074 5729 1223 5785 illum
1246 5726 1337 5800 qui
1360 5731 1662 5800 antiquitus
1682 5732 1823 5785 obti-

227 5797 420 5864 nebat,
445 5805 506 5852 ut
525 5797 723 5868 singuli
743 5799 982 5869 episcopi
1003 5797 1305 5856 Romanum
1333 5797 1662 5870 appellarent
1705 5801 1818 5871 fra-

561 5888 838 5950 Ριτιιοι..
883 5887 1048 5951 ριν.

1929 3977 2234 4062 gemmihil
2266 3980 2553 4062 detrahere
2587 3984 2653 4062 de
2689 3983 2949 4062 dignitate
2966 4003 3028 4043 ac
3062 3985 3345 4062 majestate
3378 3993 3512 4062 ejus.

1929 4049 1999 4104 Et
2021 4051 2242 4129 omnino
2256 4053 2388 4129 mihi
2401 4054 2578 4129 placet
2592 4049 2801 4129 Erasmi
2828 4049 3164 4129 observatio,
3173 4062 3262 4129 qui
3281 4063 3331 4115 in
3354 4049 3512 4120 Com:

1927 4123 2196 4202 mentario
2250 4123 2317 4175 ad
2370 4125 2651 4206 epistolam
2715 4126 2970 4252 Cypriani
3029 4129 3096 4183 ad
3142 4123 3516 4191 'A'ntonianum

1927 4202 2234 4252 suspicatur
2257 4192 2440 4252 fratris
2471 4211 2765 4252 cognomen
2831 4215 2878 4252 te
2905 4214 3011 4252 nou
3035 4213 3264 4252 arcuere
3284 4203 3513 4252 dignity.

1926 4192 2236 4274 snspicatur
2257 4192 2440 4274 fratris
2471 4192 2773 4274 cognomen
2790 4192 2878 4254 hic
2905 4214 3011 4253 nou
3035 4213 3264 4274 arguere
3284 4203 3513 4274 dignita-

1926 4262 1998 4316 tis
2025 4262 2410 4330 aaqualitatem,
2429 4266 2522 4320 sed
2543 4262 2868 4323 societatem
2901 4262 3316 4328 communionis.

2003 4341 2025 4369 ε
2061 4331 2257 4388 Lartari
2279 4349 2364 4388 vos
2407 4335 2601 4390 dicitis.
2635 4335 2711 4390 Ita
2742 4337 2963 4394 omnino
2998 4337 3166 4394 codex
3200 4349 3372 4399 vetus.
3411 4345 3518 4403 Sed

1924 4403 2183 4482 quoniam
2219 4418 2321 4458 vox
2361 4404 2536 4487 artari
2567 4407 2644 4461 sic
2671 4409 2869 4477 scripta
2901 4418 2986 4464 est
3014 4407 3102 4532 ςιε
3130 4418 3186 4464 et
3206 4412 3519 4486 arijexisti-

1925 4479 2092 4525 mavut
2119 4487 2467 4529 amanuensrs
2504 4477 2759 4531 omissam
2793 4477 2960 4532 fuisse
2987 4493 3016 4532 a
3043 4478 3224 4532 iouam
3253 4483 3512 4532 litteram.

1925 4472 2092 4551 mavit
2119 4476 2763 4551 amanuensisomissam
2782 4472 2960 4534 fuisse
2987 4472 3224 4551 aliquam
3253 4472 3515 4551 liiteram,

1924 4549 1980 4624 et
1996 4555 2095 4624 pro
2117 4541 2290 4624 (ceteri
2299 4543 2727 4624 legendum_esse
2746 4546 3047 4624 lamentari,
3062 4541 3514 4619 quemadmodum

1925 4609 2085 4666 habet
2103 4613 2277 4690 editio
2299 4609 2552 4670 Hassoni.
2584 4615 2969 4690 Necessariam
3207 4638 3328 4680 esse
3374 4609 3515 4684 hanc

1924 4682 2357 4765 emendationem
2385 4694 2534 4765 patet
2561 4688 2723 4765 exiis
2747 4704 2866 4765 qua:
2887 4682 3028 4744 infra
3067 4689 3144 4744 ait
3180 4682 3515 4765 Gregorius:

1930 4750 2146 4818 Deinde,
2172 4750 2446 4825 postquam
2473 4757 2683 4811 dixistis
2708 4750 2793 4813 vos
2823 4758 3028 4814 lctatos
3055 4774 3166 4813 esse
3195 4762 3259 4817 de
3286 4750 3513 4822 Edventt)

1926 4831 2252 4898 nostrg,etc._
2284 4825 2512 4898 ltursum
2544 4828 2703 4895 paulo
2727 4836 2850 4898 post
2878 4829 3046 4886 editio
3083 4827 3316 4888 Massoni
3349 4836 3515 4891 habe-

1926 4889 2051 4974 b‘at,
2068 4891 2307 4974 'Print‘ipi
2333 4895 2528 4974 scilicet
2545 4889 2823 4974 subjectis
2841 4900 3101 4970 futurum,
3121 4903 3289 4974 _nullo
3329 4889 3516 4960 sensu.

1927 4959 2147 5017 Rectius
2175 4959 2356 5033 itaque
2385 4967 2554 5021 codex
2579 4959 2780 5040 regius,
2812 4959 2864 5024 in
2889 4984 2997 5040 quo
3027 4959 3291 5042 scriptum
3315 4959 3522 5032 diserte

1927 5039 2008 5084 est
2035 5033 2391 5084 profuturum.

1925 5044 2008 5084 est
2035 5044 2391 5089 prolaturum.

1995 5039 2008 5084 ι
2035 5033 2391 5102 profuturum.
2643 5033 2669 5040 ⁷
2767 5033 2773 5035 ⁷
2905 5033 2924 5040 ’
3139 5033 3156 5042 ’

1995 5099 2343 5185 διοεςςῃηιιρι
2370 5123 2484 5185 v.11.
2505 5123 2557 5160 η.
2589 5109 2907 5185 negandum.
2956 5109 3122 5185 Moris
3161 5114 3361 5185 quippe
3400 5123 3513 5170 tum

1923 5179 2061 5253 erat,
2092 5183 2151 5253 ut
2176 5175 2693 5253 quotiesltpmanus
2717 5179 2958 5253 pontifex
2987 5183 3054 5253 ad
3079 5175 3396 5241 comitatum
3422 5203 3512 5241 ve-

1929 5240 2145 5330 niebat;
2167 5240 2775 5330 episcopifrancoruni
2805 5251 2854 5330 ei
2886 5251 3098 5330 obviam
3123 5240 3512 5330 procederent,

1929 5311 2151 5393 honoris
2192 5311 2376 5393 causa}
2417 5315 2624 5393 verum
2649 5320 2781 5393 quia»
2815 5319 3110 5393 Gregorius
3137 5311 3242 5380 non
3265 5311 3517 5382 veniebat

1931 5389 1988 5465 nt
2020 5381 2233 5465 hospes,
2271 5381 2682 5465 sedant-hostis,
2720 5381 2961 5465 adeoque
3002 5395 3206 5465 absque
3245 5381 3511 5452 consensu

1931 5450 2481 5531 Lu_dovici,prohibiti
2505 5463 2629 5512 sunt
2665 5450 2694 5510 a
2731 5450 2992 5531 principe,
3027 5478 3096 5520 ne
3117 5450 3399 5531 obsequio?
3426 5450 3514 5520 illo

1930 5520 2683 5601 olllcioqtga'defungerentur
2728 5520 2856 5598 erga
2902 5520 3229 5601 pontiﬁcem.
3264 5520 3415 5590 Unde
3463 5549 3514 5591 ct

1933 5602 2115 5674 postea
2160 5593 2386 5674 Romam
2433 5593 2680 5652 reversus
2719 5593 2819 5654 θεῖ
2845 5593 3128 5674 inglorius,
3170 5614 3350 5660 etnon
3391 5621 3514 5660 cum

1933 5661 2025 5739 tali
2049 5664 2250 5739 honore
2270 5666 2408 5720 sicut
2431 5676 2805 5724 antecessores
2828 5661 3192 5739 suffecerant,
3235 5684 3292 5729 ut
3327 5677 3513 5732 admo-

1933 5733 2048 5787 nuit
2071 5734 2408 5789 Hincmarus.

2886 5896 2958 5954 10
