3930 6332
468 311 572 369 299

1433 312 1491 367 S.
1530 310 1883 369 AGOBARDI
1920 308 2239 366 EPISCOPI
2272 308 2807 367 LUGDUNENSIS»

3664 313 3769 367 δοῦ

466 425 597 483 bilis
627 432 758 485 sunt
782 442 794 479 :
837 440 946 481 uno
993 422 1212 494 quidem
1258 422 1416 478 modo
1435 465 1451 491 ,
1479 424 1604 494 quia
1639 422 1814 494 jussio
1843 430 2060 493 aposto-
2088 424 2138 483 Α
2166 420 2489 477 necessitate
2514 420 2765 492 regendae
2805 420 3126 491 tuendasque
3168 421 3505 491 reipublicaa,
3535 436 3643 477 non
3671 438 3773 494 pm

465 516 587 575 licm
613 512 761 573 sedis
788 530 898 572 non
943 516 1123 571 minus
1170 514 1324 570 vobis
1371 530 1527 570 sacra
1564 514 1737 570 videri
1783 514 2064 579 debuerat,

466 623 633 680 quam
673 608 766 663 illa
812 623 973 678 quam
1025 608 1206 663 dicitis
1248 606 1626 677 imperialem;
1680 605 1905 669 deinde,
1938 604 2067 673 quia

466 701 703 758 veritate
739 708 912 767 caret,
942 701 1088 772 quod
1132 700 1313 756 dicitis
1357 700 1506 755 illam
1542 698 1908 769 przevenisse:
1958 712 2066 753 non

464 795 613 850 enim
641 794 732 850 illa
756 795 1049 867 praevenit,
1081 794 1176 850 sed
1204 800 1389 851 nostra
1409 835 1423 860 ,
1469 794 1523 849 id
1550 800 1671 858 est,
1717 789 2063 862 pontiﬁcalis.

464 885 655 958 Neque
683 887 937 958 ignorare
962 886 1291 951 debueratis,
1333 884 1509 956 majus
1534 899 1655 941 esse
1684 885 1925 956 regimen
1952 883 2068 937 ani-

466 996 705 1047 marum,
736 980 881 1051 quod
911 988 995 1035 est
1020 978 1353 1051 pontificale,
1383 994 1547 1049 quam
1588 976 1891 1047 imperiale,
1923 974 2067 1046 quod

466 1082 552 1127 est
593 1072 912 1144 temporale.
962 1072 1161 1127 Beatus
1209 1070 1506 1143 Gregorius
1540 1068 1915 1123 Nazianzenus
1960 1080 2066 1120 non

466 1164 569 1219 hoc
603 1166 784 1220 timuit
831 1178 1017 1219 coram
1058 1163 1481 1235 imperatoribus
1511 1162 1563 1217 in
1604 1160 1845 1216 Ecclesia
1871 1159 2068 1230 praedi-

467 1272 615 1311 care.
649 1257 741 1313 Sic
768 1257 915 1312 enim
954 1256 1088 1327 ipsis
1114 1254 1539 1327 imperatoribus
1566 1253 1838 1325 loquitur,
1881 1253 2068 1307 dicens

467 1347 568 1415 (De
594 1347 792 1405 larem.
824 1346 1034 1419 dictis):
1074 1367 1093 1401 ι
1135 1345 1495 1417 Suscipitisne
1541 1345 1847 1399 libertatem
1880 1344 2061 1406 verbi,

465 1440 699 1496 libenter
734 1440 981 1512 accipitis
1021 1438 1166 1509 quod
1212 1438 1300 1494 lex
1344 1437 1550 1494 Christi
1598 1436 1924 1493 sacerdotali
1970 1451 2066 1491 vos

466 1539 667 1586 nostra:
716 1530 937 1601 subjicit
980 1530 1274 1601 potestati,
1323 1538 1489 1600 atque
1534 1530 1654 1585 istis
1706 1529 2066 1584 tribunalibus

465 1625 693 1681 subdit?
730 1625 888 1681 Dedit
916 1626 1059 1681 enim
1091 1634 1146 1681 et
1176 1626 1333 1681 nobis
1361 1633 1709 1696 potestatem,
1739 1626 1887 1681 dedit
1913 1625 2066 1696 prin-

464 1714 727 1783 cipatum,
772 1713 945 1769 multo
974 1713 1359 1786 perfectiorem
1407 1714 1804 1786 principatibus
1848 1715 2061 1771 veStris.

2170 513 2479 568 saturandis
2508 513 2920 569 inimicitiarum
2948 514 3087 569 odiis
3114 522 3415 581 exserunt;
3447 515 3497 570 si
3521 514 3773 571 eamdem

2168 606 2383 661 veniam
2410 622 2517 661 non
2539 606 2609 661 ad
2630 606 3013 677 impunitatem
3044 607 3369 677 iniquitatis,
3405 608 3501 663 sed
3522 608 3593 664 ad
3618 624 3776 682 spem

2169 702 2527 759 correctionis
2548 702 2863 775 indulgent;
2889 698 2946 758 si
2965 702 3109 772 quod
3141 717 3333 773 aspere
3360 714 3635 775 coguntur
3655 704 3776 775 ple-

2171 808 2400 863 rumque
2442 792 2737 850 decernere
2779 793 3169 850 misericordias
3207 794 3434 852 lenitate
3479 803 3535 851 et
3564 796 3775 851 benefi.

2168 883 2377 938 ciorum
2424 885 2675 956 largitate
2710 894 3106 956 compensant;
3148 887 3195 943 si
3239 886 3453 944 luxuria
3493 897 3665 944 tanto
3694 891 3778 944 eis

2169 976 2522 1045 castigatior,
2570 984 2773 1047 quanto
2801 984 2989 1047 posset
3025 989 3151 1034 esse
3194 977 3453 1045 liberior;
3483 980 3532 1036 si
3562 981 3778 1035 malunt

2171 1065 2561 1135 cupiditatibus
2600 1082 2765 1138 quam
2814 1068 3147 1139 quibuslibet
3192 1069 3446 1141 gentibus
3475 1071 3775 1141 imperare.

2170 1156 2238 1209 Et
2264 1156 2308 1211 si
2332 1157 2446 1213 hazc
2469 1160 2651 1213 omnia
2682 1159 2910 1226 faciunt,
2944 1177 3051 1217 non
3074 1170 3297 1232 propter
3316 1162 3573 1219 ardorem
3596 1165 3781 1221 inanis

2169 1245 2375 1313 glorize,
2403 1248 2498 1302 sed
2525 1258 2749 1318 propter
2774 1251 3103 1307 charitatem
3131 1249 3413 1308 felicitatis
3437 1262 3695 1321 atteram;
3732 1258 3777 1310 si

2167 1353 2267 1407 pro
2297 1342 2410 1395 suis
2437 1340 2680 1410 peccatis
2723 1341 3051 1398 humilitatis
3072 1351 3129 1398 et
3157 1345 3529 1401 miserationis
3560 1355 3620 1402 et
3646 1363 3780 1402 ors-

2169 1430 2332 1484 tionis
2360 1430 2689 1488 sacrificium
2714 1432 2827 1489 Deo
2856 1448 2956 1489 suo
2985 1448 3117 1490 vero
3142 1434 3427 1491 immolare
3464 1452 3585 1493 non
3604 1438 3780 1509 negli-

2167 1531 2337 1589 gunt;
2392 1524 2528 1579 tales
2572 1522 2917 1581 Christianos
2960 1526 3321 1597 imperatores
3365 1529 3603 1585 dicimus
3644 1546 3780 1587 esse

2168 1612 2355 1670 felices
2385 1615 2601 1671 interim
2641 1633 2769 1689 spe,
2798 1627 2988 1689 postea
3036 1634 3094 1676 re
3134 1620 3252 1691 ipsa
3297 1619 3532 1691 futuros,
3564 1640 3692 1680 cum
3723 1628 3777 1680 id

2166 1705 2310 1773 quod
2338 1716 2719 1777 exspectamus
2744 1709 3046 1764 advenerit.
3089 1728 3109 1761 ι
3141 1709 3251 1765 Vos
3285 1721 3467 1768 autem
3495 1728 3527 1767 e
3552 1723 3779 1769 contm-

462 1803 571 1858 Aut
596 1806 841 1875 nunquid
864 1805 1072 1877 justum
1099 1806 1255 1862 vobis
1285 1806 1520 1872 videtur,
1567 1807 1612 1862 si
1655 1808 1813 1861 cedat
1840 1807 2064 1875 spiritus
2092 1800 2138 1858 B
2169 1796 2273 1859 l'iO.
2302 1796 2429 1866 (lilia
2461 1814 2568 1853 non
2598 1798 2763 1853 vultis
2791 1814 2915 1856 esse
2936 1801 3049 1856 veri
3079 1800 3463 1871 adiﬁcatores,
3486 1806 3623 1860 estis
3650 1823 3780 1877 pro-

463 1896 639 1962 cami,
668 1897 774 1953 sia
816 1898 1051 1953 terrenis
1088 1897 1332 1954 caelestia
1366 1906 1724 1968 superentur,
1774 1897 1821 1951 si
1862 1897 2061 1953 divinis

460 1986 825 2056 praeferantur
849 1989 1132 2044 humana?
1167 2008 1185 2041 ι
1228 1987 1409 2055 Quare
1438 1989 1604 2059 igitur
1628 2003 1745 2053 vos,
1776 1988 1920 2043 sicut
1946 1987 2060 2041 veri

460 2081 797 2149 sacerdotes,
828 2081 996 2137 divini
1021 2082 1273 2139 videlicet
1302 2082 1482 2138 cultus
1510 2082 1745 2137 ministri
1769 2122 1782 2147 ,
1828 2097 1940 2138 non
1963 2082 2062 2136 hu-

462 2169 631 2235 mani,
664 2184 774 2224 non
823 2171 1168 2241 respondetis
1194 2170 1536 2243 imperatori,
1586 2169 1741 2239 cujus
1773 2185 1926 2227 sacra
1969 2184 2064 2224 vos

461 2259 641 2315 dicitis
664 2260 910 2330 jussione
938 2268 1266 2331 prteventos,
1299 2260 1441 2315 sicut
1470 2260 1614 2314 idem
1642 2260 1837 2314 beatus
1858 2257 2064 2328 Grego-

461 2350 578 2406 rius
634 2350 931 2421 alloquitur
980 2352 1365 2421 imperatorem
1414 2357 1737 2420 prazsentem
1768 2390 1781 2415 ,
1837 2350 2060 2404 dicens:

466 2461 485 2493 α
515 2443 817 2509 Patienter,
845 2458 1051 2513 quaeso,
1086 2444 1275 2513 accipe
1305 2442 1613 2497 libertatem
1643 2450 1908 2495 nostram.
1937 2438 2064 2495 Scio

460 2546 513 2591 te
547 2551 705 2592 ovem
743 2550 864 2591 esse
902 2535 1081 2607 gregis
1121 2534 1227 2589 mei
1257 2548 1286 2587 a
1318 2531 1538 2589 Christo
1564 2531 1698 2586 mihi
1720 2546 1942 2586 summo
1969 2546 2064 2600 pa-

460 2639 608 2685 Store
657 2636 1072 2683 annumeratam
1094 2668 1108 2692 ,
1157 2634 1212 2680 et
1247 2640 1276 2679 a
1316 2633 1507 2681 sancto
1536 2622 1745 2695 Spiritu
1775 2623 2064 2691 consigna—

462 2734 605 2788 tam;
644 2722 762 2777 scio
814 2730 869 2776 te
911 2720 1057 2774 inter
1102 2733 1260 2774 sacra
1310 2716 1503 2771 altaria
1550 2730 1674 2771 cum
1712 2714 2062 2769 veneratione

460 2814 653 2883 subjici
688 2812 940 2867 manibus
969 2809 1306 2875 sacerdotis;
1346 2811 1460 2864 scio
1490 2817 1543 2862 te
1572 2806 1745 2862 beatae
1779 2805 2064 2860 Trinitatis

460 2904 665 2959 cultum
696 2902 969 2972 fidemque
1012 2917 1119 2955 non
1152 2910 1266 2965 tua,
1299 2899 1393 2954 sed
1445 2905 1632 2953 nostra
1676 2895 2065 2966 praz'licatioue

460 3008 700 3049 scrvare.
739 3013 757 3046 ›
794 2991 860 3046 Et
886 3000 1011 3062 post
1040 2990 1224 3060 aliqua
1254 3008 1266 3042 :
1303 3008 1322 3040 ί
1371 2988 1644 3043 Memento
1674 3000 1889 3057 semper
1918 2985 2063 3055 quod

459 3099 567 3138 una
599 3082 696 3139 tibi
725 3090 920 3137 natura
951 3090 1035 3135 est
1059 3081 1361 3150 eademque
1392 3078 1695 3133 substantia
1725 3093 1849 3132 cum
1876 3077 2060 3131 omni-

2167 1891 2254 1945 cul
2285 1892 2449 1947 dubio
2471 1893 2585 1947 veri
2612 1893 3111 1965 deceptores,sicut
3137 1884 3402 1968 scrime
3423 1908 3537 1956 est:
3573 1901 3778 1972 Ρορκιε

2166 1998 2335 2049 imus,
2363 1984 2452 2053 qui
2484 1984 2692 2039 beatum
2716 1993 2765 2039 te
2793 1984 2996 2050 dicunt,
3028 1986 3130 2057 ipsi
3153 1995 3204 2041 te
3230 1987 3521 2060 decipiant,
3550 1999 3604 2044 et
3634 1992 3773 2045 ciam

2163 2089 2439 2142 gressuum
2480 2083 2694 2129 tuorum
2720 2075 3002 2146 dissipant.
3036 2076 3266 2145 Deinde,
3304 2086 3598 2150 postquam
3631 2082 3776 2136 dixi-

2167 2164 2267 2221 stis
2292 2180 2391 2221 vos
2425 2166 2639 2223 lanatos
2656 2180 2780 2223 esse
2808 2168 2875 2223 de
2901 2168 3135 2224 adventu
3158 2178 3369 2237 ηοω-ο,
3396 2170 3598 2226 iterum
3630 2173 3778 2228 intu-

2166 2254 2307 2312 listis
2332 2258 2690 2327 quorumdam
2721 2259 2987 2315 relatione
3015 2274 3215 2331 magno
3243 2275 3481 2318 maerore
3506 2261 3771 2319 affectos:

2166 2347 2311 2415 quod
2340 2349 2531 2418 utique
2560 2348 2694 2405 facit
2721 2349 3052 2405 instabilitas
3079 2351 3297 2408 mentis.
3322 2352 3525 2409 Verum
3549 2364 3635 2410 est
3661 2372 3780 2409 oui-

2166 2437 2295 2491 nino
2323 2438 2580 2507 quoniam
2608 2439 2703 2508 qui
2748 2439 2986 2505 haesitat,
3034 2440 3230 2496 similis
3272 2449 3358 2497 est
3382 2440 3573 2499 fluctui
3603 2447 3780 2501 maris

2166 2529 2257 2596 qui
2288 2544 2319 2583 a
2346 2538 2509 2585 vento
2548 2538 2821 2585 movetur.
2855 2530 2961 2587 Sed
2992 2532 3137 2587 inter
3162 2533 3262 2588 bas
3289 2533 3666 2591 haesitationes
3694 2538 3776 2592 ni-

2169 2619 2276 2674 mis
2319 2620 2515 2676 stolide
2542 2635 2643 2677 nos
2661 2619 2923 2690 iudicatis
2953 2621 3303 2680 immemores
3331 2638 3452 2680 esse
3475 2626 3778 2696 pastoralis

2165 2701 2324 2762 oﬂicii
2357 2718 2414 2764 et
2444 2710 2865 2766 districtissimte
2889 2712 3300 2770 moderationis.
3345 2714 3590 2783 Deinde,
3630 2718 3777 2772 sicut

2167 2801 2432 2871 scriptum
2471 2811 2592 2857 est:
2629 2801 2761 2858 Cum
2790 2804 2861 2858 sit
2894 2804 3079 2858 timida
3110 2806 3374 2877 nequitia,
3404 2807 3502 2861 dat
3530 2810 3777 2863 testimo-

2168 2894 2312 2948 nium
2351 2896 2700 2952 condemnata
2740 2898 2894 2970 (Sap.
2942 2915 3079 2964 xvn,
3128 2900 3250 2972 10);
3301 2901 3598 2975 sdjungilis
3629 2907 3776 2975 quod

2166 2986 2315 3039 omni
2332 2987 2653 3051 verecundia
2679 2986 2901 3059 dignum
2925 2996 3029 3055 est,
3047 2989 3292 3047 dicentes
3313 3006 3413 3047 nos
3438 2993 3630 3049 venire
3651 3010 3777 3064 pro-

2172 3084 2294 3144 pter
2324 3077 2615 3145 quamdam
2644 3087 3134 3148 prtesumptuosam
3162 3088 3219 3136 et
3263 3083 3411 3136 omni
3442 3084 3661 3138 ratione
3686 3101 3777 3139 ca-

459 3175 563 3228 hus
591 3172 683 3243 qui
713 3171 809 3227 tibi
836 3170 1065 3242 subjecti
1095 3177 1241 3224 sunt.
1275 3169 1356 3225 Tu
1386 3178 1567 3222 tamen
1595 3168 1779 3221 animo
1802 3174 1920 3220 esto
1940 3183 2063 3221 cum
2094 3152 2137 3212 C
2176 3176 2387 3219 rentem
2416 3178 2441 3205 ι
2467 3168 3093 3225 excommunicatiouem
3120 3169 3459 3239 faciendam;
3501 3182 3558 3228 et
3583 3175 3777 3230 admo—

461 3266 595 3324 Deo.
619 3274 675 3319 et
702 3278 810 3318 non
841 3271 950 3317 tam
979 3260 1248 3317 dominari
1273 3270 1325 3314 te
1361 3259 1582 3323 mundo,
1605 3272 1769 3327 quam
1795 3256 2063 3312 dominari

461 3356 558 3409 tibi
587 3354 888 3419 Christum,
916 3353 1172 3423 gloriare.
1200 3372 1219 3404 ι
1248 3350 1427 3418 Quare
1452 3350 1618 3405 etiam
1645 3363 1789 3403 nunc
1816 3364 2061 3403 commo-

461 3456 647 3501 rantes
675 3460 797 3501 cum
841 3446 1201 3516 imperatore,
1236 3444 1664 3499 intermittentes
1712 3442 2066 3497 stultissimas

463 3540 826 3604 adulationes,
866 3553 972 3594 non
1000 3539 1049 3592 ei
1072 3537 1386 3607 prazdicatis
1412 3552 1536 3591 cum
1566 3537 1730 3590 beato
1759 3536 2062 3606 Augustino

462 3632 705 3687 dicentes
736 3628 837 3702 (De
865 3625 1088 3684 Civitate
1125 3627 1244 3692 Dei,
1277 3626 1369 3682 lib.
1402 3642 1458 3688 v,
1482 3641 1601 3695 cap.
1627 3624 1719 3697 24)
1747 3644 1758 3678 :
1799 3645 1816 3677 ι
1850 3625 2059 3681 Felices

462 3724 693 3777 dicimus
719 3722 1102 3791 imperatores,
1134 3718 1179 3773 si
1202 3717 1350 3787 juste
1377 3717 1683 3787 imperant,
1710 3716 1758 3771 si
1787 3717 1930 3771 inter
1957 3716 2060 3770 lin-

462 3826 597 3883 guas
620 3810 930 3867 sublimiter
969 3808 1356 3863 honorantium
1389 3816 1444 3861 et
1472 3807 1730 3877 obsequia
1770 3807 1931 3862 nimis
1959 3810 2061 3865 bu-

464 3902 666 3957 militer
692 3900 1044 3955 salutantium
1094 3914 1202 3953 non
1249 3898 1608 3962 extolluntur,
1640 3905 1697 3951 et
1724 3912 1783 3953 se
1812 3898 2062 3953 homines

462 4007 584 4048 esse
611 3990 989 4055 meminerint;
1024 3988 1070 4044 si
1097 4002 1250 4042 suam
1277 3994 1605 4058 potestatem
1634 3985 1703 4040 ad
1729 3985 1822 4040 Dei
1854 3986 2060 4041 cultum

466 4085 704 4139 maxime
727 4081 1061 4139 dilatandum
1092 4080 1361 4150 majestati
1388 4078 1505 4149 ejus
1532 4079 1795 4134 famulam
1824 4078 2059 4146 faciunt;

456 4180 511 4233 si
537 4178 708 4234 Deum
738 4176 953 4240 timent,
983 4174 1235 4245 diligunt,
1263 4171 1480 4238 colunt;
1506 4172 1550 4227 si
1571 4171 1692 4242 plus
1719 4180 1907 4227 amant
1934 4170 2061 4226 illud

466 4283 715 4339 regnum,
748 4266 841 4321 ubi
868 4279 974 4319 non
1007 4264 1201 4318 timent
1220 4263 1425 4318 habere
1446 4269 1757 4328 consortes;
1788 4262 1834 4315 si
1860 4263 2064 4317 tardius

2170 3255 2312 3309 netis
2335 3270 2436 3310 nos
2458 3256 2623 3311 nimis
2650 3256 3003 3313 iuvolutis.et
3045 3258 3290 3315 confusis
3334 3262 3684 3319 sermonibus
3720 3275 3776 3320 et

2172 3345 2445 3410 sensibus,
2480 3353 2541 3399 ut
2576 3361 2753 3415 neque
2803 3356 2991 3403 nostra
3036 3348 3315 3405 voluntate
3342 3366 3517 3423 neque
3544 3354 3777 3410 alterius

2170 3434 2391 3490 hortatu
2418 3438 2842 3507 praesumptione
2871 3453 3331 3510 prorumpamus;
3370 3456 3438 3498 eo
3483 3444 3669 3512 quod,
3716 3456 3777 3499 ut

2169 3524 2384 3590 dicitis,
2439 3526 2710 3596 pertineat
2752 3528 2821 3583 ad
2856 3526 3113 3596 injuriam
3157 3545 3224 3585 ac
3264 3531 3776 3590 dehonestationem

2167 3622 2462 3693 imperialis
2490 3625 2794 3695 potestatis,
2821 3633 2876 3681 et
2910 3626 2979 3681 ad
3002 3626 3030 3666 ιι
3058 3627 3473 3683 minorationem
3500 3638 3558 3684 et
3586 3646 3777 3701 repre-

2168 3714 2487 3769 hensionem
2520 3724 2723 3770 nostras
2745 3716 3107 3773 auctoritatis.
3143 3718 3348 3786 Dicite,
3395 3735 3621 3790 qumso,
3654 3740 3777 3793 quze

2167 3817 2295 3862 sunt
2321 3809 2425 3863 ista
2451 3816 2705 3879 portenta
2732 3809 3067 3866 verborum?
3088 3811 3157 3865 Et
3176 3812 3305 3881 quid
3332 3813 3516 3882 potius
3537 3818 3779 3883 pertinet

2169 3900 2236 3955 ad
2261 3900 2763 3957 debonestationem
2785 3901 3084 3972 imperialis
3100 3904 3408 3972 potestatis,
3424 3905 3591 3975 opera
3613 3908 3777 3979 digna

2171 3991 2754 4057 exeommunicatione,
2806 4007 2877 4047 an
2915 3993 3034 4063 ipsa
3085 3995 3627 4053 exeommunieatio?
3668 3996 3775 4052 Sed

2172 4082 2297 4152 quia
2323 4083 2441 4139 hac
2466 4085 2634 4141 verba
2654 4092 2837 4139 vestra
2864 4099 3197 4156 exaggerate
3220 4085 3555 4142 laboriosum
3581 4097 3691 4155 est,
3713 4106 3778 4144 eo

2173 4174 2319 4244 quod
2347 4174 2506 4244 plena
2538 4174 2647 4230 sint
2671 4189 2890 4230 nausea:
2914 4191 2928 4241 ;
2968 4183 3180 4230 tantum
3207 4174 3338 4230 illud
3364 4176 3550 4247 flagito
3568 4218 3583 4242 ,
3613 4188 3674 4233 ut
3697 4179 3777 4233 di-

2170 4264 2310 4321 catis
2339 4264 2611 4335 quomodo
2639 4271 2821 4335 potest
2848 4263 2989 4331 fieri,
3029 4273 3089 4319 ut
3118 4276 3141 4304 ο
3174 4274 3441 4323 manente.
3458 4268 3776 4337 apostolica:

468 4359 774 4420 vindicant,
822 4364 877 4411 et
921 4354 1243 4423 ignoscunt;
1285 4353 1333 4408 si
1362 4352 1609 4408 eamdem
1638 4350 1933 4406 vindictam
1963 4369 2063 4423 pro
2088 4350 2141 4408 D
2167 4358 2312 4414 sedis
2363 4359 2593 4423 honore,
2622 4373 2745 4414 mea
2771 4364 2983 4413 tantum
3008 4372 3241 4429 persona
3288 4358 3342 4414 in
3389 4374 3556 4415 causa
3589 4376 3776 4431 repre-

1856 4460 2127 4520 BALUZII
2162 4466 2396 4523 NOTAE.

542 4581 564 4607 τι
596 4560 1222 4618 Εποηιιηαηὶοαιίοηειη.
1258 4558 1335 4612 Ea
1369 4566 1487 4611 tum
1529 4554 1671 4608 fama
1715 4559 1833 4606 erat
1875 4555 2061 4609 venire

465 4636 810 4705 Gregorium,
832 4643 892 4687 ut
914 4641 1022 4705 tam
1048 4628 1373 4705 Ludovicum
1395 4640 1559 4705 quam
1580 4623 1945 4705 episcoposei
1962 4624 2063 4704 .fa-

468 4694 657 4763 ventes
677 4694 1198 4763 excommunicaret,
1222 4698 1324 4753 nisi
1344 4694 1591 4766 prompta
1619 4694 1925 4766 obedientia
1960 4694 2064 4748 im-

468 4780 681 4850 plerent
699 4772 950 4845 mandata
963 4769 1099 4850 ejus.
1124 4764 1449 4850 Sed-invenit
1468 4764 1767 4850 Gregorius
1781 4766 2064 4850 ερὶδιοροε

472 4834 613 4903 baud
634 4834 1094 4917 ignavos,_suiqne
1114 4839 1315 4909 gradus
1348 4834 1634 4892 memores.
1661 4834 1855 4917 itaque
1886 4837 2063 4917 palam

472 4909 783 4979 edixerunt,
804 4909 1023 4969 irritam
1037 4909 1155 4965 fore
1174 4923 1298 4964 eam
1331 4909 1973 4979 excomuiunicationem,
2012 4914 2067 4957 et

475 4990 526 5042 iu
552 4974 831 5041 auctorem
857 4996 1186 5038 recasurum.
1226 4978 1460 5042 Insignis
1478 4984 1560 5030 est
1579 4990 1642 5029 ea
1666 4976 1731 5028 de
1749 4990 1804 5029 re
1827 4974 1997 5039 locus,
2035 4991 2064 5027 a

475 5059 608 5113 viris
624 5056 798 5111 doctis
814 5066 960 5123 saepe
978 5050 1246 5123 laudatus,
1274 5050 1327 5104 in
1343 5044 1471 5102 Vita
1486 5045 1745 5101 Ludovici
1762 5044 1865 5109 Pii,
1884 5045 1938 5097 in
1960 5060 2065 5123 qua

473 5131 554 5184 sic
574 5126 837 5195 scriptum
859 5114 973 5195 est:
998 5119 1161 5195 «Cum
1183 5135 1317 5195 vero
1334 5132 1521 5173 rumor
1541 5129 1927 5195 usquequaque
1961 5114 2067 5169 dif-

476 5200 630 5252 fusus
653 5188 859 5251 sereret
870 5192 939 5249 de
953 5190 1164 5247 caeteris
1178 5188 1321 5260 quod
1333 5202 1520 5242 verum
1545 5188 1767 5260 erat,_de
1787 5198 1927 5255 papa
1939 5200 2067 5239 vero

475 5269 744 5339 Romano,
789 5264 933 5336 quod
971 5262 1091 5319 ideo
1132 5257 1368 5339 adesset,
1396 5266 1473 5339 ut
1509 5264 1631 5339 tam
1683 5257 2066 5339 imperatorem

476 5354 638 5407 quam
661 5325 1554 5407 episcoposexeommuuicatiouis
1581 5325 1815 5407 vinculis
1849 5325 2069 5406 irretire

474 5395 659 5472 vellet,
685 5395 731 5477 si
750 5395 1239 5477 quirinobedientes
1261 5406 1447 5477 essent
1467 5413 1579 5477 sua}
1614 5395 1955 5477 filiorumque
1972 5395 2071 5477 im-

480 5468 746 5534 oeratoris
768 5468 1040 5529 'voluntati
1057 5490 1073 5538 ;
1089 5486 1281 5546 parum
1303 5468 1451 5546 _qu_id
1489 5468 2071 5546 subripuituepiscopis

477 5546 823 5619 imperatoris
841 5534 1190 5619 prmsumptio
1215 5534 1477 5619 audaciai,
1503 5534 1883 5619 asserentibus
1921 5534 2071 5589 nullo

2165 4557 2334 4613 Recte
2379 4557 2646 4628 profecto.
2693 4558 2831 4612 Nam
2865 4556 3359 4612 excommunicatio
3400 4556 3489 4628 illa
3524 4560 3772 4628 caritura

2165 4638 2286 4683 erat
2306 4625 2454 4685 omni
2475 4629 2709 4693 ratione,
2742 4628 2851 4681 imo
2878 4635 3066 4681 contra
3097 4627 3365 4682 rationem
3389 4625 3532 4681 facta
3556 4627 3771 4685 fuisspt.

2238 4698 2266 4737 ι)
2285 4698 2715 4752 Minorationem.
2741 4697 2798 4751 In
2822 4696 3058 4751 editione
3082 4696 3318 4751 Massoni
3343 4695 3542 4766 legitur
3563 4698 3772 4755 domini

2168 4769 2450 4838 rationem,
2474 4768 2640 4832 nullo,
2665 4776 2724 4820 ut
2754 4767 3010 4830 arbitror,
3034 4782 3218 4821 sensu.
3238 4766 3418 4838 Codex
3447 4768 3633 4838 regius
3672 4771 3771 4825 ha-

2168 4840 2259 4899 bet
2307 4837 2769 4891 diminurationem
2806 4850 2919 4890 :ex
2965 4852 3073 4906 quo
3116 4852 3301 4891 veram
3334 4836 3621 4892 lectionem
3673 4855 3773 4895 nos

2168 4908 2531 4973 confecimus;
2555 4920 2717 4976 quam
2744 4918 2923 4961 tamen
2950 4907 3137 4977 siquis
3159 4922 3266 4961 non
3290 4907 3505 4977 probat,
3532 4923 3633 4976 pro
3667 4914 3771 4963 nti-

2170 4996 2233 5031 no
2242 4979 2496 5031 rationem
2511 4975 2771 5046 reponere
2784 4985 2961 5045 potest
2974 4975 3398 5031 diminutionem.
3424 4975 3769 5034 Alterutrum

2168 5048 2311 5101 enim
2336 5047 2436 5115 legi
2466 5061 2687 5102 necesse
2716 5055 2819 5100 est.

2242 5130 2263 5155 ε
2300 5113 2547 5171 Manente
2572 5127 2741 5188 apost.
2760 5116 2870 5170 sed.
2900 5118 3115 5188 honore.
3141 5113 3260 5188 Iam
3284 5123 3398 5171 tum
3418 5133 3549 5188 ergo
3570 5119 3771 5174 distin-

2171 5189 2405 5257 guebant
2425 5187 2565 5241 inter
2591 5187 2773 5241 sedem
2796 5195 2851 5239 et
2874 5186 3175 5257 sedentem,
3205 5185 3259 5239 id
3280 5195 3385 5252 est,
3412 5185 3555 5242 inter
3576 5190 3769 5244 cathe-

2171 5254 2324 5340 dram
2344 5256 2645 5340 Romanam
2670 5266 2724 5340 et
2746 5254 3054 5340 pontificem
3081 5255 3206 5340 huic
3222 5256 3336 5310 sedi
3360 5259 3767 5340 praesidentem.

2172 5326 2360 5396 Neque
2392 5342 2531 5381 nova
2565 5334 2648 5381 est
2670 5324 2786 5380 haec
2810 5325 3105 5396 distinctio.
3130 5324 3278 5396 Illius
3301 5324 3445 5381 enim
3474 5328 3770 5383 manifesta

2172 5395 2435 5468 claraque
2464 5396 2663 5468 iudicia
2703 5404 2922 5468 exstant
2963 5395 3105 5464 apud
3147 5395 3384 5468 Leonem
3420 5396 3679 5468 Magnum
3718 5399 3770 5451 in

2171 5466 2399 5537 epistola
2425 5467 2525 5522 55:
2549 5485 2567 5517 ί
2590 5467 2919 5537 Aliudenim
2943 5473 3070 5537 sunt
3097 5465 3274 5537 sedes,
3304 5467 3451 5537 aliud
3471 5465 3771 5537 przesiden-

2174 5534 2276 5591 tes.
2300 5557 2318 5589 ι
2341 5536 2471 5591 Item
2501 5538 2554 5591 in
2581 5536 2808 5607 epistola
2832 5535 2935 5607 6‘2;
2958 5553 2974 5584 ι
2999 5534 3112 5588 Etsi
3127 5535 3270 5589 enim
3284 5534 3501 5607 diversa
3520 5552 3768 5591 nonnun-

482 5604 639 5673 ζωόόο
656 5604 861 5671 sevellé
874 5612 993 5684 ejus
1004 5604 1266 5669 voluntati
1280 5608 1631 5684 succumbere
1650 5622 1664 5671 ;
1682 5606 1776 5684 sed
1792 5606 1836 5684 si
1852 5620 2075 5660 exeam-
2174 5622 2339 5684 quam
2368 5614 2495 5684 sunt
2522 5604 2719 5684 mei-ita
2744 5604 3059 5684 pragsulum,
3086 5612 3269 5684 tamen
3290 5604 3427 5684 jura_
3446 5616 3767 5684 permanent

482 5689 853 5741 nnmiraturus
876 5675 1154 5755 adveniret
1187 5678 1688 5737 escommunicatus
1719 5675 1914 5755 abiret,
1950 5691 2071 5729 cum

480 5758 637 5813 aliter
669 5769 727 5813 se
769 5756 963 5811 habeat
1002 5754 1349 5822 antiquorum
1393 5764 1661 5805 canonum
1710 5754 2024 5800 auctoritas.
2053 5766 2067 5795 ι

2176 5675 2406 5731 sedium.
2434 5698 2451 5730 ι
2474 5677 2550 5731 lta
2582 5678 2888 5732 sentiebant
2919 5675 3155 5745 episcopi
3181 5676 3233 5729 in
3258 5676 3465 5745 synodo
3491 5676 3767 5733 Parisien-

2179 5748 2223 5803 si
2262 5748 2574 5820 congregati
2616 5763 2756 5801 anno
2787 5745 2911 5802 824.
2952 5744 3263 5801 Scribentes
3290 5744 3450 5801 enim
3488 5746 3558 5803 ad
3590 5748 3767 5804 Ludo.
