  <div class='ocr_page' id='page_1' title='image "/cluster/home/n/w/nwhite01/storage/ocr_20150623/104/uva.x000827061/158.png"; bbox 0 0 3930 6316; ppageno 0'>
   <div class='ocr_carea' id='block_1_1' title="bbox 186 309 3461 379">
    <p class='ocr_par' dir='ltr' id='par_1_1' title="bbox 186 309 3461 379">
     <span class='ocr_line' id='line_1_1' title="bbox 186 309 3461 379; baseline -0.003 0"><span class='ocrx_word' id='word_1_1' title='bbox 186 314 284 379; x_wconf 66' lang='lat'><strong>8:)!</strong></span> <span class='ocrx_word' id='word_1_2' title='bbox 845 316 935 377; x_wconf 83' lang='lat' dir='ltr'><strong>DE</strong></span> <span class='ocrx_word' id='word_1_3' title='bbox 971 317 1271 379; x_wconf 75' lang='lat' dir='ltr'><strong>COMPAR.</strong></span> <span class='ocrx_word' id='word_1_4' title='bbox 1313 312 1575 377; x_wconf 61' lang='grc' dir='ltr'><strong>κεαω..</strong></span> <span class='ocrx_word' id='word_1_5' title='bbox 1616 312 1763 375; x_wconf 84' lang='lat' dir='ltr'><strong>ETC.</strong></span> <span class='ocrx_word' id='word_1_6' title='bbox 1811 344 1884 359; x_wconf 92' lang='lat'><em>--</em></span> <span class='ocrx_word' id='word_1_7' title='bbox 1923 314 2142 373; x_wconf 78' lang='lat' dir='ltr'><strong>EPIST.</strong></span> <span class='ocrx_word' id='word_1_8' title='bbox 2178 315 2516 377; x_wconf 76' lang='lat' dir='ltr'><strong>GBEGORII</strong></span> <span class='ocrx_word' id='word_1_9' title='bbox 2553 314 2658 373; x_wconf 83' lang='lat' dir='ltr'><strong>PP.</strong></span> <span class='ocrx_word' id='word_1_10' title='bbox 2699 312 2788 374; x_wconf 77' lang='lat' dir='ltr'><strong>iV.</strong></span> <span class='ocrx_word' id='word_1_11' title='bbox 3351 309 3461 371; x_wconf 70' lang='lat'><strong>303</strong></span> 
     </span>
    </p>
   </div>
   <div class='ocr_carea' id='block_1_2' title="bbox 184 424 3457 511">
    <p class='ocr_par' dir='ltr' id='par_1_2' title="bbox 184 424 3457 511">
     <span class='ocr_line' id='line_1_2' title="bbox 184 424 3457 511; baseline -0.002 -23"><span class='ocrx_word' id='word_1_12' title='bbox 184 430 467 489; x_wconf 80' lang='lat' dir='ltr'><strong>hensionis</strong></span> <span class='ocrx_word' id='word_1_13' title='bbox 494 437 561 487; x_wconf 83' lang='lat' dir='ltr'><strong>et</strong></span> <span class='ocrx_word' id='word_1_14' title='bbox 591 430 1004 502; x_wconf 71' lang='lat' dir='ltr'><strong>vituperationis</strong></span> <span class='ocrx_word' id='word_1_15' title='bbox 1048 431 1369 509; x_wconf 83' lang='lat' dir='ltr'><strong>remaneat?</strong></span> <span class='ocrx_word' id='word_1_16' title='bbox 1406 429 1565 511; x_wconf 74' lang='lat' dir='ltr'><strong>Nullo</strong></span> <span class='ocrx_word' id='word_1_17' title='bbox 1606 428 1765 484; x_wconf 87' lang='lat' dir='ltr'><strong>modo</strong></span> <span class='ocrx_word' id='word_1_18' title='bbox 1792 426 1845 488; x_wconf 76' lang='grc' dir='ltr'><strong>Α</strong></span> <span class='ocrx_word' id='word_1_19' title='bbox 1869 426 2049 483; x_wconf 87' lang='lat' dir='ltr'><strong>luntas</strong></span> <span class='ocrx_word' id='word_1_20' title='bbox 2077 435 2179 483; x_wconf 89' lang='lat' dir='ltr'><strong>est.</strong></span> <span class='ocrx_word' id='word_1_21' title='bbox 2217 425 2478 483; x_wconf 62' lang='lat' dir='ltr'><strong>Hrec’non</strong></span> <span class='ocrx_word' id='word_1_22' title='bbox 2505 427 2563 482; x_wconf 91' lang='lat' dir='ltr'><strong>in</strong></span> <span class='ocrx_word' id='word_1_23' title='bbox 2596 427 2751 483; x_wconf 81' lang='lat' dir='ltr'><strong>libris</strong></span> <span class='ocrx_word' id='word_1_24' title='bbox 2785 424 3007 494; x_wconf 80' lang='lat' dir='ltr'><strong>divinis,</strong></span> <span class='ocrx_word' id='word_1_25' title='bbox 3035 426 3134 483; x_wconf 83' lang='lat' dir='ltr'><strong>sed</strong></span> <span class='ocrx_word' id='word_1_26' title='bbox 3166 426 3233 483; x_wconf 73' lang='lat' dir='ltr'><strong>in&#39;</strong></span> <span class='ocrx_word' id='word_1_27' title='bbox 3258 430 3457 484; x_wconf 78' lang='lat' dir='ltr'><strong>vestris</strong></span> 
     </span>
    </p>
   </div>
   <div class='ocr_carea' id='block_1_3' title="bbox 181 515 3462 593">
    <p class='ocr_par' dir='ltr' id='par_1_3' title="bbox 181 515 3462 593">
     <span class='ocr_line' id='line_1_3' title="bbox 181 515 3462 593; baseline -0.002 -14"><span class='ocrx_word' id='word_1_28' title='bbox 181 524 331 580; x_wconf 87' lang='lat' dir='ltr'><strong>enim</strong></span> <span class='ocrx_word' id='word_1_29' title='bbox 364 522 484 579; x_wconf 85' lang='lat' dir='ltr'><strong>ﬁeri</strong></span> <span class='ocrx_word' id='word_1_30' title='bbox 527 529 736 593; x_wconf 86' lang='lat' dir='ltr'><strong>potest,</strong></span> <span class='ocrx_word' id='word_1_31' title='bbox 762 530 825 576; x_wconf 90' lang='lat' dir='ltr'><strong>ut</strong></span> <span class='ocrx_word' id='word_1_32' title='bbox 848 522 895 576; x_wconf 87' lang='lat' dir='ltr'><strong>si</strong></span> <span class='ocrx_word' id='word_1_33' title='bbox 933 521 981 577; x_wconf 92' lang='lat' dir='ltr'><strong>is</strong></span> <span class='ocrx_word' id='word_1_34' title='bbox 1008 521 1099 593; x_wconf 89' lang='lat' dir='ltr'><strong>qui</strong></span> <span class='ocrx_word' id='word_1_35' title='bbox 1125 521 1303 578; x_wconf 87' lang='lat' dir='ltr'><strong>locum</strong></span> <span class='ocrx_word' id='word_1_36' title='bbox 1330 521 1477 577; x_wconf 91' lang='lat' dir='ltr'><strong>beati</strong></span> <span class='ocrx_word' id='word_1_37' title='bbox 1508 520 1655 577; x_wconf 83' lang='lat' dir='ltr'><strong>Petri</strong></span> <span class='ocrx_word' id='word_1_38' title='bbox 1685 532 1768 575; x_wconf 89' lang='lat' dir='ltr'><strong>te-</strong></span> <span class='ocrx_word' id='word_1_39' title='bbox 1875 518 2221 573; x_wconf 88' lang='lat' dir='ltr'><strong>conscientiis</strong></span> <span class='ocrx_word' id='word_1_40' title='bbox 2258 517 2459 588; x_wconf 86' lang='lat' dir='ltr'><strong>legitis,</strong></span> <span class='ocrx_word' id='word_1_41' title='bbox 2488 519 2615 589; x_wconf 86' lang='lat' dir='ltr'><strong>quia</strong></span> <span class='ocrx_word' id='word_1_42' title='bbox 2650 518 2836 574; x_wconf 82' lang='lat' dir='ltr'><strong>omnia</strong></span> <span class='ocrx_word' id='word_1_43' title='bbox 2872 515 3057 575; x_wconf 85' lang='lat' dir='ltr'><strong>facitis</strong></span> <span class='ocrx_word' id='word_1_44' title='bbox 3080 526 3301 591; x_wconf 89' lang='lat' dir='ltr'><strong>propter</strong></span> <span class='ocrx_word' id='word_1_45' title='bbox 3326 529 3462 574; x_wconf 82' lang='lat' dir='ltr'><strong>teni-</strong></span> 
     </span>
    </p>
   </div>
   <div class='ocr_carea' id='block_1_4' title="bbox 181 611 1770 678">
    <p class='ocr_par' dir='ltr' id='par_1_4' title="bbox 181 611 1770 678">
     <span class='ocr_line' id='line_1_4' title="bbox 181 611 1770 678; baseline -0.001 -9"><span class='ocrx_word' id='word_1_46' title='bbox 181 621 295 675; x_wconf 85' lang='lat' dir='ltr'><strong>uet,</strong></span> <span class='ocrx_word' id='word_1_47' title='bbox 326 613 717 678; x_wconf 86' lang='lat' dir='ltr'><strong>exhonoratur,</strong></span> <span class='ocrx_word' id='word_1_48' title='bbox 744 622 770 652; x_wconf 77' lang='grc' dir='ltr'><strong>ι</strong></span> <span class='ocrx_word' id='word_1_49' title='bbox 801 611 919 667; x_wconf 86' lang='lat' dir='ltr'><strong>sine</strong></span> <span class='ocrx_word' id='word_1_50' title='bbox 946 611 1175 667; x_wconf 86' lang='lat' dir='ltr'><strong>crimine</strong></span> <span class='ocrx_word' id='word_1_51' title='bbox 1200 613 1483 678; x_wconf 82' lang='lat' dir='ltr'><strong>duntaxat,</strong></span> <span class='ocrx_word' id='word_1_52' title='bbox 1510 613 1770 669; x_wconf 84' lang='lat' dir='ltr'><strong>cathedra</strong></span> 
     </span>
    </p>
   </div>
   <div class='ocr_carea' id='block_1_5' title="bbox 181 700 1771 772">
    <p class='ocr_par' dir='ltr' id='par_1_5' title="bbox 181 700 1771 772">
     <span class='ocr_line' id='line_1_5' title="bbox 181 700 1771 772; baseline -0.001 -13"><span class='ocrx_word' id='word_1_53' title='bbox 181 701 603 772; x_wconf 77' lang='lat' dir='ltr'><strong>ejus-honorata</strong></span> <span class='ocrx_word' id='word_1_54' title='bbox 642 709 982 772; x_wconf 86' lang='lat' dir='ltr'><strong>permaneat.</strong></span> <span class='ocrx_word' id='word_1_55' title='bbox 1028 700 1089 756; x_wconf 89' lang='lat' dir='ltr'><strong>In</strong></span> <span class='ocrx_word' id='word_1_56' title='bbox 1119 710 1329 757; x_wconf 90' lang='lat' dir='ltr'><strong>tantum</strong></span> <span class='ocrx_word' id='word_1_57' title='bbox 1377 711 1559 757; x_wconf 91' lang='lat' dir='ltr'><strong>autem</strong></span> <span class='ocrx_word' id='word_1_58' title='bbox 1599 702 1771 758; x_wconf 90' lang='lat' dir='ltr'><strong>hono—</strong></span> 
     </span>
    </p>
   </div>
   <div class='ocr_carea' id='block_1_6' title="bbox 182 791 1769 864">
    <p class='ocr_par' dir='ltr' id='par_1_6' title="bbox 182 791 1769 864">
     <span class='ocr_line' id='line_1_6' title="bbox 182 791 1769 864; baseline -0.001 -15"><span class='ocrx_word' id='word_1_59' title='bbox 182 795 354 850; x_wconf 85' lang='lat' dir='ltr'><strong>randa</strong></span> <span class='ocrx_word' id='word_1_60' title='bbox 392 802 479 851; x_wconf 85' lang='lat' dir='ltr'><strong>est</strong></span> <span class='ocrx_word' id='word_1_61' title='bbox 521 792 782 849; x_wconf 86' lang='lat' dir='ltr'><strong>cathedra</strong></span> <span class='ocrx_word' id='word_1_62' title='bbox 823 791 1165 864; x_wconf 88' lang='lat' dir='ltr'><strong>pontiﬁcalis,</strong></span> <span class='ocrx_word' id='word_1_63' title='bbox 1206 801 1263 847; x_wconf 91' lang='lat' dir='ltr'><strong>et</strong></span> <span class='ocrx_word' id='word_1_64' title='bbox 1313 800 1539 864; x_wconf 88' lang='lat' dir='ltr'><strong>propter</strong></span> <span class='ocrx_word' id='word_1_65' title='bbox 1581 794 1769 847; x_wconf 78' lang='lat' dir='ltr'><strong>cathe-</strong></span> 
     </span>
    </p>
   </div>
   <div class='ocr_carea' id='block_1_7' title="bbox 180 882 1771 953">
    <p class='ocr_par' dir='ltr' id='par_1_7' title="bbox 180 882 1771 953">
     <span class='ocr_line' id='line_1_7' title="bbox 180 882 1771 953; baseline -0.001 -13"><span class='ocrx_word' id='word_1_66' title='bbox 180 886 339 940; x_wconf 88' lang='lat' dir='ltr'><strong>dram</strong></span> <span class='ocrx_word' id='word_1_67' title='bbox 363 886 559 940; x_wconf 86' lang='lat' dir='ltr'><strong>sedens</strong></span> <span class='ocrx_word' id='word_1_68' title='bbox 589 886 644 939; x_wconf 90' lang='lat' dir='ltr'><strong>in</strong></span> <span class='ocrx_word' id='word_1_69' title='bbox 674 883 784 947; x_wconf 88' lang='lat' dir='ltr'><strong>illa,</strong></span> <span class='ocrx_word' id='word_1_70' title='bbox 817 890 879 938; x_wconf 90' lang='lat' dir='ltr'><strong>ut</strong></span> <span class='ocrx_word' id='word_1_71' title='bbox 910 884 1075 938; x_wconf 90' lang='lat' dir='ltr'><strong>etiam</strong></span> <span class='ocrx_word' id='word_1_72' title='bbox 1110 883 1175 939; x_wconf 90' lang='lat' dir='ltr'><strong>de</strong></span> <span class='ocrx_word' id='word_1_73' title='bbox 1204 882 1407 953; x_wconf 82' lang='lat' dir='ltr'><strong>Caiplia</strong></span> <span class='ocrx_word' id='word_1_74' title='bbox 1447 883 1771 939; x_wconf 86' lang='lat' dir='ltr'><strong>crudelitate</strong></span> 
     </span>
    </p>
   </div>
   <div class='ocr_carea' id='block_1_8' title="bbox 176 974 1772 1046">
    <p class='ocr_par' dir='ltr' id='par_1_8' title="bbox 176 974 1772 1046">
     <span class='ocr_line' id='line_1_8' title="bbox 176 974 1772 1046; baseline -0.002 -13"><span class='ocrx_word' id='word_1_75' title='bbox 176 986 235 1033; x_wconf 88' lang='lat' dir='ltr'><strong>et</strong></span> <span class='ocrx_word' id='word_1_76' title='bbox 272 976 657 1032; x_wconf 84' lang='lat' dir='ltr'><strong>incredulitate</strong></span> <span class='ocrx_word' id='word_1_77' title='bbox 690 975 855 1045; x_wconf 85' lang='lat' dir='ltr'><strong>impio</strong></span> <span class='ocrx_word' id='word_1_78' title='bbox 900 975 1046 1031; x_wconf 86' lang='lat' dir='ltr'><strong>dicat</strong></span> <span class='ocrx_word' id='word_1_79' title='bbox 1091 975 1476 1046; x_wconf 81' lang='lat' dir='ltr'><strong>Evangelista:</strong></span> <span class='ocrx_word' id='word_1_80' title='bbox 1520 974 1635 1029; x_wconf 85' lang='lat' dir='ltr'><strong>Hoc</strong></span> <span class='ocrx_word' id='word_1_81' title='bbox 1673 990 1772 1031; x_wconf 83' lang='lat' dir='ltr'><strong>au-</strong></span> 
     </span>
    </p>
   </div>
   <div class='ocr_carea' id='block_1_9' title="bbox 180 1064 1771 1137">
    <p class='ocr_par' dir='ltr' id='par_1_9' title="bbox 180 1064 1771 1137">
     <span class='ocr_line' id='line_1_9' title="bbox 180 1064 1771 1137; baseline 0.001 -18"><span class='ocrx_word' id='word_1_82' title='bbox 180 1075 283 1119; x_wconf 85' lang='lat' dir='ltr'><strong>tem</strong></span> <span class='ocrx_word' id='word_1_83' title='bbox 329 1083 364 1120; x_wconf 90' lang='lat' dir='ltr'><strong>a</strong></span> <span class='ocrx_word' id='word_1_84' title='bbox 396 1067 672 1136; x_wconf 77' lang='lat' dir='ltr'><strong>semetipso</strong></span> <span class='ocrx_word' id='word_1_85' title='bbox 719 1083 823 1121; x_wconf 85' lang='lat' dir='ltr'><strong>non</strong></span> <span class='ocrx_word' id='word_1_86' title='bbox 868 1064 1035 1119; x_wconf 72' lang='lat' dir='ltr'><strong>dixit:</strong></span> <span class='ocrx_word' id='word_1_87' title='bbox 1082 1065 1172 1119; x_wconf 91' lang='lat' dir='ltr'><strong>sed</strong></span> <span class='ocrx_word' id='word_1_88' title='bbox 1208 1083 1328 1119; x_wconf 85' lang='lat' dir='ltr'><strong>cum</strong></span> <span class='ocrx_word' id='word_1_89' title='bbox 1368 1075 1500 1121; x_wconf 82' lang='lat' dir='ltr'><strong>esset</strong></span> <span class='ocrx_word' id='word_1_90' title='bbox 1535 1066 1771 1137; x_wconf 60' lang='lat' dir='ltr'><strong>pontifex</strong></span> 
     </span>
    </p>
   </div>
   <div class='ocr_carea' id='block_1_10' title="bbox 178 1152 1771 1225">
    <p class='ocr_par' dir='ltr' id='par_1_10' title="bbox 178 1152 1771 1225">
     <span class='ocr_line' id='line_1_10' title="bbox 178 1152 1771 1225; baseline 0.001 -18"><span class='ocrx_word' id='word_1_91' title='bbox 178 1154 309 1208; x_wconf 82' lang='lat' dir='ltr'><strong>anni</strong></span> <span class='ocrx_word' id='word_1_92' title='bbox 347 1152 513 1221; x_wconf 74' lang='lat' dir='ltr'><strong>illius,</strong></span> <span class='ocrx_word' id='word_1_93' title='bbox 548 1154 871 1225; x_wconf 65' lang='lat' dir='ltr'><strong>prophetarit</strong></span> <span class='ocrx_word' id='word_1_94' title='bbox 896 1154 1021 1225; x_wconf 86' lang='lat' dir='ltr'><strong>quia</strong></span> <span class='ocrx_word' id='word_1_95' title='bbox 1043 1154 1200 1209; x_wconf 81' lang='lat' dir='ltr'><strong>Iesus</strong></span> <span class='ocrx_word' id='word_1_96' title='bbox 1226 1156 1516 1209; x_wconf 84' lang='lat' dir='ltr'><strong>moriturus</strong></span> <span class='ocrx_word' id='word_1_97' title='bbox 1546 1164 1656 1209; x_wconf 90' lang='lat' dir='ltr'><strong>erat</strong></span> <span class='ocrx_word' id='word_1_98' title='bbox 1675 1171 1771 1224; x_wconf 88' lang='lat' dir='ltr'><strong>pro</strong></span> 
     </span>
    </p>
   </div>
   <div class='ocr_carea' id='block_1_11' title="bbox 177 1245 1772 1319">
    <p class='ocr_par' dir='ltr' id='par_1_11' title="bbox 177 1245 1772 1319">
     <span class='ocr_line' id='line_1_11' title="bbox 177 1245 1772 1319; baseline 0.003 -20"><span class='ocrx_word' id='word_1_99' title='bbox 177 1256 349 1314; x_wconf 83' lang='lat' dir='ltr'><strong>gente.</strong></span> <span class='ocrx_word' id='word_1_100' title='bbox 383 1245 537 1302; x_wconf 87' lang='lat' dir='ltr'><strong>Unde</strong></span> <span class='ocrx_word' id='word_1_101' title='bbox 559 1255 771 1301; x_wconf 87' lang='lat' dir='ltr'><strong>constat</strong></span> <span class='ocrx_word' id='word_1_102' title='bbox 800 1248 965 1301; x_wconf 88' lang='lat' dir='ltr'><strong>etiam</strong></span> <span class='ocrx_word' id='word_1_103' title='bbox 1007 1248 1227 1319; x_wconf 89' lang='lat' dir='ltr'><strong>impium</strong></span> <span class='ocrx_word' id='word_1_104' title='bbox 1260 1247 1522 1317; x_wconf 88' lang='lat' dir='ltr'><strong>Caipham</strong></span> <span class='ocrx_word' id='word_1_105' title='bbox 1545 1256 1772 1319; x_wconf 83' lang='lat' dir='ltr'><strong>propter</strong></span> 
     </span>
    </p>
   </div>
   <div class='ocr_carea' id='block_1_12' title="bbox 178 1336 1771 1410">
    <p class='ocr_par' dir='ltr' id='par_1_12' title="bbox 178 1336 1771 1410">
     <span class='ocr_line' id='line_1_12' title="bbox 178 1336 1771 1410; baseline 0.004 -22"><span class='ocrx_word' id='word_1_106' title='bbox 178 1336 495 1391; x_wconf 81' lang='lat' dir='ltr'><strong>cathedram</strong></span> <span class='ocrx_word' id='word_1_107' title='bbox 532 1338 858 1392; x_wconf 87' lang='lat' dir='ltr'><strong>honoratum</strong></span> <span class='ocrx_word' id='word_1_108' title='bbox 909 1352 1030 1393; x_wconf 87' lang='lat' dir='ltr'><strong>esse</strong></span> <span class='ocrx_word' id='word_1_109' title='bbox 1079 1339 1383 1410; x_wconf 86' lang='lat' dir='ltr'><strong>prophetia.</strong></span> <span class='ocrx_word' id='word_1_110' title='bbox 1433 1340 1542 1395; x_wconf 82' lang='lat' dir='ltr'><strong>Vos</strong></span> <span class='ocrx_word' id='word_1_111' title='bbox 1587 1348 1771 1395; x_wconf 89' lang='lat' dir='ltr'><strong>autem</strong></span> 
     </span>
    </p>
   </div>
   <div class='ocr_carea' id='block_1_13' title="bbox 180 1424 1771 1498">
    <p class='ocr_par' dir='ltr' id='par_1_13' title="bbox 180 1424 1771 1498">
     <span class='ocr_line' id='line_1_13' title="bbox 180 1424 1771 1498; baseline 0.005 -21"><span class='ocrx_word' id='word_1_112' title='bbox 180 1424 393 1480; x_wconf 88' lang='lat' dir='ltr'><strong>fidelem</strong></span> <span class='ocrx_word' id='word_1_113' title='bbox 435 1435 489 1482; x_wconf 86' lang='lat' dir='ltr'><strong>et</strong></span> <span class='ocrx_word' id='word_1_114' title='bbox 526 1426 792 1483; x_wconf 86' lang='lat' dir='ltr'><strong>cultorem</strong></span> <span class='ocrx_word' id='word_1_115' title='bbox 817 1427 1037 1498; x_wconf 88' lang='lat' dir='ltr'><strong>pietatis</strong></span> <span class='ocrx_word' id='word_1_116' title='bbox 1063 1428 1379 1498; x_wconf 85' lang='lat' dir='ltr'><strong>pontiﬁcem</strong></span> <span class='ocrx_word' id='word_1_117' title='bbox 1405 1429 1771 1487; x_wconf 88' lang='lat' dir='ltr'><strong>dehonestan-</strong></span> 
     </span>
    </p>
   </div>
   <div class='ocr_carea' id='block_1_14' title="bbox 178 1514 1772 1591">
    <p class='ocr_par' dir='ltr' id='par_1_14' title="bbox 178 1514 1772 1591">
     <span class='ocr_line' id='line_1_14' title="bbox 178 1514 1772 1591; baseline 0.006 -22"><span class='ocrx_word' id='word_1_118' title='bbox 178 1514 308 1569; x_wconf 91' lang='lat' dir='ltr'><strong>dum</strong></span> <span class='ocrx_word' id='word_1_119' title='bbox 366 1517 674 1586; x_wconf 65' lang='lat' dir='ltr'><strong>praedicatis</strong></span> <span class='ocrx_word' id='word_1_120' title='bbox 726 1518 930 1587; x_wconf 85' lang='lat' dir='ltr'><strong>absque</strong></span> <span class='ocrx_word' id='word_1_121' title='bbox 979 1518 1175 1587; x_wconf 83' lang='lat' dir='ltr'><strong>injuria</strong></span> <span class='ocrx_word' id='word_1_122' title='bbox 1224 1521 1407 1577; x_wconf 86' lang='lat' dir='ltr'><strong>sedis:</strong></span> <span class='ocrx_word' id='word_1_123' title='bbox 1459 1521 1606 1591; x_wconf 88' lang='lat' dir='ltr'><strong>quod</strong></span> <span class='ocrx_word' id='word_1_124' title='bbox 1654 1537 1772 1578; x_wconf 75' lang='lat' dir='ltr'><strong>om~</strong></span> 
     </span>
    </p>
   </div>
   <div class='ocr_carea' id='block_1_15' title="bbox 178 1607 1771 1685">
    <p class='ocr_par' dir='ltr' id='par_1_15' title="bbox 178 1607 1771 1685">
     <span class='ocr_line' id='line_1_15' title="bbox 178 1607 1771 1685; baseline 0.006 -24"><span class='ocrx_word' id='word_1_125' title='bbox 178 1608 309 1662; x_wconf 90' lang='lat' dir='ltr'><strong>nino</strong></span> <span class='ocrx_word' id='word_1_126' title='bbox 352 1607 545 1662; x_wconf 89' lang='lat' dir='ltr'><strong>falsum</strong></span> <span class='ocrx_word' id='word_1_127' title='bbox 594 1618 696 1664; x_wconf 90' lang='lat' dir='ltr'><strong>est.</strong></span> <span class='ocrx_word' id='word_1_128' title='bbox 743 1608 889 1665; x_wconf 89' lang='lat' dir='ltr'><strong>Bene</strong></span> <span class='ocrx_word' id='word_1_129' title='bbox 935 1621 1117 1667; x_wconf 90' lang='lat' dir='ltr'><strong>autem</strong></span> <span class='ocrx_word' id='word_1_130' title='bbox 1162 1612 1523 1685; x_wconf 85' lang='lat' dir='ltr'><strong>subjungitis,</strong></span> <span class='ocrx_word' id='word_1_131' title='bbox 1567 1630 1771 1671; x_wconf 88' lang='lat' dir='ltr'><strong>memo-</strong></span> 
     </span>
    </p>
   </div>
   <div class='ocr_carea' id='block_1_16' title="bbox 179 1702 1770 1773">
    <p class='ocr_par' dir='ltr' id='par_1_16' title="bbox 179 1702 1770 1773">
     <span class='ocr_line' id='line_1_16' title="bbox 179 1702 1770 1773; baseline 0.006 -19"><span class='ocrx_word' id='word_1_132' title='bbox 179 1715 296 1755; x_wconf 87' lang='lat' dir='ltr'><strong>rem</strong></span> <span class='ocrx_word' id='word_1_133' title='bbox 327 1714 416 1755; x_wconf 89' lang='lat' dir='ltr'><strong>me</strong></span> <span class='ocrx_word' id='word_1_134' title='bbox 443 1716 564 1756; x_wconf 90' lang='lat' dir='ltr'><strong>esse</strong></span> <span class='ocrx_word' id='word_1_135' title='bbox 593 1702 788 1757; x_wconf 89' lang='lat' dir='ltr'><strong>debere</strong></span> <span class='ocrx_word' id='word_1_136' title='bbox 817 1703 845 1744; x_wconf 78' lang='lat' dir='ltr'><strong>b</strong></span> <span class='ocrx_word' id='word_1_137' title='bbox 868 1702 1221 1773; x_wconf 87' lang='lat' dir='ltr'><strong>jurisjurandi</strong></span> <span class='ocrx_word' id='word_1_138' title='bbox 1268 1721 1431 1762; x_wconf 89' lang='lat' dir='ltr'><strong>causa</strong></span> <span class='ocrx_word' id='word_1_139' title='bbox 1478 1707 1602 1763; x_wconf 88' lang='lat' dir='ltr'><strong>ﬁdei</strong></span> <span class='ocrx_word' id='word_1_140' title='bbox 1641 1707 1770 1764; x_wconf 87' lang='lat' dir='ltr'><strong>facti</strong></span> 
     </span>
    </p>
   </div>
   <div class='ocr_carea' id='block_1_17' title="bbox 1872 608 3462 682">
    <p class='ocr_par' dir='ltr' id='par_1_17' title="bbox 1872 608 3462 682">
     <span class='ocr_line' id='line_1_17' title="bbox 1872 608 3462 682; baseline 0.003 -19"><span class='ocrx_word' id='word_1_141' title='bbox 1872 608 2113 681; x_wconf 89' lang='lat' dir='ltr'><strong>poralem</strong></span> <span class='ocrx_word' id='word_1_142' title='bbox 2176 608 2595 670; x_wconf 77' lang='lat' dir='ltr'><strong>retributionem</strong></span> <span class='ocrx_word' id='word_1_143' title='bbox 2616 650 2633 677; x_wconf 91' lang='lat'><strong>,</strong></span> <span class='ocrx_word' id='word_1_144' title='bbox 2684 625 2751 667; x_wconf 92' lang='lat' dir='ltr'><strong>eo</strong></span> <span class='ocrx_word' id='word_1_145' title='bbox 2796 610 2943 682; x_wconf 88' lang='lat' dir='ltr'><strong>quod</strong></span> <span class='ocrx_word' id='word_1_146' title='bbox 2989 610 3111 667; x_wconf 84' lang='lat' dir='ltr'><strong>sitis</strong></span> <span class='ocrx_word' id='word_1_147' title='bbox 3165 611 3462 668; x_wconf 89' lang='lat' dir='ltr'><strong>arundines</strong></span> 
     </span>
    </p>
   </div>
   <div class='ocr_carea' id='block_1_18' title="bbox 1872 697 3460 770">
    <p class='ocr_par' dir='ltr' id='par_1_18' title="bbox 1872 697 3460 770">
     <span class='ocr_line' id='line_1_18' title="bbox 1872 697 3460 770; baseline 0.003 -19"><span class='ocrx_word' id='word_1_148' title='bbox 1872 707 2037 754; x_wconf 87' lang='lat' dir='ltr'><strong>vento</strong></span> <span class='ocrx_word' id='word_1_149' title='bbox 2066 697 2303 770; x_wconf 61' lang='lat' dir='ltr'><strong>agitatae,</strong></span> <span class='ocrx_word' id='word_1_150' title='bbox 2341 705 2397 753; x_wconf 91' lang='lat' dir='ltr'><strong>et</strong></span> <span class='ocrx_word' id='word_1_151' title='bbox 2422 713 2615 755; x_wconf 89' lang='lat' dir='ltr'><strong>omnes</strong></span> <span class='ocrx_word' id='word_1_152' title='bbox 2639 713 2787 756; x_wconf 72' lang='lat' dir='ltr'><strong>aura:</strong></span> <span class='ocrx_word' id='word_1_153' title='bbox 2806 715 2905 757; x_wconf 90' lang='lat' dir='ltr'><strong>vos</strong></span> <span class='ocrx_word' id='word_1_154' title='bbox 2933 698 3177 757; x_wconf 82' lang='lat' dir='ltr'><strong>ﬂectant.</strong></span> <span class='ocrx_word' id='word_1_155' title='bbox 3204 699 3460 767; x_wconf 83' lang='lat' dir='ltr'><strong>Pensate,</strong></span> 
     </span>
    </p>
   </div>
   <div class='ocr_carea' id='block_1_19' title="bbox 1872 789 3463 862">
    <p class='ocr_par' dir='ltr' id='par_1_19' title="bbox 1872 789 3463 862">
     <span class='ocr_line' id='line_1_19' title="bbox 1872 789 3463 862; baseline 0.001 -17"><span class='ocrx_word' id='word_1_156' title='bbox 1872 798 2102 861; x_wconf 87' lang='lat' dir='ltr'><strong>pensate</strong></span> <span class='ocrx_word' id='word_1_157' title='bbox 2137 789 2356 857; x_wconf 82' lang='lat' dir='ltr'><strong>fratres,</strong></span> <span class='ocrx_word' id='word_1_158' title='bbox 2386 805 2551 861; x_wconf 86' lang='lat' dir='ltr'><strong>quam</strong></span> <span class='ocrx_word' id='word_1_159' title='bbox 2576 789 2736 862; x_wconf 89' lang='lat' dir='ltr'><strong>longe</strong></span> <span class='ocrx_word' id='word_1_160' title='bbox 2766 799 2851 847; x_wconf 91' lang='lat' dir='ltr'><strong>est</strong></span> <span class='ocrx_word' id='word_1_161' title='bbox 2883 806 3039 847; x_wconf 90' lang='lat' dir='ltr'><strong>mens</strong></span> <span class='ocrx_word' id='word_1_162' title='bbox 3066 799 3245 847; x_wconf 85' lang='lat' dir='ltr'><strong>vestra</strong></span> <span class='ocrx_word' id='word_1_163' title='bbox 3273 791 3343 847; x_wconf 89' lang='lat' dir='ltr'><strong>ab</strong></span> <span class='ocrx_word' id='word_1_164' title='bbox 3374 792 3463 847; x_wconf 85' lang='lat' dir='ltr'><strong>illa</strong></span> 
     </span>
    </p>
   </div>
   <div class='ocr_carea' id='block_1_20' title="bbox 1872 880 3463 952">
    <p class='ocr_par' dir='ltr' id='par_1_20' title="bbox 1872 880 3463 952">
     <span class='ocr_line' id='line_1_20' title="bbox 1872 880 3463 952; baseline 0.001 -16"><span class='ocrx_word' id='word_1_165' title='bbox 1872 881 2153 952; x_wconf 87' lang='lat' dir='ltr'><strong>petitione,</strong></span> <span class='ocrx_word' id='word_1_166' title='bbox 2194 895 2300 951; x_wconf 87' lang='lat' dir='ltr'><strong>qua</strong></span> <span class='ocrx_word' id='word_1_167' title='bbox 2342 880 2399 936; x_wconf 89' lang='lat' dir='ltr'><strong>in</strong></span> <span class='ocrx_word' id='word_1_168' title='bbox 2438 880 2902 937; x_wconf 89' lang='lat' dir='ltr'><strong>celebrationibus</strong></span> <span class='ocrx_word' id='word_1_169' title='bbox 2941 882 3233 938; x_wconf 86' lang='lat' dir='ltr'><strong>missarum</strong></span> <span class='ocrx_word' id='word_1_170' title='bbox 3274 884 3463 939; x_wconf 78' lang='lat' dir='ltr'><strong>soletis</strong></span> 
     </span>
    </p>
   </div>
   <div class='ocr_carea' id='block_1_21' title="bbox 1874 971 3464 1045">
    <p class='ocr_par' dir='ltr' id='par_1_21' title="bbox 1874 971 3464 1045">
     <span class='ocr_line' id='line_1_21' title="bbox 1874 971 3464 1045; baseline 0.001 -18"><span class='ocrx_word' id='word_1_171' title='bbox 1874 971 2213 1037; x_wconf 85' lang='lat' dir='ltr'><strong>dicereDeo,</strong></span> <span class='ocrx_word' id='word_1_172' title='bbox 2256 986 2366 1027; x_wconf 91' lang='lat' dir='ltr'><strong>non</strong></span> <span class='ocrx_word' id='word_1_173' title='bbox 2404 971 2704 1042; x_wconf 83' lang='lat' dir='ltr'><strong>voluntate,</strong></span> <span class='ocrx_word' id='word_1_174' title='bbox 2738 972 2834 1028; x_wconf 86' lang='lat' dir='ltr'><strong>sed</strong></span> <span class='ocrx_word' id='word_1_175' title='bbox 2867 986 3040 1029; x_wconf 91' lang='lat' dir='ltr'><strong>voce:</strong></span> <span class='ocrx_word' id='word_1_176' title='bbox 3068 972 3152 1027; x_wconf 87' lang='lat' dir='ltr'><strong>Da</strong></span> <span class='ocrx_word' id='word_1_177' title='bbox 3183 974 3331 1029; x_wconf 82' lang='lat' dir='ltr'><strong>nobis</strong></span> <span class='ocrx_word' id='word_1_178' title='bbox 3367 992 3464 1045; x_wconf 90' lang='lat' dir='ltr'><strong>pro</strong></span> 
     </span>
    </p>
   </div>
   <div class='ocr_carea' id='block_1_22' title="bbox 1873 1062 3461 1135">
    <p class='ocr_par' dir='ltr' id='par_1_22' title="bbox 1873 1062 3461 1135">
     <span class='ocr_line' id='line_1_22' title="bbox 1873 1062 3461 1135; baseline -0.002 -15"><span class='ocrx_word' id='word_1_179' title='bbox 1873 1080 2053 1120; x_wconf 84' lang='lat' dir='ltr'><strong>amore</strong></span> <span class='ocrx_word' id='word_1_180' title='bbox 2089 1074 2180 1118; x_wconf 90' lang='lat' dir='ltr'><strong>tuo</strong></span> <span class='ocrx_word' id='word_1_181' title='bbox 2219 1079 2473 1135; x_wconf 84' lang='lat' dir='ltr'><strong>prospera</strong></span> <span class='ocrx_word' id='word_1_182' title='bbox 2516 1062 2702 1118; x_wconf 65' lang='lat' dir='ltr'><strong>mtmdi</strong></span> <span class='ocrx_word' id='word_1_183' title='bbox 2738 1062 3023 1135; x_wconf 75' lang='lat' dir='ltr'><strong>despicere,</strong></span> <span class='ocrx_word' id='word_1_184' title='bbox 3068 1072 3117 1117; x_wconf 91' lang='lat' dir='ltr'><strong>et</strong></span> <span class='ocrx_word' id='word_1_185' title='bbox 3159 1062 3307 1118; x_wconf 87' lang='lat' dir='ltr'><strong>nulla</strong></span> <span class='ocrx_word' id='word_1_186' title='bbox 3346 1064 3461 1133; x_wconf 85' lang='lat' dir='ltr'><strong>ejus</strong></span> 
     </span>
    </p>
   </div>
   <div class='ocr_carea' id='block_1_23' title="bbox 1874 1151 3460 1225">
    <p class='ocr_par' dir='ltr' id='par_1_23' title="bbox 1874 1151 3460 1225">
     <span class='ocr_line' id='line_1_23' title="bbox 1874 1151 3460 1225; baseline -0.001 -16"><span class='ocrx_word' id='word_1_187' title='bbox 1874 1155 2094 1210; x_wconf 80' lang='lat' dir='ltr'><strong>aduersa</strong></span> <span class='ocrx_word' id='word_1_188' title='bbox 2126 1153 2434 1225; x_wconf 77' lang='lat' dir='ltr'><strong>formidare.</strong></span> <span class='ocrx_word' id='word_1_189' title='bbox 2470 1152 2607 1208; x_wconf 87' lang='lat' dir='ltr'><strong>Nam</strong></span> <span class='ocrx_word' id='word_1_190' title='bbox 2646 1154 2692 1208; x_wconf 88' lang='lat' dir='ltr'><strong>si</strong></span> <span class='ocrx_word' id='word_1_191' title='bbox 2732 1168 2801 1208; x_wconf 85' lang='lat' dir='ltr'><strong>ex</strong></span> <span class='ocrx_word' id='word_1_192' title='bbox 2838 1152 3001 1209; x_wconf 84' lang='lat' dir='ltr'><strong>corde</strong></span> <span class='ocrx_word' id='word_1_193' title='bbox 3028 1151 3145 1207; x_wconf 70' lang='lat' dir='ltr'><strong>bzec</strong></span> <span class='ocrx_word' id='word_1_194' title='bbox 3185 1153 3460 1223; x_wconf 81' lang='lat' dir='ltr'><strong>peteretis,</strong></span> 
     </span>
    </p>
   </div>
   <div class='ocr_carea' id='block_1_24' title="bbox 1866 1242 3457 1317">
    <p class='ocr_par' dir='ltr' id='par_1_24' title="bbox 1866 1242 3457 1317">
     <span class='ocr_line' id='line_1_24' title="bbox 1866 1242 3457 1317; baseline -0.003 -15"><span class='ocrx_word' id='word_1_195' title='bbox 1866 1246 1980 1316; x_wconf 88' lang='lat' dir='ltr'><strong>jam</strong></span> <span class='ocrx_word' id='word_1_196' title='bbox 2020 1246 2261 1302; x_wconf 85' lang='lat' dir='ltr'><strong>dedisset</strong></span> <span class='ocrx_word' id='word_1_197' title='bbox 2298 1245 2390 1301; x_wconf 86' lang='lat' dir='ltr'><strong>ille</strong></span> <span class='ocrx_word' id='word_1_198' title='bbox 2425 1246 2517 1317; x_wconf 85' lang='lat' dir='ltr'><strong>qui</strong></span> <span class='ocrx_word' id='word_1_199' title='bbox 2558 1246 2687 1301; x_wconf 84' lang='lat' dir='ltr'><strong>dicit</strong></span> <span class='ocrx_word' id='word_1_200' title='bbox 2716 1242 2944 1311; x_wconf 88' lang='lat' dir='ltr'><strong>:Petite,</strong></span> <span class='ocrx_word' id='word_1_201' title='bbox 2974 1252 3024 1300; x_wconf 84' lang='lat' dir='ltr'><strong>et</strong></span> <span class='ocrx_word' id='word_1_202' title='bbox 3053 1242 3267 1298; x_wconf 84' lang='lat' dir='ltr'><strong>dabitur</strong></span> <span class='ocrx_word' id='word_1_203' title='bbox 3293 1244 3457 1299; x_wconf 82' lang='lat' dir='ltr'><strong>vobis.</strong></span> 
     </span>
    </p>
   </div>
   <div class='ocr_carea' id='block_1_25' title="bbox 1873 1335 3459 1408">
    <p class='ocr_par' dir='ltr' id='par_1_25' title="bbox 1873 1335 3459 1408">
     <span class='ocr_line' id='line_1_25' title="bbox 1873 1335 3459 1408; baseline -0.003 -14"><span class='ocrx_word' id='word_1_204' title='bbox 1873 1339 2078 1395; x_wconf 89' lang='lat' dir='ltr'><strong>Deinde</strong></span> <span class='ocrx_word' id='word_1_205' title='bbox 2114 1338 2293 1393; x_wconf 88' lang='lat' dir='ltr'><strong>dicitis</strong></span> <span class='ocrx_word' id='word_1_206' title='bbox 2320 1337 2470 1392; x_wconf 89' lang='lat' dir='ltr'><strong>illam</strong></span> <span class='ocrx_word' id='word_1_207' title='bbox 2493 1338 2725 1408; x_wconf 87' lang='lat' dir='ltr'><strong>primam</strong></span> <span class='ocrx_word' id='word_1_208' title='bbox 2754 1336 3077 1392; x_wconf 87' lang='lat' dir='ltr'><strong>divisionem</strong></span> <span class='ocrx_word' id='word_1_209' title='bbox 3092 1335 3266 1407; x_wconf 90' lang='lat' dir='ltr'><strong>regni,</strong></span> <span class='ocrx_word' id='word_1_210' title='bbox 3296 1351 3459 1406; x_wconf 91' lang='lat' dir='ltr'><strong>quam</strong></span> 
     </span>
    </p>
   </div>
   <div class='ocr_carea' id='block_1_26' title="bbox 1873 1422 3459 1499">
    <p class='ocr_par' dir='ltr' id='par_1_26' title="bbox 1873 1422 3459 1499">
     <span class='ocr_line' id='line_1_26' title="bbox 1873 1422 3459 1499; baseline -0.003 -14"><span class='ocrx_word' id='word_1_211' title='bbox 1873 1431 2018 1486; x_wconf 89' lang='lat' dir='ltr'><strong>inter</strong></span> <span class='ocrx_word' id='word_1_212' title='bbox 2047 1429 2187 1485; x_wconf 87' lang='lat' dir='ltr'><strong>ﬁlios</strong></span> <span class='ocrx_word' id='word_1_213' title='bbox 2215 1443 2343 1485; x_wconf 89' lang='lat' dir='ltr'><strong>suos</strong></span> <span class='ocrx_word' id='word_1_214' title='bbox 2376 1426 2585 1484; x_wconf 82' lang='lat' dir='ltr'><strong>fecerat</strong></span> <span class='ocrx_word' id='word_1_215' title='bbox 2612 1428 2933 1499; x_wconf 87' lang='lat' dir='ltr'><strong>imperator,</strong></span> <span class='ocrx_word' id='word_1_216' title='bbox 2962 1440 3108 1481; x_wconf 89' lang='lat' dir='ltr'><strong>nunc</strong></span> <span class='ocrx_word' id='word_1_217' title='bbox 3133 1422 3288 1495; x_wconf 81' lang='lat' dir='ltr'><strong>juxta</strong></span> <span class='ocrx_word' id='word_1_218' title='bbox 3315 1425 3343 1466; x_wconf 75' lang='grc' dir='ltr'><em>ά</em></span> <span class='ocrx_word' id='word_1_219' title='bbox 3370 1441 3459 1481; x_wconf 88' lang='lat' dir='ltr'><strong>re-</strong></span> 
     </span>
    </p>
   </div>
   <div class='ocr_carea' id='block_1_27' title="bbox 1873 1518 3462 1593">
    <p class='ocr_par' dir='ltr' id='par_1_27' title="bbox 1873 1518 3462 1593">
     <span class='ocr_line' id='line_1_27' title="bbox 1873 1518 3462 1593; baseline -0.003 -15"><span class='ocrx_word' id='word_1_220' title='bbox 1873 1538 1995 1577; x_wconf 91' lang='lat' dir='ltr'><strong>rum</strong></span> <span class='ocrx_word' id='word_1_221' title='bbox 2042 1522 2500 1593; x_wconf 87' lang='lat' dir='ltr'><strong>opportunitatem</strong></span> <span class='ocrx_word' id='word_1_222' title='bbox 2548 1534 2669 1576; x_wconf 89' lang='lat' dir='ltr'><strong>esse</strong></span> <span class='ocrx_word' id='word_1_223' title='bbox 2716 1526 3003 1587; x_wconf 88' lang='lat' dir='ltr'><strong>mutatam,</strong></span> <span class='ocrx_word' id='word_1_224' title='bbox 3048 1518 3194 1589; x_wconf 89' lang='lat' dir='ltr'><strong>quod</strong></span> <span class='ocrx_word' id='word_1_225' title='bbox 3240 1518 3462 1573; x_wconf 88' lang='lat' dir='ltr'><strong>omnino</strong></span> 
     </span>
    </p>
   </div>
   <div class='ocr_carea' id='block_1_28' title="bbox 1872 1608 3461 1684">
    <p class='ocr_par' dir='ltr' id='par_1_28' title="bbox 1872 1608 3461 1684">
     <span class='ocr_line' id='line_1_28' title="bbox 1872 1608 3461 1684; baseline -0.002 -18"><span class='ocrx_word' id='word_1_226' title='bbox 1872 1612 2161 1684; x_wconf 90' lang='lat' dir='ltr'><strong>dupliciter</strong></span> <span class='ocrx_word' id='word_1_227' title='bbox 2193 1610 2390 1666; x_wconf 91' lang='lat' dir='ltr'><strong>falsum</strong></span> <span class='ocrx_word' id='word_1_228' title='bbox 2429 1616 2513 1665; x_wconf 91' lang='lat' dir='ltr'><strong>est</strong></span> <span class='ocrx_word' id='word_1_229' title='bbox 2541 1627 2554 1663; x_wconf 92' lang='lat'><strong>:</strong></span> <span class='ocrx_word' id='word_1_230' title='bbox 2584 1623 2692 1664; x_wconf 93' lang='lat' dir='ltr'><strong>uno</strong></span> <span class='ocrx_word' id='word_1_231' title='bbox 2731 1608 2951 1679; x_wconf 86' lang='lat' dir='ltr'><strong>quidem</strong></span> <span class='ocrx_word' id='word_1_232' title='bbox 2980 1608 3161 1673; x_wconf 89' lang='lat' dir='ltr'><strong>modo,</strong></span> <span class='ocrx_word' id='word_1_233' title='bbox 3191 1608 3318 1677; x_wconf 87' lang='lat' dir='ltr'><strong>quia</strong></span> <span class='ocrx_word' id='word_1_234' title='bbox 3350 1622 3461 1663; x_wconf 91' lang='lat' dir='ltr'><strong>non</strong></span> 
     </span>
    </p>
   </div>
   <div class='ocr_carea' id='block_1_29' title="bbox 1872 1697 3462 1775">
    <p class='ocr_par' dir='ltr' id='par_1_29' title="bbox 1872 1697 3462 1775">
     <span class='ocr_line' id='line_1_29' title="bbox 1872 1697 3462 1775; baseline -0.006 -15"><span class='ocrx_word' id='word_1_235' title='bbox 1872 1712 1961 1760; x_wconf 90' lang='lat' dir='ltr'><strong>est</strong></span> <span class='ocrx_word' id='word_1_236' title='bbox 2012 1702 2420 1775; x_wconf 87' lang='lat' dir='ltr'><strong>opportunitas,</strong></span> <span class='ocrx_word' id='word_1_237' title='bbox 2472 1701 2568 1757; x_wconf 90' lang='lat' dir='ltr'><strong>sed</strong></span> <span class='ocrx_word' id='word_1_238' title='bbox 2615 1699 3029 1771; x_wconf 82' lang='lat' dir='ltr'><strong>importunitas,</strong></span> <span class='ocrx_word' id='word_1_239' title='bbox 3076 1712 3144 1754; x_wconf 92' lang='lat' dir='ltr'><strong>eo</strong></span> <span class='ocrx_word' id='word_1_240' title='bbox 3191 1697 3337 1768; x_wconf 90' lang='lat' dir='ltr'><strong>quod</strong></span> <span class='ocrx_word' id='word_1_241' title='bbox 3390 1698 3462 1752; x_wconf 87' lang='lat' dir='ltr'><strong>sit</strong></span> 
     </span>
    </p>
   </div>
   <div class='ocr_carea' id='block_1_30' title="bbox 177 1780 3465 1871">
    <p class='ocr_par' dir='ltr' id='par_1_30' title="bbox 177 1780 3465 1871">
     <span class='ocr_line' id='line_1_30' title="bbox 177 1780 3465 1871; baseline -0.001 -25"><span class='ocrx_word' id='word_1_242' title='bbox 177 1792 515 1861; x_wconf 89' lang='lat' dir='ltr'><strong>imperatori.</strong></span> <span class='ocrx_word' id='word_1_243' title='bbox 564 1792 717 1860; x_wconf 87' lang='lat' dir='ltr'><strong>Quod</strong></span> <span class='ocrx_word' id='word_1_244' title='bbox 754 1795 805 1849; x_wconf 89' lang='lat' dir='ltr'><strong>si</strong></span> <span class='ocrx_word' id='word_1_245' title='bbox 835 1793 975 1859; x_wconf 89' lang='lat' dir='ltr'><strong>feci,</strong></span> <span class='ocrx_word' id='word_1_246' title='bbox 1029 1796 1082 1850; x_wconf 91' lang='lat' dir='ltr'><strong>in</strong></span> <span class='ocrx_word' id='word_1_247' title='bbox 1123 1796 1243 1853; x_wconf 86' lang='lat' dir='ltr'><strong>hoc.</strong></span> <span class='ocrx_word' id='word_1_248' title='bbox 1264 1797 1387 1855; x_wconf 86' lang='lat' dir='ltr'><strong>volo</strong></span> <span class='ocrx_word' id='word_1_249' title='bbox 1424 1800 1599 1855; x_wconf 73' lang='lat' dir='ltr'><strong>vitare</strong></span> <span class='ocrx_word' id='word_1_250' title='bbox 1644 1816 1773 1871; x_wconf 72' lang='lat' dir='ltr'><strong>per-</strong></span> <span class='ocrx_word' id='word_1_251' title='bbox 1798 1780 1848 1842; x_wconf 77' lang='grc' dir='ltr'><strong><em>Β</em></strong></span> <span class='ocrx_word' id='word_1_252' title='bbox 1876 1810 2041 1852; x_wconf 88' lang='lat' dir='ltr'><strong>causa</strong></span> <span class='ocrx_word' id='word_1_253' title='bbox 2071 1803 2128 1851; x_wconf 90' lang='lat' dir='ltr'><strong>et</strong></span> <span class='ocrx_word' id='word_1_254' title='bbox 2156 1794 2310 1865; x_wconf 91' lang='lat' dir='ltr'><strong>origo</strong></span> <span class='ocrx_word' id='word_1_255' title='bbox 2345 1790 2779 1849; x_wconf 83' lang='lat' dir='ltr'><strong>conturbationis</strong></span> <span class='ocrx_word' id='word_1_256' title='bbox 2814 1797 2872 1846; x_wconf 90' lang='lat' dir='ltr'><strong>et</strong></span> <span class='ocrx_word' id='word_1_257' title='bbox 2905 1788 3276 1855; x_wconf 87' lang='lat' dir='ltr'><strong>dissentionis,</strong></span> <span class='ocrx_word' id='word_1_258' title='bbox 3313 1803 3465 1843; x_wconf 84' lang='lat' dir='ltr'><strong>com-</strong></span> 
     </span>
    </p>
   </div>
   <div class='ocr_carea' id='block_1_31' title="bbox 169 1881 1767 1959">
    <p class='ocr_par' dir='ltr' id='par_1_31' title="bbox 169 1881 1767 1959">
     <span class='ocr_line' id='line_1_31' title="bbox 169 1881 1767 1959; baseline 0.007 -24"><span class='ocrx_word' id='word_1_259' title='bbox 169 1881 407 1953; x_wconf 82' lang='lat' dir='ltr'><strong>jurium,</strong></span> <span class='ocrx_word' id='word_1_260' title='bbox 468 1882 517 1939; x_wconf 87' lang='lat' dir='ltr'><strong>si</strong></span> <span class='ocrx_word' id='word_1_261' title='bbox 574 1884 973 1940; x_wconf 87' lang='lat' dir='ltr'><strong>annuntiavero</strong></span> <span class='ocrx_word' id='word_1_262' title='bbox 1031 1886 1081 1941; x_wconf 90' lang='lat' dir='ltr'><strong>ei</strong></span> <span class='ocrx_word' id='word_1_263' title='bbox 1141 1888 1325 1942; x_wconf 90' lang='lat' dir='ltr'><strong>omnia</strong></span> <span class='ocrx_word' id='word_1_264' title='bbox 1392 1906 1514 1959; x_wconf 66' lang='lat' dir='ltr'><strong>quae</strong></span> <span class='ocrx_word' id='word_1_265' title='bbox 1575 1901 1767 1946; x_wconf 91' lang='lat' dir='ltr'><strong>contra</strong></span> 
     </span>
    </p>
   </div>
   <div class='ocr_carea' id='block_1_32' title="bbox 176 1973 1765 2050">
    <p class='ocr_par' dir='ltr' id='par_1_32' title="bbox 176 1973 1765 2050">
     <span class='ocr_line' id='line_1_32' title="bbox 176 1973 1765 2050; baseline 0.006 -23"><span class='ocrx_word' id='word_1_266' title='bbox 176 1973 445 2029; x_wconf 89' lang='lat' dir='ltr'><strong>unitatem</strong></span> <span class='ocrx_word' id='word_1_267' title='bbox 492 1982 550 2028; x_wconf 92' lang='lat' dir='ltr'><strong>et</strong></span> <span class='ocrx_word' id='word_1_268' title='bbox 590 1989 780 2044; x_wconf 89' lang='lat' dir='ltr'><strong>pacem</strong></span> <span class='ocrx_word' id='word_1_269' title='bbox 826 1975 1085 2030; x_wconf 73' lang='lat' dir='ltr'><strong>Ecclesiae</strong></span> <span class='ocrx_word' id='word_1_270' title='bbox 1137 1986 1193 2032; x_wconf 89' lang='lat' dir='ltr'><strong>et</strong></span> <span class='ocrx_word' id='word_1_271' title='bbox 1244 1980 1396 2050; x_wconf 80' lang='lat' dir='ltr'><strong>regni</strong></span> <span class='ocrx_word' id='word_1_272' title='bbox 1444 1982 1765 2037; x_wconf 89' lang='lat' dir='ltr'><strong>committit:</strong></span> 
     </span>
    </p>
   </div>
   <div class='ocr_carea' id='block_1_33' title="bbox 174 2067 1767 2140">
    <p class='ocr_par' dir='ltr' id='par_1_33' title="bbox 174 2067 1767 2140">
     <span class='ocr_line' id='line_1_33' title="bbox 174 2067 1767 2140; baseline 0.006 -19"><span class='ocrx_word' id='word_1_273' title='bbox 174 2068 323 2135; x_wconf 82' lang='lat' dir='ltr'><strong>quod</strong></span> <span class='ocrx_word' id='word_1_274' title='bbox 362 2069 409 2123; x_wconf 90' lang='lat' dir='ltr'><strong>si</strong></span> <span class='ocrx_word' id='word_1_275' title='bbox 446 2084 552 2124; x_wconf 90' lang='lat' dir='ltr'><strong>non</strong></span> <span class='ocrx_word' id='word_1_276' title='bbox 595 2067 801 2135; x_wconf 83' lang='lat' dir='ltr'><strong>fecero,</strong></span> <span class='ocrx_word' id='word_1_277' title='bbox 832 2070 1084 2140; x_wconf 86' lang='lat' dir='ltr'><strong>perjurus</strong></span> <span class='ocrx_word' id='word_1_278' title='bbox 1118 2086 1234 2137; x_wconf 90' lang='lat' dir='ltr'><strong>ero,</strong></span> <span class='ocrx_word' id='word_1_279' title='bbox 1275 2073 1417 2127; x_wconf 88' lang='lat' dir='ltr'><strong>sicut</strong></span> <span class='ocrx_word' id='word_1_280' title='bbox 1457 2083 1512 2128; x_wconf 91' lang='lat' dir='ltr'><strong>et</strong></span> <span class='ocrx_word' id='word_1_281' title='bbox 1550 2090 1675 2139; x_wconf 83' lang='lat' dir='ltr'><strong>vos,</strong></span> <span class='ocrx_word' id='word_1_282' title='bbox 1721 2077 1767 2130; x_wconf 89' lang='lat' dir='ltr'><strong>si</strong></span> 
     </span>
    </p>
   </div>
   <div class='ocr_carea' id='block_1_34' title="bbox 174 2160 1766 2233">
    <p class='ocr_par' dir='ltr' id='par_1_34' title="bbox 174 2160 1766 2233">
     <span class='ocr_line' id='line_1_34' title="bbox 174 2160 1766 2233; baseline 0.004 -18"><span class='ocrx_word' id='word_1_283' title='bbox 174 2168 360 2217; x_wconf 86' lang='lat' dir='ltr'><strong>tamen</strong></span> <span class='ocrx_word' id='word_1_284' title='bbox 389 2160 588 2230; x_wconf 89' lang='lat' dir='ltr'><strong>juravi.</strong></span> <span class='ocrx_word' id='word_1_285' title='bbox 617 2162 727 2219; x_wconf 80' lang='lat' dir='ltr'><strong>Vos</strong></span> <span class='ocrx_word' id='word_1_286' title='bbox 754 2170 958 2227; x_wconf 88' lang='lat' dir='ltr'><strong>tamen,</strong></span> <span class='ocrx_word' id='word_1_287' title='bbox 988 2164 1114 2233; x_wconf 90' lang='lat' dir='ltr'><strong>quia</strong></span> <span class='ocrx_word' id='word_1_288' title='bbox 1140 2164 1330 2233; x_wconf 89' lang='lat' dir='ltr'><strong>procul</strong></span> <span class='ocrx_word' id='word_1_289' title='bbox 1356 2165 1518 2219; x_wconf 90' lang='lat' dir='ltr'><strong>dubio</strong></span> <span class='ocrx_word' id='word_1_290' title='bbox 1538 2164 1766 2233; x_wconf 74' lang='lat' dir='ltr'><strong>iurastis</strong></span> 
     </span>
    </p>
   </div>
   <div class='ocr_carea' id='block_1_35' title="bbox 172 2250 1763 2325">
    <p class='ocr_par' dir='ltr' id='par_1_35' title="bbox 172 2250 1763 2325">
     <span class='ocr_line' id='line_1_35' title="bbox 172 2250 1763 2325; baseline 0.002 -18"><span class='ocrx_word' id='word_1_291' title='bbox 172 2260 234 2319; x_wconf 66' lang='lat' dir='ltr'><strong>et</strong></span> <span class='ocrx_word' id='word_1_292' title='bbox 262 2250 569 2322; x_wconf 85' lang='lat' dir='ltr'><strong>rejnrastis,</strong></span> <span class='ocrx_word' id='word_1_293' title='bbox 604 2253 986 2323; x_wconf 75' lang='lat' dir='ltr'><strong>promittentes</strong></span> <span class='ocrx_word' id='word_1_294' title='bbox 1024 2253 1082 2311; x_wconf 87' lang='lat' dir='ltr'><strong>ei</strong></span> <span class='ocrx_word' id='word_1_295' title='bbox 1112 2266 1240 2325; x_wconf 89' lang='lat' dir='ltr'><strong>erga</strong></span> <span class='ocrx_word' id='word_1_296' title='bbox 1284 2254 1433 2308; x_wconf 91' lang='lat' dir='ltr'><strong>illum</strong></span> <span class='ocrx_word' id='word_1_297' title='bbox 1480 2256 1664 2310; x_wconf 84' lang='lat' dir='ltr'><strong>omnia</strong></span> <span class='ocrx_word' id='word_1_298' title='bbox 1702 2256 1763 2310; x_wconf 89' lang='lat' dir='ltr'><strong>ﬁ-</strong></span> 
     </span>
    </p>
   </div>
   <div class='ocr_carea' id='block_1_36' title="bbox 172 2337 1766 2417">
    <p class='ocr_par' dir='ltr' id='par_1_36' title="bbox 172 2337 1766 2417">
     <span class='ocr_line' id='line_1_36' title="bbox 172 2337 1766 2417; baseline 0.001 -18"><span class='ocrx_word' id='word_1_299' title='bbox 172 2337 372 2399; x_wconf 77' lang='lat' dir='ltr'><strong>deliter</strong></span> <span class='ocrx_word' id='word_1_300' title='bbox 396 2359 492 2399; x_wconf 88' lang='lat' dir='ltr'><strong>vos</strong></span> <span class='ocrx_word' id='word_1_301' title='bbox 517 2358 699 2415; x_wconf 86' lang='lat' dir='ltr'><strong>agere,</strong></span> <span class='ocrx_word' id='word_1_302' title='bbox 724 2352 781 2399; x_wconf 88' lang='lat' dir='ltr'><strong>et</strong></span> <span class='ocrx_word' id='word_1_303' title='bbox 810 2360 956 2399; x_wconf 90' lang='lat' dir='ltr'><strong>nunc</strong></span> <span class='ocrx_word' id='word_1_304' title='bbox 984 2344 1233 2400; x_wconf 88' lang='lat' dir='ltr'><strong>videntes</strong></span> <span class='ocrx_word' id='word_1_305' title='bbox 1260 2345 1411 2399; x_wconf 90' lang='lat' dir='ltr'><strong>illum</strong></span> <span class='ocrx_word' id='word_1_306' title='bbox 1442 2360 1603 2417; x_wconf 88' lang='lat' dir='ltr'><strong>agere</strong></span> <span class='ocrx_word' id='word_1_307' title='bbox 1633 2362 1766 2402; x_wconf 88' lang='lat' dir='ltr'><strong>con-</strong></span> 
     </span>
    </p>
   </div>
   <div class='ocr_carea' id='block_1_37' title="bbox 171 2435 1767 2507">
    <p class='ocr_par' dir='ltr' id='par_1_37' title="bbox 171 2435 1767 2507">
     <span class='ocr_line' id='line_1_37' title="bbox 171 2435 1767 2507; baseline 0.003 -17"><span class='ocrx_word' id='word_1_308' title='bbox 171 2444 257 2490; x_wconf 80' lang='lat' dir='ltr'><strong>tra</strong></span> <span class='ocrx_word' id='word_1_309' title='bbox 280 2435 464 2501; x_wconf 89' lang='lat' dir='ltr'><strong>ﬁdem,</strong></span> <span class='ocrx_word' id='word_1_310' title='bbox 491 2444 548 2491; x_wconf 86' lang='lat' dir='ltr'><strong>et</strong></span> <span class='ocrx_word' id='word_1_311' title='bbox 570 2436 901 2507; x_wconf 80' lang='lat' dir='ltr'><strong>praecipitari</strong></span> <span class='ocrx_word' id='word_1_312' title='bbox 927 2436 982 2491; x_wconf 92' lang='lat' dir='ltr'><strong>in</strong></span> <span class='ocrx_word' id='word_1_313' title='bbox 1010 2438 1330 2507; x_wconf 87' lang='lat' dir='ltr'><strong>perniciem,</strong></span> <span class='ocrx_word' id='word_1_314' title='bbox 1360 2453 1469 2492; x_wconf 92' lang='lat' dir='ltr'><strong>non</strong></span> <span class='ocrx_word' id='word_1_315' title='bbox 1497 2443 1767 2495; x_wconf 85' lang='lat' dir='ltr'><strong>revocatis</strong></span> 
     </span>
    </p>
   </div>
   <div class='ocr_carea' id='block_1_38' title="bbox 170 2526 1765 2601">
    <p class='ocr_par' dir='ltr' id='par_1_38' title="bbox 170 2526 1765 2601">
     <span class='ocr_line' id='line_1_38' title="bbox 170 2526 1765 2601; baseline 0.004 -23"><span class='ocrx_word' id='word_1_316' title='bbox 170 2540 297 2579; x_wconf 88' lang='lat' dir='ltr'><strong>eum</strong></span> <span class='ocrx_word' id='word_1_317' title='bbox 340 2528 604 2595; x_wconf 84' lang='lat' dir='ltr'><strong>quantum</strong></span> <span class='ocrx_word' id='word_1_318' title='bbox 648 2542 714 2581; x_wconf 80' lang='lat' dir='ltr'><strong>ex</strong></span> <span class='ocrx_word' id='word_1_319' title='bbox 752 2526 907 2582; x_wconf 85' lang='lat' dir='ltr'><strong>vobis</strong></span> <span class='ocrx_word' id='word_1_320' title='bbox 944 2536 1060 2592; x_wconf 89' lang='lat' dir='ltr'><strong>est,</strong></span> <span class='ocrx_word' id='word_1_321' title='bbox 1114 2539 1136 2567; x_wconf 73' lang='grc' dir='ltr'><strong><em>ο</em></strong></span> <span class='ocrx_word' id='word_1_322' title='bbox 1184 2527 1389 2598; x_wconf 88' lang='lat' dir='ltr'><strong>perjuri</strong></span> <span class='ocrx_word' id='word_1_323' title='bbox 1427 2529 1562 2585; x_wconf 89' lang='lat' dir='ltr'><strong>estis</strong></span> <span class='ocrx_word' id='word_1_324' title='bbox 1594 2548 1606 2584; x_wconf 90' lang='lat'><strong>:</strong></span> <span class='ocrx_word' id='word_1_325' title='bbox 1638 2530 1765 2601; x_wconf 87' lang='lat' dir='ltr'><strong>quia</strong></span> 
     </span>
    </p>
   </div>
   <div class='ocr_carea' id='block_1_39' title="bbox 168 2615 1766 2689">
    <p class='ocr_par' dir='ltr' id='par_1_39' title="bbox 168 2615 1766 2689">
     <span class='ocr_line' id='line_1_39' title="bbox 168 2615 1766 2689; baseline 0.005 -21"><span class='ocrx_word' id='word_1_326' title='bbox 168 2630 274 2686; x_wconf 89' lang='lat' dir='ltr'><strong>pro</strong></span> <span class='ocrx_word' id='word_1_327' title='bbox 296 2615 417 2683; x_wconf 84' lang='lat' dir='ltr'><strong>ejus</strong></span> <span class='ocrx_word' id='word_1_328' title='bbox 451 2616 624 2671; x_wconf 86' lang='lat' dir='ltr'><strong>salute</strong></span> <span class='ocrx_word' id='word_1_329' title='bbox 646 2618 942 2672; x_wconf 87' lang='lat' dir='ltr'><strong>secundum</strong></span> <span class='ocrx_word' id='word_1_330' title='bbox 981 2618 1141 2673; x_wconf 83' lang='lat' dir='ltr'><strong>ﬁdem</strong></span> <span class='ocrx_word' id='word_1_331' title='bbox 1166 2619 1498 2689; x_wconf 88' lang='lat' dir='ltr'><strong>promissam</strong></span> <span class='ocrx_word' id='word_1_332' title='bbox 1536 2636 1645 2676; x_wconf 91' lang='lat' dir='ltr'><strong>non</strong></span> <span class='ocrx_word' id='word_1_333' title='bbox 1683 2621 1766 2676; x_wconf 62' lang='lat' dir='ltr'><strong>la-</strong></span> 
     </span>
    </p>
   </div>
   <div class='ocr_carea' id='block_1_40' title="bbox 170 2705 1769 2777">
    <p class='ocr_par' dir='ltr' id='par_1_40' title="bbox 170 2705 1769 2777">
     <span class='ocr_line' id='line_1_40' title="bbox 170 2705 1769 2777; baseline 0.006 -17"><span class='ocrx_word' id='word_1_334' title='bbox 170 2705 402 2761; x_wconf 83' lang='lat' dir='ltr'><strong>boratis.</strong></span> <span class='ocrx_word' id='word_1_335' title='bbox 440 2706 651 2763; x_wconf 88' lang='lat' dir='ltr'><strong>Deinde</strong></span> <span class='ocrx_word' id='word_1_336' title='bbox 685 2709 1002 2777; x_wconf 90' lang='lat' dir='ltr'><strong>promittitis</strong></span> <span class='ocrx_word' id='word_1_337' title='bbox 1042 2709 1175 2763; x_wconf 85' lang='lat' dir='ltr'><strong>mihi</strong></span> <span class='ocrx_word' id='word_1_338' title='bbox 1213 2710 1580 2765; x_wconf 82' lang='lat' dir='ltr'><strong>venerabilem</strong></span> <span class='ocrx_word' id='word_1_339' title='bbox 1620 2727 1769 2769; x_wconf 86' lang='lat' dir='ltr'><strong>rece-</strong></span> 
     </span>
    </p>
   </div>
   <div class='ocr_carea' id='block_1_41' title="bbox 169 2796 1765 2870">
    <p class='ocr_par' dir='ltr' id='par_1_41' title="bbox 169 2796 1765 2870">
     <span class='ocr_line' id='line_1_41' title="bbox 169 2796 1765 2870; baseline 0.005 -21"><span class='ocrx_word' id='word_1_340' title='bbox 169 2796 436 2865; x_wconf 82' lang='lat' dir='ltr'><strong>ptionem,</strong></span> <span class='ocrx_word' id='word_1_341' title='bbox 477 2796 523 2851; x_wconf 90' lang='lat' dir='ltr'><strong>si</strong></span> <span class='ocrx_word' id='word_1_342' title='bbox 560 2804 743 2852; x_wconf 88' lang='lat' dir='ltr'><strong>tamen</strong></span> <span class='ocrx_word' id='word_1_343' title='bbox 781 2797 856 2852; x_wconf 89' lang='lat' dir='ltr'><strong>ita</strong></span> <span class='ocrx_word' id='word_1_344' title='bbox 882 2798 952 2852; x_wconf 90' lang='lat' dir='ltr'><strong>ad</strong></span> <span class='ocrx_word' id='word_1_345' title='bbox 978 2798 1146 2853; x_wconf 89' lang='lat' dir='ltr'><strong>illum</strong></span> <span class='ocrx_word' id='word_1_346' title='bbox 1176 2812 1397 2865; x_wconf 88' lang='lat' dir='ltr'><strong>venero,</strong></span> <span class='ocrx_word' id='word_1_347' title='bbox 1424 2807 1487 2853; x_wconf 91' lang='lat' dir='ltr'><strong>ut</strong></span> <span class='ocrx_word' id='word_1_348' title='bbox 1515 2799 1633 2870; x_wconf 87' lang='lat' dir='ltr'><strong>ejus</strong></span> <span class='ocrx_word' id='word_1_349' title='bbox 1672 2817 1765 2857; x_wconf 84' lang='lat' dir='ltr'><strong>vo-</strong></span> 
     </span>
    </p>
   </div>
   <div class='ocr_carea' id='block_1_42' title="bbox 1878 1883 3461 1958">
    <p class='ocr_par' dir='ltr' id='par_1_42' title="bbox 1878 1883 3461 1958">
     <span class='ocr_line' id='line_1_42' title="bbox 1878 1883 3461 1958; baseline -0.004 -15"><span class='ocrx_word' id='word_1_350' title='bbox 1878 1887 2135 1944; x_wconf 78' lang='lat' dir='ltr'><strong>mdtionis</strong></span> <span class='ocrx_word' id='word_1_351' title='bbox 2161 1896 2217 1943; x_wconf 90' lang='lat' dir='ltr'><strong>et</strong></span> <span class='ocrx_word' id='word_1_352' title='bbox 2238 1885 2674 1958; x_wconf 62' lang='lat' dir='ltr'><strong>depraedationis,</strong></span> <span class='ocrx_word' id='word_1_353' title='bbox 2703 1894 2759 1940; x_wconf 87' lang='lat' dir='ltr'><strong>et</strong></span> <span class='ocrx_word' id='word_1_354' title='bbox 2780 1884 3022 1940; x_wconf 84' lang='lat' dir='ltr'><strong>omnium</strong></span> <span class='ocrx_word' id='word_1_355' title='bbox 3049 1883 3316 1939; x_wconf 82' lang='lat' dir='ltr'><strong>malorum</strong></span> <span class='ocrx_word' id='word_1_356' title='bbox 3339 1898 3461 1952; x_wconf 72' lang='lat' dir='ltr'><strong>qum</strong></span> 
     </span>
    </p>
   </div>
   <div class='ocr_carea' id='block_1_43' title="bbox 1874 1973 3461 2053">
    <p class='ocr_par' dir='ltr' id='par_1_43' title="bbox 1874 1973 3461 2053">
     <span class='ocr_line' id='line_1_43' title="bbox 1874 1973 3461 2053; baseline -0.003 -20"><span class='ocrx_word' id='word_1_357' title='bbox 1874 1995 1974 2050; x_wconf 87' lang='lat' dir='ltr'><strong>per</strong></span> <span class='ocrx_word' id='word_1_358' title='bbox 2002 1978 2210 2053; x_wconf 83' lang='lat' dir='ltr'><strong>singula</strong></span> <span class='ocrx_word' id='word_1_359' title='bbox 2247 1979 2427 2033; x_wconf 84' lang='lat' dir='ltr'><strong>dicere</strong></span> <span class='ocrx_word' id='word_1_360' title='bbox 2470 1976 2687 2048; x_wconf 89' lang='lat' dir='ltr'><strong>longum</strong></span> <span class='ocrx_word' id='word_1_361' title='bbox 2734 1984 2839 2041; x_wconf 87' lang='lat' dir='ltr'><strong>est,</strong></span> <span class='ocrx_word' id='word_1_362' title='bbox 2888 1982 3044 2031; x_wconf 85' lang='lat' dir='ltr'><strong>extra</strong></span> <span class='ocrx_word' id='word_1_363' title='bbox 3090 1973 3329 2046; x_wconf 85' lang='lat' dir='ltr'><strong>perjuria</strong></span> <span class='ocrx_word' id='word_1_364' title='bbox 3379 1974 3461 2028; x_wconf 86' lang='lat' dir='ltr'><strong>in-</strong></span> 
     </span>
    </p>
   </div>
   <div class='ocr_carea' id='block_1_44' title="bbox 1874 2062 3457 2137">
    <p class='ocr_par' dir='ltr' id='par_1_44' title="bbox 1874 2062 3457 2137">
     <span class='ocr_line' id='line_1_44' title="bbox 1874 2062 3457 2137; baseline -0.005 -14"><span class='ocrx_word' id='word_1_365' title='bbox 1874 2083 2100 2123; x_wconf 88' lang='lat' dir='ltr'><strong>numera</strong></span> <span class='ocrx_word' id='word_1_366' title='bbox 2142 2077 2200 2124; x_wconf 84' lang='lat' dir='ltr'><strong>et</strong></span> <span class='ocrx_word' id='word_1_367' title='bbox 2240 2066 2367 2123; x_wconf 89' lang='lat' dir='ltr'><strong>ﬁdei</strong></span> <span class='ocrx_word' id='word_1_368' title='bbox 2421 2081 2484 2122; x_wconf 89' lang='lat' dir='ltr'><strong>ac</strong></span> <span class='ocrx_word' id='word_1_369' title='bbox 2532 2065 2684 2137; x_wconf 88' lang='lat' dir='ltr'><strong>pacis</strong></span> <span class='ocrx_word' id='word_1_370' title='bbox 2728 2063 3073 2136; x_wconf 82' lang='lat' dir='ltr'><strong>expulsiones</strong></span> <span class='ocrx_word' id='word_1_371' title='bbox 3118 2081 3131 2117; x_wconf 89' lang='lat'><strong>:</strong></span> <span class='ocrx_word' id='word_1_372' title='bbox 3172 2062 3280 2118; x_wconf 91' lang='lat' dir='ltr'><strong>alio</strong></span> <span class='ocrx_word' id='word_1_373' title='bbox 3326 2077 3457 2116; x_wconf 86' lang='lat' dir='ltr'><strong>vero</strong></span> 
     </span>
    </p>
   </div>
   <div class='ocr_carea' id='block_1_45' title="bbox 1873 2153 3456 2230">
    <p class='ocr_par' dir='ltr' id='par_1_45' title="bbox 1873 2153 3456 2230">
     <span class='ocr_line' id='line_1_45' title="bbox 1873 2153 3456 2230; baseline -0.007 -15"><span class='ocrx_word' id='word_1_374' title='bbox 1873 2160 2053 2226; x_wconf 90' lang='lat' dir='ltr'><strong>modo,</strong></span> <span class='ocrx_word' id='word_1_375' title='bbox 2100 2161 2230 2230; x_wconf 90' lang='lat' dir='ltr'><strong>quia</strong></span> <span class='ocrx_word' id='word_1_376' title='bbox 2263 2158 2493 2213; x_wconf 87' lang='lat' dir='ltr'><strong>necdum</strong></span> <span class='ocrx_word' id='word_1_377' title='bbox 2538 2156 2713 2221; x_wconf 90' lang='lat' dir='ltr'><strong>scitis,</strong></span> <span class='ocrx_word' id='word_1_378' title='bbox 2757 2163 2945 2209; x_wconf 86' lang='lat' dir='ltr'><strong>utrum</strong></span> <span class='ocrx_word' id='word_1_379' title='bbox 2989 2153 3063 2208; x_wconf 88' lang='lat' dir='ltr'><strong>sit</strong></span> <span class='ocrx_word' id='word_1_380' title='bbox 3101 2158 3456 2214; x_wconf 88' lang='lat' dir='ltr'><strong>commutata,</strong></span> 
     </span>
    </p>
   </div>
   <div class='ocr_carea' id='block_1_46' title="bbox 1873 2243 3454 2321">
    <p class='ocr_par' dir='ltr' id='par_1_46' title="bbox 1873 2243 3454 2321">
     <span class='ocr_line' id='line_1_46' title="bbox 1873 2243 3454 2321; baseline -0.008 -14"><span class='ocrx_word' id='word_1_381' title='bbox 1873 2267 1943 2307; x_wconf 91' lang='lat' dir='ltr'><strong>an</strong></span> <span class='ocrx_word' id='word_1_382' title='bbox 1977 2266 2074 2321; x_wconf 92' lang='lat' dir='ltr'><strong>per</strong></span> <span class='ocrx_word' id='word_1_383' title='bbox 2113 2265 2302 2305; x_wconf 86' lang='lat' dir='ltr'><strong>verum</strong></span> <span class='ocrx_word' id='word_1_384' title='bbox 2345 2262 2529 2319; x_wconf 84' lang='lat' dir='ltr'><strong>regem</strong></span> <span class='ocrx_word' id='word_1_385' title='bbox 2567 2255 2623 2301; x_wconf 88' lang='lat' dir='ltr'><strong>et</strong></span> <span class='ocrx_word' id='word_1_386' title='bbox 2650 2246 2939 2301; x_wconf 84' lang='lat' dir='ltr'><strong>Dominum</strong></span> <span class='ocrx_word' id='word_1_387' title='bbox 2972 2250 3193 2299; x_wconf 88' lang='lat' dir='ltr'><strong>maneat</strong></span> <span class='ocrx_word' id='word_1_388' title='bbox 3230 2243 3454 2298; x_wconf 82' lang='lat' dir='ltr'><strong>illibata.</strong></span> 
     </span>
    </p>
   </div>
   <div class='ocr_carea' id='block_1_47' title="bbox 1874 2332 3458 2406">
    <p class='ocr_par' dir='ltr' id='par_1_47' title="bbox 1874 2332 3458 2406">
     <span class='ocr_line' id='line_1_47' title="bbox 1874 2332 3458 2406; baseline -0.006 -10"><span class='ocrx_word' id='word_1_389' title='bbox 1874 2342 1979 2397; x_wconf 89' lang='lat' dir='ltr'><strong>Ista</strong></span> <span class='ocrx_word' id='word_1_390' title='bbox 2005 2340 2150 2395; x_wconf 90' lang='lat' dir='ltr'><strong>enim</strong></span> <span class='ocrx_word' id='word_1_391' title='bbox 2174 2337 2550 2402; x_wconf 81' lang='lat' dir='ltr'><strong>commutatio,</strong></span> <span class='ocrx_word' id='word_1_392' title='bbox 2577 2351 2741 2406; x_wconf 85' lang='lat' dir='ltr'><strong>quam</strong></span> <span class='ocrx_word' id='word_1_393' title='bbox 2770 2349 2866 2390; x_wconf 84' lang='lat' dir='ltr'><strong>vos</strong></span> <span class='ocrx_word' id='word_1_394' title='bbox 2892 2333 3071 2389; x_wconf 89' lang='lat' dir='ltr'><strong>dicitis</strong></span> <span class='ocrx_word' id='word_1_395' title='bbox 3089 2332 3245 2402; x_wconf 86' lang='lat' dir='ltr'><strong>juxta</strong></span> <span class='ocrx_word' id='word_1_396' title='bbox 3277 2346 3458 2387; x_wconf 87' lang='lat' dir='ltr'><strong>rerum</strong></span> 
     </span>
    </p>
   </div>
   <div class='ocr_carea' id='block_1_48' title="bbox 1870 2424 3461 2504">
    <p class='ocr_par' dir='ltr' id='par_1_48' title="bbox 1870 2424 3461 2504">
     <span class='ocr_line' id='line_1_48' title="bbox 1870 2424 3461 2504; baseline -0.006 -16"><span class='ocrx_word' id='word_1_397' title='bbox 1870 2430 2334 2504; x_wconf 80' lang='lat' dir='ltr'><strong>Opportunitatem</strong></span> <span class='ocrx_word' id='word_1_398' title='bbox 2372 2426 2597 2493; x_wconf 78' lang='lat' dir='ltr'><strong>iactam,</strong></span> <span class='ocrx_word' id='word_1_399' title='bbox 2646 2425 2769 2481; x_wconf 90' lang='lat' dir='ltr'><strong>inde</strong></span> <span class='ocrx_word' id='word_1_400' title='bbox 2812 2424 3157 2496; x_wconf 83' lang='lat' dir='ltr'><strong>cognoscitur</strong></span> <span class='ocrx_word' id='word_1_401' title='bbox 3194 2424 3320 2495; x_wconf 89' lang='lat' dir='ltr'><strong>quia</strong></span> <span class='ocrx_word' id='word_1_402' title='bbox 3351 2438 3461 2478; x_wconf 92' lang='lat' dir='ltr'><strong>non</strong></span> 
     </span>
    </p>
   </div>
   <div class='ocr_carea' id='block_1_49' title="bbox 1872 2515 3460 2593">
    <p class='ocr_par' dir='ltr' id='par_1_49' title="bbox 1872 2515 3460 2593">
     <span class='ocr_line' id='line_1_49' title="bbox 1872 2515 3460 2593; baseline -0.007 -14"><span class='ocrx_word' id='word_1_403' title='bbox 1872 2524 2034 2579; x_wconf 89' lang='lat' dir='ltr'><strong>fuerit</strong></span> <span class='ocrx_word' id='word_1_404' title='bbox 2064 2536 2161 2593; x_wconf 86' lang='lat' dir='ltr'><strong>per</strong></span> <span class='ocrx_word' id='word_1_405' title='bbox 2188 2521 2377 2584; x_wconf 89' lang='lat' dir='ltr'><strong>Deum,</strong></span> <span class='ocrx_word' id='word_1_406' title='bbox 2411 2518 2538 2588; x_wconf 85' lang='lat' dir='ltr'><strong>quia</strong></span> <span class='ocrx_word' id='word_1_407' title='bbox 2579 2516 2873 2573; x_wconf 88' lang='lat' dir='ltr'><strong>multorum</strong></span> <span class='ocrx_word' id='word_1_408' title='bbox 2914 2524 3265 2586; x_wconf 86' lang='lat' dir='ltr'><strong>peccatorum</strong></span> <span class='ocrx_word' id='word_1_409' title='bbox 3307 2515 3460 2587; x_wconf 82' lang='lat' dir='ltr'><strong>origo</strong></span> 
     </span>
    </p>
   </div>
   <div class='ocr_carea' id='block_1_50' title="bbox 1869 2605 3457 2679">
    <p class='ocr_par' dir='ltr' id='par_1_50' title="bbox 1869 2605 3457 2679">
     <span class='ocr_line' id='line_1_50' title="bbox 1869 2605 3457 2679; baseline -0.008 -6"><span class='ocrx_word' id='word_1_410' title='bbox 1869 2614 2074 2673; x_wconf 80' lang='lat' dir='ltr'><strong>existit.</strong></span> <span class='ocrx_word' id='word_1_411' title='bbox 2116 2612 2250 2667; x_wconf 85' lang='lat' dir='ltr'><strong>Illud</strong></span> <span class='ocrx_word' id='word_1_412' title='bbox 2285 2624 2521 2679; x_wconf 84' lang='lat' dir='ltr'><strong>namque</strong></span> <span class='ocrx_word' id='word_1_413' title='bbox 2558 2609 2701 2678; x_wconf 89' lang='lat' dir='ltr'><strong>quod</strong></span> <span class='ocrx_word' id='word_1_414' title='bbox 2734 2623 2833 2678; x_wconf 92' lang='lat' dir='ltr'><strong>per</strong></span> <span class='ocrx_word' id='word_1_415' title='bbox 2872 2606 3212 2662; x_wconf 79' lang='lat' dir='ltr'><strong>voluntatem</strong></span> <span class='ocrx_word' id='word_1_416' title='bbox 3237 2605 3332 2660; x_wconf 88' lang='lat' dir='ltr'><strong>Dei</strong></span> <span class='ocrx_word' id='word_1_417' title='bbox 3369 2605 3457 2670; x_wconf 88' lang='lat' dir='ltr'><strong>ﬁt,</strong></span> 
     </span>
    </p>
   </div>
   <div class='ocr_carea' id='block_1_51' title="bbox 1868 2698 3458 2779">
    <p class='ocr_par' dir='ltr' id='par_1_51' title="bbox 1868 2698 3458 2779">
     <span class='ocr_line' id='line_1_51' title="bbox 1868 2698 3458 2779; baseline -0.008 -14"><span class='ocrx_word' id='word_1_418' title='bbox 1868 2709 2185 2779; x_wconf 85' lang='lat' dir='ltr'><strong>plerumque</strong></span> <span class='ocrx_word' id='word_1_419' title='bbox 2215 2717 2381 2759; x_wconf 88' lang='lat' dir='ltr'><strong>causa</strong></span> <span class='ocrx_word' id='word_1_420' title='bbox 2409 2707 2495 2759; x_wconf 89' lang='lat' dir='ltr'><strong>est</strong></span> <span class='ocrx_word' id='word_1_421' title='bbox 2521 2714 2793 2771; x_wconf 71' lang='lat' dir='ltr'><strong>pressurae</strong></span> <span class='ocrx_word' id='word_1_422' title='bbox 2821 2708 2877 2755; x_wconf 90' lang='lat' dir='ltr'><strong>et</strong></span> <span class='ocrx_word' id='word_1_423' title='bbox 2902 2698 3331 2769; x_wconf 84' lang='lat' dir='ltr'><strong>persecutionis;</strong></span> <span class='ocrx_word' id='word_1_424' title='bbox 3385 2700 3458 2753; x_wconf 88' lang='lat' dir='ltr'><strong>si-</strong></span> 
     </span>
    </p>
   </div>
   <div class='ocr_carea' id='block_1_52' title="bbox 1867 2788 3462 2860">
    <p class='ocr_par' dir='ltr' id='par_1_52' title="bbox 1867 2788 3462 2860">
     <span class='ocr_line' id='line_1_52' title="bbox 1867 2788 3462 2860; baseline -0.006 -6"><span class='ocrx_word' id='word_1_425' title='bbox 1867 2807 1959 2855; x_wconf 88' lang='lat' dir='ltr'><strong>cut</strong></span> <span class='ocrx_word' id='word_1_426' title='bbox 1984 2796 2185 2852; x_wconf 87' lang='lat' dir='ltr'><strong>factum</strong></span> <span class='ocrx_word' id='word_1_427' title='bbox 2220 2799 2304 2849; x_wconf 89' lang='lat' dir='ltr'><strong>est</strong></span> <span class='ocrx_word' id='word_1_428' title='bbox 2330 2791 2617 2847; x_wconf 85' lang='lat' dir='ltr'><strong>adversum</strong></span> <span class='ocrx_word' id='word_1_429' title='bbox 2651 2797 2873 2845; x_wconf 89' lang='lat' dir='ltr'><strong>sanctos</strong></span> <span class='ocrx_word' id='word_1_430' title='bbox 2909 2788 3204 2860; x_wconf 87' lang='lat' dir='ltr'><strong>apostolos.</strong></span> <span class='ocrx_word' id='word_1_431' title='bbox 3236 2797 3291 2845; x_wconf 90' lang='lat' dir='ltr'><strong>et</strong></span> <span class='ocrx_word' id='word_1_432' title='bbox 3318 2805 3462 2844; x_wconf 88' lang='lat' dir='ltr'><strong>mar-</strong></span> 
     </span>
    </p>
   </div>
   <div class='ocr_carea' id='block_1_53' title="bbox 1560 2905 2104 2968">
    <p class='ocr_par' dir='ltr' id='par_1_53' title="bbox 1560 2905 2104 2968">
     <span class='ocr_line' id='line_1_53' title="bbox 1560 2905 2104 2968; baseline -0.007 -4"><span class='ocrx_word' id='word_1_433' title='bbox 1560 2909 1835 2968; x_wconf 79' lang='lat' dir='ltr'><strong>BALUZII</strong></span> <span class='ocrx_word' id='word_1_434' title='bbox 1872 2905 2104 2967; x_wconf 66' lang='lat' dir='ltr'><strong>NOTAE.</strong></span> 
     </span>
    </p>
   </div>
   <div class='ocr_carea' id='block_1_54' title="bbox 169 3000 1761 3072">
    <p class='ocr_par' dir='ltr' id='par_1_54' title="bbox 169 3000 1761 3072">
     <span class='ocr_line' id='line_1_54' title="bbox 169 3000 1761 3072; baseline 0.002 -18"><span class='ocrx_word' id='word_1_435' title='bbox 169 3014 354 3072; x_wconf 76' lang='lat' dir='ltr'><strong>vrcum</strong></span> <span class='ocrx_word' id='word_1_436' title='bbox 387 3011 445 3054; x_wconf 91' lang='lat' dir='ltr'><strong>et</strong></span> <span class='ocrx_word' id='word_1_437' title='bbox 488 3000 801 3072; x_wconf 11' lang='lat' dir='ltr'><strong>Lothﬁarium</strong></span> <span class='ocrx_word' id='word_1_438' title='bbox 851 3001 1224 3072; x_wconf 86' lang='lat' dir='ltr'><strong>imperatores,</strong></span> <span class='ocrx_word' id='word_1_439' title='bbox 1270 3002 1657 3072; x_wconf 89' lang='lat' dir='ltr'><strong>quuentesque</strong></span> <span class='ocrx_word' id='word_1_440' title='bbox 1696 3003 1761 3058; x_wconf 91' lang='lat' dir='ltr'><strong>de</strong></span> 
     </span>
    </p>
   </div>
   <div class='ocr_carea' id='block_1_55' title="bbox 1868 2990 3461 3074">
    <p class='ocr_par' dir='ltr' id='par_1_55' title="bbox 1868 2990 3461 3074">
     <span class='ocr_line' id='line_1_55' title="bbox 1868 2990 3461 3074; baseline -0.005 -20"><span class='ocrx_word' id='word_1_441' title='bbox 1868 3010 1941 3074; x_wconf 79' lang='lat' dir='ltr'><strong>ta.</strong></span> <span class='ocrx_word' id='word_1_442' title='bbox 1968 2998 2058 3052; x_wconf 87' lang='lat' dir='ltr'><strong>Ait</strong></span> <span class='ocrx_word' id='word_1_443' title='bbox 2086 2996 2230 3074; x_wconf 83' lang='lat' dir='ltr'><strong>enim</strong></span> <span class='ocrx_word' id='word_1_444' title='bbox 2246 2991 2607 3074; x_wconf 53' lang='lat' dir='ltr'><strong>:lvulteeniin</strong></span> <span class='ocrx_word' id='word_1_445' title='bbox 2629 2991 2783 3074; x_wconf 73' lang='lat' dir='ltr'><strong>modo</strong></span> <span class='ocrx_word' id='word_1_446' title='bbox 2805 2991 2927 3074; x_wconf 81' lang='lat' dir='ltr'><strong>ﬁeri</strong></span> <span class='ocrx_word' id='word_1_447' title='bbox 2944 2999 3130 3063; x_wconf 82' lang='lat' dir='ltr'><strong>potest,</strong></span> <span class='ocrx_word' id='word_1_448' title='bbox 3149 3000 3210 3074; x_wconf 45' lang='lat' dir='ltr'><strong>‘ut</strong></span> <span class='ocrx_word' id='word_1_449' title='bbox 3229 2992 3275 3074; x_wconf 52' lang='grc' dir='ltr'><strong>μί</strong></span> <span class='ocrx_word' id='word_1_450' title='bbox 3302 2990 3346 3046; x_wconf 84' lang='lat' dir='ltr'><strong>is</strong></span> <span class='ocrx_word' id='word_1_451' title='bbox 3369 2994 3461 3074; x_wconf 71' lang='lat' dir='ltr'><strong>qui</strong></span> 
     </span>
    </p>
   </div>
   <div class='ocr_carea' id='block_1_56' title="bbox 172 3060 3459 3152">
    <p class='ocr_par' dir='ltr' id='par_1_56' title="bbox 172 3060 3459 3152">
     <span class='ocr_line' id='line_1_56' title="bbox 172 3060 3459 3152; baseline -0.003 -28"><span class='ocrx_word' id='word_1_452' title='bbox 172 3071 425 3152; x_wconf 71' lang='lat' dir='ltr'><strong>Romano</strong></span> <span class='ocrx_word' id='word_1_453' title='bbox 450 3071 725 3152; x_wconf 78' lang='lat' dir='ltr'><strong>pontifiee,</strong></span> <span class='ocrx_word' id='word_1_454' title='bbox 775 3060 1121 3152; x_wconf 50' lang='lat' dir='ltr'><strong>quem-fama</strong></span> <span class='ocrx_word' id='word_1_455' title='bbox 1166 3060 1287 3152; x_wconf 77' lang='lat' dir='ltr'><strong>erat</strong></span> <span class='ocrx_word' id='word_1_456' title='bbox 1333 3060 1516 3152; x_wconf 67' lang='lat' dir='ltr'><strong>favere</strong></span> <span class='ocrx_word' id='word_1_457' title='bbox 1568 3060 1758 3152; x_wconf 77' lang='lat' dir='ltr'><strong>eorum</strong></span> <span class='ocrx_word' id='word_1_458' title='bbox 1787 3077 1831 3139; x_wconf 70' lang='grc' dir='ltr'>ε</span> <span class='ocrx_word' id='word_1_459' title='bbox 1863 3070 2039 3152; x_wconf 67' lang='lat' dir='ltr'><strong>{acum</strong></span> <span class='ocrx_word' id='word_1_460' title='bbox 2075 3067 2213 3152; x_wconf 57' lang='lat' dir='ltr'><strong>beati</strong></span> <span class='ocrx_word' id='word_1_461' title='bbox 2258 3063 2600 3152; x_wconf 27' lang='lat' dir='ltr'><strong>Petri‘tege‘tj,</strong></span> <span class='ocrx_word' id='word_1_462' title='bbox 2641 3060 3304 3152; x_wconf 39' lang='lat' dir='ltr'><strong>eqltenerajttrh-catﬁedia</strong></span> <span class='ocrx_word' id='word_1_463' title='bbox 3345 3060 3459 3152; x_wconf 53' lang='lat' dir='ltr'><strong>eius</strong></span> 
     </span>
    </p>
   </div>
   <div class='ocr_carea' id='block_1_57' title="bbox 168 3140 1753 3213">
    <p class='ocr_par' dir='ltr' id='par_1_57' title="bbox 168 3140 1753 3213">
     <span class='ocr_line' id='line_1_57' title="bbox 168 3140 1753 3213; baseline 0.003 -20"><span class='ocrx_word' id='word_1_464' title='bbox 168 3142 416 3213; x_wconf 68' lang='lat' dir='ltr'><strong>opinioni</strong></span> <span class='ocrx_word' id='word_1_465' title='bbox 454 3140 546 3210; x_wconf 92' lang='lat' dir='ltr'><strong>qui</strong></span> <span class='ocrx_word' id='word_1_466' title='bbox 587 3140 891 3213; x_wconf 86' lang='lat' dir='ltr'><strong>adorandas</strong></span> <span class='ocrx_word' id='word_1_467' title='bbox 931 3142 1527 3213; x_wconf 78' lang='lat' dir='ltr'><strong>putabant__iinagines,</strong></span> <span class='ocrx_word' id='word_1_468' title='bbox 1572 3144 1753 3197; x_wconf 87' lang='lat' dir='ltr'><strong>aiunt:</strong></span> 
     </span>
    </p>
   </div>
   <div class='ocr_carea' id='block_1_58' title="bbox 176 3210 1758 3280">
    <p class='ocr_par' dir='ltr' id='par_1_58' title="bbox 176 3210 1758 3280">
     <span class='ocr_line' id='line_1_58' title="bbox 176 3210 1758 3280; baseline 0.004 -20"><span class='ocrx_word' id='word_1_469' title='bbox 176 3232 193 3260; x_wconf 81' lang='grc' dir='ltr'><strong>ι</strong></span> <span class='ocrx_word' id='word_1_470' title='bbox 218 3210 505 3265; x_wconf 80' lang='lat' dir='ltr'><strong>Credimus</strong></span> <span class='ocrx_word' id='word_1_471' title='bbox 527 3225 677 3280; x_wconf 88' lang='lat' dir='ltr'><strong>sane,</strong></span> <span class='ocrx_word' id='word_1_472' title='bbox 698 3211 823 3279; x_wconf 89' lang='lat' dir='ltr'><strong>quia</strong></span> <span class='ocrx_word' id='word_1_473' title='bbox 844 3224 1149 3279; x_wconf 81' lang='lat' dir='ltr'><strong>quanquam</strong></span> <span class='ocrx_word' id='word_1_474' title='bbox 1176 3210 1451 3280; x_wconf 50' lang='lat' dir='ltr'><strong>aliqua&#39;ex</strong></span> <span class='ocrx_word' id='word_1_475' title='bbox 1488 3222 1641 3280; x_wconf 89' lang='lat' dir='ltr'><strong>parte</strong></span> <span class='ocrx_word' id='word_1_476' title='bbox 1664 3228 1758 3267; x_wconf 86' lang='lat' dir='ltr'><strong>su-</strong></span> 
     </span>
    </p>
   </div>
   <div class='ocr_carea' id='block_1_59' title="bbox 242 3278 1759 3337">
    <p class='ocr_par' dir='ltr' id='par_1_59' title="bbox 242 3278 1759 3337">
     <span class='ocr_line' id='line_1_59' title="bbox 242 3278 1759 3337; baseline 0.003 -5"><span class='ocrx_word' id='word_1_477' title='bbox 242 3280 535 3334; x_wconf 82' lang='lat' dir='ltr'><strong>rstitiosam</strong></span> <span class='ocrx_word' id='word_1_478' title='bbox 563 3279 666 3334; x_wconf 88' lang='lat' dir='ltr'><strong>sibi</strong></span> <span class='ocrx_word' id='word_1_479' title='bbox 697 3278 1137 3335; x_wconf 80' lang='lat' dir='ltr'><strong>consuetudinem</strong></span> <span class='ocrx_word' id='word_1_480' title='bbox 1171 3278 1310 3335; x_wconf 85' lang='lat' dir='ltr'><strong>forte</strong></span> <span class='ocrx_word' id='word_1_481' title='bbox 1348 3278 1625 3336; x_wconf 78' lang='lat' dir='ltr'><strong>vindicare</strong></span> <span class='ocrx_word' id='word_1_482' title='bbox 1664 3296 1759 3337; x_wconf 82' lang='lat' dir='ltr'><strong>ve-</strong></span> 
     </span>
    </p>
   </div>
   <div class='ocr_carea' id='block_1_60' title="bbox 190 3349 1758 3421">
    <p class='ocr_par' dir='ltr' id='par_1_60' title="bbox 190 3349 1758 3421">
     <span class='ocr_line' id='line_1_60' title="bbox 190 3349 1758 3421; baseline 0.002 -18"><span class='ocrx_word' id='word_1_483' title='bbox 190 3352 291 3413; x_wconf 89' lang='lat' dir='ltr'><strong>iut,</strong></span> <span class='ocrx_word' id='word_1_484' title='bbox 317 3349 621 3404; x_wconf 87' lang='lat' dir='ltr'><strong>nullatenus</strong></span> <span class='ocrx_word' id='word_1_485' title='bbox 667 3360 848 3421; x_wconf 83' lang='lat' dir='ltr'><strong>tamen</strong></span> <span class='ocrx_word' id='word_1_486' title='bbox 889 3351 957 3421; x_wconf 83' lang='lat' dir='ltr'><strong>ab</strong></span> <span class='ocrx_word' id='word_1_487' title='bbox 980 3350 1184 3421; x_wconf 75' lang='lat' dir='ltr'><strong>eadem</strong></span> <span class='ocrx_word' id='word_1_488' title='bbox 1234 3352 1361 3405; x_wconf 90' lang='lat' dir='ltr'><strong>sede</strong></span> <span class='ocrx_word' id='word_1_489' title='bbox 1401 3350 1565 3421; x_wconf 83' lang='lat' dir='ltr'><strong>aliter</strong></span> <span class='ocrx_word' id='word_1_490' title='bbox 1595 3366 1758 3421; x_wconf 84' lang='lat' dir='ltr'><strong>quam</strong></span> 
     </span>
    </p>
   </div>
   <div class='ocr_carea' id='block_1_61' title="bbox 168 3418 1758 3491">
    <p class='ocr_par' dir='ltr' id='par_1_61' title="bbox 168 3418 1758 3491">
     <span class='ocr_line' id='line_1_61' title="bbox 168 3418 1758 3491; baseline 0.001 -17"><span class='ocrx_word' id='word_1_491' title='bbox 168 3422 469 3474; x_wconf 85' lang='lat' dir='ltr'><strong>auctoritas</strong></span> <span class='ocrx_word' id='word_1_492' title='bbox 505 3428 559 3473; x_wconf 93' lang='lat' dir='ltr'><strong>et</strong></span> <span class='ocrx_word' id='word_1_493' title='bbox 589 3419 874 3491; x_wconf 19' lang='lat' dir='ltr'><strong>veritasgse</strong></span> <span class='ocrx_word' id='word_1_494' title='bbox 907 3418 1071 3491; x_wconf 78' lang='lat' dir='ltr'><strong>habet</strong></span> <span class='ocrx_word' id='word_1_495' title='bbox 1096 3458 1110 3483; x_wconf 94' lang='lat'><strong>,</strong></span> <span class='ocrx_word' id='word_1_496' title='bbox 1140 3421 1397 3491; x_wconf 86' lang='lat' dir='ltr'><strong>mandare</strong></span> <span class='ocrx_word' id='word_1_497' title='bbox 1440 3421 1493 3474; x_wconf 89' lang='lat' dir='ltr'><strong>in</strong></span> <span class='ocrx_word' id='word_1_498' title='bbox 1520 3418 1758 3491; x_wconf 68' lang='lat' dir='ltr'><strong>aliquam</strong></span> 
     </span>
    </p>
   </div>
   <div class='ocr_carea' id='block_1_62' title="bbox 167 3488 1759 3559">
    <p class='ocr_par' dir='ltr' id='par_1_62' title="bbox 167 3488 1759 3559">
     <span class='ocr_line' id='line_1_62' title="bbox 167 3488 1759 3559; baseline 0.002 -17"><span class='ocrx_word' id='word_1_499' title='bbox 167 3498 383 3559; x_wconf 83' lang='lat' dir='ltr'><strong>partem</strong></span> <span class='ocrx_word' id='word_1_500' title='bbox 434 3497 741 3559; x_wconf 58' lang='lat' dir='ltr'><strong>praesumet.</strong></span> <span class='ocrx_word' id='word_1_501' title='bbox 791 3488 1077 3559; x_wconf 79' lang='lat' dir='ltr'><strong>Verebitur</strong></span> <span class='ocrx_word' id='word_1_502' title='bbox 1118 3489 1380 3557; x_wconf 86' lang='lat' dir='ltr'><strong>siquidem</strong></span> <span class='ocrx_word' id='word_1_503' title='bbox 1435 3488 1759 3559; x_wconf 82' lang='lat' dir='ltr'><strong>potestatem</strong></span> 
     </span>
    </p>
   </div>
   <div class='ocr_carea' id='block_1_63' title="bbox 167 3557 1752 3621">
    <p class='ocr_par' dir='ltr' id='par_1_63' title="bbox 167 3557 1752 3621">
     <span class='ocr_line' id='line_1_63' title="bbox 167 3557 1752 3621; baseline 0.003 -12"><span class='ocrx_word' id='word_1_504' title='bbox 167 3557 818 3620; x_wconf 60' lang='lat' dir='ltr'><strong>vestram,&#39;auctoritatem</strong></span> <span class='ocrx_word' id='word_1_505' title='bbox 842 3557 1000 3621; x_wconf 84' lang='lat' dir='ltr'><strong>sedis,</strong></span> <span class='ocrx_word' id='word_1_506' title='bbox 1019 3565 1073 3612; x_wconf 89' lang='lat' dir='ltr'><strong>et</strong></span> <span class='ocrx_word' id='word_1_507' title='bbox 1098 3560 1405 3613; x_wconf 87' lang='lat' dir='ltr'><strong>testimonia</strong></span> <span class='ocrx_word' id='word_1_508' title='bbox 1437 3557 1705 3614; x_wconf 44' lang='lat' dir='ltr'><strong>‘veritatis.</strong></span> <span class='ocrx_word' id='word_1_509' title='bbox 1734 3579 1752 3613; x_wconf 73' lang='grc' dir='ltr'><strong>ι</strong></span> 
     </span>
    </p>
   </div>
   <div class='ocr_carea' id='block_1_64' title="bbox 167 3626 1759 3697">
    <p class='ocr_par' dir='ltr' id='par_1_64' title="bbox 167 3626 1759 3697">
     <span class='ocr_line' id='line_1_64' title="bbox 167 3626 1759 3697; baseline 0.001 -15"><span class='ocrx_word' id='word_1_510' title='bbox 167 3629 443 3694; x_wconf 80' lang='lat' dir='ltr'><strong>Auxilius,</strong></span> <span class='ocrx_word' id='word_1_511' title='bbox 469 3628 561 3697; x_wconf 86' lang='lat' dir='ltr'><strong>qui</strong></span> <span class='ocrx_word' id='word_1_512' title='bbox 591 3627 690 3682; x_wconf 88' lang='lat' dir='ltr'><strong>sub</strong></span> <span class='ocrx_word' id='word_1_513' title='bbox 723 3626 981 3682; x_wconf 78' lang='lat' dir='ltr'><strong>Formosa</strong></span> <span class='ocrx_word' id='word_1_514' title='bbox 1020 3643 1155 3697; x_wconf 85' lang='lat' dir='ltr'><strong>papa</strong></span> <span class='ocrx_word' id='word_1_515' title='bbox 1196 3626 1376 3682; x_wconf 86' lang='lat' dir='ltr'><strong>ﬂoruit</strong></span> <span class='ocrx_word' id='word_1_516' title='bbox 1396 3669 1410 3691; x_wconf 90' lang='lat'><strong>,</strong></span> <span class='ocrx_word' id='word_1_517' title='bbox 1447 3628 1585 3683; x_wconf 90' lang='lat' dir='ltr'><strong>libro</strong></span> <span class='ocrx_word' id='word_1_518' title='bbox 1614 3646 1652 3684; x_wconf 88' lang='grc' dir='ltr'><strong>ιι</strong></span> <span class='ocrx_word' id='word_1_519' title='bbox 1684 3630 1759 3685; x_wconf 91' lang='lat' dir='ltr'><strong>De</strong></span> 
     </span>
    </p>
   </div>
   <div class='ocr_carea' id='block_1_65' title="bbox 164 3696 1758 3767">
    <p class='ocr_par' dir='ltr' id='par_1_65' title="bbox 164 3696 1758 3767">
     <span class='ocr_line' id='line_1_65' title="bbox 164 3696 1758 3767; baseline 0.001 -16"><span class='ocrx_word' id='word_1_520' title='bbox 164 3700 285 3767; x_wconf 87' lang='lat' dir='ltr'><strong>ejus</strong></span> <span class='ocrx_word' id='word_1_521' title='bbox 336 3696 942 3767; x_wconf 79' lang='lat' dir='ltr'><strong>Ordinationibus,cap.</strong></span> <span class='ocrx_word' id='word_1_522' title='bbox 1000 3696 1064 3751; x_wconf 62' lang='grc'><strong>1⁷8</strong></span> <span class='ocrx_word' id='word_1_523' title='bbox 1084 3696 1322 3767; x_wconf 73' lang='grc' dir='ltr'>έιΑΙὶιιιΙ</span> <span class='ocrx_word' id='word_1_524' title='bbox 1373 3708 1496 3752; x_wconf 89' lang='lat' dir='ltr'><strong>sunt</strong></span> <span class='ocrx_word' id='word_1_525' title='bbox 1541 3698 1758 3767; x_wconf 84' lang='lat' dir='ltr'><strong>pontiﬁ-</strong></span> 
     </span>
    </p>
   </div>
   <div class='ocr_carea' id='block_1_66' title="bbox 164 3766 1759 3846">
    <p class='ocr_par' dir='ltr' id='par_1_66' title="bbox 164 3766 1759 3846">
     <span class='ocr_line' id='line_1_66' title="bbox 164 3766 1759 3846; baseline 0 -24"><span class='ocrx_word' id='word_1_526' title='bbox 164 3766 315 3846; x_wconf 74' lang='lat' dir='ltr'><strong>cales</strong></span> <span class='ocrx_word' id='word_1_527' title='bbox 342 3767 521 3846; x_wconf 80' lang='lat' dir='ltr'><strong>sedes,</strong></span> <span class='ocrx_word' id='word_1_528' title='bbox 540 3766 690 3846; x_wconf 62' lang='lat' dir='ltr'><strong>aliud</strong></span> <span class='ocrx_word' id='word_1_529' title='bbox 717 3766 1142 3846; x_wconf 55' lang='lat' dir='ltr'><strong>preesidentes._3</strong></span> <span class='ocrx_word' id='word_1_530' title='bbox 1177 3766 1475 3846; x_wconf 69' lang='lat' dir='ltr'><strong>Discrimen</strong></span> <span class='ocrx_word' id='word_1_531' title='bbox 1510 3766 1759 3846; x_wconf 77' lang='lat' dir='ltr'><strong>illudag—</strong></span> 
     </span>
    </p>
   </div>
   <div class='ocr_carea' id='block_1_67' title="bbox 166 3834 1752 3905">
    <p class='ocr_par' dir='ltr' id='par_1_67' title="bbox 166 3834 1752 3905">
     <span class='ocr_line' id='line_1_67' title="bbox 166 3834 1752 3905; baseline 0.001 -16"><span class='ocrx_word' id='word_1_532' title='bbox 166 3838 321 3890; x_wconf 83' lang='lat' dir='ltr'><strong>novit</strong></span> <span class='ocrx_word' id='word_1_533' title='bbox 351 3837 515 3892; x_wconf 86' lang='lat' dir='ltr'><strong>etiam</strong></span> <span class='ocrx_word' id='word_1_534' title='bbox 540 3834 804 3905; x_wconf 82' lang='lat' dir='ltr'><strong>Baronius</strong></span> <span class='ocrx_word' id='word_1_535' title='bbox 827 3835 880 3888; x_wconf 91' lang='lat' dir='ltr'><strong>in</strong></span> <span class='ocrx_word' id='word_1_536' title='bbox 904 3850 1063 3905; x_wconf 82' lang='lat' dir='ltr'><strong>causa</strong></span> <span class='ocrx_word' id='word_1_537' title='bbox 1094 3834 1386 3890; x_wconf 81' lang='lat' dir='ltr'><strong>Marcellini</strong></span> <span class='ocrx_word' id='word_1_538' title='bbox 1425 3852 1593 3905; x_wconf 60' lang='lat' dir='ltr'><strong>piipte,</strong></span> <span class='ocrx_word' id='word_1_539' title='bbox 1626 3834 1752 3891; x_wconf 77' lang='lat' dir='ltr'><strong>dum</strong></span> 
     </span>
    </p>
   </div>
   <div class='ocr_carea' id='block_1_68' title="bbox 162 3904 1757 3975">
    <p class='ocr_par' dir='ltr' id='par_1_68' title="bbox 162 3904 1757 3975">
     <span class='ocr_line' id='line_1_68' title="bbox 162 3904 1757 3975; baseline 0.001 -18"><span class='ocrx_word' id='word_1_540' title='bbox 162 3907 243 3959; x_wconf 87' lang='lat' dir='ltr'><strong>ait</strong></span> <span class='ocrx_word' id='word_1_541' title='bbox 263 3907 477 3975; x_wconf 87' lang='lat' dir='ltr'><strong>lapsum</strong></span> <span class='ocrx_word' id='word_1_542' title='bbox 507 3904 647 3975; x_wconf 87' lang='lat' dir='ltr'><strong>ejus,</strong></span> <span class='ocrx_word' id='word_1_543' title='bbox 678 3904 1071 3975; x_wconf 73' lang='lat' dir='ltr'><strong>quantumlibet</strong></span> <span class='ocrx_word' id='word_1_544' title='bbox 1086 3906 1339 3975; x_wconf 80' lang='lat' dir='ltr'><strong>evenisse</strong></span> <span class='ocrx_word' id='word_1_545' title='bbox 1372 3904 1610 3975; x_wconf 80' lang='lat' dir='ltr'><strong>putetur,</strong></span> <span class='ocrx_word' id='word_1_546' title='bbox 1640 3907 1757 3961; x_wconf 84' lang='lat' dir='ltr'><strong>nul-</strong></span> 
     </span>
    </p>
   </div>
   <div class='ocr_carea' id='block_1_69' title="bbox 165 3972 1757 4045">
    <p class='ocr_par' dir='ltr' id='par_1_69' title="bbox 165 3972 1757 4045">
     <span class='ocr_line' id='line_1_69' title="bbox 165 3972 1757 4045; baseline 0.002 -17"><span class='ocrx_word' id='word_1_547' title='bbox 165 3976 279 4029; x_wconf 87' lang='lat' dir='ltr'><strong>lum</strong></span> <span class='ocrx_word' id='word_1_548' title='bbox 306 3972 687 4045; x_wconf 7' lang='lat' dir='ltr'><strong>przejudiciumg</strong></span> <span class='ocrx_word' id='word_1_549' title='bbox 706 3972 899 4045; x_wconf 84' lang='lat' dir='ltr'><strong>afferre</strong></span> <span class='ocrx_word' id='word_1_550' title='bbox 921 3973 1201 4045; x_wconf 67' lang='lat' dir='ltr'><strong>catholicae</strong></span> <span class='ocrx_word' id='word_1_551' title='bbox 1224 3972 1472 4039; x_wconf 74' lang='lat' dir='ltr'><strong>veritati;</strong></span> <span class='ocrx_word' id='word_1_552' title='bbox 1495 3975 1757 4045; x_wconf 65' lang='lat' dir='ltr'><strong>alicrtque</strong></span> 
     </span>
    </p>
   </div>
   <div class='ocr_carea' id='block_1_70' title="bbox 164 4043 1757 4112">
    <p class='ocr_par' dir='ltr' id='par_1_70' title="bbox 164 4043 1757 4112">
     <span class='ocr_line' id='line_1_70' title="bbox 164 4043 1757 4112; baseline 0.001 -14"><span class='ocrx_word' id='word_1_553' title='bbox 164 4043 348 4101; x_wconf 77' lang='lat' dir='ltr'><strong>locum</strong></span> <span class='ocrx_word' id='word_1_554' title='bbox 378 4043 713 4107; x_wconf 88' lang='lat' dir='ltr'><strong>Tertulliani,</strong></span> <span class='ocrx_word' id='word_1_555' title='bbox 739 4058 803 4097; x_wconf 77' lang='lat' dir='ltr'><strong>ex</strong></span> <span class='ocrx_word' id='word_1_556' title='bbox 829 4044 965 4099; x_wconf 84' lang='lat' dir='ltr'><strong>libro</strong></span> <span class='ocrx_word' id='word_1_557' title='bbox 992 4045 1057 4097; x_wconf 91' lang='lat' dir='ltr'><strong>de</strong></span> <span class='ocrx_word' id='word_1_558' title='bbox 1083 4043 1497 4112; x_wconf 63' lang='lat' dir='ltr'><strong>Praescriptione</strong></span> <span class='ocrx_word' id='word_1_559' title='bbox 1545 4043 1757 4100; x_wconf 71' lang='lat' dir='ltr'><strong>luet-eti-</strong></span> 
     </span>
    </p>
   </div>
   <div class='ocr_carea' id='block_1_71' title="bbox 164 4114 1758 4184">
    <p class='ocr_par' dir='ltr' id='par_1_71' title="bbox 164 4114 1758 4184">
     <span class='ocr_line' id='line_1_71' title="bbox 164 4114 1758 4184; baseline -0.001 -14"><span class='ocrx_word' id='word_1_560' title='bbox 164 4131 382 4179; x_wconf 86' lang='lat' dir='ltr'><strong>corum,</strong></span> <span class='ocrx_word' id='word_1_561' title='bbox 424 4115 517 4170; x_wconf 91' lang='lat' dir='ltr'><strong>ubi</strong></span> <span class='ocrx_word' id='word_1_562' title='bbox 548 4115 629 4169; x_wconf 90' lang='lat' dir='ltr'><strong>sic</strong></span> <span class='ocrx_word' id='word_1_563' title='bbox 673 4114 934 4184; x_wconf 78' lang='lat' dir='ltr'><strong>scriptum</strong></span> <span class='ocrx_word' id='word_1_564' title='bbox 974 4121 1088 4167; x_wconf 88' lang='lat' dir='ltr'><strong>est:</strong></span> <span class='ocrx_word' id='word_1_565' title='bbox 1114 4114 1235 4184; x_wconf 68' lang='lat' dir='ltr'><strong>«Ex</strong></span> <span class='ocrx_word' id='word_1_566' title='bbox 1279 4116 1526 4183; x_wconf 86' lang='lat' dir='ltr'><strong>personis</strong></span> <span class='ocrx_word' id='word_1_567' title='bbox 1564 4118 1758 4184; x_wconf 79' lang='lat' dir='ltr'><strong>proba-</strong></span> 
     </span>
    </p>
   </div>
   <div class='ocr_carea' id='block_1_72' title="bbox 163 4182 1756 4252">
    <p class='ocr_par' dir='ltr' id='par_1_72' title="bbox 163 4182 1756 4252">
     <span class='ocr_line' id='line_1_72' title="bbox 163 4182 1756 4252; baseline 0.001 -13"><span class='ocrx_word' id='word_1_568' title='bbox 163 4200 288 4239; x_wconf 87' lang='lat' dir='ltr'><strong>mus</strong></span> <span class='ocrx_word' id='word_1_569' title='bbox 320 4184 505 4247; x_wconf 76' lang='lat' dir='ltr'><strong>ﬁdem,</strong></span> <span class='ocrx_word' id='word_1_570' title='bbox 537 4199 605 4238; x_wconf 90' lang='lat' dir='ltr'><strong>an</strong></span> <span class='ocrx_word' id='word_1_571' title='bbox 632 4198 699 4237; x_wconf 78' lang='lat' dir='ltr'><strong>ex</strong></span> <span class='ocrx_word' id='word_1_572' title='bbox 727 4182 830 4237; x_wconf 84' lang='lat' dir='ltr'><strong>ﬁde</strong></span> <span class='ocrx_word' id='word_1_573' title='bbox 856 4183 1149 4252; x_wconf 85' lang='lat' dir='ltr'><strong>personas?</strong></span> <span class='ocrx_word' id='word_1_574' title='bbox 1179 4203 1196 4235; x_wconf 75' lang='grc' dir='ltr'><strong>ι</strong></span> <span class='ocrx_word' id='word_1_575' title='bbox 1219 4182 1348 4250; x_wconf 77' lang='lat' dir='ltr'><strong>Quae</strong></span> <span class='ocrx_word' id='word_1_576' title='bbox 1375 4182 1591 4239; x_wconf 83' lang='lat' dir='ltr'><strong>Baronii</strong></span> <span class='ocrx_word' id='word_1_577' title='bbox 1622 4187 1756 4240; x_wconf 88' lang='lat' dir='ltr'><strong>seri-</strong></span> 
     </span>
    </p>
   </div>
   <div class='ocr_carea' id='block_1_73' title="bbox 162 4253 1755 4324">
    <p class='ocr_par' dir='ltr' id='par_1_73' title="bbox 162 4253 1755 4324">
     <span class='ocr_line' id='line_1_73' title="bbox 162 4253 1755 4324; baseline 0.002 -17"><span class='ocrx_word' id='word_1_578' title='bbox 162 4256 278 4324; x_wconf 88' lang='lat' dir='ltr'><strong>ptio</strong></span> <span class='ocrx_word' id='word_1_579' title='bbox 313 4254 547 4311; x_wconf 89' lang='lat' dir='ltr'><strong>absurda</strong></span> <span class='ocrx_word' id='word_1_580' title='bbox 577 4268 820 4321; x_wconf 87' lang='lat' dir='ltr'><strong>vanaque</strong></span> <span class='ocrx_word' id='word_1_581' title='bbox 846 4262 1010 4316; x_wconf 88' lang='lat' dir='ltr'><strong>esset,</strong></span> <span class='ocrx_word' id='word_1_582' title='bbox 1052 4253 1154 4324; x_wconf 89' lang='lat' dir='ltr'><strong>nisi</strong></span> <span class='ocrx_word' id='word_1_583' title='bbox 1199 4264 1475 4309; x_wconf 83' lang='lat' dir='ltr'><strong>constaret</strong></span> <span class='ocrx_word' id='word_1_584' title='bbox 1508 4255 1631 4323; x_wconf 86' lang='lat' dir='ltr'><strong>jura</strong></span> <span class='ocrx_word' id='word_1_585' title='bbox 1670 4271 1755 4310; x_wconf 86' lang='lat' dir='ltr'><strong>se-</strong></span> 
     </span>
    </p>
   </div>
   <div class='ocr_carea' id='block_1_74' title="bbox 163 4323 1755 4393">
    <p class='ocr_par' dir='ltr' id='par_1_74' title="bbox 163 4323 1755 4393">
     <span class='ocr_line' id='line_1_74' title="bbox 163 4323 1755 4393; baseline 0.001 -16"><span class='ocrx_word' id='word_1_586' title='bbox 163 4323 318 4379; x_wconf 86' lang='lat' dir='ltr'><strong>dium</strong></span> <span class='ocrx_word' id='word_1_587' title='bbox 352 4338 691 4393; x_wconf 82' lang='lat' dir='ltr'><strong>permanere,</strong></span> <span class='ocrx_word' id='word_1_588' title='bbox 721 4324 936 4393; x_wconf 88' lang='lat' dir='ltr'><strong>tametsi</strong></span> <span class='ocrx_word' id='word_1_589' title='bbox 965 4323 1232 4393; x_wconf 86' lang='lat' dir='ltr'><strong>interdum</strong></span> <span class='ocrx_word' id='word_1_590' title='bbox 1256 4325 1464 4378; x_wconf 80' lang='lat' dir='ltr'><strong>diversa</strong></span> <span class='ocrx_word' id='word_1_591' title='bbox 1503 4326 1611 4379; x_wconf 90' lang='lat' dir='ltr'><strong>sint</strong></span> <span class='ocrx_word' id='word_1_592' title='bbox 1643 4341 1755 4379; x_wconf 86' lang='lat' dir='ltr'><strong>me-</strong></span> 
     </span>
    </p>
   </div>
   <div class='ocr_carea' id='block_1_75' title="bbox 163 4392 1754 4464">
    <p class='ocr_par' dir='ltr' id='par_1_75' title="bbox 163 4392 1754 4464">
     <span class='ocr_line' id='line_1_75' title="bbox 163 4392 1754 4464; baseline 0 -16"><span class='ocrx_word' id='word_1_593' title='bbox 163 4396 268 4449; x_wconf 87' lang='lat' dir='ltr'><strong>rita</strong></span> <span class='ocrx_word' id='word_1_594' title='bbox 298 4392 747 4464; x_wconf 58' lang='lat' dir='ltr'><strong>praesidentium,</strong></span> <span class='ocrx_word' id='word_1_595' title='bbox 769 4392 824 4445; x_wconf 89' lang='lat' dir='ltr'><strong>id</strong></span> <span class='ocrx_word' id='word_1_596' title='bbox 841 4400 963 4464; x_wconf 57' lang='lat' dir='ltr'><strong>est,</strong></span> <span class='ocrx_word' id='word_1_597' title='bbox 1005 4392 1109 4464; x_wconf 84' lang='lat' dir='ltr'><strong>nisi</strong></span> <span class='ocrx_word' id='word_1_598' title='bbox 1144 4392 1296 4464; x_wconf 70' lang='lat' dir='ltr'><strong>sedes</strong></span> <span class='ocrx_word' id='word_1_599' title='bbox 1334 4396 1754 4464; x_wconf 83' lang='lat' dir='ltr'><strong>distingueretur</strong></span> 
     </span>
    </p>
   </div>
   <div class='ocr_carea' id='block_1_76' title="bbox 164 4460 1755 4535">
    <p class='ocr_par' dir='ltr' id='par_1_76' title="bbox 164 4460 1755 4535">
     <span class='ocr_line' id='line_1_76' title="bbox 164 4460 1755 4535; baseline -0.001 -16"><span class='ocrx_word' id='word_1_600' title='bbox 164 4480 201 4535; x_wconf 62' lang='grc' dir='ltr'>τι</span> <span class='ocrx_word' id='word_1_601' title='bbox 222 4460 454 4535; x_wconf 82' lang='lat' dir='ltr'><strong>sedente</strong></span> <span class='ocrx_word' id='word_1_602' title='bbox 483 4463 535 4515; x_wconf 92' lang='lat' dir='ltr'><strong>in</strong></span> <span class='ocrx_word' id='word_1_603' title='bbox 565 4461 822 4535; x_wconf 26' lang='lat' dir='ltr'><strong>eaaﬂinc</strong></span> <span class='ocrx_word' id='word_1_604' title='bbox 840 4460 1144 4525; x_wconf 86' lang='lat' dir='ltr'><strong>Ferrerius,</strong></span> <span class='ocrx_word' id='word_1_605' title='bbox 1172 4460 1672 4535; x_wconf 69' lang='lat' dir='ltr'><strong>Francorunfregis</strong></span> <span class='ocrx_word' id='word_1_606' title='bbox 1700 4466 1755 4518; x_wconf 92' lang='lat' dir='ltr'><strong>in</strong></span> 
     </span>
    </p>
   </div>
   <div class='ocr_carea' id='block_1_77' title="bbox 164 4481 1757 4603">
    <p class='ocr_par' dir='ltr' id='par_1_77' title="bbox 164 4481 1757 4603">
     <span class='ocr_line' id='line_1_77' title="bbox 164 4481 1755 4525; baseline 0.001 -9"><span class='ocrx_word' id='word_1_607' title='bbox 164 4481 193 4516; x_wconf 71' lang='grc'><strong>2</strong></span> <span class='ocrx_word' id='word_1_608' title='bbox 222 4481 454 4519; x_wconf 78' lang='lat' dir='ltr'><strong>sedente</strong></span> <span class='ocrx_word' id='word_1_609' title='bbox 484 4481 535 4515; x_wconf 81' lang='lat' dir='ltr'><strong>Ill</strong></span> <span class='ocrx_word' id='word_1_610' title='bbox 565 4481 651 4518; x_wconf 84' lang='lat' dir='ltr'><strong>ea.</strong></span> <span class='ocrx_word' id='word_1_611' title='bbox 686 4481 1144 4525; x_wconf 67' lang='lat' dir='ltr'><strong>HIDCI&#39;CITCI&#39;IUS,</strong></span> <span class='ocrx_word' id='word_1_612' title='bbox 1172 4481 1502 4518; x_wconf 83' lang='lat' dir='ltr'><strong>rrancorum</strong></span> <span class='ocrx_word' id='word_1_613' title='bbox 1530 4481 1588 4518; x_wconf 86' lang='lat' dir='ltr'><strong>re</strong></span> <span class='ocrx_word' id='word_1_614' title='bbox 1629 4481 1672 4519; x_wconf 90' lang='lat' dir='ltr'>IS</span> <span class='ocrx_word' id='word_1_615' title='bbox 1700 4481 1755 4518; x_wconf 84' lang='lat' dir='ltr'><strong>1n</strong></span> 
     </span>
     <span class='ocr_line' id='line_1_78' title="bbox 164 4481 1757 4603; baseline 0.001 -16"><span class='ocrx_word' id='word_1_616' title='bbox 164 4534 487 4589; x_wconf 87' lang='lat' dir='ltr'><strong>Tridentiua</strong></span> <span class='ocrx_word' id='word_1_617' title='bbox 510 4534 717 4603; x_wconf 82' lang='lat' dir='ltr'><strong>synodo</strong></span> <span class='ocrx_word' id='word_1_618' title='bbox 741 4532 971 4601; x_wconf 87' lang='lat' dir='ltr'><strong>legatus,</strong></span> <span class='ocrx_word' id='word_1_619' title='bbox 999 4528 1427 4603; x_wconf 85' lang='lat' dir='ltr'><strong>conquerensde</strong></span> <span class='ocrx_word' id='word_1_620' title='bbox 1455 4533 1550 4587; x_wconf 91' lang='lat' dir='ltr'><strong>Pio</strong></span> <span class='ocrx_word' id='word_1_621' title='bbox 1571 4481 1638 4589; x_wconf 47' lang='lat'><strong>1%</strong></span> <span class='ocrx_word' id='word_1_622' title='bbox 1660 4549 1757 4603; x_wconf 87' lang='lat' dir='ltr'><strong>pa-</strong></span> 
     </span>
    </p>
   </div>
   <div class='ocr_carea' id='block_1_78' title="bbox 161 4602 1758 4674">
    <p class='ocr_par' dir='ltr' id='par_1_78' title="bbox 161 4602 1758 4674">
     <span class='ocr_line' id='line_1_79' title="bbox 161 4602 1758 4674; baseline 0 -15"><span class='ocrx_word' id='word_1_623' title='bbox 161 4620 265 4674; x_wconf 69' lang='lat' dir='ltr'><strong>pa,</strong></span> <span class='ocrx_word' id='word_1_624' title='bbox 278 4602 600 4674; x_wconf 75' lang='lat' dir='ltr'><strong>dignitatem</strong></span> <span class='ocrx_word' id='word_1_625' title='bbox 633 4612 811 4674; x_wconf 72' lang='lat' dir='ltr'><strong>tamen</strong></span> <span class='ocrx_word' id='word_1_626' title='bbox 834 4609 890 4656; x_wconf 89' lang='lat' dir='ltr'><strong>et</strong></span> <span class='ocrx_word' id='word_1_627' title='bbox 911 4603 1289 4674; x_wconf 83' lang='lat' dir='ltr'><strong>auctoritatem</strong></span> <span class='ocrx_word' id='word_1_628' title='bbox 1323 4602 1579 4674; x_wconf 71' lang='lat' dir='ltr'><strong>Romanae</strong></span> <span class='ocrx_word' id='word_1_629' title='bbox 1613 4602 1758 4659; x_wconf 83' lang='lat' dir='ltr'><strong>sedis</strong></span> 
     </span>
    </p>
   </div>
   <div class='ocr_carea' id='block_1_79' title="bbox 160 4672 1759 4744">
    <p class='ocr_par' dir='ltr' id='par_1_79' title="bbox 160 4672 1759 4744">
     <span class='ocr_line' id='line_1_80' title="bbox 160 4672 1759 4744; baseline -0.001 -15"><span class='ocrx_word' id='word_1_630' title='bbox 160 4672 429 4744; x_wconf 76' lang='lat' dir='ltr'><strong>disjungit</strong></span> <span class='ocrx_word' id='word_1_631' title='bbox 450 4690 480 4727; x_wconf 92' lang='lat' dir='ltr'><strong>a</strong></span> <span class='ocrx_word' id='word_1_632' title='bbox 510 4672 625 4726; x_wconf 86' lang='lat' dir='ltr'><strong>Pio.</strong></span> <span class='ocrx_word' id='word_1_633' title='bbox 656 4672 779 4727; x_wconf 56' lang='lat' dir='ltr'><strong>llzec</strong></span> <span class='ocrx_word' id='word_1_634' title='bbox 825 4679 973 4744; x_wconf 22' lang='lat' dir='ltr'><strong>sunt;</strong></span> <span class='ocrx_word' id='word_1_635' title='bbox 991 4672 1109 4741; x_wconf 85' lang='lat' dir='ltr'><strong>ejus</strong></span> <span class='ocrx_word' id='word_1_636' title='bbox 1143 4674 1334 4727; x_wconf 86' lang='lat' dir='ltr'><strong>verba:</strong></span> <span class='ocrx_word' id='word_1_637' title='bbox 1359 4692 1375 4723; x_wconf 78' lang='grc' dir='ltr'><strong>ι</strong></span> <span class='ocrx_word' id='word_1_638' title='bbox 1404 4672 1595 4744; x_wconf 80' lang='lat' dir='ltr'><strong>sedem</strong></span> <span class='ocrx_word' id='word_1_639' title='bbox 1632 4688 1759 4744; x_wconf 82' lang='lat' dir='ltr'><strong>apo-</strong></span> 
     </span>
    </p>
   </div>
   <div class='ocr_carea' id='block_1_80' title="bbox 159 4741 1755 4811">
    <p class='ocr_par' dir='ltr' id='par_1_80' title="bbox 159 4741 1755 4811">
     <span class='ocr_line' id='line_1_81' title="bbox 159 4741 1755 4811; baseline -0.001 -13"><span class='ocrx_word' id='word_1_640' title='bbox 159 4741 440 4807; x_wconf 75' lang='lat' dir='ltr'><strong>stolicam,</strong></span> <span class='ocrx_word' id='word_1_641' title='bbox 475 4757 742 4798; x_wconf 88' lang='lat' dir='ltr'><strong>summum</strong></span> <span class='ocrx_word' id='word_1_642' title='bbox 790 4741 1121 4811; x_wconf 89' lang='lat' dir='ltr'><strong>pontiﬁcem,</strong></span> <span class='ocrx_word' id='word_1_643' title='bbox 1169 4752 1411 4797; x_wconf 90' lang='lat' dir='ltr'><strong>sanctam</strong></span> <span class='ocrx_word' id='word_1_644' title='bbox 1459 4741 1755 4798; x_wconf 76' lang='lat' dir='ltr'><strong>Romanam</strong></span> 
     </span>
    </p>
   </div>
   <div class='ocr_carea' id='block_1_81' title="bbox 158 4811 1755 4883">
    <p class='ocr_par' dir='ltr' id='par_1_81' title="bbox 158 4811 1755 4883">
     <span class='ocr_line' id='line_1_82' title="bbox 158 4811 1755 4883; baseline -0.001 -13"><span class='ocrx_word' id='word_1_645' title='bbox 158 4813 491 4877; x_wconf 80' lang='lat' dir='ltr'><strong>Ecclesiam,</strong></span> <span class='ocrx_word' id='word_1_646' title='bbox 525 4826 635 4883; x_wconf 17' lang='lat' dir='ltr'><strong>pro,</strong></span> <span class='ocrx_word' id='word_1_647' title='bbox 652 4811 806 4881; x_wconf 87' lang='lat' dir='ltr'><strong>cujus</strong></span> <span class='ocrx_word' id='word_1_648' title='bbox 842 4811 1102 4883; x_wconf 81' lang='lat' dir='ltr'><strong>dignitate</strong></span> <span class='ocrx_word' id='word_1_649' title='bbox 1127 4814 1371 4883; x_wconf 83' lang='lat' dir='ltr'><strong>augenda</strong></span> <span class='ocrx_word' id='word_1_650' title='bbox 1398 4812 1629 4880; x_wconf 80' lang='lat' dir='ltr'><strong>majores</strong></span> <span class='ocrx_word' id='word_1_651' title='bbox 1656 4830 1755 4868; x_wconf 91' lang='lat' dir='ltr'><strong>no-</strong></span> 
     </span>
    </p>
   </div>
   <div class='ocr_carea' id='block_1_82' title="bbox 161 4882 1751 4952">
    <p class='ocr_par' dir='ltr' id='par_1_82' title="bbox 161 4882 1751 4952">
     <span class='ocr_line' id='line_1_83' title="bbox 161 4882 1751 4952; baseline -0.001 -14"><span class='ocrx_word' id='word_1_652' title='bbox 161 4882 601 4952; x_wconf 67' lang='lat' dir='ltr'><strong>strieanguinem</strong></span> <span class='ocrx_word' id='word_1_653' title='bbox 617 4882 889 4947; x_wconf 84' lang='lat' dir='ltr'><strong>fuderunt,</strong></span> <span class='ocrx_word' id='word_1_654' title='bbox 913 4892 967 4935; x_wconf 88' lang='lat' dir='ltr'><strong>et</strong></span> <span class='ocrx_word' id='word_1_655' title='bbox 986 4882 1160 4937; x_wconf 85' lang='lat' dir='ltr'><strong>adhuc</strong></span> <span class='ocrx_word' id='word_1_656' title='bbox 1180 4882 1339 4937; x_wconf 84' lang='lat' dir='ltr'><strong>hodie</strong></span> <span class='ocrx_word' id='word_1_657' title='bbox 1360 4884 1410 4937; x_wconf 91' lang='lat' dir='ltr'><strong>in</strong></span> <span class='ocrx_word' id='word_1_658' title='bbox 1426 4883 1595 4937; x_wconf 79' lang='lat' dir='ltr'><strong>Gallia</strong></span> <span class='ocrx_word' id='word_1_659' title='bbox 1614 4884 1751 4937; x_wconf 72' lang='lat' dir='ltr'><strong>acri-</strong></span> 
     </span>
    </p>
   </div>
   <div class='ocr_carea' id='block_1_83' title="bbox 163 4954 1757 5023">
    <p class='ocr_par' dir='ltr' id='par_1_83' title="bbox 163 4954 1757 5023">
     <span class='ocr_line' id='line_1_84' title="bbox 163 4954 1757 5023; baseline -0.001 -15"><span class='ocrx_word' id='word_1_660' title='bbox 163 4962 249 5008; x_wconf 88' lang='lat' dir='ltr'><strong>ter</strong></span> <span class='ocrx_word' id='word_1_661' title='bbox 279 4963 575 5023; x_wconf 85' lang='lat' dir='ltr'><strong>puguatur,</strong></span> <span class='ocrx_word' id='word_1_662' title='bbox 602 4968 959 5023; x_wconf 73' lang='lat' dir='ltr'><strong>veneramur,</strong></span> <span class='ocrx_word' id='word_1_663' title='bbox 983 4966 1311 5023; x_wconf 60' lang='lat' dir='ltr'><strong>reveremur,</strong></span> <span class='ocrx_word' id='word_1_664' title='bbox 1338 4954 1683 5022; x_wconf 88' lang='lat' dir='ltr'><strong>suspicimus,</strong></span> <span class='ocrx_word' id='word_1_665' title='bbox 1702 4962 1757 5006; x_wconf 77' lang='lat' dir='ltr'><strong>et</strong></span> 
     </span>
    </p>
   </div>
   <div class='ocr_carea' id='block_1_84' title="bbox 163 5020 1753 5077">
    <p class='ocr_par' dir='ltr' id='par_1_84' title="bbox 163 5020 1753 5077">
     <span class='ocr_line' id='line_1_85' title="bbox 163 5020 1753 5077; baseline -0.001 -2"><span class='ocrx_word' id='word_1_666' title='bbox 163 5020 427 5076; x_wconf 65' lang='lat' dir='ltr'><strong>maximis</strong></span> <span class='ocrx_word' id='word_1_667' title='bbox 471 5028 536 5074; x_wconf 85' lang='lat' dir='ltr'><strong>ad</strong></span> <span class='ocrx_word' id='word_1_668' title='bbox 583 5022 776 5075; x_wconf 73' lang='lat' dir='ltr'><strong>cmlum</strong></span> <span class='ocrx_word' id='word_1_669' title='bbox 825 5021 1071 5077; x_wconf 89' lang='lat' dir='ltr'><strong>laudibus</strong></span> <span class='ocrx_word' id='word_1_670' title='bbox 1113 5020 1405 5077; x_wconf 70' lang='lat' dir='ltr'><strong>efferimus.</strong></span> <span class='ocrx_word' id='word_1_671' title='bbox 1436 5020 1528 5077; x_wconf 25' lang='lat' dir='ltr'><strong>‘Pii</strong></span> <span class='ocrx_word' id='word_1_672' title='bbox 1575 5034 1753 5077; x_wconf 87' lang='lat' dir='ltr'><strong>autem</strong></span> 
     </span>
    </p>
   </div>
   <div class='ocr_carea' id='block_1_85' title="bbox 161 5091 1756 5162">
    <p class='ocr_par' dir='ltr' id='par_1_85' title="bbox 161 5091 1756 5162">
     <span class='ocr_line' id='line_1_86' title="bbox 161 5091 1756 5162; baseline 0.001 -16"><span class='ocrx_word' id='word_1_673' title='bbox 161 5091 355 5162; x_wconf 85' lang='lat' dir='ltr'><strong>quarti</strong></span> <span class='ocrx_word' id='word_1_674' title='bbox 392 5092 679 5160; x_wconf 72' lang='lat' dir='ltr'><strong>imperium</strong></span> <span class='ocrx_word' id='word_1_675' title='bbox 722 5094 1104 5156; x_wconf 79' lang='lat' dir='ltr'><strong>detrectainus,</strong></span> <span class='ocrx_word' id='word_1_676' title='bbox 1132 5106 1466 5162; x_wconf 70' lang='lat' dir='ltr'><strong>quaecunque</strong></span> <span class='ocrx_word' id='word_1_677' title='bbox 1497 5093 1607 5147; x_wconf 89' lang='lat' dir='ltr'><strong>sint</strong></span> <span class='ocrx_word' id='word_1_678' title='bbox 1643 5091 1756 5159; x_wconf 88' lang='lat' dir='ltr'><strong>ejus</strong></span> 
     </span>
    </p>
   </div>
   <div class='ocr_carea' id='block_1_86' title="bbox 156 5161 1755 5244">
    <p class='ocr_par' dir='ltr' id='par_1_86' title="bbox 156 5161 1755 5244">
     <span class='ocr_line' id='line_1_87' title="bbox 156 5161 1755 5244; baseline -0.001 -26"><span class='ocrx_word' id='word_1_679' title='bbox 156 5161 372 5244; x_wconf 75' lang='lat' dir='ltr'><strong>judicia</strong></span> <span class='ocrx_word' id='word_1_680' title='bbox 392 5168 448 5215; x_wconf 89' lang='lat' dir='ltr'><strong>et</strong></span> <span class='ocrx_word' id='word_1_681' title='bbox 472 5162 766 5216; x_wconf 80' lang='lat' dir='ltr'><strong>sententias</strong></span> <span class='ocrx_word' id='word_1_682' title='bbox 784 5162 1082 5231; x_wconf 87' lang='lat' dir='ltr'><strong>rejicimus,</strong></span> <span class='ocrx_word' id='word_1_683' title='bbox 1105 5161 1407 5230; x_wconf 89' lang='lat' dir='ltr'><strong>respuimus</strong></span> <span class='ocrx_word' id='word_1_684' title='bbox 1437 5170 1492 5217; x_wconf 88' lang='lat' dir='ltr'><strong>et</strong></span> <span class='ocrx_word' id='word_1_685' title='bbox 1517 5171 1755 5217; x_wconf 89' lang='lat' dir='ltr'><strong>contem-</strong></span> 
     </span>
    </p>
   </div>
   <div class='ocr_carea' id='block_1_87' title="bbox 234 5300 1750 5358">
    <p class='ocr_par' dir='ltr' id='par_1_87' title="bbox 234 5300 1750 5358">
     <span class='ocr_line' id='line_1_88' title="bbox 234 5300 1750 5358; baseline -0.001 -2"><span class='ocrx_word' id='word_1_686' title='bbox 234 5315 261 5341; x_wconf 78' lang='grc' dir='ltr'><strong>ι</strong></span> <span class='ocrx_word' id='word_1_687' title='bbox 297 5300 431 5356; x_wconf 86' lang='lat' dir='ltr'><strong>Sine</strong></span> <span class='ocrx_word' id='word_1_688' title='bbox 468 5300 685 5354; x_wconf 80' lang='lat' dir='ltr'><strong>crimine</strong></span> <span class='ocrx_word' id='word_1_689' title='bbox 706 5305 978 5354; x_wconf 73' lang='lat' dir='ltr'><strong>duntaxat.</strong></span> <span class='ocrx_word' id='word_1_690' title='bbox 1007 5300 1083 5355; x_wconf 86' lang='lat' dir='ltr'><strong>ita</strong></span> <span class='ocrx_word' id='word_1_691' title='bbox 1105 5300 1325 5357; x_wconf 91' lang='lat' dir='ltr'><strong>omnino</strong></span> <span class='ocrx_word' id='word_1_692' title='bbox 1370 5310 1524 5356; x_wconf 90' lang='lat' dir='ltr'><strong>vetus</strong></span> <span class='ocrx_word' id='word_1_693' title='bbox 1561 5302 1750 5358; x_wconf 88' lang='lat' dir='ltr'><strong>codex.</strong></span> 
     </span>
    </p>
   </div>
   <div class='ocr_carea' id='block_1_88' title="bbox 160 5370 1750 5439">
    <p class='ocr_par' dir='ltr' id='par_1_88' title="bbox 160 5370 1750 5439">
     <span class='ocr_line' id='line_1_89' title="bbox 160 5370 1750 5439; baseline -0.001 -12"><span class='ocrx_word' id='word_1_694' title='bbox 160 5372 268 5427; x_wconf 86' lang='lat' dir='ltr'><strong>Pro</strong></span> <span class='ocrx_word' id='word_1_695' title='bbox 296 5386 410 5439; x_wconf 88' lang='lat' dir='ltr'><strong>quo</strong></span> <span class='ocrx_word' id='word_1_696' title='bbox 449 5371 729 5425; x_wconf 82' lang='lat' dir='ltr'><strong>Massonus</strong></span> <span class='ocrx_word' id='word_1_697' title='bbox 748 5371 826 5425; x_wconf 86' lang='lat' dir='ltr'><strong>sic</strong></span> <span class='ocrx_word' id='word_1_698' title='bbox 856 5370 1059 5425; x_wconf 88' lang='lat' dir='ltr'><strong>edidit:</strong></span> <span class='ocrx_word' id='word_1_699' title='bbox 1094 5371 1471 5424; x_wconf 78' lang='lat' dir='ltr'><strong>Exlionoratur</strong></span> <span class='ocrx_word' id='word_1_700' title='bbox 1504 5372 1613 5425; x_wconf 84' lang='lat' dir='ltr'><strong>sine</strong></span> <span class='ocrx_word' id='word_1_701' title='bbox 1645 5374 1750 5425; x_wconf 81' lang='lat' dir='ltr'><strong>cri-</strong></span> 
     </span>
    </p>
   </div>
   <div class='ocr_carea' id='block_1_89' title="bbox 162 5438 1751 5510">
    <p class='ocr_par' dir='ltr' id='par_1_89' title="bbox 162 5438 1751 5510">
     <span class='ocr_line' id='line_1_90' title="bbox 162 5438 1751 5510; baseline -0.003 -11"><span class='ocrx_word' id='word_1_702' title='bbox 162 5438 331 5505; x_wconf 76' lang='lat' dir='ltr'><strong>mine,</strong></span> <span class='ocrx_word' id='word_1_703' title='bbox 352 5440 478 5494; x_wconf 86' lang='lat' dir='ltr'><strong>dum</strong></span> <span class='ocrx_word' id='word_1_704' title='bbox 513 5450 747 5503; x_wconf 70' lang='lat' dir='ltr'><strong>taxatur,</strong></span> <span class='ocrx_word' id='word_1_705' title='bbox 781 5438 1029 5510; x_wconf 71' lang='lat' dir='ltr'><strong>cathedra</strong></span> <span class='ocrx_word' id='word_1_706' title='bbox 1068 5440 1205 5509; x_wconf 86' lang='lat' dir='ltr'><strong>ejus,</strong></span> <span class='ocrx_word' id='word_1_707' title='bbox 1246 5451 1351 5495; x_wconf 90' lang='lat' dir='ltr'><strong>etc.</strong></span> <span class='ocrx_word' id='word_1_708' title='bbox 1377 5440 1483 5495; x_wconf 89' lang='lat' dir='ltr'><strong>Sed</strong></span> <span class='ocrx_word' id='word_1_709' title='bbox 1527 5451 1751 5510; x_wconf 60' lang='lat' dir='ltr'><strong>praeter-</strong></span> 
     </span>
    </p>
   </div>
   <div class='ocr_carea' id='block_1_90' title="bbox 160 5508 1751 5590">
    <p class='ocr_par' dir='ltr' id='par_1_90' title="bbox 160 5508 1751 5590">
     <span class='ocr_line' id='line_1_91' title="bbox 160 5508 1751 5590; baseline 0 -25"><span class='ocrx_word' id='word_1_710' title='bbox 160 5526 333 5590; x_wconf 75' lang='lat' dir='ltr'><strong>quam</strong></span> <span class='ocrx_word' id='word_1_711' title='bbox 361 5512 504 5590; x_wconf 77' lang='lat' dir='ltr'><strong>quod</strong></span> <span class='ocrx_word' id='word_1_712' title='bbox 542 5511 765 5590; x_wconf 65' lang='lat' dir='ltr'><strong>audacia</strong></span> <span class='ocrx_word' id='word_1_713' title='bbox 796 5508 885 5562; x_wconf 90' lang='lat' dir='ltr'><strong>illa</strong></span> <span class='ocrx_word' id='word_1_714' title='bbox 918 5508 1146 5590; x_wconf 65' lang='lat' dir='ltr'><strong>hiassoni</strong></span> <span class='ocrx_word' id='word_1_715' title='bbox 1168 5511 1221 5564; x_wconf 90' lang='lat' dir='ltr'><strong>in</strong></span> <span class='ocrx_word' id='word_1_716' title='bbox 1247 5526 1305 5565; x_wconf 86' lang='lat' dir='ltr'><strong>re</strong></span> <span class='ocrx_word' id='word_1_717' title='bbox 1328 5511 1458 5565; x_wconf 87' lang='lat' dir='ltr'><strong>tanti</strong></span> <span class='ocrx_word' id='word_1_718' title='bbox 1492 5508 1751 5590; x_wconf 82' lang='lat' dir='ltr'><strong>momenti</strong></span> 
     </span>
    </p>
   </div>
   <div class='ocr_carea' id='block_1_91' title="bbox 162 5577 1749 5649">
    <p class='ocr_par' dir='ltr' id='par_1_91' title="bbox 162 5577 1749 5649">
     <span class='ocr_line' id='line_1_92' title="bbox 162 5577 1749 5649; baseline -0.001 -12"><span class='ocrx_word' id='word_1_719' title='bbox 162 5577 394 5637; x_wconf 77' lang='lat' dir='ltr'><strong>tolerari</strong></span> <span class='ocrx_word' id='word_1_720' title='bbox 442 5595 547 5635; x_wconf 88' lang='lat' dir='ltr'><strong>non</strong></span> <span class='ocrx_word' id='word_1_721' title='bbox 588 5587 786 5649; x_wconf 83' lang='lat' dir='ltr'><strong>potest,</strong></span> <span class='ocrx_word' id='word_1_722' title='bbox 829 5577 1169 5648; x_wconf 73' lang='lat' dir='ltr'><strong>manifestum</strong></span> <span class='ocrx_word' id='word_1_723' title='bbox 1208 5588 1291 5634; x_wconf 89' lang='lat' dir='ltr'><strong>est</strong></span> <span class='ocrx_word' id='word_1_724' title='bbox 1329 5595 1543 5634; x_wconf 80' lang='lat' dir='ltr'><strong>sensum</strong></span> <span class='ocrx_word' id='word_1_725' title='bbox 1585 5582 1749 5636; x_wconf 84' lang='lat' dir='ltr'><strong>etiam</strong></span> 
     </span>
    </p>
   </div>
   <div class='ocr_carea' id='block_1_92' title="bbox 162 5650 1751 5721">
    <p class='ocr_par' dir='ltr' id='par_1_92' title="bbox 162 5650 1751 5721">
     <span class='ocr_line' id='line_1_93' title="bbox 162 5650 1751 5721; baseline -0.001 -17"><span class='ocrx_word' id='word_1_726' title='bbox 162 5650 344 5721; x_wconf 84' lang='lat' dir='ltr'><strong>ipsum</strong></span> <span class='ocrx_word' id='word_1_727' title='bbox 383 5651 960 5721; x_wconf 79' lang='lat' dir='ltr'><strong>auctorisrepugnare</strong></span> <span class='ocrx_word' id='word_1_728' title='bbox 1005 5650 1129 5721; x_wconf 81' lang='lat' dir='ltr'><strong>huic</strong></span> <span class='ocrx_word' id='word_1_729' title='bbox 1164 5651 1551 5721; x_wconf 73' lang='lat' dir='ltr'><strong>emendationi.</strong></span> <span class='ocrx_word' id='word_1_730' title='bbox 1594 5651 1751 5704; x_wconf 85' lang='lat' dir='ltr'><strong>Ludit</strong></span> 
     </span>
    </p>
   </div>
   <div class='ocr_carea' id='block_1_93' title="bbox 161 5719 1749 5785">
    <p class='ocr_par' dir='ltr' id='par_1_93' title="bbox 161 5719 1749 5785">
     <span class='ocr_line' id='line_1_94' title="bbox 161 5719 1749 5785; baseline -0.001 -10"><span class='ocrx_word' id='word_1_731' title='bbox 161 5719 312 5775; x_wconf 81' lang='lat' dir='ltr'><strong>enim</strong></span> <span class='ocrx_word' id='word_1_732' title='bbox 348 5732 536 5775; x_wconf 62' lang='lat' dir='ltr'><strong>auctor</strong></span> <span class='ocrx_word' id='word_1_733' title='bbox 568 5719 807 5785; x_wconf 69' lang='lat' dir='ltr'><strong>cpistolre</strong></span> <span class='ocrx_word' id='word_1_734' title='bbox 833 5719 885 5772; x_wconf 89' lang='lat' dir='ltr'><strong>in</strong></span> <span class='ocrx_word' id='word_1_735' title='bbox 909 5719 1127 5773; x_wconf 80' lang='lat' dir='ltr'><strong>vocibus</strong></span> <span class='ocrx_word' id='word_1_736' title='bbox 1153 5720 1441 5772; x_wconf 77' lang='lat' dir='ltr'><strong>honoratur</strong></span> <span class='ocrx_word' id='word_1_737' title='bbox 1461 5721 1749 5774; x_wconf 79' lang='lat' dir='ltr'><strong>ctlzonora-</strong></span> 
     </span>
    </p>
   </div>
   <div class='ocr_carea' id='block_1_94' title="bbox 1781 4429 1834 4488">
    <p class='ocr_par' dir='ltr' id='par_1_94' title="bbox 1781 4429 1834 4488">
     <span class='ocr_line' id='line_1_95' title="bbox 1781 4429 1834 4488; baseline 0 0"><span class='ocrx_word' id='word_1_738' title='bbox 1781 4429 1834 4488; x_wconf 94' lang='lat' dir='ltr'><strong>D</strong></span> 
     </span>
    </p>
   </div>
   <div class='ocr_carea' id='block_1_95' title="bbox 1864 3130 3458 3205">
    <p class='ocr_par' dir='ltr' id='par_1_95' title="bbox 1864 3130 3458 3205">
     <span class='ocr_line' id='line_1_96' title="bbox 1864 3130 3458 3205; baseline -0.007 -11"><span class='ocrx_word' id='word_1_739' title='bbox 1864 3141 2122 3194; x_wconf 78' lang='lat' dir='ltr'><strong>honorata</strong></span> <span class='ocrx_word' id='word_1_740' title='bbox 2144 3142 2468 3205; x_wconf 82' lang='lat' dir='ltr'><strong>permaneat.</strong></span> <span class='ocrx_word' id='word_1_741' title='bbox 2494 3131 2598 3205; x_wconf 85' lang='lat' dir='ltr'><strong>Sed</strong></span> <span class='ocrx_word' id='word_1_742' title='bbox 2636 3132 2785 3205; x_wconf 84' lang='lat' dir='ltr'><strong>addit</strong></span> <span class='ocrx_word' id='word_1_743' title='bbox 2820 3132 2961 3205; x_wconf 81' lang='lat' dir='ltr'><strong>hanc</strong></span> <span class='ocrx_word' id='word_1_744' title='bbox 2994 3130 3458 3205; x_wconf 39' lang='lat' dir='ltr'><strong>clausulam,_q‘u;e</strong></span> 
     </span>
    </p>
   </div>
   <div class='ocr_carea' id='block_1_96' title="bbox 1863 3201 3450 3275">
    <p class='ocr_par' dir='ltr' id='par_1_96' title="bbox 1863 3201 3450 3275">
     <span class='ocr_line' id='line_1_97' title="bbox 1863 3201 3450 3275; baseline -0.005 -11"><span class='ocrx_word' id='word_1_745' title='bbox 1863 3220 1946 3264; x_wconf 88' lang='lat' dir='ltr'><strong>est</strong></span> <span class='ocrx_word' id='word_1_746' title='bbox 1966 3201 2153 3275; x_wconf 82' lang='lat' dir='ltr'><strong>magni</strong></span> <span class='ocrx_word' id='word_1_747' title='bbox 2176 3204 2455 3275; x_wconf 87' lang='lat' dir='ltr'><strong>momenti,</strong></span> <span class='ocrx_word' id='word_1_748' title='bbox 2486 3204 2599 3275; x_wconf 78' lang='lat' dir='ltr'><strong>sine</strong></span> <span class='ocrx_word' id='word_1_749' title='bbox 2626 3201 3168 3275; x_wconf 69' lang='lat' dir='ltr'><strong>crimineduntaxat;</strong></span> <span class='ocrx_word' id='word_1_750' title='bbox 3197 3214 3273 3275; x_wconf 78' lang='lat' dir='ltr'><strong>ac</strong></span> <span class='ocrx_word' id='word_1_751' title='bbox 3292 3201 3336 3254; x_wconf 89' lang='lat' dir='ltr'><strong>si</strong></span> <span class='ocrx_word' id='word_1_752' title='bbox 3374 3202 3450 3275; x_wconf 87' lang='lat' dir='ltr'><strong>di-</strong></span> 
     </span>
    </p>
   </div>
   <div class='ocr_carea' id='block_1_97' title="bbox 1862 3271 3451 3345">
    <p class='ocr_par' dir='ltr' id='par_1_97' title="bbox 1862 3271 3451 3345">
     <span class='ocr_line' id='line_1_98' title="bbox 1862 3271 3451 3345; baseline -0.004 -11"><span class='ocrx_word' id='word_1_753' title='bbox 1862 3287 2011 3334; x_wconf 89' lang='lat' dir='ltr'><strong>ceret</strong></span> <span class='ocrx_word' id='word_1_754' title='bbox 2045 3271 2388 3345; x_wconf 55' lang='lat' dir='ltr'><strong>fPra&#39;sertint</strong></span> <span class='ocrx_word' id='word_1_755' title='bbox 2414 3272 2631 3345; x_wconf 79' lang='lat' dir='ltr'><strong>quando</strong></span> <span class='ocrx_word' id='word_1_756' title='bbox 2651 3272 2763 3324; x_wconf 81' lang='lat' dir='ltr'><strong>sine</strong></span> <span class='ocrx_word' id='word_1_757' title='bbox 2788 3272 3007 3325; x_wconf 83' lang='lat' dir='ltr'><strong>crimine</strong></span> <span class='ocrx_word' id='word_1_758' title='bbox 3035 3280 3110 3345; x_wconf 68' lang='lat' dir='ltr'><strong>est</strong></span> <span class='ocrx_word' id='word_1_759' title='bbox 3128 3271 3273 3345; x_wconf 72' lang='grc' dir='ltr'><strong>ἱεᾳυὶ</strong></span> <span class='ocrx_word' id='word_1_760' title='bbox 3298 3272 3451 3327; x_wconf 47' lang='lat' dir='ltr'><strong>exite.</strong></span> 
     </span>
    </p>
   </div>
   <div class='ocr_carea' id='block_1_98' title="bbox 1862 3341 3455 3411">
    <p class='ocr_par' dir='ltr' id='par_1_98' title="bbox 1862 3341 3455 3411">
     <span class='ocr_line' id='line_1_99' title="bbox 1862 3341 3455 3411; baseline -0.004 -9"><span class='ocrx_word' id='word_1_761' title='bbox 1862 3358 2101 3403; x_wconf 84' lang='lat' dir='ltr'><strong>noratur.</strong></span> <span class='ocrx_word' id='word_1_762' title='bbox 2128 3342 2260 3398; x_wconf 77' lang='lat' dir='ltr'><strong>Nam</strong></span> <span class='ocrx_word' id='word_1_763' title='bbox 2282 3341 2500 3400; x_wconf 85' lang='lat' dir='ltr'><strong>etiamsi</strong></span> <span class='ocrx_word' id='word_1_764' title='bbox 2528 3341 2701 3395; x_wconf 89' lang='lat' dir='ltr'><strong>malus</strong></span> <span class='ocrx_word' id='word_1_765' title='bbox 2724 3349 2868 3395; x_wconf 90' lang='lat' dir='ltr'><strong>esset</strong></span> <span class='ocrx_word' id='word_1_766' title='bbox 2894 3341 3161 3411; x_wconf 82' lang='lat' dir='ltr'><strong>pontifex,</strong></span> <span class='ocrx_word' id='word_1_767' title='bbox 3187 3341 3455 3411; x_wconf 86' lang='lat' dir='ltr'><strong>honoran-</strong></span> 
     </span>
    </p>
   </div>
   <div class='ocr_carea' id='block_1_99' title="bbox 1862 3410 3452 3499">
    <p class='ocr_par' dir='ltr' id='par_1_99' title="bbox 1862 3410 3452 3499">
     <span class='ocr_line' id='line_1_100' title="bbox 1862 3410 3452 3499; baseline -0.006 -26"><span class='ocrx_word' id='word_1_768' title='bbox 1862 3421 2380 3499; x_wconf 45' lang='lat' dir='ltr'><strong>da‘tamensemper</strong></span> <span class='ocrx_word' id='word_1_769' title='bbox 2403 3425 2486 3499; x_wconf 72' lang='lat' dir='ltr'><strong>est</strong></span> <span class='ocrx_word' id='word_1_770' title='bbox 2512 3411 2793 3499; x_wconf 71' lang='lat' dir='ltr'><strong>cathedra,</strong></span> <span class='ocrx_word' id='word_1_771' title='bbox 2818 3421 2871 3464; x_wconf 89' lang='lat' dir='ltr'><strong>et</strong></span> <span class='ocrx_word' id='word_1_772' title='bbox 2889 3410 3452 3499; x_wconf 49' lang='lat' dir='ltr'><strong>pro‘pterleathedram</strong></span> 
     </span>
    </p>
   </div>
   <div class='ocr_carea' id='block_1_100' title="bbox 1862 3482 3211 3554">
    <p class='ocr_par' dir='ltr' id='par_1_100' title="bbox 1862 3482 3211 3554">
     <span class='ocr_line' id='line_1_101' title="bbox 1862 3482 3211 3554; baseline -0.005 -11"><span class='ocrx_word' id='word_1_773' title='bbox 1862 3488 2055 3543; x_wconf 85' lang='lat' dir='ltr'><strong>sedens</strong></span> <span class='ocrx_word' id='word_1_774' title='bbox 2078 3486 2128 3538; x_wconf 90' lang='lat' dir='ltr'><strong>in</strong></span> <span class='ocrx_word' id='word_1_775' title='bbox 2152 3483 2240 3537; x_wconf 89' lang='lat' dir='ltr'><strong>illa</strong></span> <span class='ocrx_word' id='word_1_776' title='bbox 2268 3500 2280 3534; x_wconf 92' lang='lat'><strong>:</strong></span> <span class='ocrx_word' id='word_1_777' title='bbox 2305 3486 2449 3554; x_wconf 89' lang='lat' dir='ltr'><strong>quod</strong></span> <span class='ocrx_word' id='word_1_778' title='bbox 2477 3482 3211 3554; x_wconf 6' lang='lat' dir='ltr'><strong>probatgexemplocaipbac.</strong></span> 
     </span>
    </p>
   </div>
   <div class='ocr_carea' id='block_1_101' title="bbox 1934 3496 3458 3628">
    <p class='ocr_par' dir='ltr' id='par_1_101' title="bbox 1934 3496 3458 3628">
     <span class='ocr_line' id='line_1_102' title="bbox 1934 3496 3211 3604; baseline -0.004 -63"><span class='ocrx_word' id='word_1_779' title='bbox 1934 3496 2055 3541; x_wconf 69' lang='lat' dir='ltr'><strong>deus</strong></span> <span class='ocrx_word' id='word_1_780' title='bbox 2078 3500 2128 3538; x_wconf 80' lang='lat' dir='ltr'><strong>in</strong></span> <span class='ocrx_word' id='word_1_781' title='bbox 2152 3496 2240 3537; x_wconf 87' lang='lat' dir='ltr'><strong>ula</strong></span> <span class='ocrx_word' id='word_1_782' title='bbox 2268 3500 2280 3534; x_wconf 92' lang='lat'><strong>:</strong></span> <span class='ocrx_word' id='word_1_783' title='bbox 2295 3496 2449 3604; x_wconf 46' lang='lat' dir='ltr'><strong>(quod</strong></span> <span class='ocrx_word' id='word_1_784' title='bbox 2477 3496 2672 3554; x_wconf 76' lang='lat' dir='ltr'><strong>pronai</strong></span> <span class='ocrx_word' id='word_1_785' title='bbox 2701 3496 2949 3550; x_wconf 75' lang='lat' dir='ltr'><strong>exempto</strong></span> <span class='ocrx_word' id='word_1_786' title='bbox 2976 3496 3211 3551; x_wconf 66' lang='lat' dir='ltr'><strong>Laipnic.</strong></span> 
     </span>
     <span class='ocr_line' id='line_1_103' title="bbox 1934 3550 3458 3628; baseline 0.002 -21"><span class='ocrx_word' id='word_1_787' title='bbox 1934 3558 1962 3596; x_wconf 73' lang='grc' dir='ltr'><strong>ιι</strong></span> <span class='ocrx_word' id='word_1_788' title='bbox 1983 3554 2290 3628; x_wconf 58' lang='grc' dir='ltr'><strong>⁴ιιρνίδριιναη</strong></span> <span class='ocrx_word' id='word_1_789' title='bbox 2332 3554 2350 3604; x_wconf 87' lang='lat' dir='ltr'><strong>i</strong></span> <span class='ocrx_word' id='word_1_790' title='bbox 2382 3570 2543 3628; x_wconf 69' lang='lat' dir='ltr'><strong>cqusa</strong></span> <span class='ocrx_word' id='word_1_791' title='bbox 2570 3550 2713 3628; x_wconf 79' lang='lat' dir='ltr'><strong>ﬁdei.</strong></span> <span class='ocrx_word' id='word_1_792' title='bbox 2733 3550 3165 3628; x_wconf 80' lang='lat' dir='ltr'><strong>Contend_eban_t_</strong></span> <span class='ocrx_word' id='word_1_793' title='bbox 3177 3570 3311 3628; x_wconf 80' lang='lat' dir='ltr'><strong>ergo</strong></span> <span class='ocrx_word' id='word_1_794' title='bbox 3342 3560 3458 3628; x_wconf 83' lang='lat' dir='ltr'><strong>epi-</strong></span> 
     </span>
    </p>
   </div>
   <div class='ocr_carea' id='block_1_102' title="bbox 1861 3621 3457 3697">
    <p class='ocr_par' dir='ltr' id='par_1_102' title="bbox 1861 3621 3457 3697">
     <span class='ocr_line' id='line_1_104' title="bbox 1861 3621 3457 3697; baseline -0.007 -16"><span class='ocrx_word' id='word_1_795' title='bbox 1861 3625 2012 3695; x_wconf 92' lang='lat' dir='ltr'><strong>scopi</strong></span> <span class='ocrx_word' id='word_1_796' title='bbox 2039 3621 2392 3697; x_wconf 71' lang='lat' dir='ltr'><strong>Francorum,</strong></span> <span class='ocrx_word' id='word_1_797' title='bbox 2410 3621 2728 3697; x_wconf 60' lang='lat' dir='ltr'><strong>Qregorium</strong></span> <span class='ocrx_word' id='word_1_798' title='bbox 2753 3634 2947 3697; x_wconf 81' lang='lat' dir='ltr'><strong>papam</strong></span> <span class='ocrx_word' id='word_1_799' title='bbox 2969 3622 3022 3674; x_wconf 89' lang='lat' dir='ltr'><strong>in</strong></span> <span class='ocrx_word' id='word_1_800' title='bbox 3048 3621 3457 3697; x_wconf 65' lang='lat' dir='ltr'><strong>initiispomi&#39;ﬁ-</strong></span> 
     </span>
    </p>
   </div>
   <div class='ocr_carea' id='block_1_103' title="bbox 1860 3691 3455 3761">
    <p class='ocr_par' dir='ltr' id='par_1_103' title="bbox 1860 3691 3455 3761">
     <span class='ocr_line' id='line_1_105' title="bbox 1860 3691 3455 3761; baseline 0.003 -11"><span class='ocrx_word' id='word_1_801' title='bbox 1860 3691 2016 3751; x_wconf 76' lang='lat' dir='ltr'><strong>catus</strong></span> <span class='ocrx_word' id='word_1_802' title='bbox 2058 3694 2138 3747; x_wconf 92' lang='lat' dir='ltr'><strong>sui</strong></span> <span class='ocrx_word' id='word_1_803' title='bbox 2177 3691 2370 3761; x_wconf 84' lang='lat' dir='ltr'><strong>fecisse</strong></span> <span class='ocrx_word' id='word_1_804' title='bbox 2406 3691 2692 3761; x_wconf 67' lang='lat' dir='ltr'><strong>Ludovice</strong></span> <span class='ocrx_word' id='word_1_805' title='bbox 2727 3691 3068 3761; x_wconf 87' lang='lat' dir='ltr'><strong>spensionem</strong></span> <span class='ocrx_word' id='word_1_806' title='bbox 3098 3691 3256 3761; x_wconf 56' lang='lat' dir='ltr'><strong>fidei,&quot;</strong></span> <span class='ocrx_word' id='word_1_807' title='bbox 3286 3700 3455 3753; x_wconf 86' lang='lat' dir='ltr'><strong>inter-</strong></span> 
     </span>
    </p>
   </div>
   <div class='ocr_carea' id='block_1_104' title="bbox 1860 3756 3455 3837">
    <p class='ocr_par' dir='ltr' id='par_1_104' title="bbox 1860 3756 3455 3837">
     <span class='ocr_line' id='line_1_106' title="bbox 1860 3756 3455 3837; baseline -0.005 -18"><span class='ocrx_word' id='word_1_808' title='bbox 1860 3766 2038 3837; x_wconf 78' lang='lat' dir='ltr'><strong>posito</strong></span> <span class='ocrx_word' id='word_1_809' title='bbox 2060 3762 2223 3817; x_wconf 88' lang='lat' dir='ltr'><strong>etiam</strong></span> <span class='ocrx_word' id='word_1_810' title='bbox 2245 3760 2621 3837; x_wconf 74' lang='lat' dir='ltr'><strong>jurejurando.</strong></span> <span class='ocrx_word' id='word_1_811' title='bbox 2647 3756 2830 3827; x_wconf 86' lang='lat' dir='ltr'><strong>Neque</strong></span> <span class='ocrx_word' id='word_1_812' title='bbox 2857 3775 2987 3837; x_wconf 74' lang='lat' dir='ltr'><strong>vero</strong></span> <span class='ocrx_word' id='word_1_813' title='bbox 3031 3760 3085 3814; x_wconf 92' lang='lat' dir='ltr'><strong>id</strong></span> <span class='ocrx_word' id='word_1_814' title='bbox 3121 3756 3284 3835; x_wconf 79' lang='lat' dir='ltr'><strong>negat</strong></span> <span class='ocrx_word' id='word_1_815' title='bbox 3322 3782 3455 3837; x_wconf 70' lang='lat' dir='ltr'><strong>pou-</strong></span> 
     </span>
    </p>
   </div>
   <div class='ocr_carea' id='block_1_105' title="bbox 1860 3827 3454 3899">
    <p class='ocr_par' dir='ltr' id='par_1_105' title="bbox 1860 3827 3454 3899">
     <span class='ocr_line' id='line_1_107' title="bbox 1860 3827 3454 3899; baseline 0.004 -13"><span class='ocrx_word' id='word_1_816' title='bbox 1860 3827 2011 3897; x_wconf 79' lang='lat' dir='ltr'><strong>iifex,</strong></span> <span class='ocrx_word' id='word_1_817' title='bbox 2038 3846 2213 3899; x_wconf 89' lang='lat' dir='ltr'><strong>neque</strong></span> <span class='ocrx_word' id='word_1_818' title='bbox 2238 3827 2439 3885; x_wconf 76' lang='lat' dir='ltr'><strong>fatetur</strong></span> <span class='ocrx_word' id='word_1_819' title='bbox 2475 3844 2668 3899; x_wconf 79' lang='lat' dir='ltr'><strong>verum</strong></span> <span class='ocrx_word' id='word_1_820' title='bbox 2702 3842 2842 3882; x_wconf 86' lang='lat' dir='ltr'><strong>esse.</strong></span> <span class='ocrx_word' id='word_1_821' title='bbox 2884 3827 2990 3899; x_wconf 84' lang='lat' dir='ltr'><strong>Sed</strong></span> <span class='ocrx_word' id='word_1_822' title='bbox 3032 3845 3131 3885; x_wconf 90' lang='lat' dir='ltr'><strong>nos</strong></span> <span class='ocrx_word' id='word_1_823' title='bbox 3181 3827 3454 3893; x_wconf 67' lang='lat' dir='ltr'><strong>dsterisuri</strong></span> 
     </span>
    </p>
   </div>
   <div class='ocr_carea' id='block_1_106' title="bbox 1860 3897 3453 3978">
    <p class='ocr_par' dir='ltr' id='par_1_106' title="bbox 1860 3897 3453 3978">
     <span class='ocr_line' id='line_1_108' title="bbox 1860 3897 3453 3978; baseline 0.002 -20"><span class='ocrx_word' id='word_1_824' title='bbox 1860 3897 2197 3978; x_wconf 60' lang='lat' dir='ltr'><strong>moxsumus</strong></span> <span class='ocrx_word' id='word_1_825' title='bbox 2237 3899 2391 3978; x_wconf 65' lang='lat' dir='ltr'><strong>valde</strong></span> <span class='ocrx_word' id='word_1_826' title='bbox 2429 3897 2709 3978; x_wconf 74' lang='lat' dir='ltr'><strong>probabile</strong></span> <span class='ocrx_word' id='word_1_827' title='bbox 2737 3911 2857 3978; x_wconf 81' lang='lat' dir='ltr'><strong>esse</strong></span> <span class='ocrx_word' id='word_1_828' title='bbox 2886 3898 2945 3978; x_wconf 77' lang='lat' dir='ltr'><strong>id</strong></span> <span class='ocrx_word' id='word_1_829' title='bbox 2967 3897 3168 3978; x_wconf 69' lang='lat' dir='ltr'><strong>factum</strong></span> <span class='ocrx_word' id='word_1_830' title='bbox 3192 3918 3222 3957; x_wconf 92' lang='lat' dir='ltr'><strong>a</strong></span> <span class='ocrx_word' id='word_1_831' title='bbox 3246 3904 3453 3978; x_wconf 87' lang='lat' dir='ltr'><strong>Grego-</strong></span> 
     </span>
    </p>
   </div>
   <div class='ocr_carea' id='block_1_107' title="bbox 1859 3967 3453 4045">
    <p class='ocr_par' dir='ltr' id='par_1_107' title="bbox 1859 3967 3453 4045">
     <span class='ocr_line' id='line_1_109' title="bbox 1859 3967 3453 4045; baseline -0.004 -20"><span class='ocrx_word' id='word_1_832' title='bbox 1859 3973 1959 4026; x_wconf 92' lang='lat' dir='ltr'><strong>rio.</strong></span> <span class='ocrx_word' id='word_1_833' title='bbox 1992 3973 2326 4045; x_wconf 76' lang='lat' dir='ltr'><strong>lluneporro</strong></span> <span class='ocrx_word' id='word_1_834' title='bbox 2346 3967 2523 4045; x_wconf 64' lang='lat' dir='ltr'><strong>locum</strong></span> <span class='ocrx_word' id='word_1_835' title='bbox 2552 3967 2689 4045; x_wconf 83' lang='lat' dir='ltr'><strong>male</strong></span> <span class='ocrx_word' id='word_1_836' title='bbox 2720 3967 2786 4045; x_wconf 72' lang='lat' dir='ltr'><strong>de</strong></span> <span class='ocrx_word' id='word_1_837' title='bbox 2811 3967 3453 4045; x_wconf 65' lang='lat' dir='ltr'><strong>Ago_bardo_interpr¢&#39;ia-</strong></span> 
     </span>
    </p>
   </div>
   <div class='ocr_carea' id='block_1_108' title="bbox 1862 4036 3451 4110">
    <p class='ocr_par' dir='ltr' id='par_1_108' title="bbox 1862 4036 3451 4110">
     <span class='ocr_line' id='line_1_110' title="bbox 1862 4036 3451 4110; baseline 0.004 -15"><span class='ocrx_word' id='word_1_838' title='bbox 1862 4051 1949 4095; x_wconf 87' lang='lat' dir='ltr'><strong>tur</strong></span> <span class='ocrx_word' id='word_1_839' title='bbox 1979 4043 2064 4095; x_wconf 81' lang='lat' dir='ltr'><strong>vir</strong></span> <span class='ocrx_word' id='word_1_840' title='bbox 2088 4036 2290 4109; x_wconf 79' lang='lat' dir='ltr'><strong>alioqui</strong></span> <span class='ocrx_word' id='word_1_841' title='bbox 2318 4039 2719 4110; x_wconf 81' lang='lat' dir='ltr'><strong>eruditissimus</strong></span> <span class='ocrx_word' id='word_1_842' title='bbox 2743 4036 3067 4110; x_wconf 64' lang='lat' dir='ltr'><strong>Franciscus</strong></span> <span class='ocrx_word' id='word_1_843' title='bbox 3106 4036 3353 4110; x_wconf 80' lang='lat' dir='ltr'><strong>Florens,</strong></span> <span class='ocrx_word' id='word_1_844' title='bbox 3382 4049 3451 4103; x_wconf 88' lang='lat' dir='ltr'><strong>ad</strong></span> 
     </span>
    </p>
   </div>
   <div class='ocr_carea' id='block_1_109' title="bbox 1860 4106 3089 4176">
    <p class='ocr_par' dir='ltr' id='par_1_109' title="bbox 1860 4106 3089 4176">
     <span class='ocr_line' id='line_1_111' title="bbox 1860 4106 3089 4176; baseline -0.002 -11"><span class='ocrx_word' id='word_1_845' title='bbox 1860 4112 2071 4166; x_wconf 83' lang='lat' dir='ltr'><strong>titulum</strong></span> <span class='ocrx_word' id='word_1_846' title='bbox 2094 4110 2148 4174; x_wconf 85' lang='lat'><strong>6,</strong></span> <span class='ocrx_word' id='word_1_847' title='bbox 2176 4106 2253 4163; x_wconf 76' lang='lat' dir='ltr'><strong>De</strong></span> <span class='ocrx_word' id='word_1_848' title='bbox 2280 4109 2526 4163; x_wconf 85' lang='lat' dir='ltr'><strong>electione</strong></span> <span class='ocrx_word' id='word_1_849' title='bbox 2551 4117 2601 4161; x_wconf 89' lang='lat' dir='ltr'><strong>et</strong></span> <span class='ocrx_word' id='word_1_850' title='bbox 2630 4106 2777 4160; x_wconf 87' lang='lat' dir='ltr'><strong>electi</strong></span> <span class='ocrx_word' id='word_1_851' title='bbox 2817 4116 3089 4176; x_wconf 82' lang='lat' dir='ltr'><strong>potestate.</strong></span> 
     </span>
    </p>
   </div>
   <div class='ocr_carea' id='block_1_110' title="bbox 1932 4176 3453 4255">
    <p class='ocr_par' dir='ltr' id='par_1_110' title="bbox 1932 4176 3453 4255">
     <span class='ocr_line' id='line_1_112' title="bbox 1932 4176 3453 4255; baseline 0.006 -22"><span class='ocrx_word' id='word_1_852' title='bbox 1932 4194 1953 4255; x_wconf 55' lang='grc' dir='ltr'><strong>ς</strong></span> <span class='ocrx_word' id='word_1_853' title='bbox 1986 4180 2199 4255; x_wconf 77' lang='lat' dir='ltr'><strong>Perjuri</strong></span> <span class='ocrx_word' id='word_1_854' title='bbox 2227 4179 2370 4232; x_wconf 80' lang='lat' dir='ltr'><strong>estis.</strong></span> <span class='ocrx_word' id='word_1_855' title='bbox 2391 4176 2960 4255; x_wconf 72' lang='lat' dir='ltr'><strong>Quid?Jurarnentum_</strong></span> <span class='ocrx_word' id='word_1_856' title='bbox 2990 4176 3285 4255; x_wconf 77' lang='lat' dir='ltr'><strong>ﬁdelitatis,</strong></span> <span class='ocrx_word' id='word_1_857' title='bbox 3304 4187 3453 4255; x_wconf 90' lang='lat' dir='ltr'><strong>quod</strong></span> 
     </span>
    </p>
   </div>
   <div class='ocr_carea' id='block_1_111' title="bbox 1859 4246 3453 4326">
    <p class='ocr_par' dir='ltr' id='par_1_111' title="bbox 1859 4246 3453 4326">
     <span class='ocr_line' id='line_1_113' title="bbox 1859 4246 3453 4326; baseline -0.001 -22"><span class='ocrx_word' id='word_1_858' title='bbox 1859 4246 2097 4326; x_wconf 79' lang='lat' dir='ltr'><strong>episcopi</strong></span> <span class='ocrx_word' id='word_1_859' title='bbox 2134 4258 2246 4326; x_wconf 77' lang='lat' dir='ltr'><strong>tum</strong></span> <span class='ocrx_word' id='word_1_860' title='bbox 2285 4246 2902 4326; x_wconf 54' lang='lat' dir='ltr'><strong>przcstabantnprincipi,</strong></span> <span class='ocrx_word' id='word_1_861' title='bbox 2945 4246 3050 4326; x_wconf 79' lang='lat' dir='ltr'><strong>hoc</strong></span> <span class='ocrx_word' id='word_1_862' title='bbox 3081 4252 3245 4326; x_wconf 84' lang='lat' dir='ltr'><strong>etiam</strong></span> <span class='ocrx_word' id='word_1_863' title='bbox 3271 4246 3453 4326; x_wconf 66' lang='lat' dir='ltr'><strong>caput</strong></span> 
     </span>
    </p>
   </div>
   <div class='ocr_carea' id='block_1_112' title="bbox 1860 4316 3455 4394">
    <p class='ocr_par' dir='ltr' id='par_1_112' title="bbox 1860 4316 3455 4394">
     <span class='ocr_line' id='line_1_114' title="bbox 1860 4316 3455 4394; baseline -0.006 -18"><span class='ocrx_word' id='word_1_864' title='bbox 1860 4316 2336 4394; x_wconf 71' lang='lat' dir='ltr'><strong>complectebatur,</strong></span> <span class='ocrx_word' id='word_1_865' title='bbox 2392 4328 2453 4372; x_wconf 92' lang='lat' dir='ltr'><strong>ut</strong></span> <span class='ocrx_word' id='word_1_866' title='bbox 2501 4316 2863 4394; x_wconf 71' lang='lat' dir='ltr'><strong>intelligerent</strong></span> <span class='ocrx_word' id='word_1_867' title='bbox 2911 4317 3149 4394; x_wconf 65' lang='lat' dir='ltr'><strong>episcopi</strong></span> <span class='ocrx_word' id='word_1_868' title='bbox 3181 4336 3264 4394; x_wconf 81' lang='lat' dir='ltr'><strong>_sc</strong></span> <span class='ocrx_word' id='word_1_869' title='bbox 3302 4316 3455 4394; x_wconf 66' lang='lat' dir='ltr'><strong>ju&#39;re-</strong></span> 
     </span>
    </p>
   </div>
   <div class='ocr_carea' id='block_1_113' title="bbox 1854 4385 3451 4460">
    <p class='ocr_par' dir='ltr' id='par_1_113' title="bbox 1854 4385 3451 4460">
     <span class='ocr_line' id='line_1_115' title="bbox 1854 4385 3451 4460; baseline 0.004 -17"><span class='ocrx_word' id='word_1_870' title='bbox 1854 4385 2087 4460; x_wconf 78' lang='lat' dir='ltr'><strong>jnraitdo</strong></span> <span class='ocrx_word' id='word_1_871' title='bbox 2109 4389 2399 4444; x_wconf 88' lang='lat' dir='ltr'><strong>obstrictos</strong></span> <span class='ocrx_word' id='word_1_872' title='bbox 2418 4403 2616 4460; x_wconf 84' lang='lat' dir='ltr'><strong>essene</strong></span> <span class='ocrx_word' id='word_1_873' title='bbox 2642 4385 2775 4460; x_wconf 71' lang='lat' dir='ltr'><strong>quid</strong></span> <span class='ocrx_word' id='word_1_874' title='bbox 2786 4385 3052 4460; x_wconf 76' lang='lat' dir='ltr'><strong>adversus</strong></span> <span class='ocrx_word' id='word_1_875' title='bbox 3067 4385 3265 4445; x_wconf 86' lang='lat' dir='ltr'><strong>Christi</strong></span> <span class='ocrx_word' id='word_1_876' title='bbox 3288 4385 3451 4450; x_wconf 80' lang='lat' dir='ltr'><strong>iidem</strong></span> 
     </span>
    </p>
   </div>
   <div class='ocr_carea' id='block_1_114' title="bbox 1862 4454 3454 4529">
    <p class='ocr_par' dir='ltr' id='par_1_114' title="bbox 1862 4454 3454 4529">
     <span class='ocr_line' id='line_1_116' title="bbox 1862 4454 3454 4529; baseline 0.004 -16"><span class='ocrx_word' id='word_1_877' title='bbox 1862 4454 1977 4516; x_wconf 77' lang='lat' dir='ltr'><strong>ﬁeri</strong></span> <span class='ocrx_word' id='word_1_878' title='bbox 2019 4468 2335 4529; x_wconf 85' lang='lat' dir='ltr'><strong>paterentur</strong></span> <span class='ocrx_word' id='word_1_879' title='bbox 2371 4454 2682 4529; x_wconf 82' lang='lat' dir='ltr'><strong>a_principe</strong></span> <span class='ocrx_word' id='word_1_880' title='bbox 2701 4454 2984 4529; x_wconf 77' lang='lat' dir='ltr'><strong>?_Joar_i.nc_s</strong></span> <span class='ocrx_word' id='word_1_881' title='bbox 3023 4456 3454 4521; x_wconf 86' lang='lat' dir='ltr'><strong>Saresberiensis</strong></span> 
     </span>
    </p>
   </div>
   <div class='ocr_carea' id='block_1_115' title="bbox 1860 4524 3448 4606">
    <p class='ocr_par' dir='ltr' id='par_1_115' title="bbox 1860 4524 3448 4606">
     <span class='ocr_line' id='line_1_117' title="bbox 1860 4524 3448 4606; baseline 0.004 -23"><span class='ocrx_word' id='word_1_882' title='bbox 1860 4532 1913 4584; x_wconf 91' lang='lat' dir='ltr'><strong>in</strong></span> <span class='ocrx_word' id='word_1_883' title='bbox 1935 4524 2159 4606; x_wconf 73' lang='lat' dir='ltr'><strong>epistola</strong></span> <span class='ocrx_word' id='word_1_884' title='bbox 2175 4530 2205 4606; x_wconf 80' lang='lat' dir='ltr'><strong>_l</strong></span> <span class='ocrx_word' id='word_1_885' title='bbox 2217 4529 2317 4606; x_wconf 82' lang='lat'><strong>70_:</strong></span> <span class='ocrx_word' id='word_1_886' title='bbox 2342 4548 2359 4578; x_wconf 82' lang='grc' dir='ltr'><strong>ι</strong></span> <span class='ocrx_word' id='word_1_887' title='bbox 2382 4524 2634 4606; x_wconf 53' lang='lat' dir='ltr'><strong>Nunquid</strong></span> <span class='ocrx_word' id='word_1_888' title='bbox 2659 4526 2803 4580; x_wconf 91' lang='lat' dir='ltr'><strong>enim</strong></span> <span class='ocrx_word' id='word_1_889' title='bbox 2825 4524 3029 4606; x_wconf 53' lang='lat' dir='ltr'><strong>“fideles</strong></span> <span class='ocrx_word' id='word_1_890' title='bbox 3058 4529 3336 4606; x_wconf 74' lang='lat' dir='ltr'><strong>opinaris,</strong></span> <span class='ocrx_word' id='word_1_891' title='bbox 3356 4537 3448 4606; x_wconf 91' lang='lat' dir='ltr'><strong>qui</strong></span> 
     </span>
    </p>
   </div>
   <div class='ocr_carea' id='block_1_116' title="bbox 1859 4596 3449 4671">
    <p class='ocr_par' dir='ltr' id='par_1_116' title="bbox 1859 4596 3449 4671">
     <span class='ocr_line' id='line_1_118' title="bbox 1859 4596 3449 4671; baseline 0.004 -17"><span class='ocrx_word' id='word_1_892' title='bbox 1859 4596 2112 4671; x_wconf 79' lang='lat' dir='ltr'><strong>peccandi</strong></span> <span class='ocrx_word' id='word_1_893' title='bbox 2132 4600 2252 4661; x_wconf 86' lang='lat' dir='ltr'><strong>.vias</strong></span> <span class='ocrx_word' id='word_1_894' title='bbox 2280 4596 2635 4671; x_wconf 73' lang='lat' dir='ltr'><strong>dominoregi</strong></span> <span class='ocrx_word' id='word_1_895' title='bbox 2666 4596 2979 4671; x_wconf 76' lang='lat' dir='ltr'><strong>expediunt,</strong></span> <span class='ocrx_word' id='word_1_896' title='bbox 3006 4596 3131 4671; x_wconf 67' lang='lat' dir='ltr'><strong>etin</strong></span> <span class='ocrx_word' id='word_1_897' title='bbox 3142 4615 3207 4655; x_wconf 89' lang='lat' dir='ltr'><strong>eo</strong></span> <span class='ocrx_word' id='word_1_898' title='bbox 3220 4596 3449 4659; x_wconf 77' lang='lat' dir='ltr'><strong>studiosi</strong></span> 
     </span>
    </p>
   </div>
   <div class='ocr_carea' id='block_1_117' title="bbox 1859 4665 3449 4742">
    <p class='ocr_par' dir='ltr' id='par_1_117' title="bbox 1859 4665 3449 4742">
     <span class='ocr_line' id='line_1_119' title="bbox 1859 4665 3449 4742; baseline 0.004 -19"><span class='ocrx_word' id='word_1_899' title='bbox 1859 4665 2004 4734; x_wconf 76' lang='lat' dir='ltr'><strong>sunt,</strong></span> <span class='ocrx_word' id='word_1_900' title='bbox 2028 4678 2087 4722; x_wconf 86' lang='lat' dir='ltr'><strong>ut</strong></span> <span class='ocrx_word' id='word_1_901' title='bbox 2115 4675 2464 4739; x_wconf 87' lang='lat' dir='ltr'><strong>prosperetur</strong></span> <span class='ocrx_word' id='word_1_902' title='bbox 2485 4669 2553 4742; x_wconf 88' lang='lat' dir='ltr'><strong>_in_</strong></span> <span class='ocrx_word' id='word_1_903' title='bbox 2564 4668 2663 4742; x_wconf 75' lang='lat' dir='ltr'><strong>bis</strong></span> <span class='ocrx_word' id='word_1_904' title='bbox 2680 4681 2801 4742; x_wconf 64' lang='lat' dir='ltr'><strong>qua;</strong></span> <span class='ocrx_word' id='word_1_905' title='bbox 2827 4665 3087 4742; x_wconf 81' lang='lat' dir='ltr'><strong>adversus</strong></span> <span class='ocrx_word' id='word_1_906' title='bbox 3107 4669 3319 4742; x_wconf 78' lang='lat' dir='ltr'><strong>Domini</strong></span> <span class='ocrx_word' id='word_1_907' title='bbox 3328 4673 3449 4742; x_wconf 86' lang='lat' dir='ltr'><strong>jus-</strong></span> 
     </span>
    </p>
   </div>
   <div class='ocr_carea' id='block_1_118' title="bbox 1861 4734 3445 4810">
    <p class='ocr_par' dir='ltr' id='par_1_118' title="bbox 1861 4734 3445 4810">
     <span class='ocr_line' id='line_1_120' title="bbox 1861 4734 3445 4810; baseline 0.004 -17"><span class='ocrx_word' id='word_1_908' title='bbox 1861 4742 2031 4793; x_wconf 87' lang='lat' dir='ltr'><strong>titiam</strong></span> <span class='ocrx_word' id='word_1_909' title='bbox 2069 4734 2505 4810; x_wconf 68' lang='lat' dir='ltr'><strong>prmsuinuntur?</strong></span> <span class='ocrx_word' id='word_1_910' title='bbox 2536 4737 2666 4810; x_wconf 81' lang='lat' dir='ltr'><strong>Uter</strong></span> <span class='ocrx_word' id='word_1_911' title='bbox 2700 4734 2804 4789; x_wconf 81' lang='lat' dir='ltr'><strong>tibi</strong></span> <span class='ocrx_word' id='word_1_912' title='bbox 2852 4736 3067 4810; x_wconf 77' lang='lat' dir='ltr'><strong>videtur</strong></span> <span class='ocrx_word' id='word_1_913' title='bbox 3114 4734 3347 4810; x_wconf 67' lang='lat' dir='ltr'><strong>ﬁdelior,</strong></span> <span class='ocrx_word' id='word_1_914' title='bbox 3376 4760 3445 4798; x_wconf 85' lang='lat' dir='ltr'><strong>an</strong></span> 
     </span>
    </p>
   </div>
   <div class='ocr_carea' id='block_1_119' title="bbox 1858 4806 3447 4880">
    <p class='ocr_par' dir='ltr' id='par_1_119' title="bbox 1858 4806 3447 4880">
     <span class='ocr_line' id='line_1_121' title="bbox 1858 4806 3447 4880; baseline 0.003 -16"><span class='ocrx_word' id='word_1_915' title='bbox 1858 4812 1948 4879; x_wconf 86' lang='lat' dir='ltr'><strong>qui</strong></span> <span class='ocrx_word' id='word_1_916' title='bbox 1980 4811 2045 4864; x_wconf 83' lang='lat' dir='ltr'><strong>ad</strong></span> <span class='ocrx_word' id='word_1_917' title='bbox 2070 4806 2259 4863; x_wconf 77' lang='lat' dir='ltr'><strong>nutum</strong></span> <span class='ocrx_word' id='word_1_918' title='bbox 2288 4808 2499 4880; x_wconf 80' lang='lat' dir='ltr'><strong>erronei</strong></span> <span class='ocrx_word' id='word_1_919' title='bbox 2525 4806 2797 4880; x_wconf 71' lang='lat' dir='ltr'><strong>ministrat</strong></span> <span class='ocrx_word' id='word_1_920' title='bbox 2826 4806 3030 4874; x_wconf 90' lang='lat' dir='ltr'><strong>culpas,</strong></span> <span class='ocrx_word' id='word_1_921' title='bbox 3055 4823 3123 4862; x_wconf 92' lang='lat' dir='ltr'><strong>an</strong></span> <span class='ocrx_word' id='word_1_922' title='bbox 3152 4806 3242 4879; x_wconf 83' lang='lat' dir='ltr'><strong>qui</strong></span> <span class='ocrx_word' id='word_1_923' title='bbox 3270 4806 3447 4880; x_wconf 83' lang='lat' dir='ltr'><strong>perni-</strong></span> 
     </span>
    </p>
   </div>
   <div class='ocr_carea' id='block_1_120' title="bbox 1858 4874 3443 4963">
    <p class='ocr_par' dir='ltr' id='par_1_120' title="bbox 1858 4874 3443 4963">
     <span class='ocr_line' id='line_1_122' title="bbox 1858 4874 3443 4963; baseline -0.002 -30"><span class='ocrx_word' id='word_1_924' title='bbox 1858 4874 2031 4963; x_wconf 68' lang='lat' dir='ltr'><strong>ciqsas</strong></span> <span class='ocrx_word' id='word_1_925' title='bbox 2048 4880 2231 4963; x_wconf 63' lang='lat' dir='ltr'><strong>abigit</strong></span> <span class='ocrx_word' id='word_1_926' title='bbox 2265 4877 2567 4945; x_wconf 87' lang='lat' dir='ltr'><strong>voluptates</strong></span> <span class='ocrx_word' id='word_1_927' title='bbox 2582 4875 2614 4963; x_wconf 53' lang='lat'><strong>?‘</strong></span> <span class='ocrx_word' id='word_1_928' title='bbox 2636 4874 2847 4963; x_wconf 56' lang='lat' dir='ltr'><strong>Sentiat</strong></span> <span class='ocrx_word' id='word_1_929' title='bbox 2868 4874 3443 4963; x_wconf 25' lang='lat' dir='ltr'><strong>‘unustqpisquejqupd</strong></span> 
     </span>
    </p>
   </div>
   <div class='ocr_carea' id='block_1_121' title="bbox 1857 4944 3443 5018">
    <p class='ocr_par' dir='ltr' id='par_1_121' title="bbox 1857 4944 3443 5018">
     <span class='ocr_line' id='line_1_123' title="bbox 1857 4944 3443 5018; baseline -0.006 -16"><span class='ocrx_word' id='word_1_930' title='bbox 1857 4950 2102 5002; x_wconf 85' lang='lat' dir='ltr'><strong>voluerit.</strong></span> <span class='ocrx_word' id='word_1_931' title='bbox 2135 4944 2246 5018; x_wconf 80' lang='lat' dir='ltr'><strong>Ego</strong></span> <span class='ocrx_word' id='word_1_932' title='bbox 2274 4944 2548 5018; x_wconf 60' lang='lat' dir='ltr'><strong>nunquam</strong></span> <span class='ocrx_word' id='word_1_933' title='bbox 2584 4944 2801 5018; x_wconf 82' lang='lat' dir='ltr'><strong>domino</strong></span> <span class='ocrx_word' id='word_1_934' title='bbox 2832 4947 2945 5018; x_wconf 84' lang='lat' dir='ltr'><strong>regi</strong></span> <span class='ocrx_word' id='word_1_935' title='bbox 2975 4944 3101 5017; x_wconf 81' lang='lat' dir='ltr'><strong>(Sic</strong></span> <span class='ocrx_word' id='word_1_936' title='bbox 3129 4944 3340 5005; x_wconf 71' lang='grc' dir='ltr'><strong>οὴιηίηὸ</strong></span> <span class='ocrx_word' id='word_1_937' title='bbox 3365 4952 3443 5006; x_wconf 72' lang='grc' dir='ltr'><strong>ιε-</strong></span> 
     </span>
    </p>
   </div>
   <div class='ocr_carea' id='block_1_122' title="bbox 1855 5014 3445 5088">
    <p class='ocr_par' dir='ltr' id='par_1_122' title="bbox 1855 5014 3445 5088">
     <span class='ocr_line' id='line_1_124' title="bbox 1855 5014 3445 5088; baseline 0.001 -18"><span class='ocrx_word' id='word_1_938' title='bbox 1855 5019 2109 5087; x_wconf 82' lang='lat' dir='ltr'><strong>gendum;</strong></span> <span class='ocrx_word' id='word_1_939' title='bbox 2130 5014 2232 5088; x_wconf 58' lang='lat' dir='ltr'><strong>ne}:</strong></span> <span class='ocrx_word' id='word_1_940' title='bbox 2258 5014 2454 5088; x_wconf 68' lang='lat' dir='ltr'><strong>autem,</strong></span> <span class='ocrx_word' id='word_1_941' title='bbox 2482 5014 2767 5088; x_wconf 88' lang='lat' dir='ltr'><strong>Dominum</strong></span> <span class='ocrx_word' id='word_1_942' title='bbox 2794 5022 2849 5070; x_wconf 90' lang='lat' dir='ltr'><strong>et</strong></span> <span class='ocrx_word' id='word_1_943' title='bbox 2875 5014 3148 5088; x_wconf 80' lang='lat' dir='ltr'><strong>)amicum</strong></span> <span class='ocrx_word' id='word_1_944' title='bbox 3186 5023 3445 5088; x_wconf 81' lang='lat' dir='ltr'><strong>reputabo</strong></span> 
     </span>
    </p>
   </div>
   <div class='ocr_carea' id='block_1_123' title="bbox 1857 5085 3445 5158">
    <p class='ocr_par' dir='ltr' id='par_1_123' title="bbox 1857 5085 3445 5158">
     <span class='ocr_line' id='line_1_125' title="bbox 1857 5085 3445 5158; baseline 0.002 -17"><span class='ocrx_word' id='word_1_945' title='bbox 1857 5085 2086 5151; x_wconf 81' lang='lat' dir='ltr'><strong>ﬁdelem,</strong></span> <span class='ocrx_word' id='word_1_946' title='bbox 2107 5087 2198 5158; x_wconf 90' lang='lat' dir='ltr'><strong>qui</strong></span> <span class='ocrx_word' id='word_1_947' title='bbox 2230 5085 2472 5158; x_wconf 81' lang='lat' dir='ltr'><strong>sicillius</strong></span> <span class='ocrx_word' id='word_1_948' title='bbox 2487 5087 2831 5158; x_wconf 64' lang='lat' dir='ltr'><strong>obtemperat</strong></span> <span class='ocrx_word' id='word_1_949' title='bbox 2850 5085 3141 5158; x_wconf 75' lang='lat' dir='ltr'><strong>voluptati,</strong></span> <span class='ocrx_word' id='word_1_950' title='bbox 3171 5085 3445 5146; x_wconf 52' lang='lat' dir='ltr'><strong>ut&#39;salutis</strong></span> 
     </span>
    </p>
   </div>
   <div class='ocr_carea' id='block_1_124' title="bbox 1854 5154 3441 5225">
    <p class='ocr_par' dir='ltr' id='par_1_124' title="bbox 1854 5154 3441 5225">
     <span class='ocr_line' id='line_1_126' title="bbox 1854 5154 3441 5225; baseline 0.001 -13"><span class='ocrx_word' id='word_1_951' title='bbox 1854 5167 1909 5212; x_wconf 87' lang='lat' dir='ltr'><strong>et</strong></span> <span class='ocrx_word' id='word_1_952' title='bbox 1939 5158 2061 5212; x_wconf 66' lang='lat' dir='ltr'><strong>vita:</strong></span> <span class='ocrx_word' id='word_1_953' title='bbox 2082 5154 2420 5225; x_wconf 80' lang='lat' dir='ltr'><strong>dispendium</strong></span> <span class='ocrx_word' id='word_1_954' title='bbox 2444 5154 2653 5209; x_wconf 77' lang='lat' dir='ltr'><strong>aﬁ&#39;erat.</strong></span> <span class='ocrx_word' id='word_1_955' title='bbox 2680 5154 2788 5225; x_wconf 64' lang='lat' dir='ltr'><strong>rEt</strong></span> <span class='ocrx_word' id='word_1_956' title='bbox 2811 5154 3053 5210; x_wconf 73' lang='lat' dir='ltr'><strong>videnda:</strong></span> <span class='ocrx_word' id='word_1_957' title='bbox 3092 5159 3313 5213; x_wconf 91' lang='lat' dir='ltr'><strong>omnino</strong></span> <span class='ocrx_word' id='word_1_958' title='bbox 3345 5158 3441 5214; x_wconf 79' lang='lat' dir='ltr'><strong>Ju-</strong></span> 
     </span>
    </p>
   </div>
   <div class='ocr_carea' id='block_1_125' title="bbox 1855 5224 3345 5295">
    <p class='ocr_par' dir='ltr' id='par_1_125' title="bbox 1855 5224 3345 5295">
     <span class='ocr_line' id='line_1_127' title="bbox 1855 5224 3345 5295; baseline 0.001 -14"><span class='ocrx_word' id='word_1_959' title='bbox 1855 5228 1956 5282; x_wconf 87' lang='lat' dir='ltr'><strong>reti</strong></span> <span class='ocrx_word' id='word_1_960' title='bbox 1977 5224 2386 5295; x_wconf 79' lang='lat' dir='ltr'><strong>observationes</strong></span> <span class='ocrx_word' id='word_1_961' title='bbox 2404 5226 2473 5279; x_wconf 89' lang='lat' dir='ltr'><strong>ad</strong></span> <span class='ocrx_word' id='word_1_962' title='bbox 2496 5226 2653 5294; x_wconf 88' lang='lat' dir='ltr'><strong>epist.</strong></span> <span class='ocrx_word' id='word_1_963' title='bbox 2671 5224 2740 5295; x_wconf 48' lang='lat'><strong>55</strong></span> <span class='ocrx_word' id='word_1_964' title='bbox 2769 5224 2947 5279; x_wconf 84' lang='lat' dir='ltr'><strong>lvonis</strong></span> <span class='ocrx_word' id='word_1_965' title='bbox 2972 5225 3345 5283; x_wconf 90' lang='lat' dir='ltr'><strong>Carnutensis.</strong></span> 
     </span>
    </p>
   </div>
   <div class='ocr_carea' id='block_1_126' title="bbox 1923 5294 3441 5368">
    <p class='ocr_par' dir='ltr' id='par_1_126' title="bbox 1923 5294 3441 5368">
     <span class='ocr_line' id='line_1_128' title="bbox 1923 5294 3441 5368; baseline 0.003 -17"><span class='ocrx_word' id='word_1_966' title='bbox 1923 5297 1948 5335; x_wconf 77' lang='grc' dir='ltr'>ἀ</span> <span class='ocrx_word' id='word_1_967' title='bbox 1981 5294 2173 5368; x_wconf 79' lang='lat' dir='ltr'><strong>Rerum</strong></span> <span class='ocrx_word' id='word_1_968' title='bbox 2195 5296 2666 5368; x_wconf 56' lang='lat' dir='ltr'><strong>opportunitatem.</strong></span> <span class='ocrx_word' id='word_1_969' title='bbox 2692 5294 2749 5347; x_wconf 86' lang='grc' dir='ltr'><strong>ιιι</strong></span> <span class='ocrx_word' id='word_1_970' title='bbox 2776 5295 2946 5368; x_wconf 76' lang='lat' dir='ltr'><strong>veteri</strong></span> <span class='ocrx_word' id='word_1_971' title='bbox 2975 5298 3180 5361; x_wconf 88' lang='lat' dir='ltr'><strong>codice,</strong></span> <span class='ocrx_word' id='word_1_972' title='bbox 3205 5298 3441 5368; x_wconf 89' lang='lat' dir='ltr'><strong>itemque</strong></span> 
     </span>
    </p>
   </div>
   <div class='ocr_carea' id='block_1_127' title="bbox 1854 5314 3440 5439">
    <p class='ocr_par' dir='ltr' id='par_1_127' title="bbox 1854 5314 3440 5439">
     <span class='ocr_line' id='line_1_129' title="bbox 1923 5314 3440 5419; baseline 0.004 -70"><span class='ocrx_word' id='word_1_973' title='bbox 1923 5314 1948 5335; x_wconf 75' lang='grc' dir='ltr'>α</span> <span class='ocrx_word' id='word_1_974' title='bbox 1981 5314 2173 5351; x_wconf 78' lang='lat' dir='ltr'><strong>nerunt</strong></span> <span class='ocrx_word' id='word_1_975' title='bbox 2194 5314 2666 5419; x_wconf 42' lang='lat' dir='ltr'><strong>wportunttatem.</strong></span> <span class='ocrx_word' id='word_1_976' title='bbox 2693 5314 2749 5347; x_wconf 86' lang='grc' dir='ltr'><strong>ιιι</strong></span> <span class='ocrx_word' id='word_1_977' title='bbox 2776 5314 2946 5349; x_wconf 79' lang='lat' dir='ltr'><strong>veer</strong></span> <span class='ocrx_word' id='word_1_978' title='bbox 2975 5314 3180 5361; x_wconf 72' lang='lat'><strong>000108,</strong></span> <span class='ocrx_word' id='word_1_979' title='bbox 3205 5314 3440 5368; x_wconf 86' lang='lat' dir='ltr'><strong>Itemque</strong></span> 
     </span>
     <span class='ocr_line' id='line_1_130' title="bbox 1854 5363 3440 5439; baseline 0.001 -18"><span class='ocrx_word' id='word_1_980' title='bbox 1854 5367 1908 5421; x_wconf 91' lang='lat' dir='ltr'><strong>in</strong></span> <span class='ocrx_word' id='word_1_981' title='bbox 1936 5367 2169 5422; x_wconf 89' lang='lat' dir='ltr'><strong>editione</strong></span> <span class='ocrx_word' id='word_1_982' title='bbox 2190 5437 2228 5439; x_wconf 38' lang='grc' dir='ltr'>η</span> <span class='ocrx_word' id='word_1_983' title='bbox 2250 5366 2449 5439; x_wconf 78' lang='lat' dir='ltr'><strong>assoni,</strong></span> <span class='ocrx_word' id='word_1_984' title='bbox 2470 5363 2731 5439; x_wconf 84' lang='lat' dir='ltr'><strong>scriptum</strong></span> <span class='ocrx_word' id='word_1_985' title='bbox 2757 5372 2856 5425; x_wconf 87' lang='lat' dir='ltr'><strong>est,</strong></span> <span class='ocrx_word' id='word_1_986' title='bbox 2882 5365 3042 5439; x_wconf 74' lang='lat' dir='ltr'><strong>juxta</strong></span> <span class='ocrx_word' id='word_1_987' title='bbox 3061 5383 3235 5436; x_wconf 86' lang='lat' dir='ltr'><strong>regum</strong></span> <span class='ocrx_word' id='word_1_988' title='bbox 3254 5384 3440 5439; x_wconf 61' lang='lat' dir='ltr'><strong>opporg</strong></span> 
     </span>
    </p>
   </div>
   <div class='ocr_carea' id='block_1_128' title="bbox 1853 5433 3439 5505">
    <p class='ocr_par' dir='ltr' id='par_1_128' title="bbox 1853 5433 3439 5505">
     <span class='ocr_line' id='line_1_131' title="bbox 1853 5433 3439 5505; baseline 0.003 -15"><span class='ocrx_word' id='word_1_989' title='bbox 1853 5439 2146 5491; x_wconf 73' lang='lat' dir='ltr'><strong>(unitatem.</strong></span> <span class='ocrx_word' id='word_1_990' title='bbox 2188 5437 2384 5491; x_wconf 79' lang='lat' dir='ltr'><strong>Verum</strong></span> <span class='ocrx_word' id='word_1_991' title='bbox 2434 5435 2576 5488; x_wconf 86' lang='lat' dir='ltr'><strong>hunc</strong></span> <span class='ocrx_word' id='word_1_992' title='bbox 2603 5433 2776 5505; x_wconf 82' lang='lat' dir='ltr'><strong>locum</strong></span> <span class='ocrx_word' id='word_1_993' title='bbox 2832 5433 2951 5490; x_wconf 83' lang='lat' dir='ltr'><strong>esse</strong></span> <span class='ocrx_word' id='word_1_994' title='bbox 2978 5433 3328 5505; x_wconf 72' lang='lat' dir='ltr'><strong>depravatum</strong></span> <span class='ocrx_word' id='word_1_995' title='bbox 3358 5438 3439 5493; x_wconf 80' lang='lat' dir='ltr'><strong>vel</strong></span> 
     </span>
    </p>
   </div>
   <div class='ocr_carea' id='block_1_129' title="bbox 1853 5502 3430 5573">
    <p class='ocr_par' dir='ltr' id='par_1_129' title="bbox 1853 5502 3430 5573">
     <span class='ocr_line' id='line_1_132' title="bbox 1853 5502 3430 5573; baseline -0.001 -11"><span class='ocrx_word' id='word_1_996' title='bbox 1853 5523 2045 5562; x_wconf 88' lang='lat' dir='ltr'><strong>sensus</strong></span> <span class='ocrx_word' id='word_1_997' title='bbox 2074 5506 2293 5562; x_wconf 84' lang='lat' dir='ltr'><strong>evincit.</strong></span> <span class='ocrx_word' id='word_1_998' title='bbox 2323 5505 2605 5573; x_wconf 17' lang='lat' dir='ltr'><strong>Praeterea,</strong></span> <span class='ocrx_word' id='word_1_999' title='bbox 2620 5502 2779 5573; x_wconf 87' lang='lat' dir='ltr'><strong>paulo</strong></span> <span class='ocrx_word' id='word_1_1000' title='bbox 2809 5512 2949 5573; x_wconf 84' lang='lat' dir='ltr'><strong>post,</strong></span> <span class='ocrx_word' id='word_1_1001' title='bbox 2975 5502 3097 5559; x_wconf 80' lang='lat' dir='ltr'><strong>cuin</strong></span> <span class='ocrx_word' id='word_1_1002' title='bbox 3132 5506 3235 5560; x_wconf 88' lang='lat' dir='ltr'><strong>ista</strong></span> <span class='ocrx_word' id='word_1_1003' title='bbox 3262 5516 3430 5561; x_wconf 79' lang='lat' dir='ltr'><strong>retra-</strong></span> 
     </span>
    </p>
   </div>
   <div class='ocr_carea' id='block_1_130' title="bbox 1852 5572 3439 5647">
    <p class='ocr_par' dir='ltr' id='par_1_130' title="bbox 1852 5572 3439 5647">
     <span class='ocr_line' id='line_1_133' title="bbox 1852 5572 3439 5647; baseline -0.002 -14"><span class='ocrx_word' id='word_1_1004' title='bbox 1852 5586 2090 5641; x_wconf 87' lang='lat' dir='ltr'><strong>ctantur,</strong></span> <span class='ocrx_word' id='word_1_1005' title='bbox 2123 5577 2197 5632; x_wconf 89' lang='lat' dir='ltr'><strong>ait</strong></span> <span class='ocrx_word' id='word_1_1006' title='bbox 2235 5574 2559 5646; x_wconf 85' lang='lat' dir='ltr'><strong>Gregorius:</strong></span> <span class='ocrx_word' id='word_1_1007' title='bbox 2580 5572 2692 5628; x_wconf 83' lang='lat' dir='ltr'><strong>Ista</strong></span> <span class='ocrx_word' id='word_1_1008' title='bbox 2723 5572 2860 5627; x_wconf 74' lang='lat' dir='ltr'><strong>enim</strong></span> <span class='ocrx_word' id='word_1_1009' title='bbox 2890 5577 3256 5647; x_wconf 73' lang='lat' dir='ltr'><strong>commutatio,</strong></span> <span class='ocrx_word' id='word_1_1010' title='bbox 3278 5593 3439 5647; x_wconf 83' lang='lat' dir='ltr'><strong>quam</strong></span> 
     </span>
    </p>
   </div>
   <div class='ocr_carea' id='block_1_131' title="bbox 1852 5645 3437 5716">
    <p class='ocr_par' dir='ltr' id='par_1_131' title="bbox 1852 5645 3437 5716">
     <span class='ocr_line' id='line_1_134' title="bbox 1852 5645 3437 5716; baseline 0 -16"><span class='ocrx_word' id='word_1_1011' title='bbox 1852 5664 1940 5701; x_wconf 81' lang='lat' dir='ltr'><strong>eos</strong></span> <span class='ocrx_word' id='word_1_1012' title='bbox 1995 5647 2169 5701; x_wconf 86' lang='lat' dir='ltr'><strong>dicitis</strong></span> <span class='ocrx_word' id='word_1_1013' title='bbox 2202 5645 2365 5716; x_wconf 71' lang='lat' dir='ltr'><strong>juxta</strong></span> <span class='ocrx_word' id='word_1_1014' title='bbox 2404 5660 2577 5716; x_wconf 72' lang='lat' dir='ltr'><strong>rerum</strong></span> <span class='ocrx_word' id='word_1_1015' title='bbox 2626 5645 3058 5716; x_wconf 74' lang='lat' dir='ltr'><strong>opportunitatem</strong></span> <span class='ocrx_word' id='word_1_1016' title='bbox 3085 5645 3302 5714; x_wconf 77' lang='lat' dir='ltr'><strong>factam,</strong></span> <span class='ocrx_word' id='word_1_1017' title='bbox 3330 5655 3437 5703; x_wconf 68' lang='lat' dir='ltr'><strong>etc.</strong></span> 
     </span>
    </p>
   </div>
   <div class='ocr_carea' id='block_1_132' title="bbox 1851 5712 2910 5787">
    <p class='ocr_par' dir='ltr' id='par_1_132' title="bbox 1851 5712 2910 5787">
     <span class='ocr_line' id='line_1_135' title="bbox 1851 5712 2910 5787; baseline -0.006 -15"><span class='ocrx_word' id='word_1_1018' title='bbox 1851 5717 2036 5787; x_wconf 82' lang='lat' dir='ltr'><strong>Itaque</strong></span> <span class='ocrx_word' id='word_1_1019' title='bbox 2070 5712 2243 5773; x_wconf 80' lang='lat' dir='ltr'><strong>visum</strong></span> <span class='ocrx_word' id='word_1_1020' title='bbox 2275 5722 2355 5769; x_wconf 85' lang='lat' dir='ltr'><strong>est</strong></span> <span class='ocrx_word' id='word_1_1021' title='bbox 2382 5712 2656 5768; x_wconf 85' lang='lat' dir='ltr'><strong>emendari</strong></span> <span class='ocrx_word' id='word_1_1022' title='bbox 2694 5713 2910 5768; x_wconf 71' lang='lat' dir='ltr'><strong>debere.</strong></span> 
     </span>
    </p>
   </div>
  </div>
