3930 6328
481 322 586 380 303

1469 325 1523 380 S.
1567 325 1914 380 AGOBARDI
1954 327 2260 385 EPlSCOPl
2302 325 2788 386 LUGDUNENSIS

3665 343 3771 398 306

482 445 652 508 tyres,
684 433 778 503 qui
805 446 909 487 non
939 441 1161 502 propter
1190 431 1335 486 aliud
1372 434 1517 502 passi
1548 445 1694 499 sunt,
1720 437 1823 490 nisi
1855 443 2075 506 propter
2104 439 2154 500 Α
2180 451 2297 490 ram
2351 439 2640 508 separandi
2688 455 2717 492 a
2758 454 2986 511 corpore
3034 457 3126 496 vos
3182 444 3348 513 ipsos,
3401 455 3586 506 tamen
3631 453 3775 508 sicut

482 525 854 583 defensionem
883 532 939 579 et
967 523 1438 580 conﬁrmationem
1463 527 1786 598 evangelicae
1806 528 2072 582 veritatis.

481 617 657 675 Causa
694 625 876 671 autem
917 624 1264 686 peccatorum
1304 626 1360 674 et
1388 618 1657 674 scelerum
1688 635 1810 676 esse
1849 636 1955 675 non
1984 636 2075 691 po-

481 713 603 774 tuit,
638 711 779 767 sicut
801 721 985 767 vestra
1016 711 1211 768 divisio
1238 721 1340 774 est,
1368 728 1530 782 quam
1568 713 1750 769 dicitis
1781 712 1948 769 fuisse
1982 730 2079 784 op.

480 814 792 875 portunam.
841 804 1075 868 Deinde,
1116 807 1332 876 quando
1373 807 1565 876 grandi
1613 807 1907 878 supercilio
1942 807 2078 863 dici-

483 897 552 954 tis
573 939 587 962 ,
619 899 746 968 quia
783 899 826 954 si
871 908 1188 954 reverenter
1215 901 1526 955 venerimus
1560 900 1629 956 ad
1668 901 2073 971 imperatorem,

478 1003 576 1058 per
599 990 775 1060 ipsum
803 1003 1194 1057 cognoscemus
1221 1005 1440 1045 omnem
1465 991 1543 1044 rei
1567 991 1878 1057 veritatem,
1907 1005 2076 1062 quare

479 1086 786 1148 opportune
826 1087 882 1133 ct
927 1079 1134 1134 utiliter
1175 1088 1386 1135 mutata
1425 1082 1496 1136 sit
1537 1081 1771 1137 divisio:
1799 1081 1902 1136 hoc
1930 1081 2080 1151 loqui

479 1169 624 1240 cogit
648 1184 746 1224 vos
773 1169 1089 1239 magnitudo
1117 1171 1405 1240 superbiae,
1436 1171 1770 1226 aestimantes
1801 1169 1944 1225 solos
1980 1184 2077 1223 vos

479 1276 638 1332 posse
682 1276 863 1316 rerum
909 1276 1238 1332 cognoscere
1286 1277 1501 1317 causas.
1552 1264 1694 1318 Vere
1741 1263 1862 1318 dico
1899 1265 2074 1327 vobis,

481 1351 608 1421 quia
647 1366 756 1405 non
787 1351 963 1406 solum
995 1351 1218 1418 stultus,
1250 1353 1342 1408 sed
1372 1361 1427 1407 et
1469 1352 1656 1410 infelix
1694 1364 1798 1419 est,
1843 1357 1936 1426 qui
1968 1370 2074 1410 non

481 1441 734 1514 intelligit
756 1452 990 1512 quantos
1016 1451 1072 1497 et
1099 1442 1287 1512 quales
1316 1442 1525 1499 fructus
1553 1444 1818 1500 malorum
1853 1445 2077 1514 protulit

478 1541 664 1588 vestra
713 1535 1073 1589 commutatio
1099 1575 1112 1599 ,
1159 1543 1214 1588 et
1256 1535 1321 1590 de
1369 1534 1524 1604 cujus
1559 1535 1818 1591 thesauro
1853 1537 2074 1608 maligni

479 1625 658 1679 cordis
695 1624 960 1693 processit
988 1634 1044 1679 et
1066 1640 1165 1695 pro
1194 1640 1300 1694 qua
1329 1641 1388 1680 re
1417 1641 1514 1681 vos
1557 1627 1872 1682 laudatores
1900 1640 1955 1681 et
1982 1628 2077 1682 de-

479 1711 727 1771 fensores
760 1715 894 1770 estis
930 1713 1092 1784 hujus
1136 1717 1511 1787 malignitatis.
1554 1717 1758 1773 Deinde
1788 1717 2072 1788 subjungi«

2180 541 2397 596 semper
2426 525 2547 592 fuit,
2579 539 2680 595 est,
2710 538 2765 583 et
2797 531 2929 595 erit;
2966 541 3022 586 ut
3052 545 3388 604 unguentum
3419 539 3550 595 illud
3582 541 3772 614 (Aug,

2179 627 2360 670 contra
2385 616 2486 670 litt.
2519 617 2702 684 Petil.,
2726 635 2774 674 c.
2806 621 2954 692 104),
2996 621 3232 693 Spiritus
3261 629 3514 684 videlicet
3549 642 3779 691 sanctus

2177 705 2294 776 (qui
2329 707 2625 764 descendit
2658 725 2689 763 a
2723 711 2900 781 capite
2928 713 3129 769 Christi
3175 717 3227 770 in
3263 718 3507 786 barbam,
3537 737 3656 791 quae
3690 735 3776 778 est

2181 799 2551 870 apostolorum
2581 802 2810 866 chorus;
2843 813 2900 859 et
2926 805 2993 859 de
3030 807 3132 862 hac
3160 810 3326 865 barba
3370 812 3425 866 in
3468 827 3566 868 ora
3607 817 3775 870 vesti-

2180 891 2371 955 menti,
2401 908 2520 961 qua:
2566 902 2649 947 est
2693 895 2948 964 capitium
2990 898 3205 963 tunicae,
3257 900 3516 959 Ecclesia:
3559 907 3775 960 scilicet

2175 979 2404 1049 Christi,
2431 983 2573 1051 quod
2604 985 2751 1054 capit
2781 994 2965 1057 caput,
3004 995 3064 1041 ut
3101 989 3365 1046 inhabitet
3391 993 3644 1049 Christus
3678 1012 3778 1064 per

2181 1068 2339 1124 fidem
2378 1072 2433 1125 in
2475 1073 2638 1128 corde
2668 1073 2857 1144 ejus),
2900 1077 2955 1130 in
2993 1076 3247 1132 omnibus
3283 1079 3484 1150 ubique
3523 1082 3779 1140 fidelibus

2177 1173 2357 1218 servet
2395 1165 2660 1220 unitatem
2704 1167 2928 1236 spiritus
2970 1169 3024 1224 in
3063 1170 3276 1226 vinculo
3314 1175 3484 1242 pacis.
3528 1175 3655 1232 Haec
3696 1179 3770 1231 id-

2177 1254 2327 1309 circo
2355 1255 2608 1322 dicimus,
2641 1266 2698 1310 ut
2725 1259 2986 1315 noveritis
3033 1277 3142 1316 non
3186 1279 3283 1318 vos
3332 1281 3496 1334 posse
3529 1267 3778 1322 dividere

2181 1353 2203 1384 ο
2233 1343 2535 1400 Ecclesiam
2580 1346 2917 1404 Gallicanam
2959 1362 3014 1405 et
3054 1351 3434 1410 Germanicam
3463 1358 3534 1412 ab
3565 1360 3777 1415 unitate

2179 1434 2374 1490 tunica;
2409 1451 2530 1505 quae
2560 1436 2803 1505 subjacet
2831 1440 3050 1510 capitio,
3085 1442 3492 1500 sublimioribus
3520 1447 3778 1502 videlicet

2178 1528 2438 1585 membris
2487 1530 2780 1598 Ecclesiae,
2831 1536 2925 1604 qui
2975 1538 3337 1605 proximiores
3387 1551 3515 1596 sunt
3562 1543 3774 1607 barbas.

2179 1619 2440 1690 apostolis
2472 1621 2712 1686 scilicet,
2761 1639 2826 1678 ac
2871 1639 2970 1694 per
3015 1627 3117 1682 hoc
3162 1628 3476 1698 apostolicis
3522 1633 3774 1696 sedibus,

2178 1711 2317 1766 sicut
2354 1712 2524 1767 barba
2556 1728 2663 1766 non
2695 1721 2876 1783 potest
2911 1729 3033 1770 esse
3067 1717 3169 1772 nisi
3222 1719 3273 1772 in
3312 1721 3508 1789 capite.
3561 1721 3774 1776 Deinde

482 1806 572 1870 tis,
601 1806 725 1876 quia
765 1806 872 1862 nisi
909 1807 1206 1862 secundum
1235 1809 1567 1864 voluntatem
1591 1819 1826 1865 vestram
1849 1824 2069 1878 venero,
2102 1802 2149 1862 B
2177 1801 2378 1868 dicitis.
2412 1817 2528 1856 rem
2568 1803 2853 1859 ridiculam
2889 1805 3320 1872 80binferent88.
3361 1812 3572 1881 etquod
3594 1815 3777 1881 potius

477 1911 588 1951 non
627 1897 800 1952 habeo
837 1896 1110 1953 Ecclesiae
1155 1906 1365 1953 vestras
1406 1909 1833 1965 consentaneas,
1881 1901 1974 1954 sed
2020 1901 2074 1956 in

480 1993 693 2040 tantum
736 1985 1042 2041 contrarias
1088 1993 1148 2039 ut
1191 1986 1329 2040 nihil
1376 1987 1508 2042 mihi
1535 1999 1559 2028 ι
1599 1988 1654 2043 in
1700 1990 1897 2044 vestris
1921 2004 2076 2059 paro-

480 2075 622 2132 chiis
648 2090 810 2148 agere
834 2074 919 2131 vel
959 2075 1248 2147 disponere
1284 2076 1468 2143 liceat,
1507 2093 1610 2134 nec
1648 2083 1956 2149 quempiam
1989 2095 2077 2133 ex-

481 2168 888 2223 communicare
930 2167 1086 2222 vobis
1123 2168 1533 2225 obsistentibus.
1591 2171 1730 2227 Vere
1769 2187 1956 2228 verum
1993 2182 2078 2227 est

481 2257 628 2327 quod
675 2258 891 2313 Veritas
921 2257 1053 2312 dicit
1092 2257 1312 2313 :Malus
1350 2259 1504 2313 homo
1542 2261 1607 2316 de
1649 2261 1790 2315 malo
1831 2263 2075 2318 thesauro

479 2347 652 2401 cordis
686 2348 770 2402 sui
807 2346 1006 2418 profert
1038 2346 1202 2402 mala.
1253 2345 1433 2414 Quare
1473 2350 1602 2404 mihi
1642 2353 1903 2406 contrarii
1950 2367 2073 2406 cum

482 2438 737 2494 l'Icclesiis
772 2439 968 2493 vestris
1005 2453 1127 2494 esse
1151 2437 1360 2508 debetis
1390 2439 1418 2478 ι»
1445 2439 1500 2493 in
1532 2440 1804 2510 legatione
1837 2443 1987 2510 pacis
2021 2451 2078 2496 et

479 2531 726 2596 unitatis,
769 2530 914 2599 quod
942 2529 1144 2584 Christi
1191 2529 1391 2584 donum
1439 2537 1496 2584 et
1544 2532 1906 2587 ministerium
1958 2534 2076 2587 est?

477 2623 559 2674 An
600 2620 864 2692 ignoratis
903 2619 1220 2692 angelorum
1263 2629 1426 2674 cantu
1465 2622 1790 2690 promissam
1827 2635 1947 2678 esse
1986 2639 2078 2693 pa-

478 2727 595 2767 cem
635 2712 688 2766 in
727 2719 877 2766 terra
914 2711 1227 2765 hominibus
1262 2710 1422 2765 bona:
1467 2710 1778 2778 voluntatis,
1811 2729 1909 2784 per
1933 2715 2076 2784 Apo-

475 2802 678 2857 stolum
750 2811 932 2856 autem
1010 2801 1414 2856 tribulationem
1496 2810 1554 2856 et
1627 2805 1936 2874 angustiam
2019 2806 2073 2860 in

476 2908 697 2948 omnem
737 2892 974 2948 animam
1003 2891 1241 2947 hominis
1270 2892 1550 2960 operantis
1584 2892 1818 2948 malum?
1853 2893 1954 2949 llic
1979 2911 2074 2966 ap—

477 2993 632 3056 paret
677 2983 824 3054 quod
881 2991 1150 3054 congruat
1208 2983 1362 3038 vobis
1415 2983 1544 3038 illud
1597 2985 1742 3054 quod
1793 2985 2074 3058 Scriptura

477 3077 609 3132 dicit
640 3094 652 3129 :
684 3076 848 3129 Arma
882 3083 930 3128 et
964 3071 1130 3144 gladii
1165 3075 1220 3127 in
1247 3073 1332 3126 via
1360 3076 1605 3143 perversi.
1659 3076 1768 3132 Vos
1799 3078 2070 3132 conamini

2175 1892 2532 1962 tacere'quam
2564 1893 2738 1947 dicere
2771 1892 3094 1960 maluimus;
3132 1896 3178 1949 si
3209 1907 3382 1950 autem
3409 1915 3514 1952 non
3534 1902 3772 1971 egeritis,

2176 2001 2448 2039 assensum
2490 1985 2708 2039 consilio
2761 1996 2938 2040 nostra
2989 2003 3095 2041 non
3136 1988 3466 2058 prwbueritis
3493 2030 3508 2054 ,
3551 1993 3776 2046 honoris

2176 2077 2328 2130 vestri
2373 2075 2608 2145 periculo
2651 2077 3020 2146 subfacebitis;
3064 2079 3110 2134 si
3154 2081 3335 2149 potius
3381 2081 3673 2149 maluistis,
3718 2087 3774 2141 id

2176 2174 2257 2219 est
2278 2206 2291 2230 ,
2323 2166 2498 2234 magis
2530 2166 2776 2221 voluistis
2813 2175 2996 2223 tacere
3023 2185 3187 2239 quam
3213 2171 3424 2236 dicere,
3457 2169 3774 2244 quare‘non

2180 2254 2460 2310 tacuistis?
2498 2253 2845 2313 Consuetudo
2870 2267 2953 2313 est
2983 2259 3037 2314 in
3064 2261 3219 2316 vobis
3246 2270 3305 2316 ut
3331 2263 3386 2318 id
3413 2265 3556 2335 quod
3591 2268 3774 2323 minus

2176 2351 2276 2408 est,
2302 2345 2485 2398 vincat
2503 2345 2648 2414 quod
2673 2345 2848 2414 majus
2872 2355 2974 2402 est.
3003 2347 3176 2418 Major
3195 2351 3448 2408 voluntas
3474 2357 3693 2410 exstitit
3714 2357 3772 2412 in

2177 2437 2330 2490 vobis
2371 2444 2581 2499 tacere,
2623 2435 2800 2490 minor
2825 2446 3007 2493 autem
3030 2438 3243 2506 dicere;
3280 2449 3336 2495 et
3375 2451 3559 2499 tamen
3591 2447 3776 2501 minor

2176 2525 2308 2578 vicit
2335 2522 2614 2592 majorem.
2663 2523 3004 2582 Credendum
3033 2533 3119 2583 est
3149 2530 3392 2594 omnino,
3421 2533 3682 2601 quoniam
3714 2533 3771 2590 in

2177 2616 2568 2674 discordiarum
2600 2618 2936 2675 amatoribus
2965 2620 3162 2676 victrix
3191 2632 3274 2678 est
3307 2622 3597 2694 cupiditas,
3629 2626 3774 2683 victa

2177 2713 2532 2766 continentia.
2583 2711 2717 2766 lllud
2764 2727 2891 2768 vero
2933 2715 3077 2783 quod
3124 2715 3321 2770 minari
3350 2731 3446 2772 vos
3485 2725 3776 2789 cognosci-

2177 2819 2297 2859 mus
2339 2804 2365 2844 ά
2413 2805 2716 2875 periculum
2766 2808 3004 2876 gradus,
3054 2808 3180 2877 quis
3224 2809 3501 2878 explicare
3567 2815 3774 2881 poterit

2177 2904 2438 2964 quantum
2483 2894 2555 2949 sit
2597 2894 2918 2960 absurdum,
2969 2903 3341 2966 quantumque
3377 2898 3774 2955 inconveniens

2176 2994 2229 3038 et
2257 2984 2513 3048 stultum;
2537 2998 2678 3044 ,cum
2716 2991 2895 3038 vestra
2931 2985 3282 3040 comminatio
3318 3003 3424 3042 non
3450 2989 3523 3043 sit
3549 2999 3775 3060 propter

2177 3075 2406 3139 crimen,
2441 3086 2463 3113 ο
2491 3075 2847 3130 homicidium
2878 3075 3106 3142 scilicet,
3135 3078 3501 3149 sacrilegium,
3533 3091 3628 3136 aut
3660 3081 3772 3136 fur-

475 3171 742 3225 obsistere
771 3168 1221 3240 perversitatibus
1239 3169 1444 3223 vestris
1475 3167 1656 3234 nobis,
1682 3168 1773 3237 qui
1803 3168 2071 3240 legatione
2101 3151 2146 3214 (ἶ
2180 3174 2315 3231 lum,
2339 3165 2425 3218 vel
2450 3164 2652 3234 aliquid
2687 3163 3035 3235 huiusmOGi;
3073 3166 3167 3222 86d
3193 3168 3296 3222 ηἱεὶ
3327 3169 3403 3223 ila
3430 3172 3771 3234 venerimus».

477 3261 756 3333 frangimur
784 3262 954 3332 pacis.
1007 3260 1143 3315 Nam
1169 3260 1481 3330 quicunque
1515 3261 1660 3315 inter
1704 3275 1802 3316 vos
1829 3263 2070 3317 membra

475 3351 679 3408 Christi
711 3359 857 3417 sunt,
885 3367 994 3406 non
1020 3365 1144 3404 eum
1175 3349 1403 3419 potestis
1436 3348 1755 3406 abscindere
1785 3367 1814 3405 a
1843 3366 2070 3423 corpore

473 3443 694 3512 capitis,
727 3441 872 3511 quod
909 3447 992 3495 est
1023 3438 1292 3496 Christus.
1325 3438 1462 3493 Nam
1503 3439 1609 3496 etsi
1634 3455 1732 3496 vos
1762 3441 1905 3498 datis
1942 3458 2068 3514 ope-

2177 3261 2321 3314 sicut
2362 3259 2464 3328 ipsi
2503 3258 2668 3314 vultis
2705 3277 2718 3312 :
2759 3258 2849 3314 cui
2894 3259 2972 3315 rei
3022 3260 3076 3315 in
3110 3270 3430 3332 argumento
3475 3261 3772 3336 adjungitis

2169 3351 2586 3420 juramentum;
2652 3358 2707 3404 et
2758 3365 2865 3405 non
2926 3352 3287 3406 recordamini
3339 3353 3770 3419 erubescentes,

2176 3447 2302 3515 quia
2348 3444 2366 3483 τ
2409 3443 2609 3516 perjuri
2672 3442 2970 3513 peieratum
3015 3444 3316 3514 degradare
3363 3461 3472 3502 non
3516 3460 3766 3517 possunt,

1871 3558 2145 3618 BALUle
2186 3559 2416 3618 NOTAE.

547 3665 570 3692 ο
602 3658 670 3705 In
695 3651 878 3706 vestris
905 3647 1189 3719 parochiis,
1213 3647 1273 3719 id
1315 3657 1420 3714 est,
1459 3649 1806 3719 dioecesibus,
1836 3650 1914 3704 uti
1951 3651 2064 3719 plu-

474 3725 624 3778 ribus
651 3721 887 3776 diximus
906 3717 970 3774 in
998 3719 1140 3772 notis
1170 3720 1235 3773 ad
1255 3717 1464 3788 Lupum
1499 3718 1919 3775 Ferrariensem.
1937 3717 2065 3776 Por-

475 3810 559 3858 ro,
594 3791 719 3862 quis
747 3805 852 3844 non
904 3791 998 3862 hic
1046 3788 1275 3842 miretur
1314 3789 1636 3862 libertatem
1685 3791 2063 3862 episcoporum

471 3857 876 3919 Gallicanorum
903 3860 1150 3939 Bomano
1178 3857 1418 3939 pontitlci
1447 3857 1814 3939 minitantium
1837 3857 2063 3939 impedi-

474 3945 626 3989 turos
648 3947 706 3986 se
733 3945 800 3984 ne
842 3929 972 3998 quid
1002 3936 1127 3998 agat
1166 3928 1238 3998 in
1290 3928 1404 3982 suis
1450 3928 1798 3998 dicecesibus,
1819 3931 1865 3983 si
1904 3928 1962 3997 se
1993 3931 2061 3985 ab

471 4018 662 4059 eorum
690 3996 1070 4057 communione
1098 3996 1421 4052 subtrahat?
1442 3996 1550 4052 Sed
1574 4005 1629 4051 et
1651 3996 1780 4052 illud
1796 3996 1949 4054 valde
1964 4015 2063 4054 no-

475 4083 591 4128 tatu
619 4073 838 4142 dignum
853 4077 957 4142 est,
975 4067 1120 4142 qugd
1142 4069 1304 4122 etiam
1320 4066 1509 4142 dicere
1516 4067 1761 4142 palamet
1774 4077 1960 4138 aperte
1974 4085 2069 4124 au-

472 4145 517 4199 si
541 4137 700 4207 sunt,
713 4149 769 4195 et
789 4137 1008 4209 quidem
1043 4137 1287 4209 Romano
1324 4137 1566 4209 pontiﬁci
1603 4137 1925 4209 scribentes,
1960 4155 2066 4194 non

473 4207 904 4276 toleraturos'se,
926 4210 971 4280 si
986 4207 1184 4280 papa_G
1193 4207 1436 4278 regorius
1449 4208 1680 4280 aliquem
1697 4208 1928 4280 principi
1944 4211 2066 4264 sub-

467 4285 670 4355 jectum
697 4290 790 4334 aut
814 4277 1192 4355 ﬁdelemvelit
1230 4277 1720 4355 eico‘mmuhnieare'.
1769 4277 1891 4345 Qui
1914 4279 2065 4355 locus

471 4345 618 4409 utilis
641 4365 763 4408 esse
790 4357 968 4420 potest
990 4348 1057 4420 ad
1070 4347 1461 4420 defendendam
1493 4345 1728 4403 Galliam
1743 4363 1774 4403 a
1795 4350 2062 4405 sententia

472 4421 768 4484 interdicti,
790 4416 840 4475 'si
865 4434 986 4474 eam
1009 4416 1140 4472 ferri
1163 4418 1518 4488 contingeret.
1683 4452 1686 4454 η

541 4494 571 4534 s
613 4491 678 4546 ιη
715 4491 974 4560 legatione
1014 4489 1180 4559 pacis.
1214 4488 1306 4544 Sic
1344 4487 2074 4560 enimraiebatiGregorius,

470 4578 567 4619 seu
596 4576 724 4616 vera
760 4557 856 4614 seu
885 4557 1023 4617 falsa
1044 4566 1353 4628 promeret,
1386 4559 1603 4628 venisse
1627 4574 1685 4613 se
1722 4559 1778 4612 in
1809 4557 2060 4624 Galliam,

471 4644 532 4688 ut
558 4629 905 4688 concordiam
934 4626 1264 4683 Ludovicum
1304 4628 1449 4681 inter
1484 4635 1540 4682 et
1581 4626 1722 4683 ﬁlios
1759 4638 2058 4684 revocaret.

471 4701 674 4758 Verum
705 4699 848 4755 istud
879 4698 1194 4769 persuaderi
1241 4712 1346 4769 non
1381 4697 1560 4769 potuit
1589 4698 1856 4769 episcopis
1892 4701 2063 4769 partis

470 4770 754 4834 Ludovici,
785 4765 1124 4839 qui—omnino
1151 4765 1416 4838 putabant
1445 4765 1855 4839 Gregorium—in
1879 4765 2064 4839 partes

471 4841 706 4896 filiorum
743 4837 1003 4894 transisse
1040 4837 1228 4919 contra
1258 4846 1476 4919 patrem
1515 4855 1527 4890 :
1562 4837 1706 4909 quod
1739 4845 1796 4893 et
1833 4837 2064 4906 sequens

469 4926 685 4983 quoque
712 4919 845 4964 aetas
873 4924 1060 4992 verum
1087 4916 1314 4978 putavit.
1349 4978 1360 4988 ο

543 4994 565 5021 ο
610 4979 758 5050 Eccl.
800 4977 992 5050 Gallic.
1035 4991 1080 5032 et
1111 4976 1499 5050 Germanicam.
1542 4977 1841 5050 Utramque
1879 4979 2064 5034 Eccle-

469 5052 605 5106 siam
636 5048 914 5118 conjungit
942 5051 1012 5104 ob
1047 5062 1166 5100 eam
1203 5048 1421 5102 causam
1444 5088 1458 5110 ,
1487 5049 1630 5116 quod
1669 5048 1791 5103 cum
1837 5064 2060 5118 regnum

471 5121 805 5176 Francorum
836 5134 903 5172 ex
937 5128 1166 5188 utraque
1195 5125 1354 5190 gente
1391 5127 1700 5182 constaret,
1726 5121 1940 5188 quoties
1970 5135 2061 5190 sy-

471 5192 644 5246 nodus
681 5191 1128 5259 congregabzitur,
1174 5188 1240 5259 ad_
1277 5201 1408 5259 eam
1449 5189 1683 5259 episcopi
1730 5203 1795 5244 es
1836 5188 2063 5259 utraque

471 5269 629 5331 gente
651 5257 1066 5331 conveniebant.
1092 5257 1243 5331 Quod
1267 5258 1571 5324 contigerat
1589 5257 1643 5331 in
1674 5260 1880 5331 synodo
1895 5275 1935 5331 _e
1955 5257 2062 5331 qua

469 5327 635 5386 inissa
676 5339 759 5384 est
807 5329 1032 5399 epistola
1071 5329 1449 5399 episcoporum
1491 5327 1665 5397 partis
1701 5327 2063 5385 Ludovici'ad

469 5415 662 5510 papam
689 5397 1036 5521 Gregorium,
1066 5397 1348 5480 cujusista
1377 5399 1720 5480 responsoria
1746 5408 1847 5453 est.

606 5468 799 5523 Pericu
827 5486 913 5521 um
943 5469 1140 5524 aradus
1162 5510 1176 5524 .
1217 5469 1269 5521 Id
1298 5477 1382 5522 est
1401 5509 1414 5524 .
1445 5469 1834 5524 deposutioncm
1873 5484 1936 5524 ac
1965 5469 1997 5524 d

541 5477 568 5510 τι
606 5477 913 5523 Periculum
943 5477 1140 5538 gradus
1162 5510 1176 5532 ,
1217 5477 1269 5521 id
1298 5477 1382 5522 est
1401 5509 1414 5531 ,
1445 5477 1834 5538 depositioncm
1873 5484 1936 5524 ac
1965 5477 2061 5524 de-

462 5537 760 5610 jectionem
799 5554 829 5610 e
866 5538 1107 5594 Romana
1155 5538 1629 5610 cathedra._Recte
1666 5555 1796 5594 vero
1836 5540 2064 5593 miratur

469 5607 766 5679 Gregorius
814 5609 954 5665 hanc
1002 5610 1377 5679 episc0porum
1434 5607 1832 5665 Gallicanorum
1890 5611 2061 5664 conli-

470 5678 743 5746 dentiam,
788 5679 1034 5734 Romano
1067 5678 1310 5749 pontiﬁci
1354 5679 1722 5735 minitantium
1772 5680 2063 5750 depositio-

468 5763 616 5805 netu.

2246 3664 2269 3692 ε
2313 3649 2538 3720 Propter
2583 3648 2944 3703 homicidium.
2995 3649 3239 3720 Respicit
3277 3651 3345 3706 ad
3380 3666 3652 3708 canonem
3696 3655 3768 3710 25

2171 3722 2555 3793 apostolicum;
2578 3719 2671 3793 iin_
2690 3735 2828 3793 quo,
2867 3728 2927 3773 ut
2955 3719 3170 3793 quidem
3209 3722 3414 3793 citatur
3439 3738 3470 3775 a
3498 3721 3768 3793 Gregorio

2219 3791 2502 3853 urouensi,
2544 3792 2623 3845 sic
2658 3790 2851 3860 legitur
2896 3807 2907 3843 :
2957 3789 3320 3860 (Episcopus
3353 3791 3408 3845 in
3447 3789 3766 3857 homicidio,

2171 3862 2436 3941 adulterio
2474 3858 3254 3941 ειτρρςῇυίεἱομιεριιειιθῂευεέ-
3276 3876 3310 3941 a
3340 3863 3648 3941 sacerdotio
3687 3868 3768 3919 ἀί-

2173 3933 2421 3986 vcllatur.
2472 3930 2642 4004 {Sed
2678 3928 2832 4004 apud
2859 3928 3171 4004 Dionysium
3215 3931 3768 4004 Egigupmaliiosque

2175 4011 2386 4055 veteres
2413 3999 2734 4053 collectores
2759 3998 2893 4052 nihil
2923 3998 3005 4052 de
3030 3998 3340 4054 homicidio:
3382 4000 3538 4056 Unde
3581 3998 3766 4058 Mai-ca

2173 4078 2395 4124 coactus
2428 4077 2511 4122 est
2545 4069 2806 4136 suspicari
2849 4079 3166 4136 corruptum
3207 4069 3377 4125 fuisse
3416 4071 3561 4127 hunc
3602 4088 3768 4130 cano-

2173 4156 2296 4194 nem
2327 4141 2394 4192 ad
2421 4139 2773 4209 premendum
2801 4137 3188 4209 Prmtextatum
3214 4140 3528 4209 episcopum
3559 4140 3766 4200 Rotho—

2171 4207 2502 4285 m-‘gensem,
2527 4208 2618 4276 qui
2645 4222 2702 4261 se
2727 4207 2991 4285 designati
3015 4207 3291 4285 homicidii
3323 4207 3475 4285 reum
3501 4226 3648 4285 esse,
3672 4224 3768 4285 spe

2171 4277 2342 4334 veniae
2371 4277 2647 4353 professus
2672 4285 2756 4331 est
2783 4277 2835 4353 in
2860 4278 3065 4353 synodo
3092 4278 3420 4353 Parisiensi.
3435 4280 3503 4334 Et
3529 4284 3645 4337 ﬁeri
3676 4277 3766 4353 p'o-

2170 4359 2273 4422 test
2302 4346 2497 4403 ut‘hazc
2519 4346 3012 4422 quoqueclausula,
3037 4351 3181 4418 quod
3206 4351 3516 4422 mquissima
3538 4346 3766 4422 sequ'en-

2090 4436 2142 4498 ι)
2170 4421 2313 4500 tibus
2343 4418 2674 4500 temporibus
2702 4417 2816 4471 visa
2846 4416 3452 4500 fuerit,'recep_ta_.dein
3491 4416 3764 4500 vulgosit

2169 4489 2221 4542 in
2250 4491 2402 4544 novis
2427 4487 2754 4542 editionibus
2784 4502 3052 4557 canonum
3090 4487 3508 4557 apostolicorum
3531 4531 3547 4557 ,
3579 4487 3763 4548 addito

2165 4559 2329 4612 etiam
2369 4558 2586 4639 nomine
2609 4557 2911 4643 sacrilegii.
2947 4555 3082 4640 Nam
3122 4555 3264 4640 hanc
3304 4555 3764 4684 quogue'clausu-

2165 4627 2270 4681 lam
2297 4629 2550 4682 habuisse
2570 4627 2789 4680 Videtur
2813 4629 3110 4684 Gregorius
3134 4644 3188 4682 In
3216 4645 3314 4684 suo
3338 4645 3403 4684 co
3442 4631 3546 4684 ice.
3572 4629 3762 4684 hacne

2165 4627 2270 4681 lam
2297 4628 2550 4702 habuisse
2570 4626 2789 4680 videtur
2813 4625 3110 4702 Gregorius
3134 4629 3188 4682 in
3204 4625 3546 4702 suo—codice.
3566 4629 3762 4702 Itaque

2202 4698 2606 4769 ravitererrant
2631 4696 2970 4769 correctores
2988 4696 3242 4764 Romani,
3259 4701 3349 4769 qui
3371 4696 3762 4757 clausulam—de

2202 4713 2399 4752 ravuer
2419 4713 2606 4750 errant
2631 4713 2970 4752 correctores
2990 4713 3242 4764 “omam,
3259 4715 3349 4769 qui
3371 4713 3672 4755 clausulam
3697 4713 3758 4757 de

2163 4713 2458 4840 gomicidip
2486 4767 2740 4840 primum
2765 4764 3029 4834 adiectam
3067 4776 3262 4840 putant
3293 4771 3362 4823 ab
3400 4770 3672 4840 episcopis
3707 4772 3758 4826 in

2163 4838 2369 4918 ἔγροόο
2407 4835 3130 4918 Triburienslncongregatis
3170 4853 3313 4918 anno
3356 4835 3483 4904 895,
3524 4835 3758 4910 eamque

2163 4904 2332 4980 fuisse
2370 4920 2589 4961 causam
2626 4921 2726 4961 cur
2761 4904 3082 4980 Gratianus,
3125 4908 3218 4980 qui
3246 4917 3477 4980 postea
3510 4904 3756 4980 tempora

2162 4978 2326 5039 vixit,
2361 4992 2478 5029 eam
2508 4989 2722 5045 quoque
2756 4975 3055 5033 clausulam
3095 4975 3363 5034 addiderit
3394 4978 3521 5035 huic
3561 4975 3756 5036 canoni

2163 5047 2478 5117 apostplico,
2509 5045 2634 5100 dist.
2661 5047 2751 5110 8|,
2788 5063 2906 5117 cap.
2948 5045 3237 5116 Presbyter.

2241 5117 2260 5155 ι
2305 5115 2519 5198 Perjuri
2548 5115 2869 5198 pejoeraturn.’
2885 5115 3175 5198 {ureapud
3195 5132 3383 5198 omnes
3405 5119 3608 5198 tibique
3630 5136 3758 5198 gen-

2165 5198 2245 5242 tes
2281 5185 2530 5255 recepto,
2550 5185 2798 5257 episcopi
2826 5187 2916 5255 qui
2958 5185 3117 5257 iidem
3146 5187 3376 5257 principi
3399 5185 3758 5257 jurejurando

2164 5256 2710 5328 obligatamviolant,
2732 5255 3030 5328 deponendi
3056 5255 3198 5328 sunt.
3225 5255 3675 5328 Namepiscopus
3705 5261 3754 5314 in

2164 5325 2402 5397 periurio
2444 5325 2844 5397 deprehensus,
2879 5325 3072 5396 deponi
3103 5326 3323 5397 jubetur
3359 5325 3661 5383 ln'canone
3687 5328 3754 5384 25

2165 5395 2479 5469 apostolico.
2506 5395 2955 5469 Prudentissi‘lne’
2980 5397 3123 5469 enim
3155 5395 3566 5469 iustissimoque
3605 5399 3755 5454 vide-

2166 5465 2291 5521 runt
2317 5466 2479 5536 prisci
2504 5466 2580 5520 illi
2614 5465 2791 5534 legum
2819 5466 3246 5520 Christianarum
3275 5465 3604 5533 conditores,
3651 5487 3669 5520 ε
3703 5469 3754 5526 in

2164 5539 2487 5608 episcopos,
2519 5537 2612 5606 qui
2647 5551 2801 5608 suum
2844 5537 3169 5608 transgressi
3206 5546 3330 5590 sunt
3363 5536 3750 5604 juramentum,

2166 5606 2318 5661 tanto
2343 5607 2563 5677 gravius
2591 5621 2710 5660 esse
2733 5606 3132 5670 vindicandum,
3163 5615 3366 5677 quanto
3395 5608 3583 5677 majori
3617 5622 3753 5677 pra:-

2164 5676 2678 5758 minent‘dignitate,
2706 5685 2760 5729 et
2784 5691 2970 5757 eorum
2997 5676 3245 5758 exemplo
3273 5676 3490 5758 {acilius
3511 5677 3600 5732 alii
3623 5676 3749 5758 pes-

2164 5757 2292 5802 sunt
2329 5745 2396 5801 ad
2437 5745 2633 5805 similia
2675 5746 2992 5817 provocari;
3033 5766 3052 5802 ι
3087 5745 3360 5806 ut’verbis
3395 5745 3748 5805 utamur'Ur-
