3930 6318
178 402 285 459 339

1259 400 1459 456 LIBER
1500 399 1636 456 Ριω
1676 400 1875 457 FILIIS
1916 402 2238 461 LUDOVICI
2277 404 2382 463 PII.

3349 412 3456 468 5εο

173 517 326 573 tibus
346 514 516 572 licitis
540 529 802 572 conversa
831 514 939 569 imo
966 511 1190 570 adversa
1218 515 1287 570 ad
1309 515 1521 580 illicita,
1546 516 1776 571 adscivit
1803 525 1849 583 Α
1879 530 2185 589 paternum,
2212 490 2544 577 sordidatum
2570 524 2846 592 palatium,
2881 526 3159 580 confusum
3206 542 3453 597 regnum,

177 609 403 663 sibimet
449 616 607 678 aptas
647 622 909 678 personas
957 607 1024 663 ad
1071 609 1433 677 perpetranda
1490 609 1685 679 turpia,
1722 616 1777 663 et

182 700 421 770 primum
461 699 718 764 latenter,
765 697 973 754 deinde
1000 699 1358 770 impudenter.
1392 699 1776 772 Cognoverunt

180 802 370 851 autem
409 795 516 851 hoc
552 794 711 849 initio
757 792 936 862 pauci,
969 792 1163 849 deinde
1202 794 1413 864 plures;
1458 796 1524 850 ad
1564 803 1777 865 postre~

184 902 337 941 mum
382 895 565 941 autem
606 883 895 940 multitudo
934 884 1142 954 palatii,
1185 893 1240 940 et
1283 886 1459 955 regni,
1491 901 1557 941 ac
1586 886 1773 941 ﬁnium

178 989 365 1044 terrm,
393 970 559 1049 quam
595 991 711 1033 rem
749 976 1051 1031 irridebant
1082 976 1340 1040 minores,
1374 977 1626 1033 dolebant
1660 995 1772 1033 ma-

170 1070 351 1137 jores,
381 1084 571 1125 omnes
593 1077 773 1125 autem
799 1069 934 1125 clari
962 1069 1068 1124 viri
1101 1069 1498 1126 intolerandum
1521 1070 1771 1139 judican-

180 1169 288 1214 tes.
319 1160 592 1215 Concitati
626 1159 809 1229 itaque
848 1157 1236 1227 sunt-spiritus
1265 1158 1499 1214 ﬁliorum
1543 1160 1773 1230 impera-

176 1252 319 1305 toris
354 1249 661 1305 rationabili
698 1249 833 1314 zelo,
871 1247 1120 1304 videntes
1162 1249 1494 1305 maculatum
1542 1259 1773 1305 stratum

1878 620 1933 670 et
1974 612 2324 670 obscuratum
2372 630 2571 671 nomen
2616 615 2976 681 Francorum,
3029 618 3172 685 quod
3197 618 3459 675 hactenus

1878 706 2083 761 clarum
2114 704 2292 760 fuerat
2314 704 2368 760 in
2397 712 2509 761 toto
2536 707 2687 762 orbe.
2720 707 2787 763 Et
2813 714 3096 780 surgentes
3120 708 3320 780 singuli
3351 726 3458 766 uno

1877 807 1931 854 et
1954 797 2044 868 pio
2076 811 2345 857 consensu
2382 796 2437 850 in
2465 797 2848 853 emundatione
2874 798 3163 866 scelerum,
3192 814 3465 857 convene-

1880 899 2007 945 runt
2031 889 2223 955 simul;
2255 897 2311 945 et
2333 900 2359 929 ι
2384 888 2506 944 aliis
2529 890 2954 960 comprehensis,
2983 890 3012 931 ιι
3038 890 3161 947 aliis
3189 890 3460 963 eﬁ'ugatis,

1880 991 1902 1018 ο
1929 978 2184 1033 auctricze
2205 992 2337 1033 vero
2370 977 2638 1033 malorum
2675 979 2893 1035 exclusa
2934 995 2963 1034 a
2991 979 3212 1050 palatio,
3254 981 3462 1037 inclusa

1880 1068 2168 1133 custodiae,
2221 1075 2431 1123 mutato
2482 1067 2667 1123 habitu
2723 1068 2925 1140 regali,
2969 1069 2996 1109 ἀ
3043 1070 3229 1127 induto
3275 1069 3463 1127 habitu

1881 1158 2303 1226 sanctimoniali,
2337 1159 2690 1215 reddiderunt
2733 1168 2942 1229 patrem
2986 1161 3157 1230 quieti
3199 1171 3255 1217 et
3299 1172 3323 1201 ο
3366 1161 3464 1215 ali-

1882 1252 2157 1320 quantula:
2190 1252 2483 1307 honestati.
2533 1250 2777 1322 Cumque
2826 1266 2922 1321 per
2962 1252 3182 1308 nimiam
3229 1252 3465 1309 ﬁliorum

1542 1363 1816 1421 BALUZII
1856 1362 2085 1420 ΝΟΤᾸΞ.

178 1456 473 1511 nonnullos
509 1454 695 1525 opinio
732 1453 885 1525 hee1
921 1453 1302 1525 magnahiilico
1339 1453 1480 1509 fama
1519 1455 1778 1510 surrexit.

178 1494 1782 1593 ἳνέὶῒίιῖἱιὶνέεἴὶῒῖτωῗόεὗὶἱθῶἱιξὲὶῖῖἓίἵζ’ῗηόιῖἆέἕὲίὶἱ

178 1597 459 1674 conclusa.
486 1593 800 1674 Hergardue
823 1592 1392 1674 sibi’lﬁuganeonsuiuit.
1412 1594 1780 1674 Ihegauusjn

179 1668 363 1737 rapite
387 1665 457 1737 56
482 1665 549 1720 de
570 1662 751 1719 Gestis
778 1662 1036 1737 Ludovici
1067 1662 1147 1717 Pii
1177 1680 1189 1716 :
1227 1682 1246 1714 ι
1269 1664 1345 1737 Et
1373 1662 1660 1737 voluerunt
1686 1666 1781 1721 do-

180 1732 391 1791 ininum
421 1734 804 1806 imperatorem
831 1732 899 1787 de
926 1747 1096 1806 regno
1129 1733 1399 1806 expellere
1434 1753 1446 1789 :
1475 1732 1777 1806 quodipro-

178 1806 359 1877 lubuit
382 1802 611 1877 dilectus
627 1804 938 1877 aqnivecus
965 1802 1107 1877 ﬁlius
1127 1802 1262 1877 ejus.
1294 1802 1601 1877 Supradieti
1626 1802 1779 1877 iinpii

1884 1454 2086 1509 nardus
2114 1453 2273 1509 datus
2298 1462 2417 1507 erat
2446 1462 2624 1508 rector
2646 1451 2859 1508 Carolo.
2899 1471 2917 1504 ι
2954 1451 3225 1509 Hactenus
3260 1456 3459 1511 Marea.

1883 1524 2075 1595 Pulsus
2095 1539 2227 1595 ergo
2255 1523 2581 1587 Bernardus,
2607 1522 2963 1579 Barcinonem
2992 1538 3052 1580 se
3078 1526 3305 1581 contulit
3324 1542 3466 1580 anno

1883 1594 2004 1651 850.
2033 1593 2138 1649 Sed
2169 1593 2310 1648 anno
2339 1595 2583 1661 sequenti
2608 1602 2893 1648 revocatus
2917 1604 2999 1648 est
3028 1610 3057 1647 a
3086 1595 3376 1661 Ludovico,
3408 1609 3463 1651 et

1883 1664 2329 1735 pristinoﬂbonori
2357 1662 2614 1735 redditus.
2640 1663 2801 1735 Anne
2819 1663 2924 1717 842
2949 1679 3086 1719 nova
3106 1666 3253 1735 prole
3275 1676 3467 1721 auctus

1884 1733 1967 1790 est
1994 1747 2068 1790 xii
2102 1733 2221 1788 Kal.
2248 1734 2479 1804 Aprilis;
2511 1748 2620 1802 quo
2648 1734 2735 1804 die
2775 1733 3029 1788 Duodena
3064 1733 3292 1790 alterum
3339 1735 3466 1790 Ber-

1884 1806 2054 1878 nardo
2076 1804 2242 1878 lilium
2269 1803 2478 1878 peperit
2498 1803 2641 1878 apud
2665 1803 2908 1878 licetiam
2924 1804 3197 1878 civitatem
3221 1806 3273 1859 in
3295 1808 3467 1878 prima

179 1876 508 1947 objicientes
535 1875 587 1930 ei
611 1872 779 1929 multa
807 1875 1112 1947 contraria.
1144 1872 1399 1947 dixerunt
1422 1874 1609 1931 Iudith
1641 1872 1780 1947 regi-
1807 1874 1854 1933 B
1883 1875 2237 1947 Earbonensi.
2263 1872 2398 1929 Cum
2410 1882 2601 1947 autem
2631 1872 2826 1928 bellum
2846 1875 3141 1947 exarsisset
3168 1872 3310 1947 inter
3333 1876 3469 1947 ﬁlios

180 1943 310 2001 nam
336 1945 593 1999 violatam
609 1958 736 2016 esse
755 1959 785 1997 a
805 1944 1041 2016 quodam
1067 1945 1201 2000 duce
1224 1943 1516 2008 Bernardo,
1546 1948 1639 2016 qui
1660 1943 1782 2003 erat

180 2018 253 2088 de
278 2017 449 2088 stirpe
479 2015 644 2088 regali
665 2021 762 2088 ,_et
792 2013 997 2088 domini
1027 2015 1368 2088 imperatoris
1387 2030 1469 2088 ex
1498 2013 1657 2072 sacro
1686 2018 1781 2072 ba-

180 2082 641 2159 ptismaieﬁli'us.
676 2082 1000 2159 Mentientes
1016 2082 1229 2150 omnia,
1259 2085 1615 2159 suscipientes
1642 2088 1783 2159 regi-

180 2153 312 2210 nam
342 2154 559 2221 Iudith,
583 2168 812 2224 eamque
835 2153 890 2208 vi
918 2153 1194 2221 velantes,
1225 2164 1279 2210 et
1307 2156 1359 2211 in
1392 2153 1781 2213 monasterium

181 2226 487 2281 mittentes.
522 2244 540 2275 ι

255 2307 279 2335 ι
317 2295 451 2365 Aliis
470 2296 872 2365 comprehensis.
898 2294 1149 2352 Conrado
1171 2296 1424 2351 nimirum
1448 2306 1502 2353 et
1528 2296 1779 2361 Budolfo,

182 2368 387 2435 reginae
412 2364 706 2436 [ratribus,
733 2374 793 2436 ut
822 2366 965 2420 idem
992 2365 1282 2436 Theganus
1304 2367 1489 2421 tradit.
1519 2367 1653 2422 Item
1674 2368 1782 2423 He-

179 2434 390 2490 riberto
419 2434 683 2489 Bernardi
726 2434 893 2490 fratre
914 2477 928 2498 ,
960 2444 1015 2491 et
1041 2434 1227 2491 Odone
1252 2438 1578 2493 consobrino
1616 2438 1779 2503 illius,

180 2514 243 2558 ut
270 2513 355 2559 est
384 2505 439 2558 in
474 2505 599 2559 Vita
624 2504 882 2561 Ludovici
907 2505 1009 2560 Pii.

256 2574 460 2658 13.141523
487 2575 772 2658 .e/I'ugatis,
806 2576 1074 2658 pracing
1113 2590 1243 2630 vero
1279 2576 1568 2658 Pernardo
1610 2578 1778 2643 duce;

180 2646 275 2713 qui
303 2644 429 2717 fuga
456 2644 558 2699 sibi
585 2644 896 2717 consulens,
924 2644 988 2700 iri
1009 2644 1245 2700 Marcam
1279 2646 1656 2717 Hispanicam,
1686 2663 1781 2702 cu-

174 2717 269 2837 1Ius
300 2714 402 2837 ilpsi
431 2714 677 2769 custodia
706 2717 996 2771 commissa
1034 2724 1186 2781 erat,
1215 2731 1275 2771 se
1312 2714 1559 2799 contulit.
1596 2718 1781 2772 Anna-

203 2800 265 2837 es
352 2784 603 2837 uldenses
647 2784 716 2837 ad
758 2798 957 2837 annum
995 2785 1100 2837 8‘50
1135 2804 1147 2837 :
1193 2805 1213 2837 ι
1245 2785 1549 2837 Commono
1595 2796 1780 2837 contra

203 2800 265 2839 es
307 2784 603 2839 Fuldenses
647 2784 716 2840 ad
758 2798 957 2841 annum
995 2785 1100 2841 8'50
1135 2804 1147 2840 :
1193 2805 1213 2837 ι
1245 2785 1549 2842 Commotio
1595 2796 1781 2842 contra

181 2857 575 2924 imperatorem
600 2868 630 2907 a
659 2855 991 2928 primoribus
1012 2854 1352 2911 Francorum
1380 2856 1432 2928 in
1455 2856 1784 2928 Compendio

178 2932 377 2997 exorta
404 2932 633 2997 propter
659 2926 1016 2997 Bernardum,
1044 2940 1204 2994 quem
1234 2927 1287 2997 in
1314 2927 1515 2997 palatio
1536 2926 1657 2981 esse
1688 2943 1783 2982 no-

181 2992 427 3049 luerunt}
459 2992 578 3067 Quo
622 2994 746 3050 inde
775 2995 999 3067 depulso
1036 2992 1430 3067 a:tque_fugato,
1467 2998 1519 3067 in
1551 2998 1783 3067 gratiam

182 3080 312 3119 cum
340 3079 407 3118 eo
427 3064 725 3118 redierunt.
756 3085 774 3117 ι
804 3064 1009 3121 Auctor
1035 3064 1171 3120 vna».
1197 3064 1454 3122 Ludovici
1480 3064 1601 3121 Pii':
1634 3086 1651 3117 ‹
1676 3068 1784 3122 Ad-

180 3133 292 3188 fuit
315 3135 484 3208 etiam
516 3132 857 3208 Bernartius,
887 3135 982 3208 qui
1021 3135 1183 3208 modo
1210 3137 1467 3208 praedicto
1485 3177 1508 3208 ,4
1531 3135 1783 3208 fugiendo

181 3150 292 3188 ruit
315 3150 484 3188 etiam
516 3150 857 3199 uernarous,
928 3150 938 3188 ι

181 3218 248 3259 se
288 3204 542 3267 salvans,
584 3196 672 3259 diu
713 3205 766 3260 in
806 3150 938 3260 ﬁnib

185 3274 356 3330 Fines
386 3272 665 3347 Hispgnite
693 3274 872 3347 diciti
900 3275 957 3347 id
990 3272 1376 3347 est,_Marcam
1413 3276 1783 3347 Hispanicam,

225 3356 310 3399 uce
341 3341 791 3398 nunc'Catalonia
822 3345 1050 3410 dicitur;
1084 3344 1155 3400 ob
1183 3345 1286 3400 hoc
1315 3347 1457 3400 dicta
1488 3341 1783 3401 conﬁnium

239 3414 499 3495 ispanim,
526 3413 669 3482 quod
707 3419 819 3467 tum
850 3415 1107 3538 temporis
1145 3428 1208 3469 ea
1246 3415 1626 3486 Hispaniarum
1663 3431 1787 3485 por-

239 3499 262 3537 e
288 3491 587 3538 pertineret
613 3484 680 3537 ad
711 3498 931 3538 regnum
1003 3499 1313 3538 raucorum.
1346 3494 1405 3538 ut
1428 3486 1555 3538 alibi
1583 3485 1785 3538 dictum

182 3486 262 3538 tio
288 3484 587 3553 pertineret
613 3484 680 3537 ad
711 3498 931 3553 regnum
955 3484 1313 3550 Francorum,
1346 3484 1405 3540 ut
1428 3486 1555 3541 alibi
1583 3484 1785 3539 dictum

179 3562 272 3609 est
294 3552 331 3607 a
359 3552 538 3608 nobis.
587 3553 696 3607 Sed
726 3552 792 3607 de
827 3552 1134 3617 Bernardo,
1165 3556 1422 3623 quoniam
1458 3554 1673 3611 occasio
1706 3555 1786 3609 in-

181 3623 321 3680 cidit
342 3663 357 3686 ,
389 3636 477 3679 res
516 3636 742 3692 poscere
775 3623 989 3677 videtur
1023 3633 1083 3677 ut
1121 3625 1375 3679 nonnulla
1416 3626 1688 3689 dicamus,
1721 3638 1785 3679 ne

178 3694 280 3766 qui
310 3701 395 3766 tot
418 3701 662 3766 motuum
692 3707 757 3766 ac
792 3692 1058 3748 bellorum
1083 3695 1303 3766 occasio
1329 3693 1448 3766 fuit,
1479 3694 1684 3766 diutius
1707 3694 1788 3766 la-

182 3761 304 3819 that
330 3764 385 3817 in
412 3761 666 3818 obscuro.
698 3761 886 3818 Virum
916 3778 1123 3833 magum
1146 3764 1443 3820 nobilitatis
1470 3763 1637 3820 fuisse
1663 3764 1788 3819 hinc

184 3840 436 3897 constat,
467 3833 613 3902 quod
646 3846 773 3905 eum
802 3833 1092 3905 Theganus
1126 3834 1292 3887 tradit
1319 3850 1387 3905 ex
1424 3835 1592 3905 stirpe
1621 3834 1786 3905 regali

181 3913 375 3959 ortum
403 3901 557 3973 esse,
578 3910 635 3956 et
659 3901 1026 3973 Ltidovici'Pii
1056 3904 1397 3973 imperatoris
1418 3919 1481 3958 ex
1507 3901 1664 3959 sacro
1687 3901 1787 3958 ba-

181 3973 446 4044 ptismate
470 3970 677 4044 ﬁlium.
718 3971 915 4044 Filium
936 3970 1655 4044 inisse'consgtaticulielmi
1698 3990 1787 4029 co-

182 4040 365 4107 initis,
392 4041 483 4111 qui
506 4042 897 4113 monasterium
924 4040 1249 4097 Gellonense
1274 4042 1516 4097 fundavit
1536 4044 1587 4098 in
1610 4044 1785 4113 prima

182 4112 567 4177 Narbonensi,
612 4111 758 4181 quod
800 4127 944 4181 nunc
992 4128 1058 4166 ex
1102 4112 1271 4181 ipsius
1310 4113 1527 4168 nomine
1565 4111 1789 4168 vocatur

183 4182 584 4237 monasterium
621 4179 796 4237 sancti
820 4179 1073 4236 Gulielmi
1105 4179 1171 4237 de
1208 4182 1463 4237 Desertis.
1501 4183 1658 4237 Anno
1682 4184 1788 4238 820

181 4250 963 4323 BeraicomiteﬂBarcinonensi
988 4251 1287 4323 dejeetoob
1307 4254 1511 4308 crimen
1538 4252 1789 4323 majesta-

188 4324 296 4386 tis,
333 4320 644 4392 Bernardus
672 4322 733 4392 ei_
757 4320 1369 4392 ,comitatui'praafectus
1403 4331 1487 4377 est
1522 4323 1590 4377 ab
1622 4320 1788 4392 impe-

187 4402 380 4461 ratore
407 4389 682 4446 Ludovico
710 4390 824 4446 Pio.
844 4390 1022 4461 iAnno
1053 4389 1339 4455 undecimo
1368 4392 1578 4461 imperii
1612 4389 1787 4447 Ludo-

187 4464 292 4517 vici
334 4460 424 4533 (id
456 4460 1048 4533 est,__annoﬂ82§,nut
1094 4461 1380 4533 manifeste
1417 4460 1684 4530 colligitur
1722 4480 1787 4517 ex

183 4529 549 4604 Eginbardo),
575 4529 829 4604 Kalendis
856 4529 1003 4595 Julii,
1026 4546 1250 4604 uxorem
1278 4532 1330 4586 in
1362 4529 1785 4604 Aquisgi'aneiisi

179 4600 397 4672 palatio
426 4600 579 4672 duxit
595 4600 941 4672 Duodenam,
964 4600 1357 4672 nobilissimam
1381 4600 1667 4667 feminam;
1691 4617 1785 4656 ex-

180 4668 297 4742 que
332 4686 397 4725 ea
425 4669 651 4742 biennio
669 4668 1059 4742 pest'suscepit
1094 4670 1265 4742 ﬁlium
1297 4671 1650 4737 Willelmum,
1685 4688 1783 4727 na-

184 4738 309 4796 tum
356 4756 413 4805 ui
448 4738 686 4794 Kalend.
716 4738 1052 4795 Decembris.
1092 4740 1311 4795 Interim
1341 4742 1645 4806 furentibus
1682 4743 1789 4797 Lu—

182 4810 385 4882 dovici
414 4809 539 4882 ﬁliis
576 4808 838 4882 adversus
873 4806 1463 4882 Iudithamreginam,
1512 4812 1787 4882 ﬁliumque

180 4881 311 4951 ejus
345 4878 630 4951 Carolum,
661 4878 951 4951 civiliaque
988 4881 1126 4935 bella
1158 4878 1571 4945 meditantibus,
1604 4878 1785 4938 Ludo-

182 4948 367 5034 vicus,
405 4957 525 5034 int
552 4948 849 5034 subsidium
864 4948 1098 5034 Lal‘iquod
1128 4951 1181 5005 in
1206 4951 1328 5034 aula
1352 4953 1575 5034 haberet
1594 4953 1789 5034 {T'ranf

182 5020 378 5092 scribo
403 5019 512 5085 hic,
541 5027 597 5073 et
624 5018 840 5092 quidem
868 5018 1079 5092 lubens,
1105 5022 1271 5092 verba
1302 5023 1481 5092 magni
1512 5018 1612 5076 viri
1640 5023 1785 5077 Petri

184 5092 255 5146 de
302 5089 521 5159 Mares,
558 5088 951 5159 archiepiscopi
992 5089 1315 5146 Parisiensis
1350 5088 1417 5146 ex
1458 5092 1594 5147 libro
1628 5094 1788 5148 tertio

185 5160 393 5214 Maras
421 5158 780 5234 _Hispanica2),
810 5158 1161 5234 consiliorum
1202 5176 1425 5217 suorum
1467 5163 1786 5234 participem

188 5178 393 5214 marem
434 5178 780 5230 mspamcaa),
810 5178 1161 5214 consmorum
1202 5178 1425 5217 suorum
1504 5178 1786 5234 arncnpem

183 5241 241 5302 et
278 5229 434 5302 regni
466 5228 1251 5302 administrumitBernardum
1289 5178 1567 5302 quemrgxm
1604 5234 1787 5287 ducem

184 5297 555 5368 Septimaniae,
587 5297 1214 5372 inquit_Nithardus,_in
1250 5297 1664 5372 supplementum
1690 5305 1788 5357 sibi

184 5383 470 5442 assumens
485 5408 500 5432 ,
526 5369 874 5442 camerarium
897 5370 1199 5442 constituit,
1220 5369 1367 5442 eique
1387 5369 1637 5427 Caro/um
1658 5390 1792 5427 com-

187 5435 497 5511 mendavit,
522 5437 909 5511 secundumque
938 5456 971 5491 a
1008 5454 1063 5511 se
1100 5440 1155 5511 in
1183 5435 1399 5510 imp'erio
1438 5442 1690 5511 praefecit.
1723 5443 1791 5497 At

189 5522 332 5562 vero
355 5508 577 5575 quidam
609 5522 676 5562 ex
707 5507 897 5563 aulicis
924 5507 1137 5577 perﬁdi,
1175 5507 1285 5565 tres
1311 5507 1508 5567 fratres
1539 5507 1604 5567 eo
1632 5514 1792 5569 scele-

192 5579 276 5632 ris
306 5578 639 5647 adegerunt,
667 5586 728 5632 ut
758 5587 944 5632 coacta
976 5579 1150 5631 valida
1183 5581 1467 5635 rebellium
1495 5598 1657 5637 manu
1678 5625 1691 5647 ,
1727 5586 1791 5639 de

256 5648 446 5721 silendo
469 5663 500 5702 a
528 5663 699 5721 regno
719 5658 873 5721 patre
899 5648 1220 5721 cogitarent.
1242 5648 1390 5721 _Odio
1417 5652 1675 5721 quaesitus
1705 5669 1793 5708 co-

214 5736 303 5784 ur,
329 5714 831 5794 Bernardi'cpmitis
851 5714 1210 5794 cum'Juditba
1234 5714 1572 5776 familiaritas
1589 5763 1602 5787 ,
1627 5739 1789 5794 quam

194 5792 250 5841 iu
289 5802 609 5858 perversum
640 5786 1154 5857 interpretabantur,
1196 5806 1317 5844 cum
1350 5800 1535 5846 tamen
1575 5786 1790 5847 ex'mu-

199 5856 347 5915 ucris
376 5856 603 5931 palatini
636 5856 958 5914 necessitate
989 5869 1328 5930 sequeretur,
1362 5870 1471 5915 tum
1504 5860 1627 5933 quia
1657 5863 1785 5917 Iler—

941 3220 1006 3290 iis
1047 3204 1321 3290 Hispaniae
1359 3204 1721 3290 exsultaverat.
1758 3227 1775 3258 ι
1813 3228 1857 3290 C

1815 4577 1864 4634 D

1884 1944 2162 2017 Ludovici,
2184 1936 2490 2017 Bernardiis
2513 1944 2566 2017 in
2590 1952 2773 2014 partes
2796 1946 3099 2017 transgredi
3119 1946 3308 2001 noluit.
3331 1946 3466 2001 Ilinc

1884 2024 2030 2070 mota
2058 2014 2236 2071 Caroli
2270 2014 2368 2068 ira.
2407 2012 2647 2068 Tandem
2677 2029 2798 2068 cum
2834 2012 3083 2070 Tolosam
3116 2017 3352 2071 venisset
3373 2016 3469 2071 Cu-

1886 2086 2033 2141 rolus
2060 2100 2202 2156 anno
2232 2084 2355 2149 844,
2385 2083 2723 2156 Bernardum
2747 2085 2814 2156 ad
2839 2098 2897 2138 se
2925 2086 3196 2151 accersiit,
3224 2087 3467 2156 nihilque

1883 2156 1951 2211 ab
1980 2170 2044 2211 eo
2070 2154 2195 2209 mali
2230 2156 2589 2225 suspicantem
2611 2154 2841 2225 occidit,
2867 2163 2927 2210 ut
2949 2158 3113 2212 tradit
3140 2166 3330 2211 auctor
3359 2154 3473 2210 Ᾱιι-

1885 2226 2085 2280 nalium
2114 2224 2480 2280 Fuldensium.
2515 2224 2621 2279 Sed
2651 2224 2862 2293 plenius
2892 2225 3029 2282 banc
3073 2229 3274 2282 cmdem
3313 2243 3469 2282 exse—

1884 2297 2069 2365 quitur
2097 2293 2210 2350 Odo
2245 2296 2560 2366 Aribertus,
2584 2295 2743 2366 cujus
2781 2296 2883 2348 hoc
2925 2297 3080 2352 nobis
3110 2296 3466 2366 fragmentum

1883 2364 1951 2420 ex
1988 2366 2159 2421 veteri
2202 2365 2388 2421 codice
2425 2379 2523 2435 pro
2550 2364 2809 2436 singulari
2846 2380 2942 2420 sua
2974 2364 3310 2421 humanitate
3340 2382 3465 2435 sup-

1955 2437 2143 2492 ditavit
2162 2436 2249 2489 vir
2263 2436 2595 2491 clarissimus
2608 2435 2903 2490 Gulielmus
2927 2435 3227 2491 Masnavius
3252 2446 3471 2491 senator

1932 2506 2203 2563 olosanus.
2242 2525 2259 2556 ι
2295 2506 2434 2561 Pace
2464 2505 2645 2575 itaque
2672 2507 3081 2576 cumsanguine
3106 2507 3469 2561 eucharisticu

1886 2577 2177 2647 separatim
2217 2590 2315 2645 per
2355 2576 2543 2646 regem
2576 2583 2630 2629 et
2670 2575 2937 2647 comitem
2976 2578 3185 2647 ﬁrmata
3228 2585 3282 2631 et
3326 2578 3468 2632 obsi-

1923 2645 2067 2711 nata,
2098 2645 2404 2702 Bernardus
2437 2660 2621 2701 comes
2647 2646 2949 2701 Tolosanus
2985 2661 3049 2700 ex
3089 2645 3469 2701 Barcinonensi

1934 2717 2139 2772 olosam
2165 2717 2331 2779 venit,
2363 2724 2418 2770 et
2445 2729 2623 2785 regem
2650 2714 2901 2771 Carolum
2935 2718 2989 2770 in
3017 2716 3267 2771 ρωποι)ἱο
3296 2719 3470 2771 sancti

1888 2784 2165 2842 Saturnini
2178 2785 2336 2855 juxta
2359 2784 2608 2841 Tolosam
2632 2786 2895 2841 adoravit.
2921 2786 3163 2854 Cumque
3191 2802 3285 2841 rex
3308 2803 3471 2842 manu

1889 2858 2037 2922 lmva,
2065 2867 2317 2927 tanquam
2334 2856 2868 2927 sublevandigratia,
2890 2858 3142 2912 comitem
3172 2857 3472 2927 apprehen-

1887 2927 2074 2998 disset,
2106 2925 2272 2998 altera
2298 2926 2530 2998 pugione
2568 2925 2620 2998 in
2649 2925 2792 2998 latus
2822 2926 2938 2998 ejus
2974 2927 3167 2998 adacto
3195 2925 3317 2998 cum
3349 2942 3474 2982 cru-

1887 2997 2081 3052 deliter
2107 2995 2399 3060 interemit,
2432 3010 2538 3050 non
2570 2996 2687 3049 sine
2712 2995 2941 3052 crimine
2968 2997 3090 3051 ﬁdei
3118 3005 3172 3050 et
3196 2997 3473 3060 religionis

1886 3067 2120 3132 violatm,
2151 3082 2250 3122 nec
2279 3067 2395 3121 sine
2422 3066 2728 3137 suspicione
2751 3066 2949 3135 patrati
2977 3066 3275 3137 parricdii.
3300 3066 3474 3122 Filius

1888 3138 2085 3260 quippe
2114 3137 2373 3192 Bernardi
2413 3136 2945 3218 vulgqcredebatur,
2987 3144 3042 3191 et
3077 3150 3139 3191 os
3178 3137 3296 3207 ejus
3338 3138 3476 3191 mire

1911 3209 2116 3260 erebat.
2148 3216 2340 3260 natura
2364 3206 2689 3260 adulterium
2711 3214 3015 3260 maternum
3044 3205 3321 3260 prodente.
3347 3206 3476 3260 Post

1911 3205 2340 3278 erebat,_natura
2364 3205 2689 3261 adulterium
2711 3214 3015 3278 maternum
3044 3205 3321 3278 prodente.
3347 3206 3477 3262 Post

1894 3285 2001 3332 tam
2045 3276 2333 3333 nefandam
2360 3291 2547 3332 necem
2571 3316 2585 3340 ,
2617 3291 2711 3331 rex
2740 3276 2808 3332 de
2833 3277 2971 3333 solio
3001 3276 3260 3347 sanguine
3291 3293 3475 3334 macu-

1887 3346 1996 3401 lato
2028 3348 2339 3417 discedens,
2370 3357 2425 3417 et
2454 3346 2591 3417 pede
2623 3347 2855 3417 cadaver
2882 3346 3191 3417 percutiens
3211 3387 3224 3410 ,
3263 3347 3345 3402 sic
3384 3363 3476 3404 ex-

1886 3417 2183 3487 clamavit;
2216 3415 2309 3471 Vm
2342 3415 2581 3487 libb—qui
2613 3415 2905 3487 thalamum
2945 3417 3115 3487 patris
3157 3418 3261 3471 mei
3298 3426 3352 3470 et
3381 3418 3477 3472 do-

1886 3431 2139 3472 eiamavu
2173 3435 2183 3469 :
2224 3431 2309 3471 va:
2342 3431 2457 3481 lIDI,
2478 3431 2581 3538 aut
2613 3431 2905 3469 thalamum
2945 3431 3115 3487 patris
3157 3431 3261 3471 mei
3298 3431 3352 3470 et
3381 3431 3475 3472 uo-

1885 3488 2017 3541 mini
2046 3488 2121 3541 tui
2150 3485 2385 3541 foedasti.
2424 3507 2441 3541 ι
2528 3484 2611 3539 ide
2652 3483 2913 3541 Catellum
2948 3490 3002 3542 in
3039 3486 3273 3541 Historia
3304 3488 3475 3542 comi—

1886 3566 1998 3611 tum
2023 3556 2411 3627 Tolosanorum
2443 3570 2562 3627 cap.
2594 3555 2648 3627 li.

1960 3638 1983 3666 α
2026 3628 2267 3680 Auctrice
2293 3623 2575 3680 malorum.
2603 3623 2821 3680 Juditha
2851 3626 3091 3682 Aumsta

1959 3695 1984 3735 ά
2032 3696 2228 3751 Induto
2275 3696 2456 3749 habitu
2501 3695 3134 3763 sanctimoniali..Actum
3162 3700 3304 3755 istud
3333 3716 3475 3757 anno

1887 3766 2013 3831 830,
2044 3776 2097 3820 ut
2129 3775 2276 3837 patet
2307 3781 2373 3820 ex
2406 3765 2526 3820 Vita
2561 3764 2818 3837 Ludovici
2842 3765 2944 3837 Pii.
2971 3765 3075 3822 Sed
3104 3776 3279 3824 tamen
3308 3779 3473 3825 adno-

1890 3838 2111 3917 tandum
2142 3844 2242 3922 est,
2292 3851 2410 3922 eam
2465 3836 2752 3922 tamenetsi.
2781 3836 2956 3922 velum
2996 3838 3098 3922 sibi
3127 3855 3289 3909 super
3316 3852 3475 3922 caput

1959 3907 2129 3961 suerit
2159 3906 2275 3977 (seu
2320 3904 2506 3960 volens
2531 3904 2585 3959 id
2634 3904 2779 3968 fecit,
2820 3914 2876 3959 ut
2925 3907 3088 3961 tradit
3118 3904 3307 3963 aui-lor
3340 3904 3473 3965 Vita:

1888 3922 2143 4031 ﬁtdorici
2163 4016 2176 4031 .
2209 3976 2322 4030 sive
2345 3989 2442 4031 Der
2473 3976 2601 4031 vim.
2631 3982 2692 4029 ut
2716 3974 3004 4031 Thecanus
3028 3979 3258 4031 serit-it).
3292 3990 3472 4031 atton-

1933 3976 2143 4030 udovici
2163 3974 2176 4040 ς
2197 3976 2322 4049 sive
2345 3989 2442 4049 per
2473 3976 2601 4049 vim,
2631 3982 2692 4029 ut
2716 3974 3004 4049 Thegalius
3028 3979 3258 4049 scribit),
3292 3990 3472 4034 attun-
3560 4040 3565 4041 γ

1889 4061 2002 4101 sam
2034 4061 2139 4099 non
2189 4043 2373 4100 fuisse.
2420 4044 2630 4099 Inclusa
2680 4043 2860 4100 autem
2910 4044 3096 4101 fuitin
3146 4043 3474 4106 monasterio

1889 4124 2091 4171 sancta:
2119 4115 2461 4185 Radegundis
2482 4114 2852 4170 Pictaviensis.
2882 4115 2994 4171 Illic
3020 4114 3217 4173 femina
3248 4126 3328 4174 tot
3358 4129 3472 4176 tan-

1890 4194 2051 4256 taque
2091 4186 2304 4256 pietatis
2344 4193 2660 4256 argumenta
2689 4186 2919 4256 praebuit
2951 4188 3469 4255 sanctimonialibus,

1891 4254 2322 4328 ut’illaz'puliliee
2351 4254 2735 4328 proﬁterentur
2755 4254 2892 4310 velle
2918 4272 2978 4328 se
3003 4257 3261 4328 Augustae
3289 4274 3475 4315 exem-

1890 4325 2035 4396 plum
2068 4323 2240 4396 sequi.
2268 4323 2513 4396 lta'enim
2553 4323 2711 4379 docet
2734 4334 2924 4396 auctor
2946 4323 3236 4382 Annalium
3264 4328 3471 4385 Meten-

1892 4394 2028 4467 sium
2060 4413 2083 4467 :7
2106 4413 2122 4445 ‹
2160 4394 2289 4467 Qua:
2325 4396 2379 4449 in
2425 4395 2808 4467 Pictaverisem'
2822 4395 3011 4467 urbem
3040 4398 3343 4467 compulsa
3391 4409 3476 4455 est

1892 4467 1994 4531 ire,
2018 4466 2198 4533 ibique
2222 4465 2273 4518 in
2301 4463 2631 4518 monaSterio
2654 4462 2866 4520 Sancta:
2891 4465 3081 4522 Crucis
3109 4462 3427 4524 est'retrusa
3457 4486 3469 4522 :

1892 4536 1979 4605 ubi
2009 4543 2063 4605 et
2091 4537 2203 4605 ipsa
2229 4534 2453 4589 Domino
2482 4542 2667 4589 nostro
2694 4534 2821 4589 Jesu
2842 4535 3057 4592 Christo
3080 4538 3473 4595 studiosissime

1892 4603 2141 4680 famulari
2183 4604 2596 4680 _die_nuctnque_
2622 4605 2751 4680 totis
2798 4606 3004 4680 nisibus
3043 4608 3283 4675 studuit;
3312 4619 3473 4680 atque

1892 4675 2022 4751 inibi
2046 4673 2272 4729 Domino
2296 4674 2775 4751 fanmlautibusita
2794 4675 3018 4751 placuit,
3051 4688 3113 4734 ω
3131 4673 3321 4735 omnes
3348 4673 3473 4751 pro-

1892 4744 2171 4799 ﬁterentur
2195 4761 2253 4800 se
2286 4760 2405 4799 eam
2435 4744 2575 4797 velle
2608 4745 2828 4799 imitari.
2868 4766 2885 4797 ι

1965 4826 1987 4854 θ
2009 4813 2364 4890 Aliquantum
2390 4816 2678 4890 Itonestati._
2703 4814 2802 4890 llic
2844 4815 3095 4890 fuitibelli
3125 4819 3301 4875 civilis
3336 4835 3472 4890 prae-

1891 4893 2072 4962 textus
2124 4903 2136 4937 :
2192 4885 2548 4962 Dehonestari
2596 4885 2857 4962 palatium
2907 4888 3169 4943 adulterio
3218 4885 3473 4962 Augusta:

1889 4971 2012 5010 cum
2035 4954 2343 5019 Bernardo;
2374 4955 2523 5026 quod
2559 4954 2693 5010 adeo
2716 4957 2985 5026 publicum
3018 4970 3182 5021 esset,
3214 4968 3274 5013 ut
3304 4954 3371 5014 ne
3400 4964 3473 5015 si—

1888 5026 2052 5100 lentio
2081 5026 2311 5100 quidem
2334 5036 2428 5079 aut
2476 5025 2901 5100 dissimulatione
2952 5030 3057 5100 tegi
3101 5039 3299 5099 posset.
3332 5030 3467 5084 Pur-

1890 5097 2128 5166 gandum
2153 5095 2407 5166 palatium
2439 5110 2469 5147 a
2501 5095 2749 5151 sordibus
2796 5095 3129 5166 facinorum;
3163 5111 3219 5154 et
3241 5100 3470 5157 Ludovi-

1890 5165 2012 5220 eum
2042 5165 2370 5220 reddendum
2396 5165 2561 5221 menti
2581 5180 2645 5221 ac
2666 5166 2909 5235 dignitati
2933 5184 3063 5233 sum,
3089 5165 3151 5225 ac
3180 5172 3224 5224 si
3254 5172 3468 5225 demen-

1890 5244 2033 5291 tatus
2054 5235 2245 5291 fuisset
2278 5236 2464 5289 uxoris
2494 5235 2771 5292 veneﬁcio.
2801 5236 2987 5303 Porro,
3024 5238 3334 5294 Lotharium
3362 5258 3467 5296 non

1889 5307 2088 5361 debere
2112 5304 2253 5360 ferre
2278 5314 2485 5360 tantum
2510 5306 2741 5361 dedecus
2768 5316 2990 5364 Daterno
3013 5310 3217 5363 nonnni
3243 5310 3466 5364 illatum.

1890 5376 2091 5449 Auctor
2138 5376 2282 5449 )’it;e
2323 5377 2638 5449 Ludovici:
2688 5396 2704 5428 ε
2743 5376 3002 5449 Oporterc
3044 5395 3171 5449 ergo
3224 5381 3472 5435 dicebant

1891 5448 2089 5501 bonum
2128 5446 2294 5501 ﬁlium
2321 5447 2537 5517 indigne
2570 5446 2712 5501 ferre
2733 5448 2963 5501 dedecus
2994 5446 3296 5517 paternum,
3325 5451 3474 5504 abla—

1892 5518 2067 5599 tisque
2099 5518 2356 5599 e_inedio,
2389 5517 2672 5599 restituere
2697 5524 2907 5599 patroni
2935 5528 2986 5571 et
3020 5522 3275 5599 menti'ct
3302 5520 3447 5589 digni
3470 5555 3485 5561 ο

1892 5585 2029 5654 tati;
2060 5595 2117 5641 et
2142 5589 2244 5643 hoc
2275 5596 2521 5659 agentem
2548 5601 2659 5659 non
2677 5587 2846 5659 solum
2878 5585 3017 5659 fama
3038 5588 3253 5642 virtutis
3279 5585 3469 5659 prosc-

1892 5667 2168 5727 queretur,
2199 5658 2292 5712 sed
2314 5656 2479 5711 etiam
2502 5656 2846 5727 ampliﬁcatio
2874 5658 3023 5727 regni
3048 5656 3342 5724 terrestris,
3368 5659 3473 5714 hoc

1893 5726 2108 5809 nemine
2139 5736 2498 5809 prmtexcntes
2528 5726 2755 5797 culpam.
2796 5726 2890 5783 llis
2929 5726 3057 5799 ergo
3107 5728 3473 5786 incitamentis

1893 5798 2364 5869 allectusjnvcnis,
2400 5804 2504 5853 etc.
2542 5816 2559 5850 ι
