3930 6348
190 422 298 482 5ιό

1282 424 1486 480 LIBER
1526 423 1664 480 PRO
1703 420 1904 477 FILIIS
1943 423 2265 480 LUDOVICI
2305 424 2410 479 PII.

3359 433 3464 486 51ιῦ

189 539 439 596 Ecclesia
461 538 562 595 Dei
597 540 734 602 vivi,
767 538 1014 593 columna
1059 546 1114 592 et
1140 537 1542 594 ﬁrmamentum
1584 539 1779 594 verita-
1806 540 1858 598 Α
1883 536 2156 604 dicuntur,
2216 539 2362 595 ludat
2398 543 2697 610 pueriliter,
2753 546 3121 612 spectantibus
3168 548 3328 601 etiam
3373 549 3471 604 ali-

188 633 294 693 tis,
361 640 483 686 orat
534 643 592 688 ut
640 631 1108 688 Christianissimo
1185 633 1499 704 imperatori
1564 633 1783 688 barbari

185 721 574 792 subiiciantur,
619 739 724 777 non
767 731 827 776 ut
874 721 1100 791 subjecti
1138 725 1530 778 conturbentur
1570 731 1624 778 et
1657 724 1783 778 bar-

185 811 526 872 barizeittur.
562 815 747 885 Neque
775 817 920 870 enim
949 815 1403 871 Christianissimi
1438 818 1782 888 imperatoris

185 915 270 961 est
299 907 573 975 subjectos
606 907 900 961 exturbare
934 915 988 961 et
1025 909 1208 962 unitos
1238 907 1498 962 dividere.

258 996 346 1052 IV.
389 997 434 1051 Ο
472 997 698 1051 Domine
728 997 872 1051 Deus
902 997 1026 1052 coeli
1054 1013 1116 1052 ac
1147 1005 1328 1063 terrae,
1359 1013 1458 1052 cur
1481 997 1779 1068 permisisti

184 1086 564 1141 ﬁdelissimum
597 1097 650 1141 et
683 1086 1209 1142 Christianissimum
1240 1103 1456 1143 servum
1495 1097 1646 1142 tuum
1677 1089 1777 1143 im-

181 1183 494 1243 peratorem
510 1185 753 1229 nostrum
775 1176 829 1229 in
859 1183 1058 1229 tantam
1089 1176 1344 1231 devenire
1373 1177 1773 1247 negligentiam,

184 1275 211 1303 ι
245 1273 308 1318 ut
367 1266 554 1320 videre
599 1265 732 1321 nolit
776 1267 973 1337 quibus
1037 1269 1194 1323 malis
1255 1269 1620 1325 circumdatus
1674 1271 1779 1326 sit?

181 1353 371 1427 Diligit
397 1355 543 1411 enim
569 1357 813 1412 odientes
840 1372 921 1421 se,
952 1365 1007 1412 et
1035 1358 1150 1412 odit
1178 1358 1469 1426 diligentes
1501 1375 1578 1414 se.
1637 1359 1775 1426 Quid

181 1447 229 1502 si
266 1463 458 1503 verum
491 1456 576 1503 est
605 1447 747 1517 quod
771 1448 1034 1519 plerique,
1064 1449 1158 1518 qui
1189 1449 1438 1504 subtilius
1476 1449 1777 1521 intelligere

181 1539 463 1605 videntur,
496 1537 795 1603 afﬁrmant;
835 1538 979 1608 quod
1015 1539 1227 1602 scilicet
1255 1540 1364 1594 sint
1402 1539 1566 1608 aliqui
1606 1541 1660 1594 in
1699 1541 1776 1595 la—

180 1637 298 1682 tere
325 1625 464 1694 ejus,
501 1627 595 1697 qui
635 1626 908 1681 inhianter
943 1635 1262 1695 exspectant
1295 1629 1677 1684 exterminium
1714 1629 1774 1684 ﬁ-

182 1717 379 1771 liorum
399 1717 554 1787 ejus?
582 1716 735 1784 Quod
763 1717 809 1771 si
834 1716 1087 1781 viderint,
1121 1717 1376 1772 collatum
1404 1718 1606 1774 habent
1634 1720 1774 1775 inter

180 1819 239 1859 se
266 1814 328 1859 ut
367 1805 422 1859 in
463 1805 843 1874 imperatorem
893 1805 1112 1859 mittant
1154 1821 1396 1874 manum,
1437 1815 1492 1862 et
1519 1809 1546 1848 δ
1571 1810 1773 1878 disper-

1887 629 2082 698 quibus
2118 631 2183 686 de
2225 633 2413 687 ordine
2451 635 2792 700 sacerdotali,
2836 647 2890 691 et
2927 637 2954 676 ιι
2989 639 3263 709 plerisque
3304 641 3473 696 collu-

1885 720 2157 788 dentibus,
2205 723 2296 793 qui
2338 723 2656 794 (secundum
2709 725 2938 781 formam
2983 744 3144 798 quam
3173 730 3465 800 Apostolus

1884 811 2074 866 scribit
2117 813 2182 868 de
2229 813 2491 884 eligendis
2536 815 2821 886 episc0pis,
2873 818 3095 872 dicens:
3125 818 3324 875 Domus
3353 837 3465 875 sure

1883 901 2009 955 bene
2033 906 2393 973 prrrpositum,
2423 903 2562 973 filios
2591 905 2858 958 habentem
2894 908 3129 961 subditos
3162 925 3280 962 cum
3319 911 3464 962 omni

1880 991 2153 1057 castitate;
2201 995 2322 1064 quia
2363 995 2407 1048 si
2453 996 2567 1064 quis
2612 995 2797 1050 domus
2845 1013 2954 1050 sua:
2999 1015 3222 1068 prwesse
3281 1001 3462 1065 nescit,

1878 1081 2140 1151 quomodo
2173 1082 2426 1137 Ecclesia:
2460 1083 2558 1137 Dei
2599 1084 2925 1154 diligentiam
2963 1087 3233 1160 habebit?)
3273 1089 3468 1158 prazrli-

1877 1188 2006 1228 care
2042 1174 2339 1229 debuerant
2371 1175 2600 1229 domina:
2645 1173 2848 1229 ludenti
2878 1193 2890 1225 :
2937 1174 2992 1230 Si
3026 1192 3129 1246 qua
3158 1179 3341 1248 regina
3380 1194 3465 1234 se-

1879 1262 2163 1330 metipsum
2206 1278 2394 1334 regere
2422 1279 2528 1317 non
2580 1264 2750 1328 novit,
2788 1267 3056 1334 quomodo
3087 1266 3155 1322 de
3181 1269 3465 1323 honestate

1875 1354 2058 1424 palatii
2106 1371 2290 1410 curam
2339 1357 2596 1411 habebit?
2645 1366 2737 1410 aut
2780 1358 3052 1426 quomodo
3101 1359 3463 1429 gubernacula

1876 1446 2030 1517 regni
2080 1447 2366 1517 diligenter
2419 1450 2677 1503 exercet?
2714 1448 2992 1504 Reducere
3036 1465 3254 1520 quoque
3299 1451 3347 1504 ei
3397 1451 3464 1505 ad

1875 1537 2194 1591 memoriam
2245 1540 2562 1604 debuerant,
2617 1539 2758 1608 quod
2805 1540 3129 1609 supradicta:
3179 1541 3461 1595 sententiae

1873 1637 2237 1697 congruenter
2271 1630 2442 1698 aptari
2480 1637 2675 1698 potest,
2705 1638 2961 1699 quantum
2999 1638 3178 1684 tamen
3207 1629 3273 1683 ad
3303 1639 3458 1684 exte-

1875 1716 2071 1770 riorem
2123 1731 2338 1771 sensum
2392 1719 2646 1787 pertinet,
2694 1719 2837 1787 quod
2887 1719 2940 1772 in
2985 1719 3092 1773 alio
3135 1719 3256 1774 loco
3298 1734 3452 1773 saera

1875 1806 2154 1877 Scriptura
2187 1808 2314 1862 dicit
2347 1827 2356 1860 :
2398 1807 2591 1861 Mulier
2617 1809 2838 1879 diligens
2867 1826 3060 1862 corona
3086 1818 3159 1863 est
3187 1811 3295 1863 viro
3323 1823 3454 1871 suo;

181 1897 322 1950 tiant
368 1896 471 1951 sibi
521 1911 767 1967 regnum.
809 1895 923 1950 Hoc
956 1905 1141 1950 utrum
1186 1911 1372 1950 verum
1403 1897 1494 1962 sit,
1542 1899 1642 1966 ipsi
1676 1914 1771 1952 no-
1798 1881 1845 1940 Β
1874 1906 1922 1951 et
1943 1898 2164 1966 putredo
2216 1900 2268 1951 in
2298 1899 2498 1952 ossibus
2537 1899 2649 1968 ejus
2677 1915 2792 1968 qua:
2835 1899 3140 1967 confusione
3163 1917 3243 1952 res
3269 1900 3458 1968 dignas

179 1993 327 2041 runt.
363 1985 512 2040 Multi
552 1994 734 2039 tamen
771 1994 916 2049 sunt,
968 1986 1059 2054 qui
1101 2000 1208 2040 non
1238 1988 1520 2058 ambigunt
1558 1988 1676 2043 illos
1705 1990 1770 2044 de

178 2076 381 2144 quibus
409 2077 627 2139 dicitur,
673 2076 746 2130 ita
778 2077 1093 2130 incumbere
1135 2092 1334 2147 regno,
1387 2089 1642 2149 tanquam
1679 2096 1770 2150 pa-

178 2165 300 2219 rieti
337 2164 598 2220 inclinato
638 2173 694 2219 et
736 2166 984 2220 maceria:
1023 2166 1285 2236 impulsae.
1333 2169 1484 2225 Unde
1523 2181 1765 2238 constat,

176 2255 304 2324 quia
337 2255 442 2309 nisi
474 2253 619 2310 Deus
659 2255 1005 2320 subvenerit,
1045 2265 1139 2310 aut
1178 2259 1381 2315 exteris
1425 2261 1641 2316 dabitur
1676 2278 1765 2318 re-

177 2361 366 2415 gnum,
397 2352 494 2399 aut
522 2345 578 2398 in
611 2346 810 2399 multos
838 2353 1100 2415 tyrannos
1126 2346 1504 2416 dispertietur;
1536 2353 1676 2419 quod
1709 2353 1762 2406 in

177 2437 279 2490 hoc
310 2434 641 2490 assimilatur
682 2454 694 2488 :
731 2436 986 2506 quoniam
1026 2437 1343 2506 imperator,
1372 2443 1462 2509 qui
1505 2444 1764 2501 adversus

174 2525 533 2579 barbarorum
580 2539 736 2594 reges
769 2524 910 2580 bella
943 2523 1090 2592 justa
1132 2527 1421 2596 disponere
1468 2532 1762 2602 debuerat,

176 2617 438 2672 adversus
484 2616 770 2671 dilectores
813 2616 897 2670 sui
941 2616 1080 2672 ﬁlios
1108 2617 1304 2686 injusta
1332 2636 1492 2691 agere
1516 2634 1689 2693 parat.

251 2707 315 2762 V.
360 2709 556 2764 Dicunt
586 2708 753 2771 etiam
783 2707 949 2778 aliqui
981 2711 1125 2780 quod
1155 2722 1175 2749 ο
1210 2712 1427 2768 (ωηιξη
1455 2717 1640 2784 palatii
1680 2735 1765 2775 se-

175 2799 372 2866 nioris,
397 2808 551 2856 extra
578 2800 667 2854 illa
689 2815 808 2870 quae
831 2799 896 2856 de
918 2797 1036 2869 ejus
1065 2801 1296 2858 occultis
1321 2813 1375 2859 et
1403 2821 1508 2860 non
1537 2810 1764 2867 occultis

1872 1991 2026 2060 gerit.
2062 1991 2126 2044 Et
2156 1991 2348 2045 iterum
2388 2008 2400 2044 :
2452 1990 2604 2044 Tecta
2651 1991 3000 2060 pet-stillantia
3038 1993 3094 2044 in
3129 1992 3215 2045 die
3245 1991 3460 2061 frigoris

1871 2085 1920 2134 εἰ
1943 2078 2170 2150 litigiosa
2199 2079 2388 2133 mulier
2417 2090 2808 2150 comparantur.
2838 2079 2940 2144 Qui
2965 2079 3145 2134 retinet
3169 2097 3284 2133 eam
3307 2081 3456 2150 quasi

1871 2172 1969 2242 qui
2009 2183 2211 2225 rentum
2259 2181 2448 2232 teneat,
2500 2181 2546 2224 et
2597 2171 2766 2224 oleum
2800 2171 3024 2224 dextera:
3067 2187 3177 2224 sua
3223 2179 3453 2224 evacuet.

1872 2264 1979 2318 Sed
2004 2265 2144 2319 forte
2171 2265 2410 2318 dicturus
2435 2272 2516 2318 est
2541 2263 2736 2330 aliquis
2765 2282 2775 2314 :
2804 2261 2928 2315 Ilaac
2955 2276 3060 2314 non
3087 2269 3170 2316 est
3198 2260 3455 2330 litigiosa,

1866 2356 1960 2410 sed
1997 2367 2020 2394 θ
2051 2356 2256 2420 suavis,
2292 2364 2346 2408 et
2377 2352 2595 2407 blanda.
2647 2353 2856 2419 Quibus
2887 2351 3066 2406 verbis
3122 2351 3453 2422 responden-

1873 2449 1999 2502 dum
2030 2455 2131 2511 est,
2166 2463 2272 2502 non
2309 2454 2392 2501 est
2431 2445 2605 2514 majus
2636 2445 2896 2516 litigium,
2936 2448 3095 2515 quam
3133 2444 3256 2497 boni
3285 2444 3456 2512 patris

1869 2538 2039 2593 bonos
2101 2538 2238 2592 ﬁlios
2285 2537 2530 2600 irritare,
2586 2537 2940 2598 exacerbare,
2989 2536 3348 2598 exhonorare,
3398 2543 3454 2588 ct

1868 2630 2081 2699 penitus
2120 2644 2149 2681 a
2179 2637 2330 2698 patre
2373 2627 2608 2682 alienare
2645 2626 2781 2680 velle
2812 2644 2823 2679 :
2856 2642 2975 2694 qum
3012 2625 3137 2694 quia
3178 2625 3195 2662 ί
3232 2634 3449 2695 propter

1871 2720 2039 2775 solam
2071 2719 2528 2790 pulchritudinem
2557 2734 2584 2771 a
2615 2717 2732 2772 viro
2760 2715 3055 2772 inoﬁiciose
3081 2716 3230 2787 diligi
3258 2715 3448 2782 fertur,

1873 2811 2250 2866 inculcandum
2316 2810 2533 2880 utrique
2583 2807 2763 2864 fuerat
2818 2807 2959 2877 quod
3018 2807 3216 2862 iterum
3263 2808 3449 2863 eadem

1578 2899 1851 2961 BALUZII
1886 2903 2117 2959 NOTAE.

244 2993 270 3020 ι
315 2979 383 3034 Ut
412 2981 586 3057 videre
625 2979 754 3057 nolit
787 2982 930 3057 quib.
963 2981 1136 3057 malis.
1172 2983 1294 3057 Ilaec
1340 2993 1450 3038 tum
1489 3003 1541 3040 tn
1575 2989 1764 3057 vulgus

163 3050 400 3123 jactata.
427 3051 633 3105 Auctor
657 3050 1075 3123 Yitaa'lnulovici
1107 3071 1120 3106 :
1151 3073 1167 3102 ι
1204 3053 1370 3108 Porro
1392 3065 1599 3123 patrem
1627 3050 1762 3115 adeo

169 3117 493 3191 quibusdam
517 3121 802 3191 prestigiis
830 3117 1058 3179 elusum.
1092 3131 1151 3176 ut
1177 3125 1290 3178 inec
1317 3117 1421 3178 non
1450 3127 1608 3181 modo
1648 3146 1755 3184 non

169 3190 466 3260 vindicare,
499 3190 591 3243 sed
617 3190 720 3246 nec
737 3192 1015 3246 advertere
1041 3203 1240 3260 posset.
1275 3214 1292 3244 ι

240 3259 266 3298 b
301 3259 620 3332 Dispertian!
647 3261 746 3332 sibi
775 3278 1011 3330 regnum.
1044 3259 1136 3317 Sic
1161 3263 1349 3332 Capito
1379 3263 1754 3332 Cossutianus,

165 3329 250 3380 vir
276 3326 458 3400 animo
485 3327 552 3380 ad
584 3326 780 3400 ﬂagitia
828 3326 1116 3400 prmcipiti,
1157 3326 1282 3385 dum
1317 3333 1582 3388 Neronem
1609 3326 1758 3392 exci;

166 3406 310 3476 taret
351 3399 417 3451 ad
448 3405 677 3476 mortem
711 3399 1140 3476 Thr‘asem_,_'ha3c
1176 3401 1316 3476 inter
1365 3403 1483 3476 alia
1511 3406 1584 3458 ait
1614 3409 1756 3476 ap’ud

165 3466 415 3540 Taciturn
448 3468 500 3520 in
525 3467 659 3521 libro
688 3468 1090 3540 xvt_Annalium
1122 3488 1134 3524 :
1161 3489 1178 3520 ί
1207 3471 1274 3526 Ut
1297 3473 1578 3540 imperium
1603 3466 1756 3530 ever-

166 3546 303 3598 tant,
325 3537 636 3609 libertatem
670 3537 979 3609 praeferunt.
1023 3539 1077 3592 Si
1125 3537 1503 3609 perverterint,
1539 3543 1756 3598 liberta-

166 3616 273 3686 tem
323 3607 494 3689 ipsam
543 3608 938 3689 aggrediemur.
972 3607 1308 3689 {Pro—prium
1346 3627 1495 3689 sane
1533 3614 1752 3668 humani

163 3676 364 3756 ingenii
395 3683 499 3738 est,
531 3675 665 3756 _vitia
712 3679 905 3730 sectari
926 3678 1034 3756 sub
1063 3675 1280 3756 nomine
1307 3681 1587 3756 virt_utum_,
1617 3699 1753 3756 con-

163 3745 395 3818 siliaque
442 3745 581 3798 mala
629 3755 811 3818 tegere
856 3749 957 3800 sub
986 3749 1164 3816 specie
1200 3748 1344 3802 boni.
1394 3751 1460 3803 Et
1486 3753 1574 3818 qui
1616 3753 1753 3807 bella

161 3815 344 3888 civilia
376 3825 616 3888 movent,
653 3817 854 3888 bonum
893 3815 1106 3888 semper
1131 3818 1400 3886 publicum
1429 3815 1748 3888 prietexunt.

163 3882 458 3957 Sallustius
482 3884 534 3936 in
563 3883 790 3957 Catilina
826 3905 837 3937 :
877 3904 894 3936 ι
932 3882 1193 3956 Namque,
1222 3890 1297 3942 uti
1343 3882 1528 3957 paucis
1563 3907 1748 3945 vermn

160 3953 464 4028 absolvam,
487 3967 596 4028 per
623 3953 713 4028 illa
747 3963 988 4028 tempora
1019 3953 1746 4028 quicunque—rempublicam

159 4024 460 4100 agitavere,
487 4024 728 4078 honestis
751 4024 1078 4089 nominibus,
1103 4026 1212 4088 alii,
1241 4024 1398 4100 sicuti
1418 4024 1542 4095 jura
1567 4032 1747 4100 p0puli

158 4091 537 4163 defenderent,
569 4108 717 4161 pars,
756 4110 863 4163 quo
908 4105 1127 4150 senatus
1163 4091 1458 4151 auctoritas
1501 4091 1750 4156 rnaxuma

155 4160 322 4226 foret,
355 4163 552 4239 bonum
575 4160 851 4232 publicum
892 4165 1230 4231 simulantes,
1261 4183 1357 4236 pro
1395 4183 1489 4222 sua
1521 4171 1748 4239 quisque

156 4233 403 4304 poten_tia
433 4240 694 4304 certabat.
734 4254 751 4286 ι

230 4312 252 4376 ἐ
300 4301 529 4376 Domina
556 4301 738 4376 palatii
785 4306 1026 4369 senioris,
1070 4305 1120 4359 id
1148 4315 1251 4367 est,
1285 4307 1463 4376 palatii
1490 4309 1744 4365 Ludovici

155 4370 274 4445 Pii,
314 4371 408 4445 qui
459 4370 620 4440 paulo
668 4380 791 4445 ante
839 4376 1014 4428 dictus
1051 4385 1142 4445 est
1190 4370 1482 4445 imperator
1528 4381 1740 4444 senior;

155 4440 453 4516 Lotharius
498 4456 653 4516 _ver_0,
686 4443 1244 4516 imperatorjunior.
1267 4440 1415 4516 'Nam
1457 4440 1742 4516 postquam

153 4509 478 4582 Lotharium
498 4509 798 4567 Ludovicus
818 4515 1027 4582 imperii
1042 4509 1356 4571 consortem
1381 4509 1529 4580 fecit,
1553 4509 1744 4572 lrinin-

153 4580 704 4657 gardigueAugusta‘.
727 4580 971 4657 sociavit,
1005 4586 1172 4638 divisa
1200 4595 1284 4639 est
1321 4585 1520 4657 familia
1550 4604 1741 4657 regna—

154 4650 259 4703 trix
282 4666 296 4713 ;
324 4650 732 4722 Ludovicusque
755 4654 888 4706 citra
909 4653 1071 4722 Alpes
1095 4670 1398 4718 remanens,
1427 4650 1739 4712 Lorharium

152 4735 350 4793 regere
385 4720 590 4793 Italiam
621 4721 800 4790 jussit.
831 4720 1193 4793 Hinc‘duplex
1222 4725 1430 4789 domus,
1461 4727 1573 4780 sive
1598 4727 1742 4793 pala-

154 4790 288 4842 tium
325 4790 622 4854 :palatium
667 4793 867 4854 senius,
908 4790 1099 4848 domus
1136 4793 1386 4848 Ludovici
1420 4790 1608 4850 εστιιίυᾶ
1633 4796 1738 4850 Lo-

151 4860 322 4944 t_harii
348 4858 557 4944 domus.
582 4858 762 4944 Iudith
786 4877 1077 4944 ergonquce
1099 4863 1354 4917 Ludovici
1384 4864 1574 4929 conjux
1599 4875 1736 4928 erat,

152 4929 377 5000 domina
415 4929 516 4984 fuit
539 4931 722 5000 palatii
755 4929 1005 4986 senioris.

220 4997 244 5036 ἀ
295 4996 586 5072 Ιζιεῄξιιιιέ⁸
622 5001 1286 5072 colludentibtts.Damnat
1328 5003 1607 5070 episcopos
1645 5006 1736 5072 qui

151 5067 529 5142 cum‘tluditlja
575 5069 830 5142 ludebant
874 5071 1169 5138 pueriliter,
1221 5067 1454 5140 iemque
1498 5067 1590 5128 eos
1647 5067 1733 5142 qui

149 5138 385 5258 puerilia
431 5138 518 5191 illa
568 5140 958 5194 oblectamenta
1015 5143 1349 5210 spectabant,
1370 5138 1445 5195 iac
1491 5138 1736 5198 fortassis

170 5208 466 5258 sudabant.
496 5208 640 5258 Istud
671 5211 842 5258 insum
871 5212 1032 5258 etiam
1061 5211 1113 5258 in
1142 5212 1469 5258 nt'eshvlm'is
1492 5215 1589 5258 hac.
1622 5213 1731 5258 insa

170 5208 466 5281 sudabant.
495 5208 640 5281 Istud
671 5211 842 5280 ipsum
871 5208 1113 5264 etiamin
1142 5212 1469 5280 presbyteris
1491 5215 1590 5266 hac
1622 5213 1733 5281 ipsa

151 5285 316 5349 aetate
363 5279 641 5333 damnavit
687 5279 925 5334 Romana
977 5281 1210 5349 synodus
1255 5279 1352 5333 sub
1406 5279 1653 5349 Eugenio
1694 5283 1734 5336 Il

151 5347 600 5419 celebrataque
616 5349 694 5404 sic
715 5350 942 5404 sancivit
965 5347 1082 5419 cap.
1112 5350 1169 5402 ll
1206 5368 1215 5400 :
1254 5369 1269 5400 ι
1303 5347 1567 5405 Sacerdos
1590 5352 1734 5406 enim

149 5417 339 5505 sedule
365 5417 547 5505 divina
573 5418 729 5505 debet
756 5417 1087 5505 perscrutari
1105 5428 1166 5505 et
1188 5420 1731 5505 adtnonere‘cloq‘uia,

150 5496 207 5558 ut
254 5487 569 5558 inveniatur
613 5487 800 5543 beatus
850 5492 916 5542 de
960 5503 1068 5558 quo
1105 5487 1384 5558 Psalmista
1424 5491 1540 5543 ait:
1583 5487 1647 5543 Et
1679 5493 1732 5544 in

150 5555 255 5638 lege
291 5555 408 5625 ejus
434 5556 770 5638 meditabitur
793 5559 878 5638 die
899 5576 959 5611 ac
977 5555 1154 5638 nocte.
1183 5557 1541 5638 Quamobrem
1579 5559 1730 5615 ludos

151 5627 586 5699 aliquosgcoram
615 5643 673 5680 se
703 5628 818 5682 ﬁeri
859 5644 962 5683 non
991 5629 1304 5699 delectetur.
1341 5628 1733 5699 'I‘ransgressor

150 5698 348 5802 quippe
377 5697 648 5760 inventus,
673 5699 1037 5752 admonitione
1062 5698 1296 5768 episcopi
1326 5697 1550 5753 ulterius
1573 5715 1732 5770 agere

155 5775 356 5802 tumor
415 5764 508 5802 ςίη
541 5775 718 5802 ιιιιιοπι
774 5783 800 5802 ο
823 5769 1030 5802 ἰιΛιιῖρο
1053 5767 1319 5802 imiimi."-
1377 5788 1393 5802 ι

154 5764 377 5819 desinat.
415 5764 509 5820 Sin
540 5775 742 5827 autem,
774 5783 800 5820 ο
823 5764 1337 5833 ;t10tiicejudicetur.
1376 5788 1393 5819 ι

224 5851 243 5874 ε
287 5835 476 5891 Suavis
526 5846 571 5889 ct
625 5836 835 5890 blanda.
896 5837 1027 5894 Hinc
1071 5845 1214 5904 patet
1257 5835 1439 5894 Juditb
1473 5835 1728 5894 feminam

1766 4555 1820 4614 D

1864 2993 2028 3048 fuisse
2075 2991 2298 3058 insignis
2347 2989 2619 3043 comitatis
2666 2995 2722 3058 et
2764 2987 3123 3052 urbanitatis;
3171 3004 3275 3043 non
3319 3005 3450 3044 vero

1862 3063 2098 3116 ferocem
2126 3057 2199 3114 ac
2236 3060 2545 3126 superbam,
2583 3068 2640 3112 ut
2678 3057 2892 3112 feminis
2948 3060 3258 3127 contingere
3311 3059 3447 3113 solet

1863 3148 1982 3202 qua:
2030 3132 2085 3202 in
2133 3145 2396 3202 summam
2431 3127 2699 3182 fortunam
2741 3129 3061 3202 evehuntur.
3098 3127 3201 3183 Sed
3235 3129 3447 3202 videtur

1785 3214 1828 3274 (ς
1861 3199 1976 3274 ἥςΒο
2024 3200 2342 3274 Αεοῡρςᾴυε
2385 3213 2810 3274 commemorare
2857 3199 3154 3274 augendam
3193 3199 3282 3274 ad;
3308 3199 3444 3252 invi-

1861 3273 2027 3331 diam,
2059 3266 2122 3323 ae
2144 3269 2188 3323 si
2215 3269 2340 3323 hinc
2370 3268 2544 3338 colligi
2575 3277 2756 3337 posset
2784 3266 2964 3338 Judith
3001 3283 3120 3323 esse
3146 3268 3443 3324 adulteram

1859 3357 1923 3394 ac
1965 3340 2327 3394 meretricem.
2372 3335 2589 3392 Nam'et
2629 3338 2767 3406 apud
2814 3335 3078 3406 Senecam
3119 3339 3212 3391 lib.
3239 3355 3277 3401 ι,
3307 3337 3447 3392 Con-

1859 3419 1997 3464 trov.
2030 3409 2084 3473 2,
2121 3407 2312 3461 Junius
2360 3406 2534 3460 Gallio
2588 3405 2677 3460 dei
2703 3405 2876 3476 puella
2922 3407 3176 3475 quadam,
3225 3423 3346 3476 qua:
3388 3409 3442 3463 in

1859 3478 2156 3548 prostibqu
2182 3477 2376 3539 fuerat,
2407 3477 2487 3531 sic
2510 3477 2586 3529 ait
2612 3495 2627 3548 _:
2669 3495 2685 3526 ι
2717 3474 2773 3548 Si
2797 3477 2917 3548 quis
2939 3474 3144 3548 dubitat
3168 3474 3443 3548 numere-

1859 3545 1961 3603 trix
1992 3557 2156 3614 esset,
2182 3547 2364 3601 audiat
2387 3561 2549 3615 quam
2575 3545 2768 3600 blanda
2794 3546 2883 3599 sit.
2916 3565 2932 3597 ι
2961 3545 3097 3602 Hinc
3126 3546 3252 3602 illud
3277 3546 3441 3602 Juve-

1857 3621 1997 3673 nalis
2032 3639 2043 3670 :

1982 3729 2087 3779 Vox
2117 3727 2289 3777 blanda
2313 3733 2366 3776 et
2387 3738 2600 3788 nequam
2619 3726 2798 3787 digitos
2817 3725 2982 3776 habet.

1931 3818 1950 3856 ί
1995 3815 2424 3898 frameas-alam
2475 3817 2933 3898 pulclttn'tu‘d‘inem.
2974 3816 3245 3898 Ilt'ormosa
3307 3832 3438 3898 ergo

1853 3896 1969 3940 erat
1991 3884 2194 3941 Juditb.
2218 3886 2504 3955 Theganus
2521 3892 2696 3955 capite
2717 3884 2785 3937 26
2802 3885 2866 3938 de
2887 3900 2949 3938 ea
2974 3885 3196 3953 loquens
3221 3904 3232 3938 :
3265 3905 3282 3936 ‹
3308 3884 3438 3940 Erat

1852 3958 1994 4010 enim
2047 3956 2268 4026 pulchra
2310 3955 2533 4026 valde.)
2569 3955 2805 4026 Annales
2842 3955 3103 4026 Metenses
3134 3957 3198 4009 ad
3237 3971 3435 4010 annum

1851 4027 1955 4082 829
1985 4043 1998 4080 :
2022 4023 2359 4096 (Imperator
2388 4023 2690 4096 Ludovicus
2719 4025 3266 4096 habebatquamdam
3297 4029 3434 4094 regi-

1852 4113 1977 4150 nam
2012 4093 2293 4166 pulchram
2343 4096 2502 4148 nimis
2549 4095 2764 4148 nomine
2809 4093 3010 4166 ludith,
3054 4103 3121 4166 et
3157 4093 3434 4162 sapientiae

1851 4164 2072 4221 ﬂoribus
2101 4166 2304 4235 Optime
2344 4165 2681 4235 instructam,
2733 4165 2986 4218 sociatam
3025 4164 3123 4217 sibi
3158 4165 3210 4217 in
3237 4167 3427 4234 conju-

1849 4237 1956 4307 gio.
1981 4257 1997 4288 ι
2023 4237 2104 4307 Ex
2129 4234 2237 4305 quo
2261 4235 2474 4289 interim
2497 4234 2613 4307 loco
2637 4242 2924 4307 pateteam
2952 4249 2980 4284 a
3008 4235 3202 4307 marito
3229 4235 3427 4307 cultam

1849 4303 1955 4360 non
2010 4303 2175 4359 fuisse
2228 4315 2447 4374 propter
2494 4303 2664 4374 solam
2717 4303 3192 4374 pulchritudinem,
3250 4313 3307 4356 ut
3353 4306 3429 4359 ait

1846 4377 2184 4446 Agobardus,
2229 4371 2342 4446 sed
2369 4374 2535 4446 etiam
2571 4373 2648 4446 ob
2668 4371 2953 4446 praaclaras
2975 4374 3209 4446 virtutes
3231 4374 3426 4446 quibus

1847 4442 2038 4500 or'nata
2069 4453 2205 4498 erat.
2243 4444 2349 4498 Sed
2395 4442 2646 4497 aculeata
2688 4442 2773 4495 illa
2811 4442 3032 4510 scriptio
3076 4443 3428 4497 condonanda

1847 4524 1929 4569 est
1955 4514 2131 4569 studio
2167 4515 2417 4582 partium.
2454 4512 2596 4566 Sane
2628 4527 2885 4582 magnam
2905 4527 2967 4564 ac
2997 4512 3317 4580 peculiarem
3351 4514 3426 4567 fe-

1847 4585 2111 4638 minarum
2136 4581 2357 4652 gloriam
2403 4597 2520 4652 esse
2566 4581 3016 4652 pulchritudinem
3061 4582 3197 4649 apud
3234 4599 3423 4637 omnes

1844 4651 2254 4725 ubiquegentes
2279 4653 2332 4706 in
2362 4651 2610 4725 confesso
2637 4658 2737 4705 est.
2769 4651 2950 4725 Itaque
2980 4666 3136 4725 nemo
3165 4652 3424 4725 hactenus

1844 4720 2324 4790 fuit’qui‘formam
2362 4722 2606 4790 corporis
2635 4720 2969 4775 accusaverit
3001 4722 3050 4773 in
3083 4721 3416 4776 mulieribus.

1844 4740 1946 4776 tutt
2011 4740 2063 4776 ut
2099 4740 2324 4778 tormam
2362 4740 2606 4790 corpOI'IS
2635 4740 2969 4775 accusaveru
3001 4740 3050 4773 ιη
3083 4740 3416 4776 munermus.

1843 4740 2103 4848 Praediare
2126 4791 2488 4846 ’l'ertullianus
2513 4791 2565 4844 in
2594 4791 2730 4844 libro
2751 4791 2987 4844 secundo
3008 4791 3074 4844 de
3103 4793 3249 4845 cultu
3273 4791 3423 4846 temi-

1843 4879 2031 4931 narum
2060 4884 2072 4917 ;
2106 4882 2124 4912 ε
2144 4862 2275 4916 Nam
2299 4862 2398 4916 etsi
2421 4861 2755 4931 accusandus
2776 4861 3067 4931 decornon
3089 4869 3194 4926 est,
3223 4862 3418 4931 inquit,

1841 4942 1899 4986 ut
1928 4927 2156 4988 felicitas
2199 4933 2462 5001 corporis,
2499 4939 2557 4983 ut
2586 4930 2780 5001 divina:
2806 4930 3042 4997 plasticae
3070 4927 3329 4993 accessio,
3362 4940 3422 4984 ut

1841 5003 2032 5056 anima:
2058 5003 2233 5070 aliqua
2261 5000 2427 5054 vestis
2450 5001 2619 5064 bona;
2661 5000 2927 5054 timendus
2960 5009 3043 5053 est
3085 5008 3260 5054 tamen
3292 5017 3418 5070 pro-

1839 5081 1959 5141 pter
1987 5071 2236 5141 injuriam
2266 5079 2319 5122 et
2346 5070 2650 5141 violentiam
2669 5079 3027 5141 sectatorum,
3059 5085 3221 5138 quam
3251 5072 3414 5124 etiam

1877 5150 1992 5196 ater
2017 5141 2136 5194 fidei
2164 5140 2432 5193 Abraham
2456 5139 2509 5194 in
2525 5140 2710 5199 uxoris
2731 5154 2841 5192 sua:
2867 5139 3047 5208 specie
3069 5141 3363 5208 pertimuit.
3392 5159 3410 5191 ι

1867 5211 2173 5264 ienditanda
2205 5225 2332 5279 ergo
2357 5225 2461 5266 non
2483 5218 2567 5264 est
2595 5208 2782 5270 forma,
2813 5217 2870 5279 ut
2899 5208 3056 5277 paulo
3084 5219 3208 5264 ante
3235 5209 3416 5263 docuit

1838 5280 1976 5334 idem
2011 5278 2373 5334 Tertullianus
2409 5279 2493 5332 his
2521 5279 2699 5332 verbis
2725 5296 2736 5330 :
2781 5297 2798 5330 ι
2831 5278 3014 5332 Primo
3043 5279 3186 5346 quod
3212 5294 3318 5332 non
3349 5279 3416 5332 de

1836 5349 2043 5420 integra
2067 5349 2568 5422 conscientiavenit
2595 5349 2826 5422 studium
2855 5347 3100 5422 placendi
3128 5363 3226 5422 per
3255 5348 3413 5401 decoo

1837 5415 1974 5489 rem:
2003 5434 2164 5489 quem
2189 5418 2507 5489 naturaliter
2530 5415 2867 5489 invitatoretn
2897 5415 3406 5489 libidinis’scimusq

1833 5487 1911 5543 Ac
1947 5486 2128 5543 nescio
2150 5503 2254 5556 quo
2278 5486 2397 5556 fato
2418 5501 2630 5555 semper
2654 5486 2849 5540 factum
2871 5495 2973 5546 est,
3009 5495 3067 5540 ut
3085 5503 3150 5540 ex
3174 5501 3239 5556 eo
3267 5487 3409 5554 quod

1835 5559 2032 5612 femina
2065 5555 2329 5628 quaépiam
2377 5555 2614 5628 formosa
2648 5557 2756 5628 visa
2813 5565 2916 5619 est,
2961 5556 3013 5608 in
3050 5555 3410 5628 suspicionem

1833 5628 2040 5682 venerit
2061 5623 2261 5695 vulgati
2279 5625 2538 5694 corporis.
2569 5624 2720 5680 Unde
2740 5625 3103 5695 interrogatus
3127 5623 3160 5676 εἰ
3178 5623 3410 5693 quodam

1833 5698 1956 5751 Bias
2003 5699 2292 5752 deberetne
2345 5711 2570 5750 uxorem
2622 5695 2838 5752 ducere.
2889 5710 2955 5748 an
3010 5694 3172 5747 vitam
3214 5695 3411 5748 ducere

1832 5768 2103 5829 caelibem,
2137 5765 2414 5834 respondit
2456 5783 2467 5818 :
2502 5764 2607 5818 Aut
2641 5763 2924 5832 pulchram
2956 5763 3136 5828 duces,
3175 5771 3268 5834 aut
3313 5763 3409 5817 de-

1835 5836 2079 5891 formem.
2116 5837 2171 5891 Si
2208 5832 2507 5906 pulchram,
2543 5834 2763 5889 habebis
2790 5847 3146 5890 communem.
3173 5832 3267 5891 Siu
3296 5842 3406 5887 tur-
