3930 6322
464 393 500 451 5
513 391 570 448 i5

1447 386 1503 441 S.
1539 384 1893 441 AGOBARDI
1929 381 2234 441 EPiSCOPl
2275 383 2764 442 LUGDUNENSIS

3655 392 3758 451 3N5

465 507 750 578 Scripmra
799 505 970 560 dicit:
1001 501 1198 556 Fallax
1228 502 1421 572 gratia,
1448 510 1497 555 et
1545 519 1680 555 vana
1719 510 1793 556 est
1824 499 2058 571 pulclui—
2085 504 2136 564 Α
2162 508 2346 569 ptores
2387 499 2634 556 veritatis
2676 509 2730 554 et
2779 501 2949 570 pacis,
2976 501 3157 574 lingua
3199 512 3252 556 et
3296 519 3461 557 manu
3484 547 3496 569 ,
3555 515 3616 560 ut
3666 515 3764 563 aut

462 598 617 653 tudo.
648 595 843 652 Mulier
870 596 1058 650 timens
1086 594 1371 647 Dominum
1400 593 1514 663 ipsa
1548 592 1874 647 laudabitur.

540 755 626 812 Vl.
664 753 822 809 Nunc
847 754 1012 824 igitur
1031 767 1224 808 omnes
1249 752 1500 838 timentes
1516 762 1574 806 et
1600 760 1845 808 amantes
1866 752 2060 818 Deum,

470 862 651 918 regem
690 860 908 916 quoque
949 851 1007 899 et
1046 858 1296 914 regnum,
1323 849 1525 912 pacata
1569 843 1866 907 societate,
1899 842 2063 898 rebus

465 935 655 990 mundi
693 941 933 999 utentes,
962 934 1128 987 rebus
1158 931 1358 987 divinis
1401 929 1665 995 fruentes,
1703 933 1852 987 omni
1896 947 2063 988 cona-

470 1028 618 1081 mine
645 1024 777 1080 dare
806 1038 1029 1095 Operam
1059 1022 1260 1076 debent
1287 1030 1348 1076 ut
1371 1022 1711 1093 exprimatur
1741 1023 1938 1080 vulnus
1969 1025 2067 1082 ini-

470 1115 713 1187 quitatis,
732 1122 798 1169 et
819 1113 1124 1170 obducatur
1150 1112 1376 1167 cicatrix
1405 1112 1683 1176 sanitatis,
1702 1112 1909 1182 absque
1941 1129 2067 1175 san-

473 1205 649 1278 guinis
676 1201 962 1267 eﬁ‘usione,
988 1203 1194 1270 absque
1214 1210 1396 1272 strage
1413 1199 1838 1266 interfectionis,
1862 1202 2068 1270 absque

470 1293 833 1354 amaritudine
867 1290 1172 1362 iurgiorum
1192 1332 1206 1354 .
1231 1291 1451 1362 absque
1481 1291 1788 1355 turbulenta
1818 1300 1873 1347 et
1901 1290 2067 1359 fetida

470 1383 861 1440 commixtione
894 1383 1186 1452 spirituum
1208 1382 1633 1438 immundorum.
1657 1382 1730 1439 Ut
1766 1397 1894 1443 vere
1914 1383 2066 1446 dica-

470 1484 558 1532 tur
582 1478 648 1534 de
676 1476 933 1532 Ecclesia.
962 1474 1124 1544 hujus
1153 1475 1302 1546 regni
1335 1492 1348 1527 :
1385 1472 1518 1529 Haec
1540 1483 1632 1529 est;
1667 1474 1856 1533 domus
1875 1474 2068 1544 Dei,et

468 1580 621 1638 porta
650 1567 785 1622 caeli.
814 1568 992 1623 Porta:
1018 1577 1195 1622 autem
1235 1566 1394 1636 inferi
1424 1584 1529 1621 non
1563 1566 1922 1638 prwvalebunt
1970 1569 2067 1624 ad—

468 1677 648 1715 versus
671 1677 806 1715 eam.
836 1659 905 1715 Et
931 1659 1130 1714 iterum
1173 1678 1185 1712 z
1227 1658 1486 1713 Dominus
1509 1658 1649 1714 Deus
1675 1669 1797 1722 tuus
1819 1661 1874 1716 in
1895 1661 2067 1716 medio

469 1751 549 1805 tui
587 1751 765 1820 fortis,
791 1750 1172 1821 ipsesalvabit.
1206 1746 1463 1803 Gaudebit
1488 1767 1645 1820 super
1679 1760 1729 1805 te
1765 1751 1824 1806 in
1858 1751 2062 1816 lmtitia,

2164 583 2541 653 cohibeantur,
2559 597 2653 642 aut
2674 592 3123 660 comprimantur.

2235 679 2370 734 Vill.
2413 679 2718 736 Gontmotio
2767 679 2952 749 itaque
2990 681 3153 751 hujus
3185 683 3447 752 temporis
3477 693 3532 738 et
3563 685 3763 740 harum

2162 772 2467 841 regionum,
2495 786 2616 840 qum
2663 770 2802 825 mira
2849 772 3241 841 omnipotentis
3279 772 3375 828 Dei
3404 766 3679 830 suavitate
3713 786 3765 828 et

2165 859 2451 915 dulcedine
2499 861 2618 916 sine
2666 859 2918 916 conﬁictu
2963 877 3240 917 armorum
3287 864 3475 919 sedata
3515 874 3622 930 est,
3653 883 3764 920 non

2165 954 2406 1024 segniter
2432 954 2785 1009 memoranda
2816 961 2928 1017 est;
2981 955 3076 1008 sed
3118 955 3280 1010 debet
3306 957 3472 1012 corda
3521 955 3763 1021 ﬁdelium

2166 1042 2223 1097 in
2251 1043 2501 1098 laudibus
2532 1043 2628 1098 Dei
2653 1052 2709 1098 et
2736 1045 3036 1114 gratiarum
3083 1045 3299 1100 actione
3339 1047 3598 1104 alacriter
3639 1064 3765 1102 suc-

2167 1136 2418 1201 cendere,
2444 1143 2498 1189 et
2525 1136 2591 1190 ad
2625 1136 2908 1191 solertiam
2955 1137 3182 1191 cautela:
3229 1136 3464 1192 sollicita
3510 1139 3740 1193 reddere

2166 1224 2299 1292 Quae
2335 1225 2631 1280 commotio
2677 1235 2732 1279 et
2784 1227 3128 1282 conturbatio
3172 1227 3332 1296 quale
3378 1228 3632 1282 habuerit
3674 1230 3769 1287 ini-

2167 1317 2324 1381 tium,
2363 1317 2450 1373 vel
2501 1317 2794 1386 originem,
2825 1333 2934 1374 non
2989 1326 3072 1374 est
3126 1319 3346 1388 penitus
3399 1321 3765 1378 reticendum.

2166 1404 2337 1474 Igitur
2367 1421 2492 1461 cum
2537 1405 3038 1461 Christianissimus
3065 1417 3121 1462 et
3150 1409 3430 1478 piissimus
3468 1409 3776 1479 imperator

2165 1495 2398 1552 dmnnus
2422 1495 2729 1551 Ludovicus
2763 1495 2791 1536 ιι
2826 1498 2982 1552 bonae
3008 1495 3253 1569 conjugis
3284 1499 3390 1555 ﬁde
3419 1509 3475 1556 et
3522 1503 3777 1563 mmiL-us

2167 1586 2275 1642 sibi
2299 1587 2652 1658 congruentis
2679 1588 3014 1642 consortium
3067 1590 3358 1653 amisisset,
3390 1606 3615 1647 necesse
3670 1590 3778 1645 fuit

2165 1686 2226 1730 ut
2257 1676 2423 1732 aliam
2445 1677 2548 1733 sibi
2561 1678 2856 1748 acciperet,
2877 1695 2998 1749 qum
3024 1681 3073 1735 ei
3100 1691 3285 1751 posset
3308 1697 3429 1738 esse
3453 1683 3692 1752 adjutrix
3723 1686 3774 1738 in

2168 1769 2434 1840 regimine
2477 1779 2533 1825 et
2579 1772 2971 1840 gubernatione
3021 1774 3210 1842 palatii
3238 1784 3294 1830 et
3325 1778 3498 1846 regni.
3535 1776 3643 1832 Sed
3673 1794 3774 1831 oe-

470 1840 641 1936 silebit
670 1842 723 1894 in
743 1840 1024 1936 dilectione
1045 1849 1156 1903 tua,
1175 1848 1224 1894 et
1248 1839 1533 1896 exsultabit
1555 1856 1715 1936 super
1739 1849 1788 1895 te
1808 1842 1870 1936 in
1890 1840 2065 1896 laude.
2095 1856 2145 1915 Β
2174 1839 2320 1917 ωηο
2344 1862 2439 1918 Dei
2467 1839 2674 1931 judicio
2725 1863 2849 1918 talis
2905 1839 3185 1936 assumpta
3239 1876 3344 1930 est,
3372 1839 3492 1936 qua:
3542 1868 3675 1923 licet
3722 1871 3776 1922 in

475 1931 683 2002 Nugas,
705 1932 795 2002 qui
824 1949 858 1984 a
884 1930 994 2002 lege
1018 1938 1363 1995 recesserant,
1394 1932 1739 2001 congregabo,
1780 1933 1907 2002 quia
1935 1949 2000 1989 ea:
2022 1943 2071 1986 te

471 2033 656 2087 erant;
707 2034 766 2079 ut
805 2041 912 2079 non
952 2023 1096 2078 ultra
1145 2024 1343 2078 habeas
1373 2041 1530 2095 super
1553 2026 1628 2079 eis
1665 2027 2002 2095 opprobrium
2052 2041 2069 2079 :

473 2123 524 2170 et
553 2126 579 2155 ⁸
610 2114 756 2169 dicat
792 2115 963 2170 omnis
1002 2113 1229 2184 populus
1267 2132 1285 2168 :
1314 2115 1477 2169 Amen
1495 2157 1510 2182 ,
1533 2132 1686 2172 amen
1705 2156 1719 2181 ,
1743 2125 1791 2170 et
1820 2117 2071 2188 hymnum

476 2202 609 2260 Deo.

549 2351 659 2406 νυ.
695 2351 850 2407 Sicut
881 2351 1085 2406 veritas
1129 2369 1236 2407 non
1271 2361 1358 2408 est
1409 2362 1619 2408 tantum
1660 2354 1714 2408 in
1765 2355 1946 2421 dictis,
1977 2357 2071 2410 sed

475 2453 531 2498 et
555 2445 608 2497 in
638 2442 815 2508 factis,
846 2443 948 2515 (sic
970 2446 1115 2498 enim
1140 2444 1431 2515 Apostolus
1456 2447 1814 2510 demonstrat,
1845 2449 2029 2504 dicens
2057 2468 2068 2501 :

485 2533 768 2590 Veritatem
811 2535 1066 2605 facientes
1116 2537 1170 2588 in
1222 2537 1504 2603 charitate,
1539 2554 1837 2592 crescamus
1879 2539 1935 2592 in
1982 2540 2072 2593 illo

476 2642 568 2700 per
602 2627 799 2692 omnia,
838 2629 929 2697 qui
957 2636 1032 2681 est
1065 2639 1220 2697 caput
1270 2627 1535 2682 Christus.
1571 2629 1639 2682 Et
1674 2628 1812 2684 alius
1838 2630 2073 2700 Aposto-

476 2718 561 2772 lus
593 2735 603 2770 :
650 2715 867 2782 Filioli,
902 2733 1006 2770 non
1052 2716 1335 2786 diligamus
1383 2717 1561 2783 verbo,
1611 2735 1704 2772 nec
1744 2718 1961 2788 lingua,
1985 2721 2075 2773 sed

476 2827 630 2878 opere
662 2819 710 2863 et
739 2810 973 2862 veritate.
1008 2809 1076 2863 Et
1113 2810 1310 2863 iterum
1356 2828 1368 2862 ε
1410 2807 1468 2863 Si
1496 2809 1787 2864 dixerimus
1826 2812 2076 2882 quoniam

477 2905 777 2958 societatem
801 2903 1053 2958 habemus
1077 2921 1196 2957 cum
1220 2921 1302 2968 eo,
1327 2914 1373 2957 et
1398 2905 1451 2957 ir
1475 2903 1696 2958 tenebris
1718 2903 2074 2968 ambulamus,

479 2993 783 3059 mentimur,
836 3000 885 3047 et
932 3008 1039 3046 non
1084 2993 1310 3063 facimus
1358 2991 1630 3046 veritatem
1662 3033 1677 3057 ,
1737 2993 1812 3046 ita
1863 3009 2077 3063 quoque

479 3082 822 3147 mendacium
858 3097 968 3138 non
1000 3091 1083 3138 est
1113 3082 1491 3137 tantummodo
1524 3080 1832 3146 verborum,
1879 3081 1974 3136 sed
2023 3089 2079 3134 et

475 3171 785 3262 factorum;
835 3173 981 3229 sicut
1029 3174 1083 3228 in
1127 3172 1450 3244 Apocalypsi
1504 3172 1747 3242 loquitur
1792 3171 2070 3236 Dominus,
2104 3200 2149 3262 ρ

484 3260 674 3316 dicens
702 3279 715 3315 :
750 3261 877 3316 Non
902 3262 1122 3316 intrabit
1151 3264 1208 3316 in
1233 3278 1349 3316 eam
1378 3262 1548 3333 (haud
1573 3262 1800 3316 dubium
1822 3262 1952 3332 quin
2001 3264 2078 3318 ci-

481 3353 707 3410 vitatem
755 3354 1070 3426 calestem)
1098 3353 1302 3425 aliquid
1329 3355 1752 3425 coinquinatum,
1781 3363 1828 3407 et
1878 3353 2079 3424 faciens

480 3444 926 3507 abominatth
946 3453 995 3500 et
1023 3446 1382 3500 mendacium.
1410 3445 1478 3499 Et
1504 3445 1665 3515 paulo
1691 3452 1815 3514 post
1848 3462 1860 3497 :
1892 3443 2079 3500 Omnis

480 3536 571 3607 qui
613 3547 755 3590 amat
784 3546 832 3590 et
863 3536 991 3605 facit
1020 3537 1376 3592 mendacium.
1426 3536 1494 3591 Et
1529 3537 1790 3592 Dominus
1820 3537 1873 3591 in
1903 3537 2080 3591 Evan-

475 3627 621 3697 g'elio
651 3627 715 3681 de
741 3627 1027 3681 inventore
1046 3628 1290 3681 omnium
1325 3627 1593 3683 malorum
1625 3628 1702 3680 ait
1730 3646 1741 3679 :
1779 3626 1881 3680 Ille
1905 3627 2078 3680 homi-

481 3718 601 3772 cida
637 3729 748 3772 crat
772 3718 837 3772 ab
865 3718 1041 3783 initio,
1069 3726 1116 3771 et
1147 3719 1202 3772 in
1232 3717 1448 3774 veritate
1477 3723 1583 3773 nan
1625 3719 1788 3772 stetit.
1839 3715 1896 3771 Si
1951 3733 2081 3789 ergo

482 3808 575 3863 ilia
604 3809 809 3863 veritas
844 3806 936 3879 (de
965 3823 1072 3880 qua
1101 3816 1158 3862 et
1197 3808 1255 3862 in
1293 3807 1526 3863 Psalmis
1551 3817 1838 3863 cantamus
1866 3826 1878 3860 :
1907 3806 2080 3878 Prope

469 3909 611 3964 esto,
654 3898 910 3965 Domine,
959 3907 1010 3953 ct
1043 3915 1220 3953 omnes
1273 3900 1371 3954 vim
1419 3907 1525 3953 tua:
1572 3899 1784 3970 ueritas)
1833 3896 2077 3953 omnium

482 3992 767 4046 hominum
817 3997 1030 4046 mentes
1057 3990 1383 4060 possideret,
1422 3991 1589 4046 etiam
1626 3991 1744 4044 sine
1775 3989 2078 4048 rectoribus

481 4091 538 4137 et
574 4081 915 4152 principibus
945 4096 1033 4136 res
1059 4081 1530 4160 mundiconcordi
1569 4083 1831 4138 societate
1870 4089 2079 4150 pacatae

483 4178 789 4227 manerent.
821 4169 976 4226 Nunc
1009 4178 1193 4226 autem
1222 4172 1350 4242 quia
1380 4171 1471 4226 ille
1499 4171 1591 4240 qui
1621 4171 1675 4226 in
1717 4170 1944 4226 veritate
1970 4185 2078 4225 non

480 4261 872 4326 stetit,contra
908 4260 1199 4316 veritatem
1239 4276 1402 4333 agere
1445 4277 1721 4332 nunquam
1759 4262 1996 4326 desistit,
2024 4267 2081 4316 et

483 4349 878 4405 dormientibus
901 4349 1213 4429 hominibus
1238 4351 1616 4407 seandalorum
1660 4352 1869 4406 zizania
1920 4350 2079 4404 semi«

484 4466 618 4506 nare
659 4466 766 4505 non
813 4460 1013 4517 cessat,
1045 4462 1172 4524 apta
1217 4454 1321 4509 sibi
1375 4454 1539 4509 corda
1576 4455 1710 4509 satis
1761 4456 2073 4520 inveniens,

482 4567 606 4620 qua:
634 4552 853 4607 foveant
880 4563 937 4608 et
969 4556 1217 4610 nutriant
1246 4559 1454 4611 semina
1481 4559 1630 4629 ejus;
1664 4559 1933 4614 redundat
1959 4573 2074 4612 ma-

485 4652 598 4707 lum
622 4656 1023 4724 commotionis,
1056 4659 1200 4728 quod
1255 4660 1494 4729 quietem
1551 4662 1702 4730 pacis
1748 4671 1805 4716 et
1849 4661 2073 4715 unitatis

485 4753 677 4808 insano
705 4754 887 4810 furore
915 4758 1225 4813 conturbet.
1264 4759 1494 4829 Propter
1539 4762 1683 4830 quod
1727 4761 1955 4816 sollicite
1999 4764 2078 4816 vi-

484 4854 757 4924 gilandum
811 4864 897 4912 est
937 4867 991 4913 et
1033 4861 1302 4931 sagaciter
1336 4861 1604 4931 agendum
1650 4870 1836 4916 contra
1888 4877 2078 4918 corru-

2172 1951 2364 2021 primis
2389 1953 2547 2007 annis
2573 1953 2676 2007 viri
2703 1961 2760 2007 et
2793 1953 2995 2009 domini
3033 1956 3116 2010 sui
3145 1958 3347 2012 virtute
3392 1968 3446 2013 et
3500 1968 3778 2029 potestate

2171 2057 2378 2112 pressa,
2410 2043 2628 2097 subdita
2667 2043 2852 2106 fuerit,
2881 2053 3064 2099 tamen
3113 2046 3164 2099 in
3208 2061 3466 2117 processu
3509 2051 3778 2118 temporis

2173 2134 2298 2189 talis
2324 2135 2541 2190 inventa
2565 2145 2672 2200 est,
2706 2147 2826 2204 qum
2849 2153 3175 2206 magnorum
3195 2138 3455 2196 ﬁuctuum
3480 2144 3778 2197 commotio

2173 2231 2227 2278 et
2255 2223 2687 2280 conturbationis
2716 2225 2897 2298 largus
2924 2229 3213 2285 thesaurus
3251 2245 3372 2287 esse
3392 2244 3610 2302 posset;
3651 2250 3778 2303 qua:

2175 2332 2281 2370 non
2331 2316 2508 2371 solum
2554 2317 2773 2387 plebes,
2807 2334 2871 2374 ac
2903 2321 3150 2389 populos,
3183 2323 3302 2377 sive
3343 2325 3642 2395 principes,
3686 2341 3781 2379 ve-

2177 2421 2296 2460 rum
2342 2407 2507 2461 etiam
2551 2408 2987 2478 elegantissimos
3027 2411 3167 2467 ﬁlios
3212 2413 3581 2484 imperatoris,
3608 2419 3782 2471 etiam

2176 2495 2511 2568 conjugatos,
2542 2506 2596 2554 et
2625 2510 2647 2537 ε
2690 2501 3057 2569 gubernacula
3095 2519 3383 2576 regnorum
3409 2510 3780 2577 possidentes,

2176 2585 2466 2658 afﬂigeret,
2495 2590 2880 2661 conjr-istaret,
2921 2603 2976 2648 et
3011 2599 3386 2664 conturbaret,
3416 2611 3469 2654 et
3511 2617 3652 2670 pene
3699 2614 3782 2658 at-

2178 2686 2381 2736 tereret
2407 2687 2462 2734 et
2491 2682 2904 2739 exterminat-et.
2951 2683 3197 2756 Cumque
3224 2689 3422 2746 talibus
3461 2692 3780 2748 incremen-

2179 2771 2248 2825 tis
2268 2771 2517 2827 viderent
2540 2772 2595 2826 hi
2626 2773 2824 2843 quibus
2853 2790 2999 2831 cura:
3021 2788 3141 2833 erat
3164 2780 3231 2834 de
3275 2789 3418 2834 statu
3464 2791 3516 2836 et
3567 2783 3785 2839 honore

2179 2862 2352 2931 regni,
2378 2877 2442 2917 ac
2477 2865 2869 2933 tranquillitate
2892 2868 3064 2937 pacis,
3089 2878 3145 2924 et
3176 2872 3358 2940 quiete
3385 2874 3593 2942 populi,
3614 2875 3784 2929 dehoo

2179 2954 2382 3007 nestari
2413 2955 2696 3022 palatium,
2724 2959 3006 3013 obscurari
3051 2960 3359 3017 claritatem
3405 2966 3586 3034 regni,
3617 2974 3672 3018 et
3717 2967 3782 3018 ad

2180 3041 2528 3111 ignominiam
2576 3046 2766 3101 deduci
2822 3063 3020 3103 nomen
3063 3053 3436 3121 regnantium,
3485 3066 3780 3124 cmperunt

2180 3135 2356 3202 queri,
2386 3143 2443 3188 et
2478 3151 2842 3203 murmurare,
2879 3154 2944 3194 ac
2970 3139 3174 3206 dolere,
3208 3149 3262 3197 et
3292 3143 3600 3214 deplorare.
3633 3146 3784 3200 Inter

2182 3226 2300 3280 hmo
2323 3226 2585 3282 concitati
2616 3236 2741 3282 sunt
2772 3230 2996 3298 spiritus
3021 3231 3265 3286 virorum
3289 3233 3705 3297 honoratorum,
3731 3245 3784 3289 et

2183 3316 2420 3373 ﬁliorum
2468 3317 2645 3388 regis;
2714 3326 2770 3373 et
2826 3328 3105 3375 crescente
3157 3322 3390 3379 colludio
3411 3365 3425 3388 ,
3485 3327 3784 3380 accedente

2182 3411 2348 3466 etiam
2376 3411 2626 3477 consilio,
2656 3421 3026 3467 convenerunt
3053 3413 3250 3484 singuli
3291 3416 3356 3470 de
3397 3416 3518 3472 loco
3563 3433 3689 3481 suo,
3731 3429 3785 3472 et

2182 3499 2455 3571 conjuncti
2483 3502 2551 3556 ad
2595 3502 2879 3572 palatium,
2913 3501 3288 3574 eﬁ'ugaverunt
3332 3506 3620 3561 ministros
3667 3524 3784 3562 sce-

2183 3594 2340 3660 leris;
2370 3602 2427 3648 et
2454 3593 2724 3664 reginam,
2750 3609 2871 3663 quae
2895 3595 3062 3648 totius
3092 3596 3220 3649 mali
3245 3612 3408 3652 causa
3433 3609 3569 3662 erat,
3596 3602 3784 3655 exclu-

2183 3692 2370 3740 serunt
2410 3685 2477 3740 de
2508 3685 2669 3740 domo
2710 3695 2766 3739 et
2810 3687 3018 3741 honore
3057 3688 3232 3757 regni,
3263 3695 3317 3742 et
3371 3691 3783 3748 constituerunt

2181 3777 2207 3816 ἀ
2238 3778 2293 3830 in
2324 3775 2686 3831 retrusionem
2715 3777 2924 3841 exsilii;
2957 3793 3022 3832 ac
3041 3778 3294 3848 deinceps
3321 3782 3476 3849 quasi
3495 3779 3613 3849 jam
3650 3783 3782 3838 libe-

2183 3877 2361 3922 ratum
2389 3867 2592 3923 bonum
2621 3877 2834 3939 patrem
2885 3870 2951 3924 de
3003 3869 3200 3940 laqueo
3249 3871 3440 3936 ruinae,
3469 3873 3783 3943 gaudebant

2182 3971 2240 4012 se
2267 3957 2521 4027 implesse
2544 3958 2690 4028 quod
2712 3957 3034 4027 inscriptum
3064 3967 3183 4013 est:
3219 3958 3371 4028 Ejice
3390 3959 3713 4026 derisorem,
3738 3973 3783 4014 et

2180 4048 2340 4103 exibit
2366 4066 2485 4103 cum
2514 4065 2572 4103 eo
2603 4049 2869 4120 jurgium,
2892 4051 3267 4121 cessabuntque
3299 4068 3476 4106 causa:
3505 4063 3557 4106 et
3585 4065 3782 4108 contu-

2181 4139 2371 4193 meliw.
2424 4139 2538 4194 Hoc
2598 4149 2704 4194 tam
2751 4142 3230 4210 irreprehensihile
3274 4141 3476 4199 factum
3520 4155 3578 4199 et
3632 4150 3781 4202 omni

2179 4230 2337 4286 laude
2367 4230 2741 4301 dignissimum
2765 4247 2887 4285 cum
2916 4233 3274 4303 complessent
3313 4235 3404 4288 lilii
3426 4275 3441 4299 ,
3489 4237 3780 4292 redierunt

2181 4324 2246 4378 ad
2279 4340 2400 4391 sua,
2429 4326 2680 4380 restituto
2707 4334 2861 4395 patre
2890 4326 3082 4382 honori
3117 4337 3171 4382 et
3202 4327 3390 4398 gloria:
3420 4345 3552 4385 suae.

2251 4416 2341 4470 IX.
2377 4416 2472 4471 His
2505 4417 2577 4470 ita
2621 4418 2930 4482 transactis,
2959 4418 3212 4473 inimicus
3265 4420 3442 4475 omnis
3494 4423 3647 4487 boni,
3683 4438 3777 4476 au-

2099 4542 2151 4600 D
2177 4517 2404 4577 ctorque
2430 4508 2608 4563 omnis
2639 4507 2797 4572 mali,
2824 4508 2916 4578 qui
2948 4523 3055 4562 non
3090 4508 3388 4578 reliquerat
3431 4512 3597 4566 corda
3652 4529 3778 4582 pos-

2179 4611 2327 4653 sessa
2356 4637 2372 4661 ,
2416 4597 2614 4667 sategit
2671 4597 2976 4652 instaurare
3029 4604 3084 4650 et
3146 4598 3519 4668 redintegrare
3571 4601 3776 4655 malum

2183 4704 2370 4754 suum;
2407 4697 2461 4741 et
2493 4688 2676 4758 regina
2710 4692 2850 4758 (quae
2881 4696 3089 4742 mutato
3125 4689 3312 4744 habitu
3357 4690 3525 4760 regali
3550 4694 3776 4760 putaba-

2185 4787 2274 4832 tur
2297 4778 2598 4846 perdurare
2646 4777 2701 4830 in
2755 4778 2941 4832 habitu
2995 4779 3416 4844 sanctimoniali,
3451 4782 3592 4835 sicut
3641 4785 3777 4836 ordo

2184 4868 2438 4936 poscebat
2467 4874 2522 4920 et
2553 4878 2574 4905 θ
2605 4867 2872 4922 rectitudo
2900 4868 3090 4938 judicii
3130 4869 3379 4941 docebat)
3421 4873 3644 4927 reducta
3695 4888 3776 4929 est
3829 4889 3832 4893 '

1891 4976 2162 5033 BALUZII
2198 4979 2429 5035 ΝΟΤᾹΞ.

484 5061 892 5134 pem,_|_ia_behls
924 5075 1163 5134 pinnam.
1209 5073 1363 5132 Apud
1395 5067 1590 5120 Aulum
1621 5068 1850 5124 Gellium
1890 5068 1983 5123 lib.
2021 5084 2073 5134 ν,

485 5129 692 5207 cap.__i_i
728 5129 977 5207 Noctium
1025 5129 1350 5207 htticartim.
1381 5134 1698 5207 Quanquam
1727 5139 1869 5193 istud
1898 5129 2074 5207 ipsum

485 5199 553 5269 de
595 5198 764 5254 Bione
797 5199 972 5269 deque
1015 5200 1341 5260 Antisthene
1379 5198 1571 5257 narrat
1609 5205 1661 5259 in
1710 5198 2073 5263 eornm'Vita

485 5268 1048 5395 gli’ogsneséaegtius,
1074 5280 1131 5326 et
1160 5272 1227 5327 de
1267 5271 1494 5328 Socrate
1521 5274 1766 5332 Valerius
1810 5278 2075 5333 Maximus

568 5377 580 5390 .
702 5380 715 5395 .
813 5357 865 5395 Ι).
937 5380 949 5392 .

568 5377 580 5390 .
621 5355 715 5402 vn,
745 5355 865 5402 cap.
895 5355 949 5395 2.

568 5377 580 5390 .
621 5357 693 5393 vn
745 5357 807 5394 ca
852 5379 865 5393 .
895 5357 949 5395 ι.

559 5420 584 5448 ι
613 5380 767 5462 υἱέα(
795 5357 963 5464 agnitis
989 5411 1233 5484 populus.
1267 5411 1355 5467 Sic
1385 5413 1606 5467 omnino
1637 5415 1916 5484 legendum
1968 5434 2070 5484 (εει,

484 5491 592 5550 non
629 5487 810 5533 autem
863 5484 1149 5550 apostolus,
1187 5491 1247 5537 ut
1279 5484 1480 5539 editum
1513 5492 1594 5537 est
1626 5500 1658 5537 a
1689 5484 1953 5542 Massono.
1989 5490 2072 5542 Si-

484 5547 667 5601 milem
712 5547 953 5603 errorem
1004 5567 1102 5606 nos
1151 5563 1276 5607 ante
1321 5555 1424 5608 hoc
1464 5554 1739 5609 biennium
1765 5559 2073 5612 cmendavi-

488 5631 608 5740 Breuis
631 5618 769 5688 apud
807 5617 1122 5675 Salvianum
1155 5623 1210 5677 in
1236 5623 1378 5678 libro
1402 5625 1559 5680 tertio
1585 5626 1650 5679 de
1672 5625 2074 5684 Gubernatione

560 5758 587 5796 δ
625 5756 1068 5836 Bona__conjugis.
1092 5761 1460 5836 lrmingardis,
1495 5782 1613 5836 qua:
1635 5783 1777 5824 anno
1801 5769 1902 5824 8l8
1929 5787 2073 5825 mor-

489 5835 582 5882 tus
615 5836 697 5886 est
719 5845 751 5884 v
777 5830 914 5887 Non.
952 5830 1219 5889 Octobris.

2254 5075 2683 5148 f_Guber_na_c_ula
2733 5091 3008 5148 regnorum
3057 5080 3397 5148 possidentes.
3452 5082 3772 5140 Lotharium

2178 5144 2430 5266 Xixlelicet
2482 5144 2687 5208 Italiae,
2739 5144 3068 5201 Ludovicum
3126 5149 3424 5218 Bajoarim,
3485 5153 3771 5224 Pippinqu

2227 5227 2504 5266 ﬂuitantia.

2227 5227 2504 5281 qmlantte.

2249 5285 2272 5322 ά
2303 5285 2370 5360 In
2400 5286 2741 5338 retrusionem
2791 5284 2985 5360 exsilii,
3036 5288 3089 5341 in
3135 5290 3486 5360 Aquitaniam
3520 5295 3772 5351 videlicet

2179 5368 2296 5407 cam
2322 5357 2687 5422 deportantes,
2722 5362 2776 5407 et
2806 5355 2857 5407 in
2892 5355 3219 5414 monasterio
3248 5361 3576 5419 Pictavicnsi
3608 5368 3771 5421 inclu-

2177 5425 2386 5488 dentes,
2412 5426 2487 5477 uti
2514 5424 2625 5492 jam
2658 5423 2910 5479 diximus.

2251 5507 2272 5533 ο
2303 5494 2579 5565 Rcctitudo
2606 5493 2799 5565 judicii
2828 5497 3088 5565 poscebat.
3133 5498 3466 5565 Equissima
3497 5513 3646 5558 esset
3673 5522 3767 5559 cx-

2251 5516 2272 5533 υ
2303 5516 2579 5548 necmuao
2639 5516 2799 5547 uatcu
2828 5516 3088 5565 poscebat.
3133 5516 3198 5553 [ιι
3243 5516 3466 5559 UISSIma
3497 5516 3646 5558 esset
3673 5522 3767 5559 cx-

2174 5565 2462 5634 postulatio
2495 5516 2785 5635 Agobardi,
2816 5566 2860 5618 si
2899 5566 3140 5635 judicata
3170 5516 3416 5627 adultera
3462 5574 3657 5628 fuisset
3684 5575 3768 5630 Ju-

2176 5635 2312 5732 dit‘l‘i,
2352 5645 2521 5717 atque
2813 5636 2994 5732 ipsum
3035 5639 3272 5732 publica}
3301 5643 3641 5732 paenitentiae.
3681 5647 3769 5732 ad;

2176 5705 2319 5758 dicta
2352 5706 2402 5759 in
2432 5705 2780 5778 monasterio.
2813 5705 3008 5761 Verum
3026 5705 3137 5778 jam
3177 5705 3334 5766 antea
3361 5713 3598 5768 vidimus
3629 5713 3769 5771 istud

2177 5790 2271 5842 per
2303 5777 2405 5830 vim
2435 5775 2634 5831 factum
2664 5777 2848 5846 luisse,
2879 5793 2943 5832 ac
2971 5775 3085 5835 sine
3111 5780 3228 5852 lcgc
3254 5791 3306 5837 et
3325 5781 3559 5854 judicio.
