3930 6328
153 415 252 470 517

1225 421 1429 477 LIBER
1465 421 1605 478 PRO
1643 420 1842 477 FlLllS
1873 421 2198 478 LUDOV'ICI
2242 425 2345 479 Pll.

3315 434 3420 487 5l3

152 533 202 586 in
228 531 510 601 palatium,
545 541 599 585 et
631 539 906 598 assumpta
952 532 1005 584 in
1046 535 1379 588 consortium
1418 535 1575 604 quasi
1614 534 1744 601 legi-
1771 539 1820 597 Α
1848 533 2003 587 aliter
2030 534 2118 589 hic
2147 536 2350 590 sentire
2388 537 2528 601 vult,
2562 546 2751 606 penset
2803 539 3038 607 qualiter
3091 545 3426 600 contradicat

153 625 284 679 tima
314 625 535 696 conjux,
568 636 592 663 α
634 623 779 692 quod
825 638 946 678 esse
991 622 1102 691 jam
1147 626 1455 682 nullatenus
1504 635 1736 696 poterat.

148 712 425 769 Collocata
457 714 641 781 itaque
672 712 901 780 turpiter
935 720 991 768 et
1047 713 1364 769 indecenter
1416 716 1470 769 in
1525 714 1741 785 fastigio

149 801 341 872 regali,
377 803 530 872 prius
559 800 760 855 malum
789 803 942 857 auxit
977 812 1033 857 et
1059 803 1457 873 multiplicavit.
1487 805 1568 859 Ad
1597 806 1738 874 quod

148 893 325 946 bonus
355 891 497 945 illius
533 890 661 959 quid
710 905 870 961 agere
917 892 1138 946 debuit?
1183 891 1438 962 Nunquid
1484 894 1740 948 dissimu-

147 981 297 1034 lare?
332 979 585 1049 Nunquid
619 980 815 1036 silere?
857 980 1110 1050 Nunquid
1137 983 1446 1052 quiescere.
1496 983 1611 1039 Non
1666 985 1738 1038 ita

145 1069 351 1137 placuit
379 1069 452 1123 illi
493 1070 880 1125 indormitabili
926 1071 1104 1136 oculo,
1143 1073 1235 1141 qui
1291 1075 1529 1129 custodit
1573 1075 1738 1130 Israel

144 1175 336 1225 suum;
375 1160 471 1214 sed
516 1161 800 1216 suscitavit
837 1160 1061 1229 spiritus
1103 1161 1359 1228 ﬁliorum,
1388 1171 1442 1218 et
1471 1179 1739 1219 convene—

143 1261 275 1304 runt
323 1252 521 1306 iterum
578 1253 646 1306 ad
700 1252 1087 1307 succidendam
1127 1253 1421 1308 recidivam
1469 1255 1736 1309 malorum

141 1344 393 1412 stirpem.
425 1342 711 1396 Timebant
730 1341 876 1397 enim
897 1358 964 1397 ne
992 1343 1133 1412 patri
1161 1344 1406 1398 eveniret
1433 1344 1562 1399 illud
1593 1345 1736 1414 quod

141 1433 208 1486 de
235 1433 473 1502 quodam
520 1446 646 1501 rege
696 1430 976 1500 Scriptura
1004 1440 1190 1487 sancta
1220 1433 1478 1501 loquitur,
1507 1433 1692 1487 dicens
1721 1452 1731 1486 :

141 1525 323 1594 Igitur
348 1541 454 1578 non
482 1523 586 1594 fuit
627 1523 764 1579 alter
788 1523 911 1578 talis
937 1533 995 1577 ut
1036 1523 1236 1590 Achab,
1265 1525 1357 1595 qui
1406 1524 1734 1578 venundatus

137 1627 298 1670 estut
326 1617 524 1685 faceret
552 1617 748 1671 malum
781 1617 834 1670 in
885 1625 1162 1687 conspectu
1199 1616 1433 1670 Domini.
1490 1614 1735 1671 Concita-

138 1709 212 1761 vit
233 1709 376 1762 enim
403 1725 524 1762 eum
549 1706 765 1762 Iezabel
788 1723 923 1762 uxor
946 1724 1069 1773 sua,
1091 1716 1139 1760 et
1169 1706 1537 1762 abominabilis
1561 1706 1734 1776 factus

135 1807 236 1852 εει.

1841 623 2097 692 Apostolo
2127 627 2327 681 dicenti
2359 645 2370 678 :
2402 626 2472 680 Et
2519 627 2797 680 avaritiam
2817 669 2831 694 ,
2861 646 2976 698 qua'
3011 642 3083 684 est
3109 633 3424 688 simulacro-

1844 731 1958 767 rum
1989 717 2246 779 servitus;
2279 726 2332 770 et
2371 717 2550 771 videat
2589 732 2751 785 quam
2786 721 3056 775 veraciter
3081 722 3283 776 dictum
3313 726 3383 778 sit
3411 745 3422 778 :

1840 801 2016 858 Radix
2043 805 2274 858 omnium
2300 804 2558 859 malorum
2590 817 2662 861 est
2687 809 2943 876 cupiditas
2971 827 2989 863 :
3015 827 3174 880 quam
3210 812 3426 882 quidam

1841 902 2155 960 appetentes,
2173 905 2479 948 erraverunt
2503 913 2534 947 a
2553 896 2677 963 ﬁde.
2709 895 2766 949 Si
2795 912 2922 968 ergo
2947 901 3216 969 cupiditas
3241 917 3427 959 errare

1841 979 1972 1035 facit
2001 999 2030 1035 a
2061 981 2190 1047 ﬁde,
2221 992 2274 1039 et
2302 986 2531 1038 avaritia
2568 985 2981 1041 simulacrorum
3027 999 3109 1045 est
3149 993 3381 1048 servitus
3409 1011 3421 1054 ;

1839 1076 1982 1144 quod
2009 1076 2206 1131 malum
2233 1086 2501 1142 remanet,
2528 1080 2668 1146 quod
2695 1094 2802 1133 non
2847 1081 2910 1134 de
2951 1083 3132 1138 radice
3161 1085 3426 1153 cupidita-

1840 1167 1908 1220 tis
1935 1166 2178 1221 oriatur?
2227 1167 2456 1237 Propter
2495 1169 2638 1238 quod
2672 1169 2903 1223 ﬁdeliter
2929 1171 3288 1243 colligendum
3318 1184 3422 1238 est,

1837 1269 2028 1310 omnes
2078 1257 2409 1324 appetitores
2469 1257 2803 1322 divitiarum,
2850 1259 3052 1329 gloriae,
3102 1273 3156 1316 et
3203 1264 3425 1318 honoris

1838 1346 2133 1410 saecularis,
2164 1353 2325 1414 atque
2355 1347 2640 1415 primatus,
2668 1362 2830 1416 quam
2878 1365 2986 1402 non
3035 1351 3190 1421 longe
3235 1354 3421 1407 absint

1839 1434 1906 1487 ab
1947 1433 2210 1488 idolorum
2239 1435 2468 1489 cultura.

1909 1521 1999 1575 Xl.
2042 1521 2166 1576 Haec
2196 1531 2484 1592 propterea
2523 1524 2752 1580 dicimus
2772 1567 2786 1591 ,
2818 1534 2878 1580 ut
2904 1528 3254 1583 ostendamus
3285 1530 3424 1584 mala

1838 1625 1891 1668 et
1940 1617 2076 1670 bona
2123 1618 2503 1684 antiquorum,
2541 1618 2698 1671 malis
2748 1627 2802 1672 et
2848 1619 3006 1674 bonis
3060 1630 3424 1690 congruenter

1839 1707 2036 1774 aptari,
2069 1714 2125 1761 et
2155 1706 2240 1760 his
2268 1706 2360 1775 qui
2392 1716 2580 1760 errant
2611 1707 2665 1759 in
2714 1723 2855 1762 novo
2895 1710 3110 1777 populo.
3159 1711 3224 1763 Et
3253 1727 3423 1778 quan-

1839 1813 2001 1868 quam
2048 1796 2236 1850 Achab
2283 1797 2593 1851 concitante
2631 1813 2690 1852 se
2725 1813 2895 1853 uxore
2944 1815 3040 1853 sua
3090 1803 3354 1856 erraverit
3393 1821 3423 1857 a

210 1887 280 1942 Χ.
309 1886 416 1942 Sed
444 1887 585 1942 forte
606 1888 804 1957 aliquis
831 1889 1059 1942 diversa:
1080 1887 1375 1943 voluntatis
1406 1887 1567 1942 homo
1591 1903 1734 1942 amo-
1762 1898 1807 1956 Β
1839 1890 1976 1954 ﬁde;
2016 1897 2071 1944 et
2120 1904 2184 1943 ea
2214 1889 2450 1943 auetrice
2492 1891 2888 1958 perpetraverit
2915 1890 3126 1946 facinus
3179 1893 3306 1946 illud
3357 1894 3424 1948 de

135 1991 267 2031 vere
298 1977 505 2034 nitatur
551 1979 668 2034 haec
703 1980 866 2034 verba
896 1978 1193 2050 Scriptura:
1222 1988 1444 2044 sanctaa,
1477 1989 1733 2050 tanquam
1833 1990 2010 2034 morte
2037 1979 2250 2034 Naboth
2285 1978 2651 2044 Jezrahelitas,
2683 1989 2964 2049 correptus
2987 1989 3168 2036 tamen
3199 1985 3266 2037 ab
3303 1983 3418 2037 Elia

135 2069 596 2134 inconvenientia,
627 2084 692 2126 eo
724 2071 870 2140 quod
914 2079 1198 2142 sequatur,
1229 2073 1282 2125 in
1316 2081 1543 2137 tantum,
1575 2083 1630 2126 ut
1658 2090 1738 2126 se—
1830 2069 2113 2138 propheta,
2148 2084 2255 2124 non
2278 2077 2574 2132 correctus,
2618 2070 2928 2139 compulsus
2953 2080 3038 2126 est
3071 2087 3231 2141 agere
3252 2072 3424 2140 poeni-

131 2168 385 2227 querelur
411 2159 555 2214 idola
580 2161 1030 2216 Amorrhteorum.
1085 2162 1308 2218 Noverit
1352 2163 1600 2233 quisquis
1648 2165 1736 2219 ille
1830 2159 2092 2217 tentiam:
2122 2174 2227 2228 qua
2254 2159 2468 2214 actione
2495 2161 2831 2227 pcenitentiae
2846 2161 2985 2215 mala
3002 2162 3104 2216 sibi
3132 2163 3420 2216 imminen-

131 2257 238 2313 est,
270 2265 380 2307 non
413 2265 574 2319 posse
606 2252 860 2306 evacuari
902 2254 1314 2323 congruentiam
1349 2254 1403 2307 in
1440 2254 1544 2308 hoc
1594 2254 1731 2309 loco.
1828 2251 1901 2304 tia
1929 2250 2159 2316 distulit,
2183 2266 2290 2305 non
2313 2251 2551 2304 abstulit.
2581 2251 2691 2306 Hoc
2712 2252 2757 2306 si
2783 2260 2928 2306 recte
2950 2252 3337 2321 perpendatur,
3362 2253 3421 2304 li-

130 2339 408 2406 Quoniam
433 2348 674 2410 tempore
700 2340 836 2411 legis
866 2342 919 2395 in
941 2343 1112 2395 veteri
1139 2342 1336 2412 popqu
1373 2342 1514 2396 idola
1563 2351 1616 2396 et
1661 2345 1735 2398 si-
1832 2339 1995 2407 quido
2031 2337 2373 2393 demonstrat
2402 2347 2664 2407 quantum
2689 2347 2919 2394 noceant
2946 2355 3145 2394 uxores
3172 2340 3324 2394 malae
3347 2341 3423 2393 vi-

127 2431 374 2486 nnulacra
409 2430 788 2502 signiﬁcabant
807 2446 996 2486 omnes
1024 2447 1241 2487 errores
1263 2433 1317 2485 in
1341 2447 1481 2487 novo
1503 2432 1724 2502 populo,

129 2531 380 2589 tempore
411 2521 665 2576 videlicet
693 2522 901 2592 gratias.
938 2520 1080 2599 Nam.
1105 2530 1162 2576 et
1190 2524 1302 2590 ipse
1346 2524 1481 2577 ordo
1528 2523 1725 2578 horum

127 2612 425 2664 verborum
457 2610 529 2662 ita
559 2609 939 2679 intelligendus
960 2619 1042 2664 est
1076 2627 1088 2663 :
1118 2609 1512 2665 Abominabilis
1556 2608 1730 2666 factus

127 2708 213 2755 cst
239 2701 473 2754 diversis
508 2700 894 2770 cupiditatibus
928 2708 984 2754 et
1013 2700 1307 2763 illecebris,
1335 2707 1394 2753 ut
1413 2700 1580 2756 etiam
1615 2701 1730 2755 evi-

126 2793 328 2849 denter
362 2795 431 2849 ad
459 2793 663 2848 cultum
700 2800 886 2848 rueret
913 2792 1199 2848 idolorum.
1245 2790 1504 2862 Quisquis
1549 2801 1730 2848 autem

1835 2431 1910 2484 ris
1925 2431 2060 2485 suis.
2085 2428 2222 2484 Jehu
2248 2439 2451 2493 autem,
2468 2446 2628 2500 quem
2652 2431 2912 2486 Dominus
2935 2431 3218 2486 suscitavit
3249 2432 3302 2485 in
3335 2448 3419 2487 re-

1835 2537 1954 2594 gem
1972 2523 2038 2574 ad
2056 2521 2385 2590 puniendam
2411 2523 2630 2576 domum
2651 2522 2838 2577 Achab
2854 2532 2908 2576 et
2923 2522 3038 2590 ejus
3057 2524 3420 2592 dcceptricem

1836 2628 2084 2678 uxorem,
2107 2612 2235 2668 licet
2269 2621 2533 2668 aeternam
2579 2614 2742 2666 vitam
2790 2629 2895 2667 non
2944 2615 3328 2683 promeruerit,
3356 2629 3423 2667 eo

1837 2704 1982 2774 quod
2014 2719 2044 2757 a
2078 2704 2317 2772 peccatis
2358 2703 2644 2758 Jeroboam
2681 2719 2788 2758 non
2814 2707 3124 2770 recesserit,
3156 2706 3280 2774 quia
3309 2713 3422 2758 stu-

1838 2793 1988 2848 diose
2015 2793 2262 2847 exercuit
2293 2792 2527 2848 ultiones
2561 2793 2775 2848 Domini
2797 2794 2861 2848 de
2882 2793 3122 2862 Iezabel,
3148 2805 3202 2850 et
3232 2797 3422 2852 domus

1508 2883 1780 2940 BALUZII
1815 2882 2049 2938 NOTAE.

201 2990 228 3017 ι
255 2977 412 3043 Quod
437 2991 545 3030 esse
567 2974 866 3031 nullatenus
887 2984 1109 3044 poterat.
1134 2975 1326 3029 Exstat
1352 2989 1484 3030 sane
1505 2975 1559 3029 in
1587 2974 1725 3028 libro

127 3048 325 3118 quinto
368 3045 758 3118 Capitularium
805 3045 936 3118 lex,_
965 3060 1071 3114 qua
1121 3054 1461 3118 caveturne
1511 3045 1721 3106 mulier,

127 3115 254 3189 quae
279 3126 612 3189 sponte,aut
637 3115 1035 3189 invita,_vel_um
1075 3122 1322 3189 sanctum
1365 3116 1418 3168 in
1451 3123 1611 3189 caput
1636 3129 1725 3167 ac-

1825 2989 2111 3048 eonsensu
2140 2972 2408 3048 Grimaldi
2430 2973 2715 3028 Pinnensis
2743 2973 3026 3048 episcOpi,_
3046 2975 3202 3044 juxta
3250 2976 3414 3048 legem

1826 3043 2069 3117 Lotharii
2100 3043 2464 3117 imperatoris,
2515 3059 2634 3112 qua:
2678 3051 2859 3117 exstat
2890 3043 2958 3117 in_
2996 3043 3135 3117 libro
3177 3063 3215 3100 ιι
3263 3043 3423 3117 Légis

1828 3113 2258 3182 Langobardor.,
2309 3113 2393 3166 tit.
2436 3112 2489 3176 6,
2540 3129 2658 3181 cap.
2706 3112 2756 3165 4.
2798 3114 3018 3168 Interim
3067 3112 3420 3181 Sisenandus,

129 3182 362 3257 ceperit,
394 3185 523 3239 illud
553 3199 803 3257 unquam
824 3185 1078 3257 dimittat.
1130 3184 1254 3238 Haec
1298 3185 1730 3257 sunt_verba_ca-
1756 3186 1800 3247 C
1833 3183 1995 3237 homo
2021 3182 2284 3247 Francus,
2314 3183 2479 3257 etrapit
2505 3183 2717 3257 ambire
2733 3184 3135 3257 nuptiasistius
3156 3185 3421 3257 mulieris,

127 3252 260 3328 pitis
286 3259 390 3311 115
414 3252 661 3326 ejusdem
685 3255 808 3328 libri
837 3273 851 3328 ξ
880 3273 900 3305 ‹
928 3254 1300 3323 Qualicunque
1328 3255 1486 3328 modo
1513 3252 1726 3317 mulier,

199 3324 483 3382 mittente
513 3325 775 3380 canonice
804 3324 919 3378 viro
953 3340 1068 3386 suo,
1110 3332 1203 3376 aut
1247 3339 1313 3377 eo
1337 3324 1615 3385 defuncto,
1647 3339 1733 3377 ve-

149 3415 244 3452 um
278 3404 524 3451 sanctum
561 3395 614 3448 in
638 3401 801 3462 caput
828 3394 1119 3462 acceperit,
1145 3401 1238 3446 aut
1281 3402 1492 3461 sponte,
1535 3393 1730 3462 autin-

127 3469 262 3530 vita,
298 3467 353 3520 in
396 3481 462 3520 eo
488 3461 804 3535 permaneat
847 3461 1525 3535 omnino,_nec_dimittat.
1562 3480 1579 3512 ›
1623 3461 1730 3516 Sed

129 3538 300 3600 istud,
323 3533 538 3605 opinor,
563 3533 967 3605 intelligendum
990 3533 1159 3605 estde
1173 3533 1330 3586 vidua
1356 3547 1474 3605 quae
1498 3547 1554 3584 se
1577 3547 1637 3605 sp
1676 3549 1732 3585 n-

129 3547 300 3600 istud,
323 3550 538 3605 opinor,
563 3547 967 3603 intelligendum
990 3547 1076 3587 εει
1095 3547 1159 3586 ue
1173 3547 1330 3586 vidua
1356 3547 1474 3600 qua:
1498 3547 1554 3584 se
1577 3547 1637 3652 ΞΓ
1676 3549 1726 3585 n-

129 3618 185 3662 te
239 3606 462 3667 velavit,
513 3619 622 3658 non
668 3612 848 3658 autem
889 3604 954 3657 de
984 3602 1208 3655 muliere
1236 3617 1331 3670 per
1376 3603 1486 3655 vim
1533 3617 1595 3654 ve
1619 3611 1726 3654 ata.

129 3678 268 3732 Nam
302 3676 448 3745 quod
476 3676 553 3727 ait
579 3675 684 3737 lex,
707 3687 832 3745 eam
864 3672 1074 3727 resilire
1102 3687 1208 3745 non
1237 3687 1397 3740 posse
1426 3686 1547 3745 quae
1567 3671 1729 3745 etiam

130 3741 511 3801 invita'velata
533 3751 635 3808 est,
667 3744 828 3809 plane
856 3742 1225 3798 necessarium
1257 3750 1340 3795 est
1369 3749 1429 3794 ut
1468 3741 1731 3809 intelliga-

129 3832 254 3871 mus
283 3817 350 3869 de
372 3830 434 3869 ea
459 3829 579 3882 quae
619 3811 868 3867 adulterii
898 3811 1191 3882 perpetrati
1234 3812 1482 3882 convicta
1512 3820 1616 3874 est,
1646 3821 1728 3862 at-

128 3902 239 3955 que
263 3887 336 3940 ob
367 3881 670 3955 hoc’ipsum
696 3883 749 3935 in
792 3881 1132 3955 monasterio
1154 3881 1401 3934 concludi
1441 3881 1612 3950 jussa,
1641 3895 1731 3955 v_o-

129 3949 276 4010 lente
303 3949 529 4008 marito.—
552 3951 688 4006 Nam
736 3952 880 4006 nulla
909 3950 996 4005 lex
1033 3951 1161 4004 sinit
1203 3965 1400 4004 uxores
1430 3949 1610 4004 uastas
1641 3949 1731 4002 ab-

128 4027 253 4080 duci
275 4041 306 4078 a
344 4023 580 4086 maritis,
611 4022 713 4075 nisi
741 4037 806 4076 ex
850 4035 1118 4076 consensu
1165 4021 1419 4088 partium.
1452 4028 1512 4072 ut
1536 4027 1729 4072 vacent

127 4095 394 4157 orationi,
430 4093 585 4162 juxta
613 4092 900 4146 consilium
921 4089 1208 4162 _Apostoli.
1229 4089 1349 4162 Sed
1388 4090 1610 4162 tametsi
1643 4089 1731 4142 da-

129 4181 321 4219 remus
349 4157 521 4232 legem
552 4176 667 4232 non
681 4176 808 4232 esse
831 4157 1158 4232 ambiguam.
1180 4159 1318 4232 nihil
1345 4157 1585 4232 ofﬁceret
1610 4173 1732 4232 cau-

128 4250 204 4289 sae
239 4227 604 4303 imperatoris.
651 4230 786 4284 Nam
815 4227 1002 4303 neque
1029 4227 1210 4282 Judith
1240 4228 1520 4303 canonice
1551 4227 1727 4303 velum

127 4298 679 4372 suscep'erat,rneque
710 4298 1086 4372 consentiente
1115 4298 1344 4372 marito.
1364 4298 1457 4352 sed
1496 4312 1590 4365 per
1622 4298 1729 4372 vim

125 4383 183 4428 et
221 4367 449 4428 metum.
481 4367 667 4440 Itaque
705 4371 923 4424 dubium
965 4377 1216 4440 nouerat
1256 4369 1385 4440 quin
1426 4383 1546 4440 eam
1575 4367 1731 4440 mari-

126 4453 219 4498 tus
248 4436 720 4511 repeteregpdsset,
752 4441 796 4494 si
822 4439 1002 4511 vellet:
1044 4438 1203 4491 Aliud
1255 4436 1533 4491 obtinebat
1561 4438 1636 4511 de
1657 4436 1733 4487 vi-

126 4514 272 4568 duis.

124 4584 242 4645 bat,
291 4581 599 4650 pnesertim
644 4575 807 4650 apudg
833 4576 1217 4650 Langobardos
1269 4575 1421 4643 cujus
1457 4576 1534 4650 rei
1582 4575 1728 4650 clara

125 4644 353 4707 exstant
384 4644 725 4706 documenta.
771 4648 839 4701 Et
874 4644 1306 4716 quandoquidem
1339 4647 1553 4700 occasio
1580 4644 1727 4716 tulit,

125 4721 359 4776 aderam
392 4718 696 4787 exemplum
728 4713 956 4772 istorum
1006 4713 1175 4787 ferme
1217 4713 1733 4787 temporum,gde_fe-

123 4794 277 4846 mina
311 4784 948 4860 quadam',Langoliarda,
974 4801 1093 4854 qua:
1120 4786 1424 4908 imﬁcrante
1455 4784 1730 4839 Ludovico

123 4861 165 4908 ll
201 4863 281 4908 Pii
314 4869 510 4908 nenote
530 4859 751 4908 multata
776 4865 861 4908 est
883 4855 1176 4908 amissione
1235 4871 1460 4908 onorum
1483 4869 1726 4908 suorum.

122 4861 167 4916 Il
201 4863 282 4916 Pii
314 4859 513 4930 nepote
530 4859 752 4912 multata
776 4865 861 4911 est
883 4859 1176 4930 amissione
1199 4859 1460 4908 bonorum
1483 4869 1726 4917 suorum,

123 4932 200 4987 ob
225 4947 350 4986 eam
379 4925 628 4984 videlicet
673 4941 913 4988 causam,
946 4925 1089 4992 quod
1138 4933 1259 4994 post
1301 4935 1609 4993 susceptum
1636 4939 1730 4994 ve-

124 5002 311 5055 lamen
343 4999 641 5069 religionis,
658 4998 874 5069 nubere
909 4992 1355 5069 prazsurnpserat.
1397 4992 1503 5048 Res
1517 4995 1604 5069 _ita
1634 4992 1730 5045 ha-

123 5069 434 5146 bet._Jus_to
447 5063 796 5146 Gaustaldiu,
811 5064 1028 5119 natione
1055 5063 1317 5146 Francus,
1343 5065 1482 5146 inter
1517 5063 1726 5146 Lango-

124 5141 333 5217 bardos
365 5140 674 5217 habitabat,
729 5136 920 5217 ibique.
963 5148 1186 5217 uxorem
1234 5135 1463 5217 duxerat
1503 5135 1728 5216 nomine

124 5209 331 5264 Gundi.
365 5207 588 5262 Licebat
618 5222 748 5261 sane
780 5203 837 5260 ei
868 5204 1053 5273 vivere
1080 5203 1199 5273 lege
1249 5205 1444 5272 patria,
1471 5204 1516 5257 si
1547 5204 1598 5273 in
1626 5203 1728 5255 ini-

124 5282 212 5334 tio
255 5278 609 5333 habitationis
660 5290 772 5331 suae
821 5275 966 5328 inter
1012 5271 1398 5344 Langobardos
1449 5271 1728 5344 professus

127 5350 329 5404 fuisset
360 5350 502 5418 apud
546 5344 950 5418 judices,_velle
989 5358 1054 5418 se
1091 5341 1614 5418 _vivere_secund_um
1656 5341 1730 5393 le—

125 5435 263 5490 gem,
290 5412 652 5490 Francorum.
704 5415 809 5490 Sed
826 5413 1029 5490 maluit
1057 5412 1259 5490 eligere
1296 5412 1724 5490 legeni_Lango:

127 5480 450 5550 hardorum,
504 5487 752 5542 fortassis
789 5485 840 5538 vi
871 5484 1046 5536 victus
1091 5480 1313 5546 amoris,
1356 5480 1501 5551 quod
1551 5480 1724 5535 Gundi

129 5559 304 5613 nollet
325 5559 460 5611 alias
482 5558 533 5611 ei
561 5559 782 5611 nubere.
814 5553 948 5608 Nam
970 5552 1054 5605 lex
1076 5551 1551 5621 Langobardorum
1573 5551 1726 5604 valde

130 5628 453 5700 favorabilis
481 5636 600 5700 erat
643 5627 924 5700 uxoribus.
965 5621 1093 5700 Haec
1120 5636 1249 5700 ergo
1274 5627 1396 5675 cum
1426 5621 1602 5700 virum
1634 5636 1726 5700 ex-

128 5699 370 5771 tulisset,
421 5697 858 5771 desideriumque
903 5692 1161 5771 exstincti
1210 5706 1317 5745 non
1369 5698 1552 5771 posset
1590 5692 1724 5757 pati,

131 5766 608 5824 sanctimonialem
656 5762 899 5819 habitum
937 5762 1112 5816 induit
1144 5762 1201 5815 in
1234 5762 1564 5814 monasterio
1594 5775 1722 5813 san-

133 5846 238 5895 cta
260 5839 466 5906 Maria},
500 5835 784 5906 velumque
803 5835 904 5891 sibi
934 5846 1094 5903 super
1118 5843 1278 5903 caput
1305 5829 1580 5899 imposuit,
1603 5845 1724 5886 cum

361 4527 449 4565 am
479 4503 586 4584 illis
614 4503 882 4584 deponere
921 4507 1160 4584 velamen
1187 4515 1434 4584 sanet-um
1474 4521 1577 4584 non
1605 4505 1729 4584 l_ice-
1753 4526 1805 4584 D
1832 4514 2009 4584 exstat
2037 4506 2090 4558 in
2126 4505 2292 4584 libro,
2317 4505 2550 4584 secundo
2593 4503 2751 4584 Legis

1834 3267 2166 3321 uxoremque
2212 3251 2413 3321 postea
2450 3253 2618 3306 duxit.
2675 3251 2842 3319 Hujus
2894 3255 2971 3307 rei
3023 3254 3166 3309 fama
3195 3271 3316 3309 cum
3352 3256 3423 3310 ad

1827 3320 2037 3389 judices
2069 3320 2376 3389 imperiales
2413 3323 2767 3390 pervenisset,
2800 3324 3059 3378 intentata
3105 3325 3171 3382 lis
3214 3332 3299 3379 est
3327 3325 3421 3378 ad-

1833 3406 2020 3445 versus
2051 3390 2410 3446 Sisenandum
2444 3407 2770 3460 uxoremque
2809 3390 2924 3459 ejus
2955 3408 2984 3444 a
3013 3392 3223 3448 Maione
3254 3393 3422 3447 advo-

1831 3470 1952 3513 cato
1979 3461 2234 3514 Ludovici
2269 3462 2631 3528 imperatoris,
2662 3461 2752 3530 qui
2803 3460 3058 3515 feminam
3089 3464 3233 3517 illam
3272 3463 3423 3518 adul-

1832 3532 1952 3584 terii
1984 3531 2276 3595 accusavit,
2315 3531 2471 3600 juxta
2515 3529 2698 3603 legem;
2731 3529 3231 3602 Langobardorum,
3278 3535 3423 3603 quod

1831 3611 1951 3668 post
2001 3609 2310 3670 susceptum
2356 3600 2588 3654 sacrum'
2622 3600 2888 3665 velamen,
2942 3618 3158 3657 rursum
3199 3600 3315 3658 viro
3359 3619 3420 3658 se

1832 3670 2210 3742 conjunxerat,
2242 3670 2468 3742 ideoque
2493 3685 2780 3742 personam
2804 3671 3270 3742 substantiamque
3296 3673 3417 3742 ejus

1869 3741 1972 3793 arti
2019 3740 2202 3809 palatii
2249 3740 2521 3807 pertinere
2571 3739 2767 3794 debere
2805 3740 3101 3804 asserebat,
3135 3739 3422 3795 secundum

1852 3826 2032 3881 egem._
2055 3810 2128 3862 Ea
2157 3818 2335 3881 autem
2363 3816 2536 3881 exstat
2567 3809 2620 3881 in
2661 3809 2806 3881 libro,
2823 3812 3059 3864 secundo
3085 3810 3241 3881 Legis
3279 3810 3423 3865 Lan-

1829 3878 2210 3950 gobardorum,
2245 3879 2328 3931 tit.
2365 3877 2416 3941 6,
2443 3893 2562 3950 cap.
2594 3879 2643 3941 1,
2674 3886 2729 3950 et
2757 3879 2848 3950 lib.
2882 3896 2942 3943 ιι,
2977 3881 3061 3933 tit.
3094 3877 3185 3942 57,
3210 3896 3329 3950 cap.
3364 3881 3415 3933 1.

1828 3945 1899 4028 At
1925 3947 2255 4031 Sisenandus
2285 3945 2654 4031 negavit‘ea‘m
2679 3947 2924 4031 induisse
2961 3958 3168 4003 vestem
3199 3945 3418 4031 religio-

1829 4019 1933 4070 nis.
1963 4018 2161 4072 Verum
2199 4031 2321 4070 cum
2365 4016 2559 4086 postea
2591 4016 2730 4070 Maio
2779 4017 3060 4086 probasset
3087 4035 3207 4072 eam
3255 4016 3420 4074 fuisse

1830 4086 2077 4148 velatam,
2107 4087 2318 4155 judices
2367 4086 2673 4155 imperiales
2716 4089 3135 4155 pronuntiarunt
3164 4101 3214 4142 et
3241 4089 3419 4144 Gundi

1830 4157 2002 4224 ipsam
2032 4164 2086 4210 et
2114 4157 2254 4210 bona
2281 4157 2396 4226 ejus
2421 4159 2551 4211 tisco
2573 4157 2785 4226 addicta
2817 4174 2832 4222 ;
2867 4157 3066 4212 indicta
3096 4159 3257 4213 etiam
3283 4158 3418 4212 mul-

1833 4235 1882 4279 ta
1911 4227 2206 4281 solidorum
2252 4225 2628 4280 seXcentorum
2677 4225 2995 4290 Sisenando,
3041 4237 3097 4281 et
3121 4228 3414 4282 solidorum

1830 4305 2044 4350 centum
2068 4297 2457 4365 quinquaginta
2475 4294 2782 4350 Amelfredo
2806 4295 2914 4349 ﬁlio
2936 4297 3177 4352 Justonis
3201 4306 3256 4351 et
3277 4296 3418 4351 Gun-

1830 4366 1904 4430 di,
1953 4366 2046 4435 qui
2090 4366 2216 4418 huic
2261 4366 2605 4435 matrimonio
2653 4375 3041 4420 consenserat:
3084 4383 3202 4435 qua:
3249 4367 3414 4421 multa

1830 4381 1904 4430 (ιι,
1953 4381 2046 4488 qui
2090 4381 2216 4418 nunc
2261 4381 2605 4419 matrimonio
2653 4381 3041 4420 consenserat:
3084 4383 3202 4435 qua:
3249 4381 3414 4421 multa

1828 4435 1963 4490 Ame
1988 4436 2137 4490 lredo
2160 4435 2354 4488 indicta
2393 4442 2476 4489 est
2514 4434 2668 4501 juxta
2713 4435 2763 4490 le
2800 4451 2883 4489 em
2927 4436 3264 4506 Luitprandi,
3298 4453 3416 4505 qua:

1832 4514 2009 4558 exstat
2037 4506 2090 4558 in
2132 4505 2268 4558 libro
2317 4505 2550 4558 secundo
2593 4453 3286 4558 LettisgLantzobardorum.
3329 4508 3413 4558 tit.

2837 4505 3286 4575 angobardorum,
3329 4508 3413 4559 tit.

1832 4574 1921 4638 57,
1963 4589 2082 4644 cap.
2118 4575 2169 4627 1.
2201 4575 2391 4627 Datum
2422 4583 2504 4627 est
2535 4582 2714 4628 autem
2737 4573 2999 4642 judicium
3041 4577 3180 4630 istud
3224 4576 3414 4630 adver-

1831 4660 1921 4698 sus
1962 4643 2139 4698 Gundi
2182 4645 2234 4695 in
2284 4644 2612 4697 monasterio
2650 4653 2850 4697 sancte
2895 4644 3178 4698 Trinitatis
3217 4644 3417 4698 Casau-

1831 4715 2028 4768 riensis
2054 4729 2195 4767 anno
2219 4713 2288 4766 24
2335 4713 2589 4766 Ludovici
2614 4713 2658 4766 ll
2691 4715 3047 4782 imperatoris,
3090 4729 3274 4768 mense
3319 4716 3418 4768 De-

1829 4785 2054 4838 cembri.
2103 4784 2235 4837 Dein
2278 4782 2577 4836 Ludovicus
2623 4783 2758 4836 bona
2803 4798 2920 4851 quae
2965 4783 3179 4837 fuerant
3215 4783 3411 4848 Gundi,

1829 4854 2158 4908 monasterio
2203 4851 2547 4907 Casauriensi
2598 4853 2745 4906 dedit
2785 4870 2842 4907 ιιι
2892 4851 3010 4906 Kal.
3053 4851 3240 4914 Maias,
3272 4869 3414 4907 anno

1829 4924 2090 4992 vigesimo
2136 4923 2325 4991 quinto
2376 4922 2582 4992 imperii
2627 4923 2732 4992 sui,
2764 4922 2820 4992 id
2848 4931 2949 4987 est,
2985 4938 3126 4977 anno
3165 4923 3286 4975 875.
3324 4925 3415 4977 Ve-

1828 4989 1952 5047 ruin
1979 4993 2104 5061 quia
2148 4989 2288 5046 bona
2323 4989 2639 5061 quae’Justo
2680 4989 2901 5061 dederat
2933 4992 3089 5045 uxori
3132 5008 3262 5055 suae,
3306 5009 3412 5046 non

1826 5063 1964 5117 bene
1994 5060 2227 5117 discreta
2276 5068 2428 5114 erant
2467 5076 2497 5112 a
2528 5060 2685 5115 bonis
2728 5060 3041 5125 liberorum,
3085 5075 3172 5115 res
3217 5062 3410 5115 iterum

1828 5145 2014 5187 coram
2057 5130 2330 5200 judicibus
2378 5130 2631 5184 ventilata
2679 5139 2764 5184 cst
2811 5131 2863 5183 in
2910 5130 3072 5185 Teate
3120 5145 3260 5183 anno
3308 5128 3412 5184 877

1828 5218 2013 5257 mense
2038 5205 2281 5270 Augusto
2305 5217 2318 5265 ;
2353 5210 2408 5253 et
2441 5201 2612 5254 curtis
2636 5200 2702 5254 de
2727 5200 3068 5253 Monactiano
3108 5200 3409 5265 adiudicata

1827 5282 1911 5326 est
1954 5271 2306 5335 monasterio,
2350 5278 2674 5339 peractaque
2711 5278 2971 5338 praeterea
3016 5278 3100 5324 est
3145 5271 3408 5339 bonorum

1827 5341 2066 5396 Justonis
2086 5341 2276 5394 divisio
2297 5338 2438 5394 inter
2460 5339 2596 5393 ﬁlios
2617 5339 2732 5407 ejus
2752 5347 2805 5391 et
2829 5340 3236 5393 monasterium.
3260 5338 3411 5392 Hanc

1826 5411 2132 5473 historiam,
2160 5425 2279 5479 quae
2302 5410 2567 5479 plurimas
2600 5424 2685 5462 res
2709 5408 2952 5462 continet
2973 5417 3158 5462 notatu
3197 5409 3405 5479 dignas,

1826 5481 2026 5549 placuit
2055 5478 2241 5549 paucis
2282 5478 2538 5534 enarrare
2564 5495 2577 5543 ;
2612 5494 2771 5548 quam
2818 5479 3058 5532 eruimus
3083 5494 3111 5549 e
3140 5478 3402 5549 veteribus

1827 5547 1964 5605 actis
1998 5547 2138 5604 illius
2163 5551 2283 5613 :evi,
2324 5564 2445 5617 qua:
2469 5551 2685 5603 exstant
2710 5549 2764 5602 in
2809 5548 3137 5602 cbartulario
3164 5547 3404 5617 ejusdem

1827 5621 2160 5698 monasterii,
2189 5615 2563 5698 quaequenpost
2587 5627 2743 5698 notas
2932 5617 3190 5698 reperies,
3215 5615 3404 5696 lector,

1827 5690 2089 5744 beneﬁcio
2134 5685 2350 5743 Antonii
2384 5685 2572 5743 Vionis
2611 5685 2918 5752 Herovallii,
2968 5685 3069 5742 viri
3099 5685 3406 5749 clarissimi,

1827 5761 2126 5829 horumque
2155 5760 2453 5815 studiorum
2476 5757 2615 5812 bono
2642 5756 2771 5812 nati.
