3930 6348
188 350 282 403 321

1269 356 1641 414 CHARTULA
1681 359 1772 412 AD
1815 358 2214 416 LO'l‘ilAHlUM
2253 362 2412 420 AUG.

3361 370 3468 426 323

185 467 442 541 palatium
472 473 616 539 quod
656 487 1000 548 nuncupatur
1034 491 1060 518 ι
1093 478 1483 547 Compe‘ndium
1510 497 1522 530 :
1551 479 1643 546 qui
1676 478 1779 530 uti-
1807 487 1853 543 Α
1885 493 2031 540 num,
2066 480 2157 547 qui
2187 478 2638 535 clementissimus
2669 481 2906 536 indultur
2925 491 3010 537 est
3034 483 3345 548 criminum,
3375 486 3462 540 in-
3540 523 3542 525 ›

183 585 286 641 que
323 580 628 627 conventus
656 571 868 627 exstitit
898 587 966 626 ex
997 570 1453 626 reverentissimis
1481 570 1769 638 episcopis,

184 669 236 715 et
256 660 816 732 magnificentissimis
856 660 989 717 viris
1035 660 1351 726 illustribus,
1392 660 1618 731 collegio
1640 674 1774 728 quo—

185 765 288 820 que
317 750 578 804 abbatum
607 758 663 805 et
690 750 972 815 comitum,
1024 751 1455 821 promiscuzequc
1513 751 1692 804 aetatis
1717 756 1774 804 et

187 841 464 911 dignitatis
493 838 708 908 populo,
765 841 1086 911 praesidente
1116 840 1468 895 serenissimo
1496 847 1552 893 et
1577 839 1773 910 glorio-

185 929 401 983 sissimo
471 927 728 983 Lothario
777 929 1126 998 imperatore,
1184 937 1239 982 et
1290 928 1491 983 Christi
1561 930 1772 983 Domini

182 1029 461 1086 amatore;
503 1035 610 1090 quo
649 1029 971 1090 protegente
1007 1029 1064 1074 et
1100 1018 1390 1088 adiuvante
1438 1020 1626 1075 subter
1670 1036 1770 1075 an-

180 1126 326 1170 nexa
363 1113 623 1184 disposita
655 1121 787 1168 sunt
841 1126 987 1166 anno
1018 1112 1226 1181 imperii
1259 1112 1456 1182 primo,
1512 1112 1540 1152 b
1586 1127 1773 1167 mense

181 1210 400 1272 quarto.
455 1202 660 1269 Quibus
712 1201 969 1256 omnibus
1022 1201 1378 1258 vehementer.
1427 1200 1774 1257 incumbebat

181 1311 316 1350 vera
345 1297 666 1358 necessitas,
700 1301 760 1348 ut
810 1293 1041 1348 sollicite
1097 1302 1395 1349 tractarent
1415 1294 1482 1348 de
1531 1293 1772 1362 periculo

183 1385 336 1455 regni
365 1385 420 1438 in
451 1383 722 1454 praesenti,
759 1390 814 1438 et
838 1390 982 1437 statu
1008 1383 1062 1437 in
1091 1381 1273 1438 futuro
1303 1399 1314 1434 :
1351 1382 1492 1451 quod
1524 1397 1770 1451 regnum,

180 1476 308 1546 quia
359 1475 564 1545 iamdiu
602 1473 846 1539 nutabat,
903 1482 958 1528 et
1011 1473 1389 1543 impellebatur
1437 1474 1505 1526 ad
1558 1474 1771 1526 ruinam

178 1583 280 1636 per
314 1565 716 1638 negligentiam,
749 1573 805 1620 et
852 1563 936 1636 (ut
962 1566 1146 1620 verius
1195 1565 1394 1635 dicam)
1435 1576 1456 1603 ο
1493 1580 1590 1635 per
1617 1565 1770 1636 igna-

178 1659 325 1714 viam
363 1658 545 1713 domni
570 1657 830 1712 Ludovici
880 1658 1175 1712 venerandi
1213 1657 1486 1725 quondam
1536 1658 1770 1728 impera-

179 1748 338 1812 toris,
366 1748 420 1802 in
442 1748 640 1817 quibus
666 1745 756 1801 ille
788 1746 1032 1800 irretitus
1060 1755 1145 1800 est
1173 1761 1271 1814 per
1291 1754 1575 1814 corruptas
1608 1761 1766 1799 men-

1875 569 2206 639 dulgeutiam
2249 579 2304 626 et
2332 573 2703 629 remissionem
2759 575 3106 644 iniquitatum
3167 576 3463 644 impetraro

1874 669 2090 730 posset;
2115 670 2175 715 ut
2198 662 2289 732 qui
2322 677 2419 732 per
2449 664 2830 734 multiplicatas
2853 665 3210 737 negligentias
3237 681 3465 735 regnum

1877 758 2152 805 terrenum
2181 753 2458 817 amiserat,
2496 770 2591 823 per
2616 756 2887 824 impensas
2936 756 3205 824 supplices
3239 756 3464 812 confes-

1875 839 2055 894 siones
2083 856 2308 911 regnum
2347 842 2569 899 cmleste
2600 845 2990 914 adipisceretur
3035 862 3132 914 per
3161 861 3286 901 eum
3320 846 3467 917 apud

1874 943 2036 998 quem
2070 938 2155 983 est
2184 931 2557 987 misericordia
2596 941 2652 986 et
2700 934 2914 1002 copiosa
2953 935 3270 1005 redemptio.
3329 935 3465 991 Pro-

1871 1028 1992 1088 pter
2020 1021 2164 1090 quod
2193 1029 2248 1074 et
2279 1032 2300 1060 ο
2329 1021 2537 1076 libellus
2585 1023 2759 1077 editus
2787 1032 2869 1078 est
2913 1040 2943 1079 a
2969 1025 3100 1079 viris
3153 1025 3463 1096 diligentio-

1874 1109 2046 1168 ribus.
2097 1111 2229 1165 etei
2289 1111 2522 1175 oblatus,
2564 1111 2631 1166 de
2692 1113 3130 1170 manifestatione
3165 1116 3460 1172 criminum

1873 1215 2131 1265 suorum;
2169 1202 2223 1255 in
2262 1217 2369 1271 quo
2390 1203 2535 1258 velut
2571 1205 2624 1258 in
2661 1205 2879 1275 speculo
2929 1207 3213 1276 perspicue
3242 1205 3458 1277 conspi-

1872 1301 2020 1348 ceret
2051 1293 2328 1350 feditatem
2356 1304 2571 1351 actuum
2592 1312 2832 1364 suorum,
2858 1307 2913 1354 et
2936 1298 3089 1354 ﬁeret
3119 1299 3173 1352 in
3201 1299 3288 1353 illo
3308 1299 3455 1368 quod

1871 1399 1970 1454 per
1992 1385 2344 1454 poenitentem
2375 1385 2672 1455 perfectum
2709 1389 2912 1444 dictum
2953 1398 3078 1443 est:
3114 1387 3454 1460 lniquitatem

1870 1493 2040 1530 meam
2061 1493 2153 1545 ego
2176 1492 2417 1547 agnosco,
2446 1487 2714 1546 peccatum
2736 1496 2908 1531 meum
2932 1496 3108 1532 coram
3131 1495 3211 1532 me
3229 1488 3306 1532 est
3320 1493 3429 1531 sem
3451 1513 3461 1520 -

1868 1580 1978 1632 per.
2011 1563 2115 1618 Pro
2146 1580 2250 1634 qua
2278 1580 2337 1619 re
2367 1560 2715 1620 acceSserunt
2763 1568 2830 1621 ad
2877 1583 3000 1622 eum
3059 1570 3236 1622 denuo
3261 1582 3456 1622 omnes

1869 1656 1962 1723 qui
1999 1656 2052 1709 in
2080 1657 2339 1726 praedicto
2381 1667 2650 1713 conventu
2701 1660 2930 1714 aderant
2959 1661 3226 1731 episcopi,
3263 1660 3464 1714 condo-

1870 1748 2044 1804 lentes
2097 1757 2150 1803 et
2201 1751 2595 1819 compatientes
2645 1750 3055 1806 infirmitatibus
3117 1760 3173 1806 et
3231 1751 3464 1805 miseriis

177 1848 261 1892 tes
290 1847 346 1893 et
377 1845 810 1906 corrumpentes,
866 1844 921 1890 et
969 1837 1264 1890 secundum
1301 1835 1654 1904 apostolicum
1686 1835 1765 1888 di-
1793 1838 1841 1898 B
1868 1840 2006 1910 ejus,
2047 1841 2399 1896 exhortantes
2428 1851 2591 1910 atque
2621 1851 2907 1896 exorantes
2951 1851 3006 1897 et
3035 1841 3373 1911 postulantes
3404 1848 3463 1894 ut

176 1941 325 1986 ctum
359 1949 372 1984 :
412 1929 550 1998 Quia
578 1936 734 1984 erant
756 1927 856 1997 ipsi
893 1936 1159 1988 errantes,
1193 1935 1248 1980 et
1276 1928 1411 1980 alios
1441 1928 1493 1980 in
1520 1940 1765 1980 errorem

176 2024 476 2077 mittentes.
509 2022 554 2074 A
596 2035 704 2089 quo
734 2028 1000 2074 conventu
1040 2019 1302 2088 quidquid
1331 2018 1538 2073 utiliter
1561 2028 1618 2071 et
1647 2018 1765 2071 lau-

175 2113 429 2167 dabiliter
458 2111 740 2166 tractando
764 2117 819 2165 et
852 2107 1183 2164 conferendo
1235 2110 1512 2162 inventum
1560 2117 1665 2172 est,
1712 2116 1768 2163 et

175 2203 490 2258 necessario
520 2202 890 2265 statuendum,
931 2209 987 2254 et
1008 2199 1380 2267 iudicantibus
1429 2200 1680 2255 consensi
1710 2207 1766 2254 et

173 2293 528 2347 consentiens
576 2291 692 2361 ipse
726 2288 984 2359 iudicavi.
1018 2289 1077 2342 ln
1127 2288 1315 2358 primis
1364 2289 1614 2343 videlicet
1643 2303 1764 2356 qua:

172 2384 240 2438 ad
267 2383 713 2439 commoditatem
737 2390 793 2436 et
819 2381 1146 2436 soliditatem
1202 2380 1351 2451 regni
1381 2386 1436 2433 et
1471 2379 1614 2450 regis
1642 2393 1767 2448 per-

172 2478 353 2532 tinere
417 2476 760 2539 videbantur,
789 2473 1005 2548 deinde
1053 2487 1172 2541 quae
1215 2472 1282 2525 ad
1335 2472 1673 2541 ereptionem
1710 2478 1768 2526 et

171 2568 553 2636 purgationem
591 2566 786 2620 animae
813 2565 994 2620 domni
1020 2562 1296 2625 Ludovici,
1322 2561 1764 2616 manifestissime

171 2657 581 2712 noscebantur:
624 2671 745 2726 qua:
793 2655 846 2710 in
901 2653 1165 2724 praedicto
1217 2662 1486 2708 conventu
1533 2653 1764 2707 fideliter

169 2747 421 2817 quesita,
446 2754 501 2800 et
537 2745 803 2800 veraciter
832 2745 1071 2806 inventa,
1125 2749 1181 2797 et
1205 2741 1580 2797 ordinabiliter
1607 2756 1764 2796 exse-

167 2848 294 2894 cuta
328 2847 476 2903 sunt,
507 2839 564 2892 in
596 2853 661 2893 eo
696 2837 905 2894 scilicet
953 2835 1096 2905 quod
1127 2835 1416 2904 praedictus
1466 2842 1764 2888 conventus

167 2933 516 2997 deliberavit,
546 2941 608 2986 ut
640 2931 666 2971 ά
694 2947 790 3000 per
817 2931 1026 3001 legatos
1074 2935 1130 2982 et
1157 2928 1353 2982 missos
1381 2926 1765 2980 admoneretur

166 3023 404 3077 domnus
429 3023 734 3078 Ludovicus
764 3021 830 3076 de
850 3019 977 3074 suis
1023 3017 1324 3081 erroribus,
1359 3024 1414 3071 et
1443 3017 1764 3071 exhortare-

169 3122 255 3166 tur
278 3121 342 3165 ut
366 3113 662 3167 secundum
689 3109 1063 3181 prepheticum
1089 3107 1294 3162 dictum
1321 3105 1525 3161 rediret
1543 3105 1609 3158 ad
1639 3119 1758 3167 cor,

1869 1931 2211 1999 omnipotens
2240 1930 2380 1984 Deus
2413 1946 2573 1985 manu
2619 1932 2835 2001 pietatis
2892 1946 3001 1986 suae
3048 1931 3304 1985 educeret
3333 1946 3458 1984 cum

1868 2020 1937 2074 de
1980 2018 2098 2074 lacu
2135 2021 2366 2075 miseriae
2398 2029 2453 2075 et
2479 2022 2545 2076 de
2591 2021 2706 2078 luto
2737 2022 2898 2076 caeni.
2953 2021 3110 2089 Quod
3142 2022 3452 2075 dementis-

1867 2112 2037 2166 simus
2071 2112 2330 2167 Dominus
2363 2128 2468 2167 non
2499 2114 2676 2168 solum
2703 2129 2806 2168 non
2834 2113 3081 2179 abstulit,
3113 2114 3205 2168 sed
3242 2129 3340 2167 nec
3369 2113 3454 2166 di-

1867 2203 2036 2257 stulit.
2072 2200 2180 2258 Sed
2207 2219 2327 2257 mox
2358 2204 2676 2258 resuscitata
2707 2205 2760 2258 in
2779 2213 2957 2258 mente
2990 2202 3108 2272 ejus
3127 2203 3458 2258 contritione

1868 2293 2132 2347 humiliati
2163 2293 2362 2356 cordis,
2406 2303 2712 2363 prostratus
2744 2309 2928 2348 coram
2975 2295 3078 2358 eis,
3128 2309 3234 2348 non
3265 2294 3457 2359 semel,

1868 2383 1953 2436 vel
1982 2383 2200 2448 iterum,
2231 2382 2327 2438 sed
2372 2383 2553 2448 tertio,
2591 2392 2683 2437 aut
2712 2383 2965 2454 amplius,
3000 2384 3225 2439 crimina
3255 2399 3456 2453 cogno-

1868 2475 1991 2537 scit,
2041 2475 2255 2529 veniam
2281 2476 2477 2542 poscit,
2539 2475 2798 2528 auxilium
2848 2477 3154 2530 orationum
3178 2486 3455 2544 precatur,

1867 2564 2152 2619 consilium
2193 2565 2406 2634 recipit,
2441 2566 2815 2635 penitentiam
2865 2566 3119 2636 postulat,
3157 2565 3456 2635 iniunctam

1866 2657 1969 2711 sibi
2002 2657 2357 2713 humilitatem
2395 2658 2750 2720 libentissime
2788 2660 3134 2730 impleturum
3158 2661 3449 2730 promittit.

1865 2747 2225 2803 lnnotescitur
2283 2751 2331 2804 ei
2387 2750 2469 2804 lex
2509 2760 2562 2804 et
2612 2751 2745 2804 ordo
2799 2751 3028 2820 publica:
3073 2753 3408 2820 pmnitentim
3437 2794 3449 2806 .

1867 2855 2029 2909 quam
2060 2855 2163 2893 non
2188 2841 2382 2904 renuit,
2432 2841 2526 2894 sed
2557 2841 2624 2895 ad
2667 2841 2847 2895 omnia
2874 2843 3104 2907 annuit;
3136 2857 3200 2897 ac
3233 2844 3454 2897 demum

1871 2930 1890 2968 ί
1926 2931 2172 2999 pervenit
2220 2931 2274 2985 in
2309 2931 2594 2986 ecclesiam
2642 2947 2825 2986 coram
2856 2942 3002 2987 coetu
3044 2933 3302 2999 fidelium,
3329 2945 3456 2989 ante

1866 3017 2036 3073 altare
2065 3028 2121 3073 et
2146 3023 2171 3059 ε
2207 3021 2451 3088 sepulcra
2484 3030 2817 3076 sanctorum.
2874 3021 2940 3076 Et
2961 3030 3267 3091 prostratus
3292 3039 3455 3092 super

1868 3109 2126 3173 cilicium,
2164 3109 2247 3164 bis
2277 3120 2468 3180 terque
2518 3108 2819 3182 quaterque
2865 3111 3148 3168 confessus
3198 3113 3252 3167 in
3282 3114 3458 3168 omni-

165 3209 218 3254 et
249 3209 667 3270 recognosceret
722 3208 841 3252 acta
899 3213 1018 3260 sua,
1085 3211 1207 3266 quae
1272 3196 1533 3249 adversus
1590 3193 1758 3248 Deum

1869 3201 1971 3256 bus
1994 3201 2138 3256 clara
2163 3218 2292 3258 voce
2317 3219 2439 3258 cum
2463 3205 2755 3260 abundanti
2783 3204 3045 3260 eﬂ'usione
3068 3205 3452 3276 lacrymarum,

165 3306 396 3346 currens
447 3305 543 3360 per
583 3289 698 3343 vias
746 3288 1028 3358 pravitatis
1057 3295 1113 3342 et
1147 3286 1424 3356 iniustitiae
1474 3294 1756 3354 exegerat,

167 3397 228 3439 ac
259 3383 521 3450 deinceps
573 3380 874 3451 susciperet
930 3377 1219 3433 consilium
1281 3377 1405 3429 vitae
1453 3384 1506 3430 et
1569 3376 1760 3431 salutis

167 3488 313 3538 suae;
341 3482 610 3542 quatenus
629 3471 768 3538 apud
789 3469 1216 3537 omnipotentem
1240 3465 1486 3522 Judicem
1503 3474 1556 3522 et
1572 3466 1756 3520 Domi-

1868 3293 2128 3361 depositis
2157 3294 2324 3347 armis
2354 3309 2516 3347 manu
2545 3295 2780 3364 propria,
2812 3304 2870 3349 et
2904 3295 2973 3350 ad
3019 3295 3349 3365 crepidinem
3376 3294 3453 3348 al-

1868 3382 2002 3436 taris
2026 3381 2301 3452 proiectis,
2339 3384 2579 3454 suscepit
2602 3391 2785 3441 mente
2828 3392 3149 3455 compuncta
3187 3384 3455 3455 paeniten-

1866 3470 1998 3524 tiam
2024 3471 2296 3542 publicam
2325 3474 2352 3513 h
2391 3487 2491 3544 per
2518 3489 2774 3530 manuum
2807 3475 3194 3547 episc0palium
3233 3475 3454 3545 imposi-

1532 3577 1806 3634 BALUZII
1843 3580 2073 3637 NOTAE.

164 3678 431 3738 chartulis
456 3682 744 3742 msereret,
767 3687 998 3743 eamque
1021 3687 1117 3728 sua
1131 3671 1432 3743 scriptione
1454 3671 1754 3743 roboraret,

164 3760 220 3808 et
262 3750 581 3805 roboratam
624 3741 929 3801 memorato
965 3742 1197 3812 principi
1247 3741 1502 3796 Lothario
1541 3742 1610 3796 ob
1640 3757 1756 3812 me-

167 3821 400 3898 moriam
425 3817 586 3898 huius
615 3815 742 3898 lacti
763 3811 1002 3893 oll‘erret.
1033 3812 1122 3898 Ad
1138 3817 1481 3898 extremum,
1507 3811 1758 3898 omnibus

166 3891 323 3946 nobis
352 3888 449 3957 qui
495 3880 840 3957 interfuimus
861 3882 1059 3957 __visum
1099 3887 1205 3945 est,
1239 3880 1488 3957 omnium
1520 3880 1752 3957 pharm-

165 3949 513 4023 larumfimo
536 3953 669 4010 tanti
697 3951 896 4023 negotii
942 3965 1206 4023 summam
1237 3949 1294 4003 in
1332 3964 1497 4002 unum
1520 3949 1758 4004 breviter

161 4019 509 4095 strictimque
529 4019 843 4095 congerere,
871 4029 974 4076 etc.
1008 4040 1026 4072 ι
1062 4019 1215 4075 Unde
1235 4024 1384 4095 patet
1407 4033 1759 4095 unumquem-

164 4114 266 4169 que
287 4087 608 4169 episcopum
637 4087 937 4169 chartulam
963 4105 1116 4169 suam
1154 4087 1462 4158 porrexisse
1492 4087 1753 4169 Lothario

167 4157 288 4223 ante
321 4157 568 4238 solutam
609 4161 910 4238 synodum;
954 4160 1098 4238 quod
1144 4157 1245 4238 nos
1272 4172 1506 4238 quoque
1552 4157 1753 4213 factum

164 4238 478 4293 monuimus
506 4233 574 4288 ab
597 4227 879 4303 Agabardo
899 4231 951 4284 in
974 4227 1138 4303 titulo
1164 4227 1328 4303 libelli
1358 4228 1530 4303 istius.

233 4319 258 4348 ι
288 4298 688 4374 ϐοηψεηάὶυηῖ,
722 4302 777 4356 in
805 4301 1026 4357 dioecesi
1052 4298 1424 4355 Suessionensi
1467 4298 1650 4364 situm,
1684 4299 1753 4354 ad

165 4374 364 4432 lsaram
391 4373 632 4428 fluvium.

232 4447 259 4486 δ
292 4445 481 4500 Hense
501 4449 710 4506 quarto,
743 4440 796 4494 id
822 4447 926 4501 est,
956 4453 1144 4493 mense
1179 4435 1420 4500 Octobri,
1479 4451 1587 4506 quo
1628 4452 1752 4506 per-

167 4524 280 4574 acta
309 4523 398 4569 est
426 4506 654 4569 nefanda
683 4508 772 4563 illa
801 4508 989 4578 optimi
1035 4506 1296 4578 principis
1321 4507 1709 4578 exauctoratio.

233 4597 255 4625 ε
289 4582 402 4638 Per
429 4573 912 4652 ignaviam_donim‘
941 4573 1226 4652 Ludovici;
1251 4573 1384 4652 Ηςρεξ
1421 4574 1747 4652 perfidorum

162 4653 407 4724 querela,
437 4642 662 4724 regnum
683 4647 1036 4724 Francorum,
1067 4646 1208 4714 quod
1230 4643 1330 4698 sub
1345 4642 1538 4724 caro-lo
1562 4645 1751 4724 ῥίπεηο

164 4713 694 4778 ἰὶηωθηεύπιῖιιθηι
738 4713 1140 4784 amplificatum,
1176 4722 1434 4783 regnante
1478 4713 1749 4770 Ludovico

163 4785 338 4848 i'uere.
373 4792 471 4847 Sic
509 4789 651 4845 enim
680 4787 878 4842 habent
920 4787 1052 4841 Acta
1099 4784 1558 4855 exauctorationis
1593 4785 1745 4855 ejus:

168 4879 186 4911 ε
216 4862 283 4916 Et
302 4861 580 4932 quomodo
608 4859 662 4914 in
690 4872 947 4932 processu
975 4855 1249 4932 temporis,
1283 4869 1379 4925 per
1408 4853 1747 4932 eius_impro-

163 4925 457 4986 videniiam
485 4929 570 4983 vel
614 4925 993 4998 negligentiam
1025 4925 1101 4998 in_
1123 4925 1561 4998 tantam_v_enerit
1605 4925 1751 4998 igno-

166 5002 382 5054 miniam
413 5010 471 5054 et
498 4992 784 5060 vilitate'm,
813 5005 995 5050 utnon
1025 4992 1198 5049 solum
1236 4993 1425 5047 amicis
1463 4993 1516 5047 in
1545 4992 1750 5048 mmsti-

165 5071 309 5128 tiam.
334 5070 434 5125 sed
461 5069 624 5123 etiam
654 5067 886 5122 inimicis
917 5063 1124 5120 venerit
1152 5063 1204 5115 in
1230 5062 1576 5117 derisionem.
1604 5084 1621 5113 ι

229 5139 255 5180 δ
290 5139 399 5194 Per
421 5138 694 5209 legatos“
717 5137 923 5209 missos.
956 5135 1030 5188 lta
1057 5133 1201 5187 enim
1232 5131 1482 5199 inquiunt
1512 5133 1748 5200 episcopi

165 5211 216 5264 in
263 5205 489 5265 eisdem'
521 5206 706 5262 Actis:
737 5224 754 5255 ι
787 5205 896 5260 Nos
925 5215 1101 5258 tamen
1141 5215 1410 5256 memores
1458 5213 1751 5270 ιιι-πτερωθ-

163 5295 280 5333 rum
325 5278 446 5341 Dei,
491 5275 886 5345 ministeriique
934 5274 1123 5337 nostri,
1149 5280 1337 5345 __atque
1366 5271 1749 5345 beneficiorum

162 5349 295 5420 eius,
320 5349 572 5420 dignum
608 5341 860 5420 duximus
888 5353 963 5420 ‘ut
1007 5359 1102 5412 per
1143 5341 1419 5420 licentiam
1465 5342 1750 5420 memorati

164 5411 425 5488 principis
446 5415 698 5488 Lotharii
739 5411 1063 5488 legationem
1090 5412 1157 5466 ad
1203 5411 1350 5464 illum
1390 5425 1455 5464 ex
1507 5411 1747 5488 auctori-

166 5481 272 5544 tate
311 5481 458 5543 sacri
497 5481 816 5541 conventus
836 5485 1192 5544 mitteremus,
1223 5497 1343 5549 qua:
1381 5494 1506 5534 eum
1542 5481 1608 5534 de
1636 5482 1749 5535 suis

166 5559 400 5613 natibus
430 5555 738 5612 admoneat.
761 5574 780 5607 ι

230 5637 251 5662 ⁸
278 5627 509 5682 Libellus
535 5625 706 5680 editus
725 5635 820 5679 est.
847 5624 977 5678 Acta
1000 5619 1454 5676 exauctorationis
1479 5637 1490 5672 :
1521 5638 1538 5670 ι
1576 5618 1752 5687 Super

203 5697 359 5752 uibus
386 5695 710 5760 chartulam,
751 5708 1018 5749 summam
1063 5701 1305 5746 reatuum
1336 5704 1576 5753 suorum,
1598 5690 1750 5760 unde

203 5711 359 5752 ulnus
386 5711 710 5760 cnaruuam,
751 5711 1018 5749 Summam
1063 5711 1305 5746 reatttutn
1336 5711 1576 5753 suorum,
1608 5711 1746 5745 uuae

168 5711 313 5822 ﬂium
352 5765 666 5841 specialiter
710 5766 1104 5832 redarguerem,
1138 5762 1522 5826 continentem,
1559 5759 1612 5815 ei
1651 5759 1746 5814 de-

1863 3676 2076 3752 derunt,
2113 3693 2277 3752 quam
2311 3678 2402 3752 ille
2425 3671 2758 3752 inmanibus
2787 3681 3050 3752 gestabat,
3084 3698 3102 3732 ι
3143 3681 3333 3752 Exstat
3359 3697 3451 3735 ea-

1862 3746 1984 3821 dem
2029 3746 2296 3821 chartula,
2327 3751 2440 3821 sive
2481 3749 2714 3815 libellus,
2747 3746 3361 3821 ui‘vocatAgobardus,
3396 3752 3449 3806 in

1861 3817 2064 3870 eisdem
2093 3816 2265 3883 Actis,
2297 3817 2387 3873 ubi
2413 3819 2465 3872 in
2490 3825 2614 3874 octo
2641 3818 2876 3888 capitula
2902 3816 3108 3874 divisus
3128 3828 3232 3874 est.

1939 3905 1958 3943 τ
2013 3903 2256 3960 Pervenit
2304 3908 2361 3960 in
2409 3906 2703 3962 ecclesiam.
2755 3906 2894 3963 Acta
2941 3909 3444 3965 exauctorationis:

1864 3993 1891 4048 ί
1922 3975 2154 4048 Veniens
2195 3976 2361 4048 igitur
2387 3977 2529 4048 idem
2548 3977 2810 4048 dominus
2853 3977 3190 4048 Lodeuvicus
3216 3979 3268 4033 in
3313 3979 3451 4034 basi-

1858 4045 2016 4099 licam
2063 4054 2264 4101 sancte
2288 4045 2397 4116 Dei
2439 4047 2716 4116 genitricis
2758 4046 2959 4111 Mariae,
3001 4047 3091 4102 ubi
3137 4057 3447 4104 sanctorum

1860 4130 2087 4184 corpora
2144 4115 2495 4184 requiescunt
2537 4115 2774 4171 Medardi
2819 4117 3072 4172 videlicet
3122 4117 3448 4174 Confessoris

1859 4185 2060 4257 Christi
2083 4194 2246 4255 atque
2273 4185 2562 4257 pontiﬁcis,
2601 4200 2701 4257 nec
2723 4200 2832 4242 non
2857 4186 3162 4242 Sebastiani
3193 4197 3448 4257 praestan-

1859 4255 2055 4330 tissimi
2087 4255 2359 4326 martyris,
2391 4264 2494 4311 etc.
2523 4276 2542 4309 ι
2574 4256 2893 4330 Verum,_ne
2912 4257 3120 4330 quisin
3149 4255 3252 4312 hoc
3279 4266 3446 4322 erret,

1856 4325 2000 4395 istud
2037 4325 2312 4395 peractum
2342 4341 2449 4381 non
2478 4333 2563 4380 est
2607 4326 2748 4395 apud
2789 4325 3196 4394 Compendi'um,
3231 4330 3449 4382 tametsi

1858 4394 1966 4467 illic
1989 4394 2168 4467 habita
2197 4394 2359 4467 fuerit
2394 4394 2715 4467 prmdatoria
2745 4395 2834 4450 illa
2871 4395 3146 4467 synodus;
3177 4396 3269 4467 sed
3289 4397 3347 4467 in
3375 4397 3445 4467 ci-

1774 4483 1828 4542 D
1856 4465 2021 4542 vitate
2065 4463 2463 4542 SuessionenSi,
2493 4463 2918 4542 in__mona_sterio
2963 4466 3136 4542 sancti
3174 4464 3442 4542 yedardi,

1853 4534 1941 4590 ubi
1968 4533 2270 4590 Ludovicus
2293 4534 2346 4588 in
2367 4534 2613 4589 custodia
2637 4535 2983 4590 detinebatur
2994 4533 3150 4602 jussu
3174 4533 3440 4590 Lotharii.

1905 4628 1949 4707 .3
1978 4623 2230 4707 Sepulera
2259 4637 2582 4694 sanctorum,
2624 4626 2864 4684 Medardi
2892 4627 3146 4682 videlicet
3189 4636 3246 4682 et
3274 4628 3441 4684 Seba-

1851 4697 2031 4750 stiani.

1922 4788 1945 4859 l3
1982 4786 2088 4859 Per
2105 4804 2356 4859 manuum
2383 4805 2538 4859 epist.
2563 4805 2751 4859 impos.
2781 4788 2915 4844 Acta
2945 4790 3439 4859 exauctorationis:

1858 4875 1875 4906 ‹
1916 4856 2117 4929 Deinde
2143 4856 2419 4929 cingulum
2444 4856 2654 4929 militiae;
2664 4859 2958 4929 deposuit,
3002 4865 3066 4929 et
3085 4873 3246 4929 super
3272 4858 3444 4912 altare

1849 4927 2170 4991 collocavit;
2201 4927 2255 4982 et
2282 4927 2466 4997 habitu
2498 4927 2678 4982 saeculi
2706 4943 2765 4982 se
2799 4941 3023 4991 exuens,
3056 4927 3297 4982 habitum
3328 4941 3442 4997 pm-

1852 4996 2075 5050 nitentis
2089 5012 2194 5118 Ber
2217 4996 2608 5066 impositioném
2636 5012 2892 5052 manuum
2915 4998 3290 5067 episcoporum
3319 4996 3442 5050 Sus-

1852 5066 2008 5118 renit.
2038 5085 2056 5116 ι
2131 5075 2371 5118 eractum
2420 5065 2472 5118 id
2502 5065 2711 5118 facinus
2749 5067 2816 5118 ab
2843 5066 3062 5118 Ebbone
3085 5066 3442 5118 archiepisco-

1850 5066 2056 5136 Cepit.)
2089 5065 2371 5120 Peractum
2420 5065 2472 5119 id
2502 5065 2711 5121 facinus
2749 5067 2816 5136 ab
2843 5065 3062 5121 Ebbone
3085 5065 3443 5136 archiepisco-

1850 5151 1917 5205 po
1965 5134 2273 5199 Rhemcnsi,
2330 5142 2387 5205 ut
2431 5144 2583 5205 patet
2628 5152 2695 5191 ex
2747 5135 3070 5192 Narratione
3113 5134 3435 5205 clericorum

1857 5205 2238 5260 lthcmensium
2267 5206 2333 5259 de
2353 5204 2688 5274 depositione
2709 5221 2773 5261 ac
2796 5207 3140 5260 restitutione
3163 5204 3428 5260 Ebbonis:

1857 5293 1874 5323 σ
1916 5275 2207 5330 Lotharius
2233 5274 2458 5330 veniens
2494 5289 2592 5344 per
2618 5274 2917 5346 imperialia
2965 5274 3183 5346 palatia,
3214 5274 3438 5327 adduxit

1852 5358 2033 5400 secum
2063 5355 2269 5414 patrem
2314 5359 2475 5414 suum
2503 5358 2674 5413 usque
2696 5344 3026 5414 'Suessionis
3053 5344 3137 5414 ad»
3161 5353 3436 5414 monaste-

1853 5417 1990 5468 rium
2019 5412 2079 5469 S.
2112 5413 2367 5470 Medardi.
2401 5412 2603 5482 Ibique,
2645 5413 2987 5469 hortantibus
3028 5422 3085 5468 et
3118 5412 3437 5481 iubentibus

1851 5486 2062 5539 caeteris
2088 5485 2352 5552 episcopis
2391 5498 2483 5538 seu
2527 5484 2856 5553 primoribus
2894 5484 3058 5553 regni,
3105 5491 3327 5536 coactus
3351 5493 3432 5536 est

1853 5556 2018 5618 Ebbo,
2050 5556 2175 5623 quia
2200 5556 2252 5609 in
2280 5554 2497 5608 dioecesi
2524 5569 2642 5622 eius
2670 5563 2803 5616 erat,
2839 5553 2910 5607 illi
2953 5553 3231 5622 imponere
3260 5553 3433 5623 publi-

1851 5641 1968 5679 cam
2006 5619 2394 5692 ptenitentiam.
2429 5619 2581 5676 Unde
2618 5623 2847 5692 nimiam,
2881 5631 2935 5675 et
2979 5619 3294 5692 perpetuam
3317 5619 3433 5692 eius

1853 5689 2075 5751 incuri-it
2101 5693 2378 5750 offensam.
2404 5713 2421 5744 ι
2468 5693 2597 5747 Vide
2623 5694 2784 5747 etiam
2812 5689 3124 5764 Theganum
3153 5706 3269 5762 cap.
3303 5689 3391 5745 ιι.
