3930 6332
479 312 589 372 59.5

1482 311 1538 366 S.
1576 308 1925 367 AGOBARDl
1963 309 2273 369 EPISCOPI
2311 310 2800 368 LUGDUNENSIS

3680 308 3780 369 δη

483 429 705 486 tionem,
739 438 864 479 cum
911 422 1134 493 psalmis
1155 429 1213 477 et
1261 422 1619 477 orationibus.
1682 420 1884 491 Sicque
1910 419 2076 490 depo-
2102 425 2155 485 Α
2182 431 2366 479 tatem;
2398 423 2495 479 His
2524 424 2691 495 gestis
2718 438 2819 494 ego
2839 421 3159 494 Agobardus
3208 420 3465 495 indignus
3494 423 3783 496 episcopus

482 520 589 574 sito
619 517 806 573 habitu
826 515 1082 585 pristino,
1117 522 1176 569 et
1199 520 1478 584 assumpto
1520 513 1707 568 habitu
1737 510 2074 583 ptenitentis,

483 607 869 680 congratulans
902 614 959 661 et
988 605 1289 673 conﬁdens,
1319 603 1559 677 postulat
1584 601 1817 674 piissimi
1842 601 2081 673 pastoris

481 700 724 754 humeris
753 698 941 753 reduci
974 712 1032 753 se
1058 696 1126 751 ad
1164 696 1402 752 inventae
1428 703 1484 751 et
1510 694 1803 764 redemptae
1822 696 1943 749 evts
1966 692 2086 747 uni-

2186 516 2431 582 interlui,
2464 524 2519 572 et
2540 516 2855 571 melioribus
2884 528 3192 571 consonans
3228 523 3285 571 et
3317 516 3677 573 consentiens
3697 514 3788 587 jn-

2187 607 2382 673 dicavi,
2411 617 2467 664 et
2488 623 2651 662 manu
2675 607 2895 678 propria
2925 606 3144 677 signans
3171 604 3492 677 subscripsi.

1683 953 2569 1070 AGOBARDI

681 1178 1075 1245 EPISTULA
1120 1178 1232 1240 AD
1274 1176 1661 1241 EBBONEM
1703 1176 2158 1241 EPISCOPUM
2199 1176 2734 1251 RHEMENSEM,
2780 1180 2888 1240 DE
2930 1180 3071 1241 SPE
3112 1178 3217 1241 ET
3262 1179 3602 1243 TIMORE.

558 1417 1094 1489 Magniﬁcentissimo
1124 1431 1191 1472 ac
1238 1416 1707 1473 desideratissimo
1759 1416 1959 1471 domno
1984 1429 2085 1485 pa-

488 1510 557 1564 tri
588 1519 643 1563 et
695 1506 854 1562 fratri
906 1506 1116 1562 Ebboni
1170 1506 1434 1562 Ecclesia:
1471 1506 1803 1561 Rhemorum
1832 1504 2087 1575 episcopo

485 1597 807 1670 Agobardus
832 1596 891 1653 in
918 1595 1149 1651 Domino
1175 1596 1286 1650 Deo
1325 1603 1583 1653 internum
1612 1594 1863 1650 salutem.

563 1688 698 1743 Cum
729 1687 964 1758 quadam
991 1686 1079 1743 die
1106 1686 1263 1741 valde
1301 1686 1573 1756 diligenda
1593 1726 1607 1752 ,
1645 1685 1959 1741 honoranda
1998 1693 2081 1737 at-

484 1794 593 1849 que
614 1778 887 1836 laudanda
917 1778 1132 1833 devotio
1160 1786 1248 1831 tua
1285 1778 1557 1847 praecipue
1597 1778 1730 1832 milii
1758 1775 1865 1850 (cui
1890 1776 2083 1847 gratis,

488 1873 541 1927 id
570 1879 672 1936 est,
701 1871 905 1940 absque
934 1870 1149 1934 merito,
1183 1867 1298 1923 sola
1348 1876 1439 1922 tua
1469 1876 1523 1922 te
1552 1856 1886 1938 benignitate
1924 1865 2085 1921 insti-

487 1972 671 2035 gante,
703 1962 851 2033 piam
870 1962 1174 2016 amicitiam
1225 1960 1513 2032 impendis)
1545 1970 1597 2016 et
1627 1962 1878 2016 manibus
1908 1969 2088 2031 gesta-

490 2063 568 2109 ret
598 2061 655 2107 et
675 2066 771 2108 ore
819 2051 1091 2122 proferret
1136 2067 1197 2107 ea
1231 2067 1352 2121 qua:
1378 2052 1447 2107 ad
1480 2052 1892 2107 aediﬁcationem
1919 2053 2087 2106 bona—

487 2161 609 2200 rum
642 2145 907 2199 mentium
937 2143 1232 2213 pertinent,
1262 2150 1633 2213 cognoveruut
1668 2143 1763 2212 qui
1788 2151 2087 2213 presentes

376 2300 383 2305 ν
488 2235 716 2290 aderant
745 2232 1156 2288 solertissimam
1183 2233 1542 2290 intentionem
1566 2239 1716 2287 tuam
1746 2232 1885 2288 velle
1901 2248 2086 2301 secum

487 2342 707 2398 semper
735 2325 938 2381 habere
969 2325 1037 2379 de
1076 2323 1377 2395 Scripturis
1419 2325 1618 2381 divinis
1643 2324 1853 2395 aliqua,
1879 2325 1934 2380 in
1964 2325 2088 2395 qni-

486 2418 589 2472 bus
617 2431 726 2472 non
770 2415 944 2470 solum
980 2416 1033 2468 in
1062 2430 1264 2483 equum
1316 2414 1637 2479 ascendens,
1691 2414 1788 2468 sed
1817 2414 1981 2469 etiam
2019 2416 2085 2470 de

486 2523 630 2579 equo
656 2507 1010 2571 descendens,
1066 2521 1167 2575 pro
1200 2504 1336 2559 locis
1381 2512 1436 2560 et
1467 2503 1805 2574 temporibus
1827 2519 2086 2575 congruae

487 2598 815 2669 quantitatis
842 2597 1141 2653 secundum
1167 2597 1389 2650 beatum
1410 2594 1612 2660 virum,
1636 2594 1724 2665 qui
1748 2610 1854 2647 non
1875 2594 2004 2648 abiit
2028 2594 2085 2648 in

488 2688 711 2745 consilio
750 2688 1059 2759 impiorum,
1096 2687 1151 2741 in
1197 2687 1316 2756 lege
1348 2685 1561 2740 Domini
1608 2685 1953 2740 meditareris
1997 2684 2085 2741 die

487 2795 553 2835 ac
582 2786 742 2835 nocte
766 2796 781 2845 ;
807 2786 1076 2848 quatenus
1094 2792 1220 2832 vere
1245 2791 1367 2832 esse
1382 2776 1559 2846 possis
1587 2785 1849 2846 tanquam
1876 2776 2081 2848 lignum

482 2869 640 2938 juxta
670 2870 872 2925 ﬂuenta
914 2870 1322 2939 Scripturarum
1361 2868 1688 2937 plantatum,
1712 2867 1867 2936 cujus
1900 2869 2079 2923 omnia

487 2970 880 3033 prosperantur
909 2977 1031 3029 quae
1060 2960 1194 3015 facit
1227 2980 1239 3013 :
1278 2969 1331 3016 et
1357 2976 1478 3030 quae
1504 2960 1639 3017 facit
1660 2962 1683 3014 ἲ
1708 2962 1897 3031 utique
1920 2969 2078 3031 poma

486 3061 541 3108 et
568 3051 717 3119 folia,
767 3069 887 3123 qua!
920 3052 1292 3123 intelliguntur
1338 3053 1483 3143 tacta
1534 3062 1589 3107 et
1620 3054 1798 3119 dicta;
1831 3062 2079 3143 utpoma
2108 3082 2153 3143 ρ

489 3144 599 3199 sint
628 3144 684 3198 in
720 3144 952 3207 actibus,
1010 3143 1137 3197 folia
1168 3144 1221 3197 in
1268 3138 1481 3209 verbis;
1513 3143 1668 3212 cujus
1710 3143 1840 3214 ligni
1889 3142 2078 3199 folium

487 3250 594 3290 non
626 3233 850 3290 deﬂuit:
885 3235 1009 3304 quia
1051 3235 1371 3303 (secundum
1417 3236 1560 3303 quod
1603 3235 1869 3306 scriptum
1899 3244 1985 3292 est
2015 3237 2082 3291 de

488 3323 763 3390 Samuele,
816 3325 940 3379 Non
970 3325 1111 3379 cadit
1140 3325 1205 3380 de
1248 3325 1490 3379 omnibus
1529 3327 1855 3381 sermnibus
1885 3327 2001 3397 ejus
2026 3329 2084 3383 in

489 3418 661 3489 terra)
716 3426 874 3474 curat
913 3417 1177 3481 sollicite,
1216 3434 1284 3472 ne
1329 3418 1460 3487 quid
1506 3416 1759 3472 frivolum
1791 3419 1875 3474 vel
1922 3419 2084 3475 inane

490 3509 754 3578 proferat,
786 3509 933 3579 quod
961 3508 1231 3565 oblivione
1282 3510 1460 3579 potius
1487 3524 1651 3579 quam
1705 3510 1968 3565 memoria
1997 3512 2083 3567 di-

490 3617 655 3671 gnum
693 3602 782 3655 sit.
816 3599 912 3655 Sic
960 3601 1107 3658 enim
1142 3599 1436 3671 Apostolus
1470 3600 1785 3655 unanimem
1830 3601 2085 3657 comitem

493 3692 735 3755 instruit,
765 3691 951 3746 dicens
978 3709 990 3744 :
1026 3690 1244 3760 Ineptas
1272 3699 1447 3744 autem
1475 3700 1521 3743 et
1554 3689 1720 3745 aniles
1754 3690 1965 3761 fabulas
1996 3691 2085 3745 de-

490 3782 597 3834 vita
621 3798 639 3845 ;
678 3788 733 3833 et
764 3780 959 3833 iterum
990 3779 1238 3849 praecipiet
1287 3778 1616 3833 denuntiare
1653 3779 1998 3846 quibusdam,
2023 3796 2086 3834 ne

490 3869 765 3924 intendant
837 3868 1032 3939 fabulis
1079 3879 1128 3923 et
1179 3868 1498 3940 genealogiis
1550 3870 1922 3933 interminatis,
1967 3887 2086 3941 qua:

492 3962 803 4031 qumstiones
828 3969 1083 4031 prtestant
1130 3961 1300 4031 magis
1340 3976 1499 4031 quam
1532 3959 1938 4028 mdificationem
1967 3978 2086 4034 quae

492 4059 568 4103 est
595 4051 650 4103 in
701 4049 826 4119 ﬁde.
862 4048 932 4105 Et
964 4050 1161 4105 iterum
1190 4068 1202 4103 :
1234 4046 1477 4116 Profana
1531 4056 1708 4105 autem
1761 4058 1809 4103 et
1850 4050 2083 4106 inanilo-

492 4140 617 4208 quia
647 4140 842 4193 devita.
886 4138 941 4192 Μ
948 4138 1117 4192 ultum
1146 4140 1285 4193 enim
1313 4137 1600 4207 proﬁciunt
1623 4140 1691 4194 ad
1738 4141 2083 4211 impietatem,

495 4240 541 4284 et
571 4246 740 4283 sermo
764 4246 945 4284 eorum
974 4237 1031 4281 ut
1059 4243 1247 4282 cancer
1280 4229 1461 4297 serpit.
1498 4272 1505 4280 .

566 4320 737 4390 Igitur
796 4320 905 4374 Deo
966 4320 1158 4374 devota
1209 4326 1263 4373 et
1298 4317 1473 4374 ﬁdelis
1530 4320 1791 4376 sanctitas
1824 4328 1914 4376 tua
1960 4336 2083 4376 cum

500 4411 627 4466 mihi
655 4411 971 4481 dignaretur
1016 4408 1142 4463 talia
1185 4410 1445 4480 pandere,
1479 4418 1798 4481 suggestum
1832 4419 1968 4467 esta
1997 4426 2085 4466 me

512 4513 552 4556 tt
577 4504 630 4557 in
677 4502 869 4572 primis
919 4501 1143 4569 iuberes
1180 4502 1277 4556 tibi
1328 4503 1572 4559 scribere
1630 4504 1685 4557 in
1720 4504 1909 4558 eodem
1936 4504 2081 4572 quod

496 4592 746 4665 gestabas
809 4593 1181 4657 Enchiridion,
1238 4594 1307 4648 de
1368 4593 1569 4648 divinis
1611 4594 1763 4649 libris
1809 4595 2007 4649 arduas
2030 4603 2086 4647 et

495 4684 741 4740 difﬁciles
764 4686 1063 4739 sententias
1086 4685 1155 4738 ad
1183 4684 1613 4749 observandum,
1648 4699 1769 4753 quae
1799 4685 2083 4753 praecipuae

496 4784 625 4828 sunt
651 4776 717 4829 ad
746 4775 1127 4844 deprimendas
1148 4790 1246 4845 per
1268 4775 1516 4828 timorem
1541 4782 1751 4828 mentes
1779 4775 2079 4840 hominum,

497 4880 565 4919 ne
597 4865 798 4919 elevari
848 4864 1057 4935 possint
1112 4866 1166 4918 in
1228 4879 1423 4917 vanam
1487 4866 1995 4934 praesumptionem;
2029 4875 2085 4919 et

501 4955 583 5009 his
608 4952 700 5008 diu
739 4954 1129 5024 diligenterque
1158 4954 1482 5023 perspectis,
1506 4953 1729 5021 juberes
1758 4956 1975 5010 demum
2008 4967 2087 5010 ta-

502 5044 569 5099 lia
597 5062 715 5115 qum
742 5047 1054 5100 viderentur
1080 5062 1337 5116 congrua,
1372 5060 1395 5086 ει
1430 5048 1649 5117 proprio
1699 5048 1939 5103 inserere
1969 5068 2081 5103 nn-

2195 1410 2364 1466 nuali.
2399 1410 2644 1482 Cumque
2669 1411 2787 1466 haec
2819 1425 2921 1482 ego
2974 1412 3393 1484 suggessissem,
3440 1414 3705 1486 dignatus
3726 1430 3789 1473 es

2193 1502 2509 1573 praecipere,
2547 1510 2609 1556 ut
2643 1517 2745 1573 ego
2773 1502 3088 1559 inchoarem
3118 1503 3261 1560 sicut
3290 1504 3425 1571 mihi
3470 1505 3786 1571 videbatur,

2192 1600 2248 1645 et
2276 1580 2551 1666 sanctitati
2585 1602 2691 1649 tuae
2716 1594 3061 1665 dijudicanda
3098 1597 3551 1655 transmitterem.
3597 1597 3788 1654 Omnis

2193 1681 2376 1750 itaque
2405 1680 2681 1753 Scriptura
2746 1684 3024 1750 divinitus,
3082 1695 3141 1741 ut
3176 1687 3253 1742 ait
3276 1686 3590 1759 Apostolus,
3618 1690 3788 1761 inspi—

2156 1769 2159 1793 '
2190 1779 2326 1833 rata,
2370 1769 2517 1824 utilis
2543 1782 2617 1825 est
2645 1771 2713 1825 ad
2761 1772 3080 1839 docendum,
3131 1775 3201 1828 ad
3249 1778 3642 1847 corripiendum
3667 1818 3684 1843 ,
3718 1782 3789 1833 ad

2186 1861 2534 1920 erudiendum
2555 1863 2611 1917 in
2634 1862 2872 1932 justitia,
2902 1874 2961 1919 ut
2986 1865 3251 1936 perfectus
3273 1868 3342 1923 sit
3380 1870 3535 1924 homo
3565 1869 3687 1933 Dei,
3719 1872 3790 1925 ad

2187 1965 2337 2004 omne
2366 1967 2495 2021 opus
2536 1952 2729 2006 bonum
2756 1954 3067 2010 instructus.
3100 1955 3231 2023 Quae
3284 1957 3588 2031 Scriptura,
3619 1969 3790 2019 tanta:

2185 2042 2569 2109 perpetuitatis
2603 2051 2708 2108 est,
2738 2052 2801 2099 ut
2837 2053 3028 2100 auctor
3080 2046 3244 2113 illius,
3272 2051 3607 2121 sempiterna
3627 2051 3791 2108 Veri-

2187 2137 2288 2195 tas,
2317 2128 2555 2186 Verbum
2579 2139 2634 2188 et
2656 2133 2922 2205 sapientia
2946 2135 3145 2204 Patris,
3176 2136 3521 2198 Dominus'et
3554 2144 3790 2202 Redem-

2186 2227 2311 2292 ptor
2366 2228 2556 2277 noster
2616 2230 2849 2281 testetur
2893 2224 2959 2280 de
2989 2226 3101 2292 illa,
3152 2227 3385 2287 dicens:
3441 2230 3689 2294 Facilius
3706 2246 3787 2302 est

2186 2310 2372 2365 uelum
2401 2321 2462 2367 et-
2473 2322 2671 2371 terram
2700 2314 2948 2381 transire,
2978 2332 3137 2387 quam
3170 2318 3235 2373 de
3256 2318 3367 2391 lege
3393 2338 3559 2377 unum
3580 2326 3785 2396 apicem

2186 2403 2390 2463 cadere.
2424 2403 2493 2458 Et
2513 2404 2713 2459 iterum
2739 2422 2751 2459 :
2783 2405 2983 2461 Calain
3008 2418 3058 2462 et
3085 2416 3229 2463 terra
3274 2414 3598 2481 transibunt,
3628 2418 3787 2472 verba

2186 2514 2303 2553 vero
2325 2514 2443 2553 mea
2473 2514 2578 2556 non
2597 2498 2875 2555 transient.
2902 2489 3148 2572 Cumque
3168 2504 3286 2580 haec
3304 2508 3570 2575 perennia
3593 2511 3786 2577 verba,

2184 2590 2343 2660 plena
2373 2589 2487 2648 sint
2516 2591 2723 2662 regulis
2761 2608 2995 2660 morum,
3025 2609 3091 2650 ac
3143 2595 3580 2667 disciplinarum,
3617 2609 3789 2673 atque

2185 2683 2471 2749 virtutum.
2504 2685 2706 2753 ορωείε,
2738 2692 2794 2740 et
2824 2683 2969 2751 ﬁdei,
3017 2687 3385 2749 intercztera
3418 2700 3640 2747 exstant
3666 2692 3785 2751 dua?

2187 2786 2275 2826 res
2310 2770 2527 2840 penitus
2556 2774 2883 2833 necessariae
2913 2777 3278 2834 moderationi
3303 2781 3567 2836 mentium
3593 2782 3787 2839 buma-

2187 2876 2403 2927 narum,
2440 2862 2496 2919 id
2526 2872 2630 2929 est,
2656 2880 2781 2937 spes
2824 2872 2881 2920 et
2921 2866 3108 2934 timor,
3157 2869 3227 2925 de
3260 2871 3459 2940 quibus
3488 2875 3789 2932 sacerdoti.

2187 2954 2289 3009 bus
2315 2962 2374 3009 et
2414 2956 2657 3012 omnium
2708 2957 2952 3028 plebium
2986 2960 3301 3018 doctoribus
3348 2962 3613 3021 Dominus
3677 2983 3790 3039 my-

2187 3046 2321 3101 stice
2358 3060 2456 3117 per
2488 3046 2662 3119 legem
2696 3050 2947 3120 praecipit
2992 3053 3219 3109 dicens:
3256 3053 3380 3109 Non
3429 3057 3640 3125 auferes
3672 3059 3781 3115 (occ

2189 3137 2425 3207 pignoris
2459 3140 2783 3210 superiorem
2813 3151 2862 3196 et
2891 3142 3194 3212 inferiorem
3225 3145 3446 3201 molam.
3465 3145 3599 3214 Quae
3630 3151 3781 3205 mola

2190 3230 2319 3287 licet
2341 3240 2637 3303 utrumque
2677 3242 3059 3293 testamentum
3098 3248 3246 3295 recte
3280 3240 3517 3313 ﬁgurare
3546 3245 3783 3313 possint.

2191 3320 2772 3391 intelligunturtamen
2822 3327 3033 3383 utiliter
3060 3344 3183 3399 spes
3236 3337 3292 3385 et
3325 3333 3519 3398 timor;
3556 3342 3621 3389 ut
3650 3334 3785 3391 infe—

2191 3415 2305 3469 rior
2357 3414 2572 3471 dicatur
2617 3418 2799 3484 timor,
2858 3421 3111 3491 superior
3159 3437 3303 3492 spes.
3336 3424 3434 3480 Cui
3458 3436 3652 3482 autem
3682 3444 3783 3483 una

2192 3505 2456 3571 defuerit,
2487 3506 2717 3562 farinam
2757 3507 2939 3564 facere
2962 3525 3068 3566 non
3099 3521 3317 3581 potest:
3352 3516 3480 3585 quia
3513 3516 3568 3571 in
3604 3525 3787 3573 mente

2192 3609 2287 3649 sua
2329 3595 2461 3649 nihil
2486 3611 2679 3651 sanum
2702 3606 3044 3668 pertractare
3069 3608 3265 3671 potest,
3304 3618 3465 3672 quem
3496 3612 3593 3662 aut
3625 3606 3787 3661 liuor

2190 3686 2308 3740 sine
2333 3701 2428 3755 spe
2475 3687 2695 3755 premit,
2736 3697 2832 3751 aut
2858 3703 2987 3758 spes
3035 3690 3152 3745 sine
3188 3690 3383 3748 timore
3406 3692 3572 3757 levat.
3634 3694 3785 3751 Unde

2189 3776 2477 3833 Psalmista
2510 3778 2572 3833 in
2594 3787 2892 3851 utrumque
2931 3782 3267 3854 conjungens
3312 3784 3489 3841 dicit:
3526 3785 3785 3858 Bennpla—

2185 3868 2350 3922 ‘citum
2374 3878 2451 3923 est
2480 3868 2706 3923 Domino
2732 3886 2890 3939 super
2916 3872 3155 3927 timentes
3202 3889 3345 3939 eum,
3369 3884 3419 3927 et
3467 3875 3521 3929 in
3565 3876 3648 3930 eis
3690 3878 3779 3948 qui

2189 3970 2399 4029 sperant
2427 3977 2588 4031 super
2615 3961 2981 4019 misericordia
3012 3962 3149 4033 ejus.
3185 3962 3353 4021 Iudas
3387 3966 3625 4038 denique
3651 3984 3783 4039 pro-

2190 4049 2352 4113 ditor,
2385 4059 2507 4120 post
2550 4050 2888 4105 Dominicam
2953 4054 3324 4119 traditionem,
3363 4057 3489 4124 quia
3534 4057 3663 4112 sine
3688 4072 3781 4128 spe

2193 4141 2391 4205 timuit,
2429 4142 2617 4196 dicens
2646 4162 2657 4196 :
2707 4140 2924 4197 Peccavi
2952 4144 3167 4199 tradens
3213 4148 3524 4218 sanguinem
3546 4148 3777 4217 justum,

2190 4229 2309 4285 ideo
2334 4230 2519 4285 abiens
2564 4230 2758 4301 laqueo
2794 4235 3180 4304 selsuspendit,
3218 4245 3277 4290 et
3312 4237 3524 4305 crepuit
3549 4239 3781 4301 medius,

2187 4329 2351 4391 atque
2376 4321 2545 4377 effusa
2600 4332 2726 4377 sunt
2749 4324 2960 4378 viscera
3002 4324 3138 4393 ejus.
3174 4327 3215 4380 E
3244 4328 3521 4382 contrario
3573 4340 3776 4389 autem.

2189 4416 2314 4485 quia
2348 4417 2466 4472 sine
2520 4418 2715 4473 timore
2744 4419 2857 4473 sola
2910 4435 3005 4490 spe
3059 4422 3416 4477 elevabantur
3446 4424 3522 4479 illi
3547 4427 3644 4494 qui
3680 4427 3781 4481 Do-

2191 4508 2337 4562 mino
2371 4510 2789 4581 respondebant,
2848 4510 3039 4567 Semen
3086 4513 3313 4568 Abrahae
3352 4533 3557 4584 sumus,
3593 4528 3645 4572 et
3692 4534 3777 4572 ne-

2191 4600 2318 4652 mini
2345 4600 2645 4654 servivimus
2693 4619 2949 4671 unquam,
3002 4604 3279 4676 dedignati
3308 4617 3439 4663 sunt
3468 4611 3700 4666 credere
3728 4612 3777 4666 in

2192 4690 2551 4754 Salvatorem,
2579 4692 2703 4761 quia
2742 4697 3143 4761 praesumebant
3175 4714 3281 4753 non
3314 4714 3372 4753 se
3398 4714 3521 4755 esse
3569 4702 3781 4757 salvan-

2192 4780 2308 4846 dos,
2338 4780 2432 4835 sed
2462 4782 2698 4838 salvatos
2731 4801 2742 4835 :
2782 4782 2937 4851 cujus
2962 4786 3040 4839 rei
3070 4789 3335 4858 exemplis
3371 4796 3483 4843 tota
3506 4799 3591 4845 est
3620 4793 3775 4862 plena

2194 4870 2475 4942 Scriptura
2505 4874 2705 4928 divina.
2745 4874 2971 4947 Semper
3023 4888 3205 4934 autem
3243 4896 3465 4937 necesse
3495 4892 3582 4938 est
3608 4893 3670 4938 ut
3698 4886 3777 4939 ha:

2194 4965 2313 5020 dum
2348 4966 2503 5019 mola
2531 4965 2768 5022 ﬁdelium
2793 4969 3069 5025 mentibus
3099 4972 3442 5027 incessanter
3477 4976 3694 5041 adsint;
3720 4983 3775 5030 ut

2184 5054 2309 5122 quia
2349 5069 2471 5123 spes
2501 5056 2740 5110 animum
2774 5072 2989 5128 semper
3020 5061 3201 5131 erigit,
3240 5069 3416 5117 metus
3447 5073 3630 5118 autem
3655 5080 3773 5135 pre-

1883 5141 2154 5197 BALUZII
2196 5143 2428 5199 NOTAE.

575 5243 598 5269 ε
635 5228 857 5303 Propria
885 5230 1399 5303 inserere__manuali_,
1430 5231 1483 5284 id
1508 5238 1614 5303 est,
1635 5230 1795 5303 libro,
1832 5235 1923 5303 qui
1951 5248 2091 5289 sem-

501 5307 703 5381 pernest
724 5298 1073 5381 inmanibus.
1107 5299 1255 5381 linde
1275 5301 1611 5381 sicloquitur
1631 5301 1746 5381 ipse
1770 5298 2090 5381 Agbba'rdus

504 5368 557 5425 in
591 5370 696 5423 line
734 5368 891 5422 istius
936 5369 1177 5437 epistolae
1205 5388 1215 5422 :
1244 5388 1261 5418 ι
1321 5368 1551 5425 Maxime
1589 5368 1714 5439 quia
1765 5368 1943 5428 et'vos
1982 5374 2089 5429 tale

502 5439 619 5493 fieri
651 5439 887 5508 iussistis
915 5456 1072 5508 opus,
1120 5440 1261 5507 quod
1306 5442 1577 5562 paulisper
1620 5457 1780 5495 manu
1825 5454 2084 5512 gestetur,

506 5524 611 5562 non
661 5508 802 5562 quod
852 5510 905 5562 in
955 5511 1190 5562 armario
1240 5526 1303 5562 ve
1375 5511 1427 5562 in
1470 5511 1667 5562 scrinio
1696 5523 2018 5562 reservatur.
2060 5535 2077 5562 ι

506 5524 611 5563 non
661 5508 802 5576 quod
852 5510 905 5562 in
955 5511 1190 5563 armario
1240 5508 1324 5564 vel
1375 5511 1427 5564 in
1470 5508 1667 5565 scrinio
1696 5508 2018 5568 reservetur.
2060 5535 2077 5565 ι

502 5578 859 5643 Quamobrem
880 5579 1154 5640 Duodena,
1188 5578 1450 5633 llernardi
1473 5580 1623 5635 ducis
1650 5597 1803 5641 uxor.
1835 5599 1954 5637 cum
1976 5600 2063 5638 mt-

503 5649 610 5700 nita
640 5648 899 5702 scriberet
924 5648 988 5701 ad
1019 5648 1185 5703 ﬁlium
1216 5665 1369 5703 suum
1417 5649 1762 5711 Willclmunt,
1796 5650 1991 5708 librum
2023 5655 2084 5708 il-

2195 5237 2464 5314 yanualis
2496 5239 2787 5314 Duodenm,
2815 5258 2964 5311 quem
3004 5248 3116 5314 ipsa
3141 5247 3281 5300 misit
3321 5247 3390 5300 ad
3425 5246 3597 5314 ﬁlium
3624 5264 3771 5302 suum

2194 5306 2535 5361 Willelmum.
2572 5310 2793 5365 Viderat
2822 5306 2985 5366 unum
3024 5306 3148 5369 libri
3187 5316 3341 5371 istius
3379 5306 3659 5373 eiemnlar
3696 5320 3772 5373 vir

2192 5377 2524 5434 clarissimus
2569 5378 2866 5436 Gulielmus
2914 5382 3149 5440 Catellus
3193 5394 3412 5441 senator
3456 5377 3766 5443 Tolosanus.

2189 5445 2345 5524 aliud
2370 5463 2503 5524 yero
2540 5464 2641 5524 nos
2685 5451 2773 5524 diu
2807 5453 3091 5524 habuimus
3132 5455 3184 5508 in
3227 5463 3513 5524 potestate,
3564 5457 3769 5517 vivente

2194 5517 2693 5597 illustrissimo_viro
2715 5521 2873 5576 Petro
2901 5524 2965 5576 de
2993 5522 3169 5597 Marce
3197 5517 3610 5597 archiepiscopo
3632 5526 3767 5581 Pari-

2191 5588 2381 5659 siensi,
2405 5589 2495 5658 qui
2547 5589 2669 5643 illud
2717 5600 2903 5659 postea
2948 5597 3089 5649 cono
3128 5594 3275 5651 dedit
3314 5588 3621 5652 clarissimo
3658 5597 3765 5650 vim

2182 5657 2379 5737 domno
2412 5659 2568 5714 Lucae
2598 5657 2860 5737 pacherio
2887 5664 3150 5719 monacho
3177 5663 3525 5722 Benelictino
3555 5682 3763 5737 congre-

484 5722 598 5771 lnm
627 5719 951 5771 monitorum
982 5720 1253 5787 inscripsit
1286 5719 1547 5786 Manuale,
1577 5721 1677 5776 hoc
1704 5730 1894 5778 modo:
1930 5724 2087 5777 Liber
2182 5728 2413 5797 gationis
2444 5730 2615 5784 sancti
2656 5730 2846 5786 Mauri.
