3930 6314
174 284 273 342 3'25

1280 289 1480 346 LIBER
1522 289 1607 343 DE
1648 285 1878 342 DIVINA
1918 284 2333 345 PSALMODIA.

3349 295 3457 353 3:26

173 402 285 464 mit,
314 409 367 456 et
396 409 574 458 metus
610 417 757 473 spem
782 408 838 457 et
871 416 997 473 spes
1025 409 1287 472 temperet
1318 410 1551 466 metum;
1588 417 1651 456 ac
1689 415 1755 455 nc
1786 406 1835 463 Α
1860 399 2025 455 lutem
2056 418 2365 473 operemur,
2420 412 2476 460 et
2508 420 2698 462 omnes
2752 407 2938 464 fideles
2972 410 3201 465 salutem
3240 414 3451 471 deside-

172 508 289 564 spes
317 493 371 547 in
414 494 720 565 superbiam
774 494 971 562 erigat,
1004 502 1182 548 metus
1212 494 1469 549 continuo
1505 493 1758 564 adjacens

172 592 405 641 mentem
462 594 713 656 premat;
750 600 984 650 rursum,
1024 601 1092 641 ne
1141 586 1532 641 immoderatus
1581 595 1757 642 metus

168 677 407 731 animum
436 678 489 731 in
525 677 957 747 desperationem
1006 679 1227 743 obruat,
1283 679 1427 733 hunc
1468 676 1756 733 confestim

167 784 288 839 spes
334 770 527 839 erigat.
562 767 737 822 Metus
789 782 1040 838 namque,
1074 768 1117 823 si
1150 769 1268 824 sine
1303 782 1397 838 spe
1427 768 1633 833 fuerit,
1662 768 1757 823 de-

166 861 404 930 speratio
450 861 653 916 rectius
689 870 931 916 vocatur.
993 860 1130 932 Spes
1166 877 1322 927 vero,
1359 864 1403 917 si
1433 861 1598 917 fuerit
1639 862 1757 917 sine

165 963 333 1016 metu,
355 967 495 1005 vana
528 954 875 1022 praesumptio
903 968 1023 1008 esse
1054 961 1409 1008 monstratur.
1463 952 1578 1008 Tali
1603 968 1755 1007 nam-

164 1058 265 1112 que
289 1050 741 1113 temperamento,
773 1044 926 1113 quasi
953 1043 1190 1113 quodam
1219 1045 1482 1109 antidoto,
1508 1043 1623 1098 vult
1654 1058 1754 1099 nos

164 1132 399 1189 cmlestis
426 1134 669 1189 medicus
700 1135 776 1189 uti
802 1151 817 1199 ;
851 1142 912 1189 ut
941 1143 1067 1204 pote
1112 1136 1204 1205 qui
1239 1136 1386 1191 solus
1422 1142 1509 1189 est
1535 1143 1753 1190 scruta-

165 1231 245 1275 tor
265 1230 321 1277 et
341 1223 589 1293 cognitor
610 1222 947 1278 internarum
974 1222 1376 1289 infirmitatum,
1406 1224 1493 1278 cui
1519 1224 1748 1280 dicitur:

164 1309 238 1365 Tu
259 1310 404 1365 solus
454 1312 595 1365 nosti
624 1312 787 1366 corda
841 1312 1075 1381 ﬁliorum
1104 1314 1396 1369 hominum.
1436 1313 1651 1384 Quique
1670 1313 1753 1369 di-

161 1402 232 1455 cit
264 1420 279 1457 :
316 1402 429 1473 Ego
459 1419 575 1457 sum
598 1413 840 1458 scrutans
877 1420 1025 1459 renes
1075 1414 1123 1459 et
1162 1406 1344 1460 corda.
1376 1404 1543 1474 Cujus
1571 1420 1752 1460 sermo

160 1502 241 1547 est
271 1494 428 1549 vivus
452 1502 507 1549 et
531 1494 742 1560 efﬁcax,
767 1505 823 1551 et
846 1496 1237 1565 penetrabilior
1263 1498 1409 1553 omni
1447 1498 1626 1569 gladio
1655 1513 1751 1553 an-

160 1583 331 1653 cipiti,
362 1594 418 1640 et
444 1587 759 1658 pertingens
805 1600 978 1657 usque
1016 1588 1084 1645 ad
1123 1588 1445 1644 divisionem
1470 1589 1664 1645 animae
1684 1604 1752 1643 ac

160 1673 402 1742 spiritus,
461 1689 780 1746 compagum
816 1691 1031 1746 quoque
1075 1692 1140 1733 ac
1168 1677 1547 1745 medullarum,
1576 1685 1631 1733 et
1666 1685 1751 1733 est

1862 501 2004 559 rant,
2048 495 2200 564 prius
2253 494 2343 549 illa
2374 511 2497 551 cum
2528 498 2726 567 quibus
2778 499 2923 555 salus
2956 512 3233 571 operatur,
3263 506 3316 561 id
3348 517 3453 576 est,

1860 582 2025 638 timor
2048 592 2106 638 et
2134 591 2359 650 tremor,
2388 584 2443 639 in
2471 586 2663 642 studiis
2693 589 2893 645 nostris
2926 587 3249 660 fundentur;
3283 604 3342 649 ut
3365 613 3426 652 su

1857 672 2222 741 perponenda,
2252 674 2379 743 quia
2414 672 2661 732 faciliora
2691 687 2838 744 sunt,
2866 679 3091 736 istarum
3128 682 3453 753 impulsione

1857 763 2166 817 necessario
2197 765 2562 834 requirantur.
2606 765 2742 823 Nam
2786 778 2842 823 et
2870 772 3119 827 naturale
3148 784 3232 833 est
3256 776 3452 834 animae

1856 850 2128 920 humanae,
2160 863 2220 909 ut
2249 856 2500 911 timorem
2529 872 2637 912 non
2665 857 2784 914 sine
2830 864 3061 930 quadam
3086 866 3334 923 molestia
3366 878 3451 925 to-

1855 943 2057 1013 lerans,
2097 963 2315 1004 rursum
2344 958 2537 1020 sponte
2566 952 2635 1006 ad
2681 966 2833 1024 Spem
2890 970 3175 1015 recurrere
3202 960 3444 1027 festinet,

1854 1054 1976 1109 qua:
2001 1039 2176 1095 latior
2201 1035 2455 1110 putatur;
2489 1057 2803 1112 quanquam
2837 1045 2999 1102 timor
3020 1064 3128 1104 non
3157 1051 3228 1105 sit
3263 1055 3448 1109 minus

1854 1130 2195 1185 necessarius
2223 1138 2281 1185 et
2322 1130 2490 1187 utilis.
2530 1130 2666 1200 Quia
2706 1134 2870 1205 igitur
2900 1136 2947 1193 si
2978 1138 3046 1193 de
3089 1141 3340 1198 omnibus
3367 1144 3449 1198 di-

1852 1218 1996 1274 vinis
2023 1219 2177 1275 libris
2207 1220 2513 1290 hujusmodi
2539 1225 2839 1281 sententias
2888 1229 3251 1299 excerpimus,
3284 1234 3447 1291 nimis

1851 1311 2119 1379 prolixum
2148 1327 2284 1383 opus
2316 1311 2547 1369 edicitur
2572 1355 2587 1377 ,
2636 1315 2755 1370 illas
2783 1332 2928 1373 nunc
2981 1319 3139 1375 nobis
3168 1336 3447 1380 assumere

1851 1403 2221 1475 sufﬁciatque
2243 1406 2297 1460 in
2322 1416 2574 1477 promptu
2600 1410 2888 1474 habentur,
2916 1419 2972 1467 et
3014 1416 3191 1485 magis
3220 1415 3277 1469 in
3310 1432 3443 1485 usu;

1852 1495 2088 1549 maxime
2109 1496 2233 1565 quia
2268 1505 2323 1551 et
2368 1511 2465 1551 vos
2504 1498 2610 1553 tale
2661 1498 2779 1554 ﬁeri
2830 1501 3073 1572 jussistis
3102 1519 3260 1574 opus,
3298 1507 3443 1577 quod

1850 1585 2125 1657 paulisper
2149 1602 2312 1643 manu
2340 1596 2605 1660 gestetur,
2645 1606 2752 1647 non
2802 1594 2949 1661 quod
3000 1595 3055 1649 in
3095 1598 3333 1652 armario
3358 1597 3444 1652 vel

1852 1678 1905 1732 in
1937 1678 2141 1734 scrinio
2174 1689 2500 1736 reservetur.
2536 1680 2664 1737 Haec
2720 1683 2853 1737 mihi
2913 1684 3078 1755 igitur
3110 1698 3134 1726 ι
3166 1687 3442 1743 inchoanti

159 1766 426 1821 discretor
451 1767 840 1838 cogitationum
864 1777 919 1824 et
938 1768 1296 1825 intentionum
1322 1770 1536 1835 cordis;
1570 1770 1749 1825 sciens
1776 1760 1824 1819 Β
1852 1768 2047 1823 obtulit
2082 1784 2139 1825 se
2162 1770 2338 1841 prima
2369 1771 2463 1827 illa
2487 1773 2759 1827 sententia
2798 1775 3010 1845 septimi
3035 1776 3247 1846 psalmi,
3277 1793 3441 1848 quam

160 1864 394 1911 mentem
433 1858 725 1912 humanam
749 1858 835 1913 his
880 1859 1090 1914 duabus
1141 1859 1437 1915 virtutibus
1468 1860 1523 1914 in
1572 1859 1747 1915 medi-

156 1947 306 2000 tullio
362 1948 631 2003 stabiliter
692 1965 852 2019 posse
904 1951 1129 2005 servari.
1187 1951 1323 2006 Cum
1363 1951 1480 2007 haec
1507 1967 1636 2023 ergo
1667 1952 1745 2007 ita

155 2038 283 2101 sint,
336 2038 511 2092 visum
568 2039 700 2093 mihi
731 2048 815 2094 est
859 2048 921 2095 ut
947 2041 1184 2111 primum
1214 2043 1282 2098 de
1329 2042 1435 2098 illis
1459 2044 1745 2101 sententiis

154 2143 268 2196 qurc
303 2129 367 2180 ad
393 2128 704 2183 inferiorem
750 2130 947 2185 molam
994 2133 1289 2203 pertinent,
1322 2134 1375 2188 id
1407 2142 1511 2200 est,
1562 2135 1629 2189 ad
1660 2135 1745 2190 in-

152 2216 416 2270 clIabilem
470 2226 737 2273 terrorem
775 2221 1059 2287 mentium,
1109 2222 1364 2291 quoniam
1395 2231 1521 2278 sunt
1580 2224 1745 2281 nimis

153 2307 349 2371 arduze,
384 2307 561 2376 aliqua
596 2308 934 2377 describam;
969 2318 1031 2365 ut
1059 2311 1186 2381 quia
1232 2321 1562 2383 prmceptum
1586 2314 1742 2371 nobis

153 2405 232 2451 est
264 2404 325 2451 ut
354 2412 479 2453 cum
507 2398 710 2455 timore
735 2407 791 2455 et
824 2407 1061 2456 tremore
1104 2410 1350 2457 nostram
1382 2403 1622 2473 ipsorum
1652 2418 1740 2459 sa-

1851 1869 2151 1928 cantamns,
2207 1863 2493 1919 dicentes:
2549 1864 2772 1920 Domine
2816 1866 2961 1921 Dem
3016 1883 3186 1934 meus,
3242 1870 3288 1923 ei
3341 1868 3442 1936 feci

1849 1952 2013 2019 istud,
2036 1954 2083 2008 si
2107 1963 2184 2009 est
2211 1956 2464 2028 iniquitas
2493 1958 2548 2012 in
2598 1959 2843 2013 manibus
2873 1961 3024 2027 meis,
3051 1961 3097 2015 si
3126 1961 3330 2021 reddidi
3359 1978 3441 2015 re-

1849 2046 2197 2103 tribuentibus
2223 2050 2351 2103 mihi
2374 2049 2594 2115 malum,
2633 2052 2874 2105 decidam
2904 2054 3089 2107 merito
3119 2054 3185 2107 ab
3212 2054 3441 2108 inimicis

1850 2140 1980 2193 meis
2035 2142 2233 2195 inanis.
2296 2141 2653 2212 Pereeq’uatur
2714 2144 2959 2198 inimicus
3016 2162 3162 2201 meus
3206 2146 3440 2200 animam

1850 2244 2039 2294 meam,
2066 2239 2115 2284 et
2146 2232 2551 2301 comprehendat
2600 2243 2648 2287 et
2694 2234 2961 2289 conculcet
3002 2236 3059 2289 in
3102 2245 3243 2290 terra
3279 2238 3439 2291 vitam

1850 2335 2041 2386 meam,
2072 2330 2122 2375 et
2148 2321 2375 2391 gloriam
2401 2339 2571 2378 meam
2599 2325 2653 2379 in
2684 2324 2943 2394 pulverem
2968 2326 3215 2382 deducat.

1917 2408 2083 2465 Multa
2112 2411 2327 2468 desunt.

1514 2491 1787 2549 BALUZH
1826 2494 2057 2553 ΝΟΤᾸΞ.

221 2590 245 2618 ι
270 2578 563 2637 Ιηεάοαηιί
589 2582 772 2633 abtum
792 2598 866 2635 se.
892 2580 992 2637 Vel
1010 2596 1077 2637 ex
1104 2596 1169 2637 eo
1194 2581 1314 2638 loco
1334 2591 1547 2638 constat
1568 2583 1735 2637 multa

151 2646 236 2704 hic
264 2650 479 2721 deesse,
510 2657 565 2703 et
609 2650 1007 2721 inchoationem
1056 2653 1159 2706 hoc
1204 2653 1385 2721 potius
1425 2652 1550 2709 libri
1587 2668 1732 2717 esse,

149 2734 309 2788 quam
359 2719 577 2772 librum.
626 2720 744 2787 Quo
776 2719 979 2776 factum
1022 2732 1107 2777 est
1134 2719 1285 2776 ut'in
1315 2722 1423 2779 line
1466 2724 1585 2779 haec
1611 2724 1735 2778 addi

802 2873 1203 2881 ——_———

171 2872 376 2881 ~_.___.—

382 2872 484 2879 -—
500 2872 577 2880 »σοι

580 2873 799 2880 ἰ--υ-,ιο

1845 2588 2196 2664 voluerimus,
2217 2594 2441 2664 tametsi
2472 2594 2524 2648 in
2565 2595 2933 2664 manuscripto
2958 2597 3145 2652 codice
3190 2612 3296 2652 non
3332 2611 3433 2653 exc

1842 2666 2005 2719 stent,
2039 2659 2210 2715 Multa
2239 2662 2443 2718 desunt.

928 2961 1342 3022 AGOBARDI
1388 2961 1622 3021 LIBER
1668 2962 1774 3021 DE
1814 2960 2096 3022 DIVINA
2144 2962 2635 3024 PSALMODIA.

214 3189 352 3257 Quia
386 3200 417 3231 ι
440 3185 819 3256 nuperstultus
841 3193 895 3238 et
920 3184 1219 3255 improbus,
1247 3182 1474 3252 ipsaque
1499 3184 1727 3238 stultitia
1759 3188 1802 3250 (Γ,
1829 3184 1956 3247 tris,
1988 3184 2142 3253 cujus
2164 3184 2548 3255 probatissima
2579 3185 2714 3240 fides
2742 3193 2906 3255 atque
2934 3187 3178 3243 doctrina
3210 3192 3263 3243 in
3310 3207 3433 3245 mu-

148 3290 202 3338 et
230 3277 585 3349 improbitate
614 3290 713 3331 sua
738 3274 991 3330 omnibus
1022 3281 1181 3328 notus
1215 3272 1575 3327 calumniator
1610 3290 1737 3328 eru-

143 3374 239 3445 pit,
264 3372 359 3442 qui
393 3378 641 3425 sanctam
668 3367 967 3423 Ecclesiam
990 3374 1234 3421 nostram
1252 3404 1268 3430 ,
1313 3365 1366 3419 id
1387 3375 1492 3431 est,
1521 3365 1740 3438 Lugdu-

143 3480 394 3528 nensem,
423 3478 532 3517 non
561 3461 737 3517 solum
760 3461 948 3525 verbo,
974 3458 1069 3514 sed
1092 3458 1257 3512 etiam
1284 3457 1503 3528 scriptis
1531 3458 1738 3513 lacera-

147 3572 200 3612 re
240 3571 349 3611 non
392 3562 607 3620 cessat,
656 3552 812 3624 quasi
842 3566 951 3606 non
995 3556 1174 3614 recte,
1202 3564 1303 3605 nec
1328 3564 1481 3605 more
1508 3558 1737 3621 paterno

148 3648 260 3703 sitve
291 3663 421 3711 usu,
449 3645 647 3699 divina:
669 3641 1065 3699 decantationis
1080 3640 1344 3694 solemnia
1364 3628 1735 3710 peragentem,

144 3753 365 3793 necesse
387 3737 491 3791 fuit
511 3750 729 3791 omnem
751 3748 1031 3789 sacrorum
1047 3730 1345 3785 ciliciorum
1368 3732 1588 3796 seriem,
1617 3748 1738 3801 qua:

148 3828 304 3881 solito
333 3835 622 3882 cantorum
669 3823 974 3877 ministerio
1002 3835 1099 3891 per
1127 3828 1297 3875 totum
1325 3822 1451 3875 anni
1473 3823 1736 3879 circulum

152 3916 202 3968 in
232 3913 625 3970 ecclesiasticis
664 3909 1023 3965 conventibus
1050 3910 1357 3973 exhibetur,
1394 3910 1537 3963 sicut
1565 3910 1619 3963 in
1645 3926 1737 3965 ea-

147 4005 265 4060 dem
292 4004 545 4059 Ecclesia
568 4000 782 4056 favente
808 3999 905 4055 Dei
930 4000 1103 4070 gratia
1134 3999 1467 4064 custoditur,
1512 4000 1738 4071 diligen-

146 4096 248 4151 tius
271 4105 326 4150 et
352 4095 573 4165 plenius
603 4093 657 4147 in
682 4092 867 4149 libello
907 4106 1068 4161 quem
1104 4090 1309 4146 usitato
1336 4091 1601 4147 vocabulo
1620 4092 1734 4146 An-

146 4186 517 4256 tiphonarium
546 4190 900 4253 nuncupant,
948 4182 1225 4251 colligere,
1258 4189 1421 4251 atque
1448 4182 1732 4252 digerere;

1842 3290 1974 3330 nere
2004 3277 2217 3330 Domini
2267 3276 2363 3330 Dei
2414 3277 2583 3331 nostri
2627 3276 2878 3331 omnibus
2914 3280 3221 3334 examinata
3250 3296 3315 3337 ac
3344 3284 3433 3337 de-

1843 3366 2051 3420 clarata
2077 3366 2363 3421 celebriter
2384 3366 2647 3429 innotuit;
2681 3374 2742 3419 ut
2764 3380 2955 3420 omnes
2975 3366 3188 3435 pacifici
3218 3377 3274 3423 et
3302 3386 3424 3440 pru-

1842 3460 2034 3515 dentes
2082 3459 2343 3516 Ecclesia:
2402 3458 2531 3523 ﬁlii,
2566 3458 2620 3512 in
2668 3472 2899 3526 quorum
2948 3473 3140 3514 manus
3186 3459 3429 3528 ejusdem

1844 3550 2010 3605 libelli
2052 3558 2234 3604 textus
2261 3549 2510 3613 venerit,
2552 3548 2834 3603 verissime
2869 3556 2924 3602 et
2951 3548 3232 3605 evidenter
3257 3567 3427 3624 agno—

1844 3652 2004 3700 scant
2042 3642 2325 3712 praefatam
2356 3641 2559 3697 Christi
2593 3640 2891 3697 Ecclesiam
2918 3681 2933 3706 ,
2976 3642 3165 3697 eodem
3210 3642 3430 3700 Christo

1840 3732 2071 3790 Domino
2100 3736 2438 3803 gubernante
2463 3747 2529 3787 ac
2556 3741 2871 3802 protegente
2888 3772 2903 3797 ,
2943 3748 3045 3789 nec
3067 3748 3099 3788 a
3126 3744 3277 3790 recto
3299 3736 3425 3792 fidei

1841 3826 2059 3879 tramite
2094 3825 2359 3887 deviasse,
2387 3831 2443 3877 et
2461 3832 2748 3893 paternum
2771 3838 3003 3889 morem,
3032 3839 3193 3893 quem
3223 3835 3425 3881 statuta

1840 3914 2211 3970 ecclesiastica
2261 3912 2542 3968 declarant
2563 3952 2578 3978 ,
2626 3910 2859 3966 fideliter
2905 3912 3178 3967 custodire
3198 3953 3213 3979 ,
3241 3928 3305 3968 ac
3330 3930 3428 3985 per

1840 4005 1945 4059 hoc
1967 4005 2035 4059 ab
2056 4004 2279 4073 antiquo
2316 4002 2573 4058 Ecclesiae
2614 4000 2711 4055 Dei
2741 4017 2843 4056 usu
2876 4000 3182 4058 nullatenus
3227 3998 3429 4059 discre-

1841 4109 1996 4165 pare,
2027 4104 2049 4132 ο
2096 4108 2198 4148 nec
2223 4100 2570 4148 contemnere
2612 4089 2838 4159 alicujus
2879 4090 3153 4147 diversum
3193 4108 3428 4159 morem,

1842 4186 1889 4240 si
1921 4193 2131 4240 constat
2164 4200 2285 4239 esse
2320 4182 2684 4254 probabilem;
2729 4183 2845 4249 sed,
2871 4182 3029 4250 juxta
3076 4183 3425 4254 Apostolum,

144 4277 425 4343 praemissa
477 4275 685 4331 scilicet
702 4274 1033 4338 “praefatione
1061 4274 1089 4314 b
1113 4274 1186 4341 pii
1233 4281 1283 4327 et
1322 4274 1607 4328 ortboioxi
1640 4275 1740 4329 Pa-
1766 4257 1817 4315 Ῑ)
1844 4292 1905 4330 ea
1934 4292 2054 4346 qua:
2081 4277 2296 4331 utiliora
2326 4284 2381 4331 et
2401 4274 2613 4345 potiora
2641 4282 2767 4330 sunt
2791 4274 2965 4343 sequi.
3019 4274 3115 4329 Ait
3140 4290 3376 4347 namque
3408 4318 3420 4330 .

1520 4385 1652 4438 BAL
1665 4388 1793 4441 [ΖΠ
1832 4388 2061 4444 NOTAE.

214 4495 237 4522 ι
273 4480 468 4549 Nuper
490 4476 680 4549 stultus
702 4485 748 4529 et
779 4475 1063 4549 improbus.
1110 4474 1219 4549 Aut
1245 4474 1400 4549 valde
1435 4474 1609 4537 fallor,
1644 4485 1737 4530 aut

143 4544 392 4622 intelligit
420 4546 1095 4622 Amalariumdiaconum.
1148 4545 1264 4610 Quo
1297 4544 1513 4622 factum
1544 4554 1645 4610 est,
1678 4556 1735 4622 ut

141 4638 260 4688 cum
300 4614 497 4688 postea
542 4614 1048 4688 Amalariuslibros
1096 4625 1341 4688 quatuor_
1374 4616 1639 4688 edidisset
1667 4618 1731 4669 de

142 4680 336 4746 divinis
362 4687 597 4751 Ofﬁciis,
629 4701 750 4741 eum
782 4683 983 4755 talione
1018 4680 1370 4755 momorderit
1396 4684 1731 4755 Agobardus,

142 4761 305 4816 libros
329 4759 457 4813 illos
483 4757 548 4811 ad
575 4756 753 4809 vivum
781 4754 1081 4808 excutiens.
1118 4753 1270 4808 Hunc
1294 4753 1729 4823 porro‘atl‘ectum

142 4831 403 4885 adversus
432 4824 767 4881 Amalarium
798 4823 957 4879 Floro
982 4823 1433 4893 Lugdunensiquc
1480 4825 1734 4879 Ecclesia:

144 4899 429 4971 inspiravit
470 4896 569 4971 hic
608 4903 805 4971 noster
830 4892 1133 4971 episcopus.
1184 4892 1317 4971 l‘fam
1364 4908 1440 4971 eo_
1459 4894 1730 4971 defuncto.

145 4962 334 5024 Florus
364 4966 576 5021 acriter
606 4964 851 5019 invectus
872 4971 956 5017 est
987 4963 1038 5015 in
1068 4962 1399 5033 Amalarium
1429 4964 1481 5016 in
1507 4966 1732 5033 epistola

145 5040 360 5095 nomine
389 5034 652 5090 Ecclesia:
678 5032 1050 5103 Lugdunensis
1092 5033 1291 5103 scripta
1325 5032 1377 5084 in
1405 5032 1565 5087 causa
1596 5050 1733 5103 pnn-

144 5106 546 5164 destinationis.
598 5103 725 5157 Haec
753 5102 878 5155 sunt
922 5102 1084 5156 verba
1118 5102 1283 5166 Flori,
1331 5116 1463 5156 sane
1505 5102 1730 5158 multum

144 5182 429 5234 aculeata:
462 5193 483 5226 ι
524 5173 745 5227 Multum
777 5173 1001 5227 moleste
1045 5181 1099 5225 et
1146 5171 1391 5226 dolenter
1436 5173 1732 5241 accipimus

146 5258 199 5303 ut
220 5244 591 5303 ecclesiastici
620 5250 675 5297 et
696 5242 987 5312 prudentes
1018 5241 1117 5295 viri
1152 5241 1485 5312 Amalarium
1514 5242 1579 5296 de
1603 5244 1723 5297 ﬁdei

146 5318 349 5373 ratione
376 5311 757 5379 consulerent;
782 5313 875 5381 qui
899 5319 954 5363 et
974 5312 1153 5365 verbis
1173 5319 1227 5365 et
1250 5311 1401 5365 libris
1425 5312 1557 5375 suis,
1585 5329 1731 5367 men-

144 5388 307 5443 daciis
336 5394 395 5440 et
421 5385 709 5440 erroribus
757 5391 810 5437 et
851 5381 1206 5451 phantasticis
1250 5389 1412 5450 atque
1461 5382 1728 5451 inci-elicis

145 5453 604 5527 disputationibus
629 5453 822 5527 plenis,
856 5450 1048 5527 Omnes
1083 5466 1219 5527 pene
1263 5452 1403 5521 apud
1442 5450 1723 5527 Franciam

145 5521 415 5583 Ecclesiae
470 5531 532 5578 et
585 5524 870 5591 nonnullas
924 5522 1084 5575 etiam
1142 5521 1368 5575 aliarum
1420 5522 1723 5591 regionum,

146 5606 401 5665 quantum
432 5596 490 5649 in
523 5607 592 5665 se;
624 5590 751 5665 fuit,
795 5592 984 5646 infecit
1022 5600 1188 5665 atque
1217 5593 1452 5665 corrupit
1482 5590 1497 5650 ξ
1532 5600 1583 5644 ut
1619 5609 1720 5645 non

148 5662 249 5723 tam
293 5669 410 5737 ipse
445 5665 517 5719 de
567 5662 671 5716 fide
716 5662 1033 5731 interrogari
1080 5678 1239 5731 quam
1290 5664 1468 5714 omnia
1524 5665 1721 5731 επνὶιιῑιι

1843 4478 1959 4546 ejus
1984 4478 2173 4532 saltem
2203 4486 2325 4546 post
2369 4484 2599 4547 mortem
2629 4476 2913 4531 debuerint
2944 4477 3064 4547 igne
3100 4479 3365 4534 consumi.
3401 4501 3419 4534 ι

1842 4549 2147 4603 Amalarius
2171 4563 2302 4618 ergo
2323 4546 2576 4601 nonnulla
2600 4546 3027 4615 reprehenderat
3056 4548 3109 4601 in
3140 4558 3299 4603 cantu
3324 4550 3427 4607 Ec-

1842 4620 2020 4673 clesiae
2064 4617 2459 4685 Lugdunensis,
2498 4617 2913 4685 intemperantia
2964 4618 3104 4670 haud
3136 4618 3296 4673 dubie
3326 4620 3425 4675 lin-

1840 4688 2283 4759 guiestylique,
2318 4703 2411 4742 seu
2453 4688 2581 4759 quia
2633 4686 2842 4759 magnis
2881 4686 3149 4741 interdum
3194 4688 3425 4759 ingeniis

1842 4755 1939 4826 pro
1978 4755 2101 4813 ludo
2130 4755 2214 4812 est
2239 4758 2469 4817 aliorum
2496 4755 2639 4811 facta
2668 4756 2919 4823 dictaque
2966 4769 3210 4826 carpere.
3247 4755 3422 4826 Pupu-

1840 4825 1916 4897 gn
1946 4829 2045 4882 ista
2071 4830 2291 4882 audacia
2321 4826 2682 4897 Agobardum,
2713 4840 2887 4897 neque
2916 4825 3293 4881 dissimulavit.
3323 4825 3425 4882 Ita-

1838 4894 1943 4965 que
1976 4915 2039 4952 ea
2070 4898 2171 4950 fuit
2200 4894 2465 4952 scribendi
2497 4894 2621 4965 libri
2655 4895 2810 4965 istius
2838 4910 3003 4957 causa
3030 4904 3084 4948 et
3112 4898 3347 4953 occasio.

1912 4968 1937 5005 δ
1980 4967 2063 5020 Pii
2093 4976 2141 5019 et
2184 4966 2463 5037 orthodoxi
2489 4964 2703 5037 Patris,_
2734 4963 2993 5037 Ligdradi
3028 4966 3421 5037 archiepiscopi

1837 5034 2254 5108 Lugdunensis;
2302 5035 2393 5104 qui
2440 5041 2657 5088 cantum
2690 5032 2743 5108 in
2790 5033 3032 5108 Ecclesia
3078 5032 3420 5108 Lugdunensi

1836 5103 2195 5176 disposuerat,
2240 5103 2493 5174 ut’patet
2535 5118 2601 5158 ex
2635 5103 2861 5173 epistola
2908 5104 2976 5157 ab
3006 5119 3071 5159 eo
3105 5103 3306 5175 scripta
3352 5108 3421 5161 ad

1836 5175 2088 5231 Carolum
2119 5176 2389 5246 Magnum.

1910 5258 1929 5285 ε
1964 5246 2074 5300 Nec
2112 5241 2437 5300 conlemnere
2479 5244 2551 5297 al.
2600 5243 2704 5297 div.
2743 5259 2958 5295 morem.
3018 5241 3283 5298 Praeclare
3325 5246 3419 5300 ad—

1837 5316 2075 5370 modum.
2122 5317 2257 5371 Nam
2302 5328 2636 5383 unaquaeque
2678 5314 2917 5367 Ecclesia
2950 5313 3249 5383 peculiares
3292 5330 3420 5371 suas

1835 5388 2250 5441 consuetudines
2279 5382 2477 5441 habere
2525 5382 2722 5453 potest,
2762 5398 2881 5451 quae
2911 5391 3087 5437 tamen
3135 5382 3258 5453 fidei
3288 5400 3419 5439 con-

1835 5458 2015 5511 traria:
2059 5473 2162 5511 non
2212 5458 2357 5518 sint;
2411 5454 2497 5523 uti
2525 5452 2769 5521 pluribus
2816 5453 3052 5523 diximus
3100 5452 3167 5506 ad
3213 5453 3415 5523 episto-

1831 5528 1938 5581 lam
1991 5529 2057 5581 ad
2102 5526 2400 5581 Nibridium
2456 5521 2877 5579 Narbonensem.
2920 5521 3054 5577 Vide
3094 5521 3415 5580 Gratianum

1832 5600 1953 5652 tilSl.
1993 5598 2073 5650 19..
