3930 6334
541 302 642 360 517

1503 297 1559 350 S.
1603 296 1948 352 AGOBARDI
1987 295 2290 354 Ei’lSCOPl
2329 293 2812 353 LUGDUNENSIS

3707 298 3807 356 318

539 416 610 471 Et
645 418 742 471 hoc
771 432 885 481 oro,
921 424 983 469 ut
1007 416 1238 470 charitas
1266 423 1433 467 vestra
1470 413 1637 483 magis
1665 430 1727 467 ac
1759 414 1925 483 magis
1969 413 2130 466 abun-
2159 416 2205 475 Α
2233 413 2540 482 lipomenon
2591 413 2806 484 legitur,
2859 414 3000 482 quod
3051 414 3239 468 beatus
3287 414 3454 470 David
3484 429 3578 470 rex
3610 423 3667 470 et
3686 432 3808 487 pro-

536 508 625 562 det
653 509 708 562 in
727 502 948 562 scientia
988 513 1036 561 et
1073 505 1214 560 omni
1237 520 1425 568 sensu,
1468 515 1521 558 ut
1545 504 1770 575 probetis
1793 504 2031 574 potiora,
2067 513 2124 557 ut

537 598 654 652 sitis
685 596 877 651 sinceri
929 605 977 652 et
1022 597 1134 650 sine
1175 596 1378 665 oﬂ‘ensa
1415 597 1470 649 in
1505 597 1642 649 diem
1671 594 1884 650 Christi.
1915 593 1984 649 Et
2020 594 2125 649 alio

534 685 656 742 loco
682 704 694 740 :
728 683 797 740 Ut
823 686 1051 756 probetis
1077 702 1194 756 quae
1218 686 1286 739 sit
1309 684 1548 740 voluntas
1575 685 1675 739 Dei
1702 685 1857 750 bona,
1896 693 1944 740 et
1974 684 2126 739 bene-

534 776 767 848 placem,
794 785 842 831 et
866 775 1116 847 perfecta.
1147 772 1212 830 Et
1237 775 1362 831 alibi
1390 789 1403 828 :
1429 774 1780 829 Emulamini
1807 785 1982 830 autem
2005 776 2126 828 cha-

536 867 763 922 rismata
792 865 1033 919 meliora.
1093 865 1163 919 Et
1193 866 1389 920 iterum
1417 882 1432 920 :
1485 864 1663 919 Nolite
1684 865 1833 934 pueri
1859 865 1986 935 eﬁici
2007 881 2124 920 sen-

535 957 700 1013 sibus.
743 954 853 1025 Sed
894 962 950 1011 et
983 955 1281 1010 reverenda
1322 955 1547 1010 concilia
1576 955 1796 1009 Palmm
1821 956 2123 1010 decernunt

537 1063 882 1119 nequaquam
911 1059 936 1088 ι
965 1047 1204 1117 plebeios
1230 1049 1466 1118 psalmos
1490 1049 1541 1103 in
1563 1049 1802 1104 Ecclesia
1829 1048 2124 1104 decantan-

537 1140 658 1204 dos,
688 1147 744 1194 et
773 1138 802 1179 ιι
825 1137 959 1193 nihil
989 1139 1203 1208 poetice
1243 1141 1602 1208 compositum
1640 1139 1694 1193 in
1721 1139 1918 1193 divinis
1945 1138 2120 1192 laudi-

533 1229 637 1283 bus
681 1229 1075 1298 usurpandum.
1161 1226 1308 1282 inter
1357 1244 1494 1298 quos
1542 1229 1707 1283 etiam
1745 1229 1936 1301 beatus
1984 1244 2123 1298 papa

534 1317 833 1389 Gregorius
855 1318 1013 1372 docet
1052 1317 1197 1386 quod
1219 1332 1326 1376 non
1356 1332 1454 1387 pro
1477 1316 1612 1371 locis
1637 1332 1746 1383 res,
1779 1316 1874 1371 sed
1901 1332 2001 1386 pro
2026 1316 2123 1371 bo-

534 1407 622 1462 nis
646 1406 812 1462 rebus
837 1406 953 1460 loca
986 1406 1219 1460 amanda
1245 1407 1374 1460 sint.
1415 1406 1483 1460 Et
1511 1404 1706 1460 fortius
1733 1406 2121 1460 commendans

532 1503 708 1566 nobis,
744 1503 885 1572 quod
916 1504 1058 1558 sicut
1083 1516 1421 1572 nequaquam
1442 1516 1544 1571 pro
1569 1500 1701 1554 locis
1723 1540 1739 1564 ,
1786 1499 1859 1553 ita
1895 1515 1994 1554 nec
2020 1513 2120 1568 pro

530 1592 861 1661 quibuslibet
901 1593 1183 1662 personis,
1234 1592 1348 1646 sive
1378 1590 1859 1646 consuetudinibus
1913 1598 2118 1660 tempo-

535 1697 678 1746 rum,
709 1696 799 1735 res
822 1681 1020 1735 sectari
1051 1681 1344 1734 debeamus
1364 1719 1377 1744 ,
1432 1693 1539 1733 non
1567 1685 1649 1732 est
1673 1677 1882 1732 veritus
1917 1677 1970 1731 in
2001 1678 2115 1747 ipsa

2227 503 2389 573 pheta
2449 502 2544 557 Dei
2593 504 2800 573 primus
2865 505 3061 559 choros
3113 505 3426 560 Levitarum
3475 507 3808 564 laudantium

2227 593 2512 649 Dominum
2563 596 2616 649 in
2670 594 3019 649 tabernaculo
3067 596 3181 650 sive
3238 597 3292 650 in
3353 596 3551 666 templo
3611 602 3810 654 consti-

2228 685 2414 750 tuerit,
2437 685 2622 754 eisque
2647 684 2884 755 psalmos
2905 694 2961 738 et
2982 685 3214 755 hymnos
3235 693 3290 741 et
3313 687 3526 741 cantica
3553 687 3807 744 divinitus

2227 775 2328 830 sibi
2355 783 2411 829 et
2433 775 2662 841 caeteris,
2711 776 2802 845 qui
2833 791 2956 831 cum
2994 791 3061 830 eo
3110 777 3504 846 prophetabaut
3546 778 3806 847 inspirata

2226 865 2534 932 tradiderit,
2558 881 2810 921 ac'mane
2839 877 2894 920 et
2923 881 3147 938 vespere
3170 868 3313 922 inter
3349 869 3530 923 divina
3559 870 3808 926 holocan

2225 964 2308 1009 sta
2353 964 2409 1011 et
2443 955 2711 1012 sacriﬁcia
2757 956 3096 1011 decantanda
3132 957 3452 1013 decreverit.
3495 957 3667 1026 Quem
3695 976 3807 1014 mo.

2225 1062 2338 1101 rem
2368 1062 2400 1101 a
2437 1047 2642 1102 sanctis
2670 1047 2947 1117 prophetis
2969 1047 3260 1112 traditum,
3305 1058 3360 1102 et
3393 1063 3423 1101 a
3457 1050 3808 1117 sequentibus

2220 1137 2470 1206 patribus
2493 1137 2903 1208 diligentissime
2923 1137 3274 1201 custoditum,
3301 1152 3472 1206 usque
3500 1139 3566 1192 ad
3595 1147 3808 1208 tempus

2223 1225 2358 1280 Novi
2405 1227 2736 1282 Testamenti
2763 1267 2779 1292 ,
2831 1241 2938 1297 quo
2972 1225 3086 1295 jam
3135 1226 3391 1296 templum
3436 1227 3569 1282 illud
3598 1228 3806 1284 destrui

2220 1319 2528 1386 oportebat,
2554 1318 2804 1387 religiosa
2827 1324 3040 1374 constat
3057 1317 3438 1373 observatione
3459 1320 3806 1388 perductum.

2222 1406 2376 1462 Unde
2406 1423 2750 1479 summopere
2778 1422 3001 1463 necesse
3025 1415 3141 1473 est,
3183 1417 3243 1462 ut
3271 1409 3315 1464 si
3347 1424 3474 1464 vere
3497 1410 3705 1480 absque
3735 1411 3810 1466 of-

2220 1498 2493 1554 fendicula
2540 1498 2624 1553 vel
2672 1498 3011 1554 haesitatione
3058 1499 3265 1554 divinas
3318 1499 3504 1555 laudes
3554 1503 3809 1571 cupimus

2219 1590 2520 1654 celebrare,
2567 1597 2711 1645 totos
2738 1604 2839 1644 nos
2880 1589 3078 1645 divinis
3106 1591 3484 1660 sermonibus,
3519 1591 3574 1646 in
3607 1593 3809 1662 quibus

2218 1680 2398 1735 nullus
2423 1689 2507 1734 est
2529 1689 2705 1744 error,
2734 1680 2877 1734 nulla
2898 1680 3254 1751 ambiguitas,
3283 1689 3630 1752 coaptemus;
3663 1684 3811 1738 sicut

530 1768 776 1825 Romana
809 1769 1051 1824 Ecclesia
1074 1770 1320 1842 quaedam
1368 1769 1423 1823 in
1461 1767 1632 1822 sacris
1655 1766 1846 1822 ciliciis
1878 1775 1932 1822 et
1954 1767 2117 1822 mini-
2144 1755 2192 1813 Β
2220 1770 2286 1824 de
2311 1769 2550 1839 pmfatis
2577 1769 2781 1826 Levitis
2800 1810 2815 1836 ,
2867 1770 3103 1839 antiquis
3146 1770 3343 1827 divinae
3378 1771 3552 1828 laudis
3573 1774 3812 1828 cantori—

528 1862 712 1917 steriis
753 1860 1204 1932 reprehensibilia
1246 1862 1410 1915 etiam
1450 1858 1552 1914 sub
1584 1859 1947 1914 anathematis
1971 1859 2122 1913 dam-

527 1953 748 2008 natione
797 1966 1080 2017 resecare;
1135 1952 1275 2006 sicut
1321 1947 1441 2018 ejus
1480 1950 1697 2005 decreta
1723 1949 1901 2020 palam
1937 1956 2120 2003 osten-

526 2044 664 2099 dunt
713 2043 732 2115 (
757 2043 893 2098 Vide
918 2043 1012 2098 lib.
1064 2041 1298 2096 Correct.
1326 2042 1540 2112 Antiph.
1565 2082 1580 2106 ,
1607 2057 1728 2111 cap.
1763 2040 1861 2106 i5,
1906 2038 2049 2094 infra
2072 2039 2112 2111 ).

527 2133 684 2203 Quod
712 2135 756 2189 si
783 2135 1075 2205 praedictus
1099 2135 1459 2189 calumniator
1480 2133 1760 2188 humiliter
1783 2141 1840 2187 et
1858 2131 2116 2187 obedien-

525 2232 610 2278 ter
635 2237 870 2294 pensare
897 2223 1215 2287 studuisset,
1250 2237 1591 2294 nequaquam
1625 2222 1693 2277 ad
1721 2230 1928 2279 tantam
1951 2222 2115 2277 deve-

506 2308 672 2364 niret
712 2307 1023 2363 fatuitatem
1047 2349 1062 2374 ,
1105 2318 1166 2362 ut
1207 2309 1374 2363 verba
1409 2306 1772 2379 quorumlibet
1810 2305 2113 2372 hominum,

522 2414 758 2471 quorum
776 2414 878 2454 nec
906 2400 1156 2465 nomina,
1188 2414 1290 2455 nec
1313 2413 1532 2454 sensum
1559 2438 1572 2463 ,
1613 2412 1714 2452 nec
1732 2396 1904 2452 ﬁdem
1941 2397 2111 2462 novit,

524 2495 784 2559 tanquam
804 2486 1020 2543 divinas
1047 2486 1359 2557 Scripturas
1388 2485 1722 2552 defenderet,
1748 2494 1804 2541 et
1823 2500 1923 2556 per
1943 2487 2114 2557 phan-

525 2580 751 2634 tasticas
787 2594 852 2635 ac
896 2579 1235 2635 rudiculosas
1264 2579 1550 2650 allegorias
1567 2577 1861 2648 explanare
1889 2592 2114 2664 conare-

524 2677 633 2724 tur.
673 2668 833 2726 Certe
861 2670 910 2725 si
941 2670 1072 2740 quid
1113 2685 1306 2726 sanum
1353 2669 1589 2741 cogitare
1618 2669 1808 2734 vellet,
1841 2667 2114 2723 sufﬁceret

521 2761 573 2816 ei
590 2763 672 2816 ad
695 2776 912 2817 omnem
932 2762 1369 2817 emendationem
1396 2769 1451 2815 et
1475 2760 1769 2826 silentium,
1800 2760 1943 2830 quod
1973 2762 2114 2815 sicut

525 2850 584 2906 in
616 2851 806 2907 diebus
831 2853 899 2907 ad
941 2853 1137 2907 missas
1175 2868 1281 2907 non
1309 2852 1414 2907 nisi
1445 2851 1625 2907 divina
1654 2850 1979 2922 generaliter
2000 2850 2112 2907 elo-

521 2941 651 3012 quia
686 2941 1064 3007 decantantur,
1099 2942 1173 2996 ita
1203 2950 1258 2996 et
1306 2943 1362 2998 in
1409 2943 1658 3002 noctibus
1687 2942 1755 2997 ad
1782 2957 1968 2996 sacras
2001 2941 2110 2997 Deo

520 3028 735 3100 Vigilias
763 3030 1097 3085 exhibendas
1131 3031 1321 3086 eadem
1365 3031 1555 3100 procul
1601 3030 1764 3085 dubio
1802 3030 1888 3086 lex
1917 3031 2110 3086 debeat

2217 1859 2339 1925 bus,
2397 1859 2542 1914 idem
2588 1859 3034 1930 Paralipomenon
3072 1860 3211 1915 liber
3253 1861 3517 1930 replicat,
3568 1863 3806 1918 dicens:

2217 1949 2410 2004 Levita!
2439 1966 2557 2004 vero
2582 1960 2637 2004 ut
2679 1960 2813 2004 stent
2844 1968 2999 2005 mane
3037 1951 3106 2004 ad
3148 1952 3504 2020 conﬁtendum
3533 1963 3584 2007 et
3613 1971 3810 2009 canen-

2217 2039 2343 2093 dum
2375 2039 2619 2104 Domino,
2653 2040 2994 2111 similiterque
3022 2041 3092 2094 ad
3118 2058 3414 2110 uesperam,
3445 2053 3552 2096 tam
3577 2045 3632 2097 in
3659 2045 3811 2097 obla-

2216 2131 2356 2183 tione
2401 2129 2830 2184 holocaustorum
2878 2131 3124 2196 Domini,
3174 2148 3334 2202 quam
3379 2133 3434 2186 in
3458 2134 3714 2198 sabbatis,
3766 2148 3809 2189 et

2215 2218 2473 2284 kalendis,
2507 2230 2555 2274 et
2579 2219 2994 2275 solemnitatibus
3022 2223 3244 2275 ca'teris.
3286 2222 3353 2276 Et
3397 2223 3596 2278 iterum
3628 2225 3679 2278 in
3727 2226 3812 2280 de-

2179 2300 2182 2302 ’
2215 2292 2485 2360 dicatione
2533 2305 2721 2375 templi
2763 2305 2863 2359 sub
2902 2304 3196 2360 Salomone
3221 2305 3461 2361 dicitur:
3494 2307 3562 2361 Et
3586 2310 3810 2364 dedica-

2215 2393 2282 2448 vit
2308 2394 2523 2447 domum
2568 2393 2782 2448 Domini
2824 2411 2915 2448 rex
2944 2403 2991 2448 et
3018 2396 3292 2468 universus
3323 2395 3570 2467 populus.
3618 2397 3821 2453 Sacen-

2213 2481 2358 2537 dotes
2384 2491 2555 2540 autem
2584 2482 2790 2536 stabant
2811 2483 2865 2536 in
2891 2482 3080 2552 ofﬁciis
3117 2485 3248 2547 suis,
3278 2494 3326 2538 et
3351 2484 3541 2538 Levita:
3564 2487 3619 2540 in
3655 2505 3814 2557 orga-

2214 2572 2296 2626 nis
2320 2573 2614 2626 caminum
2635 2571 2867 2637 Domini,
2894 2589 3011 2644 quae
3034 2573 3156 2642 fecit
3175 2573 3346 2628 David
3373 2590 3463 2628 res;
3484 2576 3555 2628 ad
3580 2576 3814 2632 laudan-

2212 2661 2340 2714 dam
2373 2660 2658 2715 Dominum
2684 2702 2700 2727 ,
2744 2662 2994 2733 quoniam
3041 2663 3095 2716 in
3144 2672 3396 2718 aeternum
3440 2666 3812 2722 misericordia

2211 2751 2347 2822 ejus,
2368 2753 2587 2822 hymnos
2610 2748 2781 2806 David
2809 2763 3052 2807 canentes
3073 2769 3166 2823 per
3188 2770 3376 2809 manus
3398 2771 3544 2810 suas.
3591 2756 3730 2811 Item
3757 2759 3811 2812 in

2210 2843 2587 2906 emendatione
2643 2851 2700 2898 et
2762 2842 3141 2913 puriﬁcatione
3189 2843 3430 2913 ejusdem
3475 2847 3664 2918 templi
3708 2851 3810 2903 sub

2211 2932 2444 2989 Ezechia
2474 2934 2735 3005 scriptum
2765 2943 2849 2988 est
2873 2952 2884 2987 :
2922 2931 3280 3006 Prcecepitque
3305 2936 3561 2992 Ezechias
3584 2947 3634 2991 et
3656 2940 3807 3009 prino

2212 3027 2351 3096 cipes
2390 3025 2603 3092 Levitis,
2642 3035 2698 3080 ut
2722 3025 3004 3080 laudarent
3031 3025 3312 3080 Dominum
3341 3030 3672 3083 sermonibus
3700 3029 3811 3082 Da-

519 3118 818 3176 observari.
873 3119 1022 3176 Unus
1053 3135 1249 3190 nempe
1275 3122 1622 3190 omnipotens
1656 3119 1918 3175 Dominus
1956 3130 2108 3177 utro-
2134 3103 2180 3166 C
2212 3115 2320 3182 vid,
2361 3125 2412 3170 et
2448 3117 2626 3187 Λεαρὴ
2655 3117 2877 3171 videntis
2897 3157 2911 3182 ,
2957 3117 3048 3189 qui
3073 3115 3422 3173 laudauerunt
3462 3136 3582 3173 eum
3608 3137 3809 3192 magna

518 3223 628 3278 que
669 3216 911 3279 tempore
962 3209 1236 3277 laudatur,
1282 3212 1375 3267 uni
1403 3211 1631 3269 Domino
1661 3219 1873 3282 tempus
1899 3222 2085 3268 utrum

517 3312 625 3367 que
654 3296 966 3361 famulatur,
999 3301 1088 3355 cui
1119 3302 1319 3356 dicitur
1344 3319 1358 3355 :
1394 3302 1538 3356 Tuus
1554 3311 1630 3357 est
1661 3303 1772 3356 dies
1794 3343 1806 3365 ,
1859 3304 2103 3371 Domine,

513 3397 565 3442 et
608 3397 699 3443 tua
743 3399 818 3444 est
864 3406 986 3444 nox.
1045 3389 1123 3444 Tu
1151 3390 1440 3460 fabricatus
1472 3409 1526 3446 es
1549 3409 1799 3447 auroram
1842 3405 1888 3446 et
1918 3393 2100 3448 solem.

519 3477 630 3533 Sed
660 3477 777 3548 ejus
821 3480 1019 3535 stultus
1045 3489 1101 3533 rt
1131 3481 1316 3538 irritus
1345 3482 1498 3538 labor
1530 3484 1890 3554 prudentibus
1922 3493 1977 3540 et
2007 3487 2107 3540 mi-

515 3570 663 3625 nime
691 3573 1051 3627 contentiosis
1084 3587 1150 3627 ac
1174 3573 1344 3628 Deum
1378 3574 1693 3630 timentibus
1731 3575 1990 3644 majorem
2023 3577 2105 3630 in-

520 3662 658 3717 cutit
693 3661 1109 3718 sollicitudinem
1128 3705 1143 3730 ,
1171 3673 1232 3719 ut
1256 3675 1478 3735 propter
1511 3666 1817 3735 hujusmodi
1845 3684 2025 3725 naevos
2052 3678 2108 3724 et

518 3762 735 3804 errores
764 3752 1034 3806 cavendos
1065 3752 1306 3808 vivacius
1336 3764 1394 3808 et
1412 3756 1672 3811 attentius
1702 3756 1896 3812 divinae
1921 3766 2107 3813 aucto-

518 3840 668 3895 ritati
688 3850 749 3897 et
777 3841 1165 3898 ecclesiasticis
1203 3846 1421 3900 statutis
1447 3844 1767 3902 inhaereant.
1799 3847 1926 3904 Haec
1957 3866 2106 3904 nam-

518 3943 624 3999 que
649 3929 772 3986 fidei
798 3932 1011 3988 cautela
1029 3973 1044 3999 ,
1076 3941 1131 3988 et
1159 3934 1525 3991 sincerissima
1554 3938 1915 3993 observantiae
1936 3939 2103 3995 disci-

513 4019 660 4089 plina
687 4060 701 4085 ,
732 4029 794 4074 ut
823 4020 874 4075 in
901 4023 1101 4092 templo
1131 4023 1226 4078 Dei
1265 4033 1320 4080 et
1356 4038 1540 4080 coram
1566 4026 1749 4082 divino
1775 4027 1933 4082 altari
1965 4029 2105 4084 divi-

518 4125 714 4165 norum
745 4114 1122 4168 tantummodo
1150 4113 1489 4184 eloquiomm
1518 4115 1747 4172 melodia
1774 4117 2100 4184 celebretur,

511 4201 680 4256 etiam
728 4202 939 4258 Veteris
989 4202 1324 4259 Testamenti
1375 4207 1700 4261 auctoritate
1738 4215 1794 4261 et
1839 4208 2105 4279 exemplis

2213 3208 2420 3264 latitia.
2481 3208 2744 3264 Similiter
2788 3211 2953 3267 etiam
3001 3211 3102 3265 sub
3133 3209 3282 3267 Josia
3320 3211 3377 3266 in
3435 3213 3810 3271 celebratione

2212 3297 2406 3355 Pbase.
2445 3297 2619 3354 Porro
2648 3310 2886 3356 cantores
2909 3343 2923 3367 ,
2950 3302 3158 3371 inquit,
3187 3302 3288 3372 ﬁlii
3311 3302 3487 3374 Asopia
3513 3305 3728 3360 stabant
3755 3310 3814 3359 in

2211 3391 2395 3444 ordine
2420 3407 2518 3444 suo
2531 3391 2695 3461 juxta
2715 3402 3030 3463 prleceme
3053 3393 3225 3449 David
3243 3433 3258 3459 ,
3301 3404 3350 3448 et
3380 3394 3591 3465 Amph;
3617 3406 3667 3452 et
3705 3397 3807 3450 lle-

2209 3495 2354 3544 man,
2408 3489 2457 3532 et
2506 3478 2728 3534 Iditltim
2771 3482 3145 3551 prophetarum
3193 3485 3346 3554 regis.
3421 3484 3576 3551 Quod
3626 3496 3805 3541 totum

2209 3582 2373 3636 quam
2414 3575 2602 3623 sancte
2652 3577 2708 3623 et
2744 3569 2995 3639 religiose
3032 3570 3198 3627 fuerit
3235 3573 3544 3644 institutum
3571 3613 3586 3639 ,
3635 3590 3811 3645 quam

2209 3657 2438 3713 dulciter
2480 3672 2546 3712 ac
2591 3668 2904 3714 reverenter
2935 3660 3009 3714 sit
3053 3661 3376 3717 imitandum
3414 3663 3560 3718 inter
3595 3673 3804 3721 caetera

2209 3746 2354 3802 beati
2395 3746 2563 3801 David
2614 3743 2932 3819 magniﬁca,
2981 3750 3056 3805 ita
3107 3750 3244 3806 liber
3284 3751 3706 3809 Ecclesiasticus
3748 3759 3803 3807 in

2207 3843 2325 3912 ejus
2375 3841 2624 3897 laudibus
2665 3843 3031 3912 prosequitur,
3083 3845 3300 3900 dicens:
3351 3845 3419 3900 In
3461 3848 3600 3900 omni
3643 3863 3803 3916 opere

2208 3931 2349 3985 dedit
2372 3932 2749 4002 confessionem
2793 3943 2976 3987 sancto
3005 3943 3054 3988 et
3096 3933 3300 3988 excelso
3327 3935 3384 3988 in
3408 3935 3559 3988 uerbo
3584 3934 3799 4004 glorier.

2207 4023 2287 4077 De
2329 4023 2473 4076 omni
2521 4022 2676 4077 corde
2720 4039 2817 4076 suo
2866 4023 3101 4077 laudatit
3139 4023 3466 4090 Dominum,
3509 4032 3557 4078 et
3605 4024 3805 4078 dilexit

2206 4113 2396 4180 Deum,
2427 4114 2516 4184 qui
2547 4112 2669 4182 fecit
2709 4111 2882 4179 illum,
2935 4124 2984 4168 et
3022 4114 3164 4168 dedit
3209 4113 3290 4168 illi
3328 4122 3515 4169 contra
3547 4115 3798 4168 inimicos

2204 4205 2521 4277 potentiam;
2543 4213 2593 4258 et
2621 4213 2763 4258 stare
2787 4204 2909 4273 fecit
2937 4215 3174 4259 cantores
3197 4215 3382 4261 contra
3406 4205 3600 4271 altare,
3646 4215 3700 4260 et
3742 4207 3798 4260 iis

509 4291 670 4348 nobis
699 4292 1016 4351 ﬁrmissime
1053 4296 1467 4352 commendatur
1498 4314 1512 4350 :
1545 4297 1635 4351 ubi
1669 4299 1721 4351 in
1759 4297 1900 4354 libro
1939 4298 2106 4354 Pars-
2127 4291 2182 4351 D
2206 4313 2336 4352 sono
2361 4311 2542 4350 eorum
2582 4296 2761 4350 dulces
2787 4293 2930 4365 fecit.
2950 4295 3151 4350 modos.
3210 4295 3278 4350 Et
3308 4296 3451 4352 dedit
3477 4297 3534 4352 in
3559 4295 3797 4352 celebra.

1869 4409 2142 4466 BALUZII
2179 4408 2411 4465 NOTE.

583 4511 610 4581 ξ
642 4495 1157 4581 Ριεὸεὶος-ηεςιπιοε.
1193 4498 1479 4581 sumptum
1503 4508 1587 4581 est
1613 4499 1852 4581 istudex
1886 4514 2096 4581 canone

509 4568 702 4639 ultimo
723 4567 935 4624 concilii
975 4567 1285 4639 Laodiceni,
1315 4567 1371 4627 in
1396 4585 1505 4638 quo
1544 4571 1621 4626 sic
1666 4570 1928 4639 scriptum
1971 4577 2092 4624 est:

509 4636 663 4703 Quod
693 4653 816 4709 non
839 4647 1071 4709 oporteat
1115 4637 1344 4708 plebeios
1363 4636 1591 4709 psalmos
1615 4640 1671 4693 in
1720 4636 1952 4693 Ecclesia
1974 4655 2097 4692 can-

512 4716 646 4772 tare,
682 4723 773 4760 nec
797 4706 980 4770 libros,
1005 4706 1195 4776 prieter
1214 4706 1486 4772 canonem,
1519 4708 1566 4763 le
1609 4711 1659 4773 ‘;
1689 4708 1780 4762 sed
1801 4709 1912 4762 sola
1941 4724 2095 4762 sacra

512 4775 778 4830 volumina
845 4776 980 4831 Novi
1042 4775 1377 4832 Testamenti.
1430 4778 1502 4832 vel
1559 4726 1772 4832 auris.
1833 4777 2092 4832 Prohibet

511 4792 778 4830 octuth
845 4792 980 4831 [νοω
1043 4792 1377 4839 testamenti,
1430 4792 1502 4832 τα
1560 4792 1772 4832 γεεενω.
1833 4792 1994 4832 γνοῐιι

509 4860 640 4917 ergo
655 4859 860 4917 canon,
902 4861 971 4917 ne
992 4845 1180 4917 psalmi
1207 4846 1438 4915 plebeii,
1457 4847 1509 4902 id
1536 4856 1640 4912 est,
1670 4863 1700 4900 a
1743 4847 1967 4917 privatis
1993 4847 2094 4900 im—

506 4915 801 4985 peritisque
830 4915 1139 4969 hominibus
1167 4917 1479 4985 compositi,
1512 4917 1564 4971 in
1604 4915 1839 4972 Ecclesia
1870 4917 2097 4970 reciten-

507 4993 613 5056 t_ur.
646 4984 953 5056 Invaluerat
992 4986 1136 5038 enim
1164 4985 1291 5056 inec
1321 4989 1673 5051 consuetudo,
1721 4987 2095 5056 (quemadmo-

510 5052 638 5108 dum
667 5054 735 5107 ad
775 5054 919 5108 hunc
963 5069 1225 5108 canonem
1269 5028 1631 5111 Laodicebdm
1659 5028 1970 5110 bbs‘ervavit
1997 5054 2093 5108 Ju-

512 5122 717 5195 stellus,
745 5130 828 5195 el_
831 5121 1100 5195 Henricus
1130 5122 1378 5195 Valesius
1403 5127 1470 5180 ad
1501 5126 1696 5180 librum
1744 5141 1841 5189 vu,
1871 5141 1992 5195 cap.
2021 5124 2092 5178 24

508 5190 1195 5266 ﬂistorimEcclesiasticzg
1223 5193 1460 5266 Eusebii)
1492 5203 1555 5248 ut
1580 5195 1732 5249 multi
1766 5190 2006 5264 psalmos
2035 5201 2092 5266 et

509 5261 738 5334 hymnos
769 5263 822 5316 in
847 5263 1107 5334 honorem
1137 5262 1339 5318 Christi
1371 5261 1781 5334 componerent;
1815 5279 2014 5333 eosque
2035 5264 2089 5320 in

511 5330 994 5402 Ecclesia
1033 5331 1312 5402 facerent:
1362 5330 1515 5402 quod
1553 5349 1620 5388 ex
1666 5335 1832 5388 variis
1874 5330 2092 5388 Eusebii

508 5399 641 5474 locis
668 5401 917 5474 probant.
949 5399 1268 5474 Hujusmodi
1295 5399 1422 5474 ergo
1442 5403 1701 5474 _psalmos
1746 5404 1822 5474 in,
1849 5403 2091 5458 Ecclesia

511 5469 763 5541 deinceps
792 5471 914 5541 (ιξηὶ
957 5472 1125 5525 vetuit
1166 5469 1403 5541 synodus
1440 5469 1764 5536 llaodicena,
1814 5473 2092 5536 indignum

511 5538 798 5611 majestate
820 5539 918 5611 Dei
946 5538 1264 5611 credens,'si
1291 5541 1412 5596 aliis
1437 5558 1599 5611 quam
1623 5558 1898 5597 sacrorum
1929 5541 2092 5596 libro-

510 5622 630 5682 runt
656 5610 836 5682 verbis
866 5608 1035 5682 Deum
1066 5609 1312 5665 laudaret
1340 5608 1568 5682 populus
1596 5611 1956 5668 Christianus.

581 5677 608 5718 δ
658 5678 808 5734 Nihil
849 5679 1046 5748 poetice
1093 5677 1454 5750 compositum.
1519 5682 1714 5737 Censet
1771 5679 2092 5751 Agohardus

2200 4500 2339 4554 levia
2365 4499 2702 4572 carminajet
2721 4497 2909 4554 faciles
2932 4513 3144 4562 versus,
3187 4499 3486 4572 cuiusmodi
3514 4510 3639 4572 gini
3669 4519 3793 4572 quae

2200 4580 2390 4624 moteta
2416 4569 2577 4624 hodie
2600 4569 2850 4634 dicimus,
2876 4584 2982 4624 non
3010 4584 3128 4624 esse
3170 4569 3412 4624 canenda
3441 4570 3495 4623 in
3519 4569 3786 4626 Ecclesia.

2201 4638 2385 4720 Neque
2408 4639 2699 4722 dgobardo
2723 4639 2898 4720 solum
2918 4638 3192 4722 displicuit
3211 4654 3341 4722 usus
3364 4639 3471 4722 ille:
3501 4639 3791 4722 Displicuit

2199 4706 2343 4782 enim
2370 4706 2534 4782 etiam
2577 4722 2773 4782 magno
2800 4709 2915 4762 viro
2943 4706 3208 4782 Gulielmo
3231 4709 3487 4782 Durandi,
3529 4706 3790 4782 episcopo

2199 4778 2541 4841 Mimalensi;
2573 4775 2724 4845 cujus
2750 4777 2869 4832 haec
2909 4787 3034 4831 sunt
3062 4779 3230 4833 verba
3271 4794 3337 4833 ex
3366 4775 3503 4832 libro
3543 4775 3788 4835 secundo

2198 4848 2264 4901 de
2293 4847 2448 4903 Modo
2477 4846 2741 4917 generalis
2770 4847 2984 4902 concilii
3009 4849 3340 4912 celebrandi,
3367 4864 3487 4917 cap.
3521 4848 3624 4903 19:
3652 4870 3672 4901 ‹
3706 4850 3787 4904 Vi-

2200 4918 2421 4972 deretur
2458 4917 2612 4970 valde
2648 4917 2932 4972 honestum
2972 4933 3092 4972 esse
3127 4919 3273 4986 quod
3312 4927 3502 4972 cantus
3544 4917 3786 4974 indevoti

2198 4995 2254 5042 ct
2283 4987 2570 5042 inordinati
2603 4995 2923 5041 motetorum
2951 4996 3006 5041 et
3053 4987 3311 5041 similium
3357 5002 3463 5043 non
3502 4986 3700 5044 fierent
3731 4991 3784 5044 iu

2197 5057 2447 5118 ecclesia,
2474 5071 2595 5110 cum
2625 5057 2941 5118 reprobetur
2973 5056 3045 5110 92
3073 5056 3199 5110 dist.
3224 5053 3495 5111 Cantores.
3523 5077 3543 5110 ο
3579 5057 3782 5112 Verum

2197 5127 2354 5181 durat
2380 5127 2553 5181 adhuc
2580 5126 2635 5180 in
2664 5125 2908 5181 Ecclesia
2953 5141 3072 5180 mos
3100 5125 3210 5197 ille,
3234 5140 3408 5197 quem
3433 5126 3549 5197 tolli
3598 5128 3785 5182 abole-

2199 5197 2354 5266 rique
2379 5197 2574 5251 debere
2618 5203 2903 5266 senserunt
2934 5196 3130 5266 magni
3169 5195 3399 5251 illi'viri.
3449 5195 3588 5266 Quid
3630 5200 3782 5252 enim

2199 5211 2354 5316 rique
2379 5211 2574 5251 uenere
2618 5211 2903 5249 senserunt
2950 5211 3130 5266 magna
3169 5211 3246 5251 un
3275 5211 3399 5250 νιη.
3449 5211 3588 5262 quia
3630 5211 3781 5252 enim

2197 5281 2266 5319 νυ
2291 5267 2487 5334 gatius,
2535 5281 2696 5334 quam
2739 5271 2798 5318 ut
2844 5265 2980 5318 levia
3025 5267 3292 5330 carmina,
3341 5273 3396 5334 et
3425 5265 3781 5322 modulationi

2198 5333 2346 5404 apta,
2374 5333 2661 5390 cantentur
2698 5335 2757 5388 in
2796 5334 3083 5406 Ecclesia?
3108 5335 3313 5406 Neque,
3339 5333 3392 5388 id
3421 5342 3631 5390 tantum
3682 5337 3782 5390 ali-

2197 5403 2433 5473 quoties,
2465 5417 2524 5458 ut
2571 5418 2729 5458 casus
2755 5403 2927 5458 videri
2975 5407 3146 5474 possit
3174 5403 3318 5469 {sed
3362 5412 3609 5474 vertente
3637 5420 3783 5460 anno

2197 5471 2465 5544 quolibet,
2485 5474 2539 5527 in
2569 5474 2655 5527 die
2700 5474 2863 5544 natali
2909 5471 3121 5544 Domini
3163 5475 3334 5529 nostri
3376 5471 3506 5530 Iesu
3553 5473 3778 5529 Christi.

2200 5542 2352 5600 Unde
2375 5554 2430 5598 et
2454 5544 2696 5597 carmina
2721 5543 2809 5597 illa
2841 5553 3056 5611 recepto
3077 5542 3286 5612 jamdiu
3311 5544 3577 5600 vocabulo
3606 5546 3782 5600 nomi-

2197 5623 2396 5669 nantur
2427 5613 2608 5678 Noéls,
2641 5613 2694 5667 id
2715 5623 2817 5678 est,
2843 5612 3048 5666 Natalia
3073 5614 3333 5668 carmina.
