3930 6358
146 388 262 446 529
1285 376 1433 430 UB:
1455 376 1541 429 DE
1574 370 1916 427 CORRECT.
1958 367 2324 425 ANTIPHON.
3316 353 3422 412 330

154 501 387 557 tionibus
409 499 596 562 decus,
653 507 689 552 et
720 493 921 552 amarit
951 501 1185 562 tempora
1213 504 1373 558 usque
1404 487 1471 546 ad
1497 502 1742 539 consum»
1773 490 1819 546 Α
1849 481 2224 552 disciplinatus
2264 479 2491 550 quisque
2537 475 2768 530 libenter
2815 471 3144 553 acquiescat.
3206 469 3262 524 Si
3300 469 3426 550 quis

153 592 440 646 motionem
467 590 604 650 t‘lltt’,
648 598 706 642 ut
727 585 1004 642 laudarent
1030 591 1270 636 sanctum
1297 595 1482 632 nomen
1509 575 1737 639 Domini,

156 691 203 737 e’t
237 681 620 753 ampliﬁcarent
653 693 804 734 mane
827 667 926 729 Dei
957 673 1307 729 sanctitatem.
1350 668 1458 723 Sed
1488 676 1542 720 et
1571 667 1624 720 in
1655 666 1744 718 Li-

157 782 260 828 bro
288 765 558 827 Samuelis
601 769 719 823 haec
759 765 1020 836 psallendi
1070 762 1245 835 gratia
1286 757 1546 828 spiritalis
1576 757 1628 811 in
1654 771 1746 811 eo-

155 865 284 920 dem
311 877 443 935 rege
462 857 817 917 sanctissimo
835 855 1181 927 praedicatur,
1216 851 1306 906 ubi
1331 849 1528 920 legitur
1555 867 1567 901 :
1599 847 1745 900 Dixit

155 952 335 1008 David
364 951 506 1020 ﬁlius
536 949 650 1004 Isai
685 964 702 1003 :
750 946 898 1017 Diait
931 946 1010 1000 vir
1051 942 1136 996 cui
1180 942 1522 996 constitutum
1560 946 1633 991 est
1679 937 1745 991 de

157 1044 372 1097 Christo
395 1042 493 1095 Dei
523 1039 712 1104 Jacob,
741 1035 976 1109 egregius
1005 1032 1197 1106 psaltes
1233 1029 1404 1087 Israel
1448 1044 1464 1081 :
1514 1028 1743 1100 Spiritus

159 1134 261 1189 Dei
300 1134 504 1189 locutus
547 1140 629 1186 est
650 1146 742 1201 per
760 1145 843 1182 me
867 1167 883 1194 ,
926 1136 976 1181 et
1013 1141 1183 1180 sermo
1225 1123 1340 1194 ejus
1375 1139 1468 1192 per
1509 1120 1745 1192 linguam

157 1245 355 1282 meam.
423 1226 566 1283 Huic
610 1225 773 1295 igitur
819 1229 926 1276 tam
968 1227 1169 1275 saneta:
1199 1214 1510 1272 auctoritati
1553 1221 1608 1268 et
1637 1222 1745 1269 tam

160 1315 465 1385 perspicua:
510 1312 729 1367 veritati
770 1325 878 1365 non
927 1317 1012 1384 est
1054 1307 1275 1363 dubium
1311 1305 1456 1375 quod
1497 1302 1671 1358 ﬁdelis
1697 1309 1752 1355 et

1844 548 2022 628 autem
2077 548 2448 627 contentiosus
2477 574 2533 622 et
2565 565 2814 636 pertinax
2860 548 3235 618 contradicere
3265 548 3430 612 cona-

1846 672 1956 728 tur,
1988 669 2042 716 et
2063 661 2127 716 de
2147 658 2457 722 turbulento
2486 659 2659 735 magis
2688 654 2822 718 rivo,
2855 667 3018 722 quam
3047 651 3113 705 de
3129 636 3427 722 purissimo

1847 753 1993 812 fonte
2021 763 2212 824 potare
2239 751 2490 816 voluerit,
2524 749 2724 804 viderit
2748 751 2825 802 ne
2842 744 2932 813 illo
2953 751 3180 816 tegrotet
3205 740 3428 811 languo-

1849 860 1908 899 re
1944 844 2106 899 nimis
2139 841 2448 913 pernicioso
2469 881 2483 906 ,
2528 853 2690 908 quem
2718 835 2936 908 quidam
2963 827 3313 912 antiquorum
3330 844 3425 910 pa-

1851 943 1994 989 trum
2028 935 2304 1004 sapienter
2349 939 2406 986 et
2431 929 2665 986 breviter
2690 925 2988 984 cavendum
3022 915 3426 1012 admonuitttli'

1851 1038 2015 1079 cens:
2048 1022 2150 1089 Qui
2171 1029 2464 1090 contempta
2485 1018 2701 1085 veritate
2720 1013 2988 1087 pra’sumit
3006 1009 3427 1087 consuetudinem

1850 1115 2018 1186 sequi,
2043 1121 2134 1166 aut
2157 1113 2298 1166 circa
2328 1111 2517 1181 fratres
2544 1107 2751 1161 invidus
2776 1113 2850 1158 est
2874 1112 2920 1156 et
2942 1099 3222 1169 malignus,
3246 1095 3432 1184 quibus

1853 1207 2042 1262 ueritas
2072 1204 2345 1268 revelatur,
2377 1211 2467 1255 aut
2507 1202 2645 1259 circa
2681 1198 2846 1253 Deum
2876 1197 3132 1266 ingratus,
3176 1191 3326 1262 cujus
3354 1189 3436 1243 in-

1854 1299 2139 1368 spiratione
2168 1295 2404 1350 Ecclesia
2428 1294 2542 1358 eius
2569 1292 2868 1347 instruitur.

395 1559 920 1690 AGOBARDI
1001 1559 1307 1684 LIBER
1391 1555 1520 1680 DE
1608 1546 2297 1680 (l0llllllllTl0NE
2382 1541 3178 1673 ANTIPlIilNllllll.

236 1902 279 1956 1.
326 1900 708 1956 Dilectissimis
751 1901 804 1954 in
842 1898 1059 1954 Christo
1106 1889 1367 1952 fratribus
1401 1905 1456 1951 et
1492 1898 1765 1968 praecipue
1793 1901 1840 1960 B
1869 1905 2056 1966 gemus
2079 1931 2092 1955 ,
2140 1887 2311 1942 multo
2349 1884 2520 1956 magis
2561 1885 2841 1940 cumDeo
2885 1883 3070 1938 laudes
3114 1881 3392 1941 offerimus
3427 1905 3438 1936 :

167 2004 193 2031 α
229 1992 548 2047 cantoribus
598 1990 854 2046 Ecclesia:
919 1988 1297 2059 Lugdunensis
1339 1987 1657 2055 Agobardus
1704 1987 1757 2041 in

166 2082 362 2135 eodem
398 2081 616 2136 Christo
657 2079 886 2135 Domino
925 2087 982 2133 et
1007 2077 1289 2133 Salvatore
1330 2084 1516 2132 nostro
1557 2077 1757 2145 sempi-

167 2181 386 2236 ternam
411 2171 660 2225 salutem.

243 2262 302 2316 ln
329 2262 525 2316 divinis
554 2260 800 2315 laudibus
844 2260 1184 2316 exsolvendis
1214 2267 1416 2328 quanto
1461 2258 1639 2312 studio
1681 2255 1763 2310 fu-

167 2352 370 2424 gienda
399 2353 470 2405 sit
492 2352 685 2406 levitas
707 2392 719 2416 ,
747 2353 1093 2421 gravitasque
1115 2351 1369 2405 sectanda
1391 2389 1404 2413 ,
1450 2348 1765 2418 frequenter

169 2437 450 2492 dilectioni
497 2445 691 2490 vestra:
741 2436 795 2488 in
864 2443 1046 2489 mutua
1096 2434 1454 2490 collocutione
1495 2433 1764 2503 suggessi—

170 2545 332 2594 mus;
384 2527 593 2582 scilicet
645 2535 704 2580 ut
759 2526 1062 2580 rationabili
1110 2523 1767 2588 eonsideratione,,sicut

172 2620 473 2690 prudentes
497 2616 756 2672 Ecclesia:
778 2615 872 2670 lilii
899 2657 913 2680 ,
968 2623 1022 2670 et
1057 2614 1368 2670 rationabili
1394 2613 1510 2681 ejus
1537 2613 1675 2667 lacte
1698 2613 1766 2666 ab

176 2707 518 2764 incunabulis
539 2706 784 2772 enutriti,
817 2706 960 2775 quod
989 2705 1100 2760 Deo
1130 2705 1378 2774 displicet
1409 2702 1763 2774 refugientes,

171 2799 434 2856 concordi
475 2797 652 2852 studio
701 2798 756 2850 id
809 2796 954 2864 quod
996 2802 1207 2866 gratum
1258 2801 1647 2864 acceptumque
1690 2793 1764 2857 ei,

175 2891 363 2947 verbis
409 2889 569 2945 sicuti
615 2897 669 2944 et
715 2886 873 2942 factis
920 2887 1281 2940 sectaremini.
1349 2884 1408 2940 Si
1439 2885 1583 2939 enim
1626 2883 1767 2953 apud

177 2996 374 3052 graves
423 2990 476 3035 et
523 2981 798 3048 sapientes
824 2977 972 3031 viros
997 3016 1012 3042 ,
1062 2991 1168 3031 non
1208 2976 1382 3033 solum
1404 2989 1638 3038 morum,
1671 2973 1768 3028 sed

176 3075 346 3129 etiam
401 3072 690 3127 verborum
741 3071 939 3126 levitas
990 3068 1433 3150 reprehensibilis
1466 3067 1766 3136 judicatur.

178 3174 388 3236 quanto
426 3166 599 3236 magis
641 3165 782 3235 apud
827 3164 994 3219 Deum
1033 3163 1200 3217 totius
1245 3169 1446 3216 sancta:
1487 3159 1770 3232 gravitatis

179 3273 245 3312 ac
269 3256 550 3326 sapientiae
581 3263 878 3319 auctorem,
911 3254 998 3308 cui
1019 3252 1304 3307 Psalmista
1348 3251 1488 3305 dicit
1518 3268 1530 3303 :
1578 3248 1647 3303 In
1670 3265 1768 3320 po-

178 3349 306 3421 pulo
347 3349 495 3420 gravi
536 3347 764 3402 laudabo
788 3356 856 3411 te,
908 3354 963 3400 et
991 3344 1077 3400 cui
1099 3359 1200 3398 nos
1220 3342 1508 3413 Apostolus
1531 3342 1771 3396 rationa-

181 3440 293 3494 bile
334 3437 648 3507 obsequiu'm
681 3431 936 3491 admdnet
961 3435 1238 3490 exhibere.
1281 3433 1468 3503 Neque
1491 3449 1622 3488 vero
1645 3448 1772 3502 pas—

181 3529 310 3593 sim,
345 3536 399 3581 et
426 3527 898 3599 absquesdiligcnti
934 3524 1336 3580 examinatione
1354 3564 1382 3590 ,.
1409 3526 1550 3593 quod
1578 3524 1774 3594 cuique

182 3625 363 3678 visum
406 3621 570 3676 fuerit
617 3622 670 3676 in
700 3621 794 3675 Dei
823 3621 1072 3676 laudibus
1099 3621 1468 3690 usurpandum
1497 3627 1611 3684 est,
1652 3635 1774 3674 cum

182 3714 332 3767 dicat
381 3711 710 3781 Apostolus:
748 3710 890 3764 Nam
933 3710 1062 3781 quid
1107 3727 1334 3775 oremus,
1375 3712 1510 3764 sicut
1554 3719 1772 3781 oportet,

183 3803 469 3856 nescimus.
532 3798 636 3854 Sed
663 3801 770 3870 ipse
800 3798 1029 3868 Spiritus
1055 3799 1284 3869 postulat
1313 3815 1408 3869 pro
1441 3799 1586 3851 nobis
1611 3798 1774 3868 gemi-

183 3893 324 3946 tibus
353 3889 815 3944 inenarrabilibus.
844 3887 948 3953 Qui
969 3897 1145 3942 autem
1166 3897 1435 3942 scrutatur
1452 3888 1635 3954 corda,
1678 3889 1776 3942 scit

182 3983 312 4053 quid
338 3982 594 4036 desideret
619 3980 871 4052 Spiritus,
895 3983 1018 4052 quia
1044 3980 1333 4035 secundum
1354 3980 1520 4034 Deum
1549 3979 1778 4050 postulat

183 4092 280 4143 pro
318 4075 535 4128 sanctis.
599 4073 754 4129 Unde
789 4082 843 4127 et
884 4073 1110 4143 apostoli
1137 4073 1388 4126 humanae
1425 4073 1779 4141 ignorationis

185 4165 394 4219 conscii
417 4204 435 4241 ,_
466 4163 657 4217 orandi
694 4161 981 4217 formulam
1015 4177 1045 4216 a
1076 4160 1186 4215 Deo
1213 4163 1420 4231 petiere
1442 4202 1456 4226 ,
1487 4162 1728 4216 dicentes
1761 4180 1772 4214 :

185 4254 438 4318 Domine,
466 4253 594 4308 doce
618 4270 712 4308 nos
743 4269 915 4307 orare.
975 4253 1137 4308 Certe
1175 4251 1520 4306 manifestum
1559 4263 1642 4307 est
1667 4268 1781 4307 ma-

183 4343 270 4412 jus
314 4358 435 4398 esse
495 4344 605 4398 Deo
660 4344 972 4413 quempiam
1025 4344 1183 4414 digne
1228 4344 1416 4398 laudes
1473 4344 1774 4408 exsolvere,

189 4448 358 4504 quam
391 4447 490 4501 pro
525 4431 843 4487 infirmitate
884 4433 1106 4503 propria
1147 4447 1423 4497 exorare;
1471 4434 1778 4502 praesertim

188 4538 316 4578 cum
345 4523 448 4578 hoc
474 4523 759 4592 praesentis
785 4522 912 4578 vita:
957 4521 1064 4577 line
1108 4522 1449 4588 terminetur,
1496 4522 1624 4577 illud
1649 4537 1779 4577 vero

1860 1986 1984 2056 quia
2011 1984 2150 2038 sicut
2173 1995 2329 2036 nemo
2357 1980 2458 2034 nisi
2488 1980 2605 2049 ipso
2632 1978 2930 2049 inspirante
2955 1977 3247 2032 secundum
3276 1978 3442 2039 Deum

1859 2075 2130 2146 postulat,
2181 2073 2252 2125 ita
2302 2069 2480 2123 nullus
2522 2069 2624 2123 nisi
2666 2083 2730 2122 eo
2769 2068 3048 2123 erudiente
3090 2066 3257 2121 Deum
3290 2067 3445 2137 dign.

1861 2164 2147 2220 collaudat.
2192 2161 2307 2216 Non
2335 2175 2465 2227 ergo
2492 2160 2860 2229 cujuscunque
2883 2158 3174 2229 ﬁgmentis,
3203 2159 3298 2213 sed
3326 2158 3447 2229 Spi-

1861 2259 1999 2313 ritus
2043 2255 2214 2311 sancti
2249 2253 2478 2322 eloquiis
2518 2253 2775 2320 majestas
2805 2251 2985 2305 divina
3032 2250 3295 2304 laudanda
3341 2262 3440 2305 est.

1865 2350 2108 2418 Denique
2143 2355 2196 2402 et
2241 2345 2332 2400 lilii
2373 2344 2551 2399 Aaron
2589 2345 2768 2414 ignem
2799 2332 3034 2397 alienum
3064 2343 3291 2399 Domino
3316 2343 3444 2398 olle-

1865 2449 2049 2497 rentes
2072 2482 2085 2506 ,
2121 2455 2228 2494 non
2277 2437 2522 2507 Obsequii
2561 2439 3075 2499 remunerationem,
3106 2437 3199 2492 sed
3223 2436 3447 2491 (tantum

1865 2532 2069 2585 tionem
2118 2526 2556 2598 praesumptionis
2599 2526 2808 2596 experti
2856 2535 2997 2580 sunt.
3038 2526 3189 2581 Unde
3221 2527 3321 2581 hoc
3353 2543 3449 2582 nos

1866 2619 2172 2689 exemplum
2201 2623 2546 2686 summopere
2570 2617 2833 2679 vitantes,
2867 2616 2992 2670 illud
3022 2614 3250 2672 sollicite
3273 2626 3418 2671 atten
3436 2645 3448 2658 -

1867 2709 2058 2764 damus
2086 2703 2231 2777 quod
2259 2707 2345 2761 vel
2373 2707 2426 2760 in
2455 2705 2764 2761 Proverbiis
2792 2707 3052 2775 scriptum
3087 2715 3170 2761 est
3202 2719 3220 2759 ξ
3269 2703 3453 2760 Omnis

1867 2816 2037 2855 sermo
2078 2798 2176 2852 Dei
2217 2797 2412 2868 ignitus
2458 2795 2667 2866 clypcus
2709 2804 2782 2849 εει
2806 2795 3134 2866 sperantibus
3174 2797 3331 2848 inse.
3375 2794 3456 2848 Nc

1869 2888 2036 2944 addas
2057 2887 2343 2960 quidquam
2375 2888 2540 2942 verbis
2570 2886 2735 2956 illius,
2770 2895 2829 2939 'et
2859 2888 3124 2956 arguatis,
3150 2885 3457 2939 invenieris-

1868 2996 1968 3051 que
2010 2979 2257 3034 mendax.
2283 2980 2289 2986 ’
2317 2964 2461 3032 Nihil
2509 2978 2689 3046 itaque
2739 2976 2832 3030 Dei
2879 2976 3057 3030 verbis
3084 2975 3372 3042 addentes,
3405 2988 3459 3030 et

1871 3072 2126 3127 timentes
2173 3071 2327 3142 argui
2381 3069 2718 3139 invenirique
2769 3069 3089 3134 mendaces,
3159 3068 3325 3122 verbo
3363 3067 3458 3123 Dci

1873 3166 2042 3238 ignito
2069 3207 2084 3232 ,
2132 3166 2225 3237 qui
2255 3165 2472 3236 elypeus
2509 3163 2623 3234 spei
2673 3171 2757 3217 est
2784 3202 2797 3226 ,
2843 3169 3083 3231 tempore
3113 3161 3380 3215 orationis
3406 3171 3462 3214 ct

1798 3247 1842 3309 C
1874 3259 2051 3314 laudis
2091 3257 2487 3312 inﬂammemur
2513 3255 2715 3325 pariter
2757 3265 2811 3309 et
2851 3253 3177 3308 muniamur.
3221 3242 3462 3322 Cumque

1873 3347 2135 3403 Dominus
2162 3347 2344 3401 dicat:
2389 3343 2558 3399 Verba
2583 3361 2700 3415 qua:
2743 3360 2836 3414 ego
2883 3343 3090 3398 locutus
3131 3360 3246 3397 sum
3294 3343 3460 3404 vobis.

1873 3441 2089 3510 spiritus
2128 3445 2176 3491 ct
2217 3438 2322 3491 vita
2367 3446 2485 3492 sunt
2512 3479 2526 3503 ,
2561 3437 2741 3491 omnia
2765 3435 2999 3490 humana
3027 3431 3306 3507 figmenta,
3343 3439 3464 3504 quae

1875 3525 2117 3583 vanitate
2151 3529 2231 3581 sui
2264 3536 2474 3581 mortua
2501 3527 2794 3597 judicanda
2822 3538 2969 3590 sunt,
3001 3535 3340 3596 respucnles,
3385 3529 3465 3578 vi-

1876 3621 2125 3675 ventibus
2166 3617 2369 3674 Christi
2416 3618 2646 3690 eloquiis
2695 3621 2746 3674 in
2778 3619 2948 3691 ipsius
2975 3609 3250 3687 obsequiis
3281 3633 3464 3688 perso-

1875 3725 2102 3774 nemus;
2135 3710 2390 3777 quatinus
2418 3725 2578 3764 voces
2610 3719 2830 3779 nostrae,
2863 3725 2966 3764 non
2993 3710 3147 3778 quasi
3180 3709 3369 3764 alienae
3398 3712 3465 3763 ah

1876 3817 1941 3856 eo
1970 3800 2185 3870 respui,
2237 3801 2332 3854 sed
2361 3809 2420 3853 ut
2447 3799 2675 3870 propria:
2711 3816 2834 3856 cum
2877 3799 3122 3870 supernis
3148 3800 3462 3865 virtutibus,

1877 3906 1996 3959 quae
2023 3889 2308 3958 majestate
2355 3890 2448 3943 Dei
2485 3895 2781 3945 trementes
2819 3891 3045 3945 adorant
3081 3897 3242 3958 atque
3266 3889 3466 3946 collati-

1879 3981 2029 4045 dant,
2057 3989 2370 4035 mercantur
2406 3980 2639 4035 admitti.

1947 4071 2032 4125 lll.
2071 4070 2185 4124 llac
2214 4071 2278 4125 de
2309 4084 2470 4124 causa
2516 4078 2571 4124 et
2613 4069 3060 4140 Antiphonarium
3111 4088 3210 4142 pro
3260 4072 3467 4126 viribus

1881 4161 2078 4216 nostris
2122 4175 2316 4229 magna
2359 4175 2424 4214 ex
2470 4167 2626 4229 parte
2654 4161 3007 4226 correximus,
3059 4161 3352 4232 amputatis
3383 4163 3468 4216 his

1880 4269 1999 4322 qua:
2046 4252 2130 4306 vel
2179 4248 2451 4320 supcrllua
2472 4292 2486 4318 ,
2519 4250 2603 4306 vel
2645 4249 2812 4316 levia,
2859 4252 2942 4306 vel
2970 4254 3244 4308 mendacia
3266 4295 3281 4319 ,
3311 4255 3338 4294 δ
3373 4265 3467 4307 aut

1879 4343 2199 4412 blasphema
2228 4341 2569 4396 videbantur.
2608 4341 2676 4397 Et
2712 4359 2805 4398 vos
2843 4343 3153 4413 frequenter
3180 4347 3465 4401 admonui-

1881 4451 2034 4500 mus,
2067 4443 2122 4489 et
2153 4443 2397 4489 tenorem
2443 4433 2828 4489 admonitionis
2875 4445 3072 4492 nostrae
3115 4447 3334 4508 propter
3375 4438 3468 4492 ali-

1882 4539 2112 4594 quorum
2139 4530 2435 4592 praesentes
2457 4537 2549 4577 seu
2579 4521 2788 4579 futuras
2813 4525 3180 4594 querimonias
3213 4527 3266 4582 in
3292 4527 3467 4583 fronte

190 4614 281 4669 hic
315 4613 617 4678 inchoetur,
671 4613 726 4666 in
768 4611 950 4667 futuro
999 4621 1181 4668 autem
1225 4611 1570 4682 perﬁciatur,
1621 4613 1778 4682 juxta
1803 4583 1857 4643 D
1884 4583 2125 4685 ejusdem
2142 4583 2320 4668 libelli
2361 4628 2564 4684 ponere
2613 4583 2977 4671 necessarium
3033 4617 3321 4673 duximus:
3361 4635 3466 4673 nou

188 4705 337 4776 quod
362 4703 650 4760 Psalmista
680 4703 758 4757 ait
783 4720 796 4755 :
849 4702 999 4757 Beati
1019 4703 1108 4774 qui
1130 4702 1370 4757 habitant
1401 4702 1455 4756 in
1479 4702 1634 4757 domo
1661 4710 1776 4764 tua,

195 4795 458 4849 Domine!
488 4795 542 4848 in
564 4791 760 4848 stecula
782 4791 1098 4846 steculorum
1119 4791 1410 4846 laudabunt
1435 4801 1502 4845 te.

262 4885 329 4940 ll.
371 4885 432 4941 Si
457 4899 588 4956 ergo
612 4892 834 4939 orantes
879 4883 1125 4938 doctrina
1170 4883 1342 4938 sancti
1388 4883 1622 4953 Spiritus
1650 4885 1784 4940 indi-

1887 4703 2138 4775 generale
2168 4703 2370 4774 aliquid
2393 4711 2715 4771 statuentes,
2750 4706 2841 4761 sed
2859 4707 3012 4776 juxta
3037 4707 3465 4764 mediocritatem

1889 4810 2081 4850 sensus
2127 4795 2308 4861 nostri,
2351 4794 2404 4848 in
2449 4795 2605 4850 domo
2637 4796 2752 4860 Dei,
2797 4797 2951 4864 cujus
2981 4798 3135 4853 nobis
3166 4814 3296 4853 cura
3319 4815 3467 4855 eom-

1891 4886 2058 4941 missa
2101 4892 2184 4940 est
2207 4926 2223 4950 ,
2256 4883 2399 4954 quod
2428 4899 2712 4953 possumus
2734 4885 3022 4942 offerentes
3046 4902 3060 4941 :
3087 4904 3186 4944 nec
3215 4888 3280 4943 de
3305 4905 3466 4947 sensu

1571 4974 1843 5032 BALUle
1878 4973 2107 5031 NOTAE.

266 5078 292 5107 ιι
327 5064 641 5120 Cantoribus
685 5063 913 5119 ecclesiis
944 5061 1184 5132 Alugdun.
1235 5061 1330 5116 His
1378 5064 1775 5118 commendatio

195 5137 432 5192 accessit
453 5150 517 5190 ex
547 5149 677 5189 cura
703 5130 992 5188 Leidradi’:
1026 5130 1138 5200 qui,
1171 5139 1231 5185 ut
1270 5132 1384 5202 ipse
1425 5134 1491 5186 ad
1523 5133 1776 5187 Carolum

196 5207 450 5278 Magnum
474 5205 698 5278 scribit,
731 5211 882 5278 tanta
907 5217 1036 5278 cura
1077 5203 1401 5278 procuravit
1421 5218 1574 5278 sacra
1623 5204 1782 5278 mini-

196 5271 365 5331 steria
392 5276 444 5328 in
474 5273 820 5344 Lugdunensi
842 5271 1089 5344 ecclesia,
1119 5279 1177 5325 ut
1197 5272 1361 5344 etiam
1389 5273 1614 5344 haberet
1632 5273 1785 5327 scho-

195 5347 278 5400 las
305 5341 608 5407 cantorum,
635 5343 708 5397 ita
739 5343 1097 5406 eruditorum,
1127 5349 1186 5394 ut
1209 5341 1344 5395 alios
1377 5343 1542 5396 etiam
1570 5343 1788 5397 erudire

197 5423 437 5486 possent.

271 5486 297 5524 δ
325 5486 430 5537 Aut
465 5481 782 5550 blasphema.
821 5481 996 5536 Fuere
1018 5481 1110 5549 qui
1149 5480 1490 5549 Agobardum
1531 5482 1712 5536 nimias
1737 5483 1790 5536 in

202 5554 647 5619 hoc‘argumento
662 5551 1090 5619 scrupulositatis
1112 5557 1413 5619 arguerent,
1443 5552 1786 5606 damnantem

204 5624 364 5678 nimis
385 5619 541 5677 facile
570 5619 855 5691 nonnullas
899 5622 1245 5691 antiphonas,
1291 5621 1656 5689 nonnullaque
1695 5637 1782 5676 re-

204 5694 506 5763 sponsoria,
545 5706 665 5759 qua:
704 5689 830 5763 licet
854 5705 920 5742 ex
959 5689 1128 5746 sacris
1174 5691 1326 5763 libris
1354 5691 1633 5763 desumpta
1674 5708 1782 5745 non

205 5760 327 5828 sint,
365 5764 449 5833 pia
497 5770 678 5815 tamen
725 5760 900 5826 potius
929 5771 1238 5830 suntquam
1289 5761 1470 5829 impia.
1506 5761 1570 5813 Et
1620 5763 1780 5817 audio

607 5850 878 5910 PATROL.
916 5850 1075 5913 CIV.

1883 5063 2098 5136 easdem
2122 5064 2464 5134 antiphonas,
2496 5079 2629 5136 quas
2660 5065 2745 5120 hic
2768 5065 2986 5136 damnat
3011 5066 3345 5136 Agobardus.
3375 5072 3468 5124 ho-

1884 5132 1970 5189 die
1991 5132 2456 5214 quoquenexstare
2497 5132 2558 5214 in
2577 5134 2854 5214 Breviario
2899 5132 3273 5214 Lugdunensi.
3311 5136 3467 5193 Certe

1886 5211 2102 5258 exstant
2127 5204 2178 5256 in
2204 5204 2480 5258 Brevlario
2519 5204 2766 5259 Ecclesia:
2791 5204 3124 5262 Parisiensis.
3157 5206 3308 5261 Unde
3334 5223 3466 5263 cou-

1892 5281 2018 5337 stat,
2051 5287 2139 5328 res
2164 5275 2330 5335 semel
2355 5281 2598 5344 receptas
2628 5275 2678 5327 in
2709 5275 2967 5337 Ecclesia,
3012 5291 3118 5331 non
3169 5275 3328 5331 facile
3353 5295 3467 5332 mu-

1896 5343 2332 5414 tari,_cautosque
2363 5346 2414 5398 in
2441 5343 2523 5398 his
2547 5345 2704 5398 rebus
2726 5345 2921 5399 debere
2944 5361 3060 5400 esse
3083 5345 3382 5414 pontifices,
3403 5363 3468 5401 ne

1901 5412 2259 5468 ministerium
2289 5429 2475 5468 eorum
2506 5414 2856 5484 vituperetur.
2884 5412 3114 5484 Quidni?
3132 5415 3465 5484 quandoqui-

1893 5484 2014 5537 dem
2046 5491 2101 5536 et
2125 5483 2396 5552 Agohardi
2427 5498 2555 5538 cura
2587 5481 2739 5536 irrita
2775 5481 2895 5538 fuit.
2941 5484 3030 5538 Sic
3059 5481 3308 5540 Urbanus
3356 5481 3466 5540 V'lil

1893 5553 2122 5624 hymnos
2175 5554 2432 5607 correxit.
2488 5553 2553 5624 Et
2607 5563 2785 5606 tamen
2836 5569 3047 5623 semper
3097 5554 3280 5624 hymni
3329 5560 3470 5610 anti-

1888 5623 1979 5691 qui
2026 5635 2293 5676 cauuutur
2324 5625 2373 5675 in
2404 5623 2655 5680 Ecclcsia,
2710 5638 2883 5691 neque
2933 5627 3188 5678 hactenus
3221 5625 3471 5680 inventus

1888 5701 1968 5746 est
1997 5693 2282 5774 quisquam
2305 5695 2394 5762 qui
2423 5701 2575 5746 notas
2602 5703 2894 5762 apponeret
2917 5694 3128 5764 hymnis
3151 5696 3216 5749 ab
3249 5693 3465 5755 Urbano

1887 5773 2092 5818 COl‘l‘CCl
2103 5780 2164 5817 l5.

2963 5854 3025 5912 ll
