3930 6312
502 327 606 388 331

1469 326 1527 381 S.
1573 326 1923 384 AGOBARDI
1962 330 2268 387 EPISCOPI
2308 332 2791 391 LUGDUNENSIS

3682 342 3784 398 352

501 455 691 503 nostro
718 443 923 516 aliquid
948 451 1369 514 praesumentes;
1424 444 1520 498 sed
1560 442 1856 515 scriptura:
1885 452 2088 499 sancta:
2117 449 2162 506 Α
2192 448 2548 516 compositum
2572 489 2586 513 ,
2618 459 2809 505 contra
2841 465 3046 507 morem
3074 454 3326 508 nocturni
3356 454 3517 511 otIicii
3547 455 3618 509 ab
3647 457 3783 510 emi-

498 538 910 603 auctoritatem,
982 544 1038 591 et
1090 549 1373 591 sacrorum
1421 550 1690 590 canonum
1729 536 2088 603 sanctionem,

499 630 1005 700 catholicornmque
1024 636 1242 700 patrum
1262 626 1507 682 instituta
1530 633 1587 682 et
1605 627 1853 696 exempla
1880 636 2092 682 sectan-

504 732 605 778 tes.
647 720 726 776 De
753 719 954 790 quibus
993 726 1285 789 antequam
1328 716 1533 787 aliquid
1548 715 1935 787 proferamus,
1963 733 2093 772 con-

501 823 697 878 gruum
726 804 960 872 videtur,
1008 806 1242 878 exempli
1289 806 1497 877 gratia,
1544 805 1833 861 nonnullas
1862 806 2092 876 ineptias

501 907 624 970 Quae
647 897 876 969 prmiato
905 896 1327 954 continebantur
1353 895 1557 961 libello,
1605 904 1799 951 notare
1830 897 2088 961 breviter,

502 1008 567 1047 ac
596 990 788 1046 leviter
811 990 1173 1061 redarguere;
1219 995 1277 1043 ut
1305 1002 1370 1043 ex
1397 987 1484 1043 his
1514 987 1956 1057 perpaucissimis
1980 986 2094 1040 evi-

500 1083 716 1138 dentius
739 1089 1071 1153 agnoscatur
1093 1096 1256 1153 quam
1283 1080 1597 1135 necessario
1625 1093 1745 1148 quae
1783 1080 1836 1133 in
1862 1093 2092 1148 sequen-

502 1176 645 1230 tibus
666 1173 864 1229 dicturi
893 1189 1102 1237 sumus,
1125 1188 1157 1227 a
1182 1169 1432 1242 patribus
1453 1171 1749 1226 constituta
1776 1170 1899 1234 sint,
1927 1185 2094 1238 quan-

504 1278 665 1339 toque
700 1266 894 1322 timore
920 1281 984 1321 ac
1010 1264 1374 1320 sollicitudine
1418 1278 1607 1318 eorum
1652 1263 1788 1321 scita
1822 1261 1976 1317 nobis
1999 1276 2092 1315 ex-

498 1356 683 1426 pediat
705 1354 1018 1411 observare.

568 1447 659 1502 ιν.
694 1448 773 1503 Ac
796 1447 1032 1518 primum
1062 1488 1075 1513 ,
1124 1446 1281 1515 quale
1319 1445 1452 1501 illud
1487 1453 1570 1501 est
1594 1486 1609 1511 ,
1657 1444 1800 1515 quod
1827 1445 1881 1499 in
1908 1444 2088 1516 vigilia

498 1538 707 1595 Natalis
738 1540 950 1612 Domini
995 1540 1053 1594 in
1092 1540 1262 1594 choro
1289 1537 1527 1594 ﬁdelium
1556 1544 1611 1591 ct
1645 1534 1885 1593 ﬁdelium
1910 1536 2092 1590 erudi-

497 1632 733 1686 ditorum
781 1631 1106 1685 cantabatur
1134 1649 1145 1681 :
1179 1628 1314 1682 Dum
1356 1637 1501 1682 ortus
1543 1626 1702 1696 fuerit
1734 1625 1814 1679 sol
1842 1625 1909 1679 de
1935 1624 2085 1691 crelo,

494 1720 737 1775 videbitis
772 1718 961 1790 Regem
988 1736 1165 1790 regum
1180 1708 1552 1788 procedentem
1578 1733 1609 1769 a
1639 1715 1800 1769 Patre
1832 1724 2084 1785 tanquam

2195 540 2427 595 nexitiori
2468 539 2587 594 loco
2625 541 2928 611 pompatice
2957 544 3317 615 concrepabat
3350 564 3363 597 :
3407 545 3689 599 Descendit
3718 546 3783 599 de

2194 630 2334 685 caelis
2378 634 2567 686 missus
2620 632 2684 685 ab
2732 649 2853 687 arce
2892 633 3069 689 Patris
3109 647 3135 676 ι
3180 636 3415 703 introivit
3468 654 3563 708 per
3599 629 3783 691 aurem

2203 719 2433 791 Virginis
2455 723 2509 776 in
2535 723 2795 793 regionem
2821 726 3073 789 nostram,
3094 724 3310 780 indutus
3330 725 3467 780 stola
3492 734 3784 796 purpurea,

2191 819 2242 864 et
2284 812 2439 865 exivit
2478 829 2569 882 per
2617 829 2833 867 auream
2862 823 3067 883 portam
3110 813 3205 868 lua:
3242 823 3289 869 et
3327 815 3485 870 decus
3528 818 3787 870 universe

2193 902 2410 973 fabrica:
2446 904 2649 958 mundi.
2697 904 2798 960 Ubi
2838 906 3106 975 primum,
3148 907 3240 975 qui
3280 907 3625 963 descenderit
3677 924 3786 962 non

2194 992 2458 1062 designat.
2487 992 2683 1047 Arcem
2713 1009 2843 1048 vero
2870 992 3050 1049 Patris
3075 994 3204 1064 quid
3240 995 3469 1057 dixerit,
3501 997 3617 1067 ipse
3649 1011 3785 1065 quo-

2194 1095 2298 1151 que
2332 1082 2549 1150 penitus
2594 1083 2881 1152 ignoravit.
2935 1082 3188 1153 Nunquid
3239 1094 3325 1139 est
3369 1086 3583 1155 aliquod
3611 1085 3789 1140 mdiﬁ-

2194 1173 2336 1227 cium
2378 1172 2628 1237 caeleste,
2680 1182 2773 1229 aut
2806 1174 3125 1244 percmleste
3148 1216 3161 1240 ,
3192 1177 3335 1245 quod
3366 1175 3566 1231 factum
3603 1177 3679 1231 sit
3719 1177 3787 1230 ab

2190 1278 2256 1318 co
2276 1302 2292 1329 ,
2321 1270 2413 1316 aut
2450 1264 2593 1319 aliud
2620 1264 2823 1333 aliquid
2861 1262 3005 1335 quod
3034 1281 3141 1320 non
3167 1276 3247 1321 est
3283 1267 3459 1337 ipsum
3492 1267 3635 1337 quod
3685 1267 3789 1322 Pa-

2192 1363 2293 1419 ter,
2335 1364 2426 1409 aut
2464 1363 2548 1409 est
2593 1355 2706 1423 ipse
2738 1355 2935 1419 Pater?
2963 1356 3118 1425 Quod
3146 1357 3191 1411 si
3227 1366 3330 1423 est,
3368 1360 3645 1428 quomodo
3677 1359 3784 1414 sibi

2189 1457 2275 1503 est
2301 1449 2435 1503 arx?
2482 1449 2592 1504 Nec
2634 1465 2731 1519 per
2780 1465 2966 1504 aurem
3008 1450 3247 1528 Virginis
3286 1450 3521 1507 Verbum
3565 1453 3665 1508 Dei
3704 1454 3788 1507 in—

2189 1540 2404 1605 troisse,
2437 1540 2719 1595 catholicae
2768 1554 2927 1595 aures
2976 1539 3158 1595 ferunt
3202 1556 3217 1593 :
3260 1543 3385 1611 quia
3433 1558 3555 1597 cum
3592 1544 3667 1596 sit
3704 1543 3788 1595 in-

2187 1648 2529 1701 corporeum,
2574 1640 2629 1687 et
2675 1641 2845 1687 totum
2888 1633 3090 1703 ubique
3136 1649 3400 1703 praesens,
3453 1649 3552 1689 nec
3594 1633 3786 1691 locali-

2190 1732 2273 1779 ter
2314 1723 2542 1787 accedit,
2594 1739 2693 1778 nec
2723 1724 2869 1777 aditu
2902 1738 3164 1790 corporeo
3205 1724 3429 1793 indiget.
3480 1723 3593 1779 Nisi
3637 1724 3788 1779 forte

495 1828 741 1882 sponsum
783 1811 847 1866 de
879 1809 1115 1865 thalamo
1154 1810 1299 1863 suo?
1339 1808 1500 1864 Certe
1540 1808 1671 1863 ﬁdes
1700 1806 1966 1862 catholica
1994 1806 2083 1860 ha-
2110 1804 2157 1863 B
2187 1813 2343 1868 nobis
2363 1813 2692 1882 persuadere
2722 1812 2888 1866 voluit
2918 1815 3286 1883 angelicorum
3314 1828 3448 1867 sono
3484 1815 3781 1868 verborum

499 1905 595 1959 bet
642 1901 875 1957 Verbum
921 1901 1015 1956 Dei
1042 1942 1056 1965 ,
1107 1901 1252 1971 quod
1284 1900 1338 1955 in
1371 1899 1638 1969 principio
1664 1906 1784 1953 erat
1814 1897 2085 1967 apudtPa-

498 2003 633 2049 trem
657 2033 671 2060 ,
723 1992 778 2047 in
824 1991 1064 2047 thalamo
1093 1992 1233 2047 uteri
1272 1990 1551 2061 virgina‘lis
1591 1988 1935 2057 conjunxisse
1982 1988 2085 2043 sibi

498 2098 792 2153 sponsum;
841 2081 993 2152 cujus
1024 2090 1274 2136 naturam
1307 2083 1362 2135 iu
1397 2080 1603 2136 unitate
1632 2094 1881 2149 personae
1910 2077 2085 2133 susci-

492 2175 665 2244 piens,
699 2188 826 2230 caro
846 2171 1049 2227 factum
1080 2180 1167 2227 est
1203 2180 1264 2226 ut
1290 2171 1561 2226 habitaret
1590 2170 1644 2224 in
1680 2170 1854 2224 nobis.
1914 2167 2081 2221 Natu-

492 2282 567 2320 rze
592 2265 736 2320 enim
766 2273 967 2320 nostrae
995 2249 1178 2318 uultus
1202 2303 1217 2329 ,
1265 2271 1525 2334 tanquam
1557 2277 1788 2333 sponsus
1820 2262 1887 2316 de
1910 2260 2084 2315 thala-

490 2370 580 2410 mo
626 2352 916 2424 virginali,
962 2353 1235 2423 processit
1277 2367 1343 2406 ex
1378 2360 1561 2416 utero;
1621 2359 1677 2404 et
1719 2365 1826 2403 non
1863 2363 1982 2402 eam
2017 2348 2082 2402 de

488 2444 646 2499 caelis
675 2443 887 2510 attulit,
928 2443 1070 2498 sicut
1106 2441 1350 2497 hmretiei
1373 2439 1644 2494 afﬁrmare
1676 2439 1794 2493 ausi
1818 2445 1961 2492 sunt.
2003 2436 2083 2492 Ac

489 2551 589 2605 per
616 2538 721 2591 hnc
743 2551 853 2591 non
894 2540 1151 2605 tanquam
1182 2547 1413 2604 sponsus
1448 2533 1514 2588 de
1549 2531 1788 2586 thalamo
1816 2514 2083 2601 processit

488 2626 754 2681 cxPatre.
796 2624 1037 2681 Verbum
1064 2624 1263 2695 quippe
1294 2623 1413 2688 Dei,
1458 2622 1627 2677 Filius
1661 2621 1780 2686 Dei,
1813 2620 2083 2701 processit

491 2715 725 2780 a.Patre,
758 2724 815 2771 et
837 2715 989 2770 venit
1027 2714 1081 2768 in
1111 2712 1394 2768 mundum.
1446 2710 1558 2767 Nec
1586 2709 1731 2765 aliud
1762 2708 1863 2763 fuit
1894 2708 2079 2763 venire

480 2806 543 2860 in
573 2794 870 2872 mundum,
914 2818 1081 2875 quam
1110 2802 1166 2858 in
1196 2811 1354 2857 utero
1383 2799 1624 2871 Virginis
1650 2807 1859 2852 naturte
1889 2798 2079 2851 huma-

488 2911 573 2951 nae
598 2895 886 2951 veritatem
916 2907 1194 2949 assumere
1220 2933 1237 2957 ,
1280 2893 1336 2947 in
1362 2906 1469 2961 qua
1501 2889 1766 2944 visibilem
1794 2904 1853 2943 se
1873 2886 2079 2957 praebc-

487 2994 573 3041 ret
603 2985 824 3039 mundo.
850 2983 1000 3038 lianc
1023 2983 1186 3053 igitur
1207 2982 1562 3037 humanitatis
1585 2988 1783 3035 nostrae
1806 2986 2074 3043 naturam,

2186 1919 2396 1959 sacram
2428 1903 2706 1974 Virginem
2728 1903 2823 1958 Dei
2856 1903 3052 1958 Filium
3078 1905 3409 1973 concepisse.
3437 1905 3588 1971 Quod
3610 1919 3788 1973 quan-

2186 2001 2299 2047 tum
2342 2009 2373 2047 a
2403 1993 2527 2050 ﬁdei
2556 1995 2786 2050 veritate
2821 1995 3111 2060 discordet,
3159 2011 3225 2049 ex
3268 1995 3450 2051 verbis
3482 1996 3653 2065 ipsius
3681 2013 3781 2050 an-

2182 2083 2289 2154 geli
2336 2086 2682 2155 perspicuum
2712 2093 2825 2151 est;
2859 2086 2951 2156 qui
2994 2086 3094 2155 ipsi
3126 2084 3335 2156 Virgini
3368 2087 3734 2157 interroganti
3768 2104 3781 2140 :

2185 2174 2463 2241 Quomodo
2488 2177 2576 2245 ﬁet
2610 2177 2782 2239 istud,
2835 2178 2961 2246 quia
2990 2178 3161 2230 virum
3202 2192 3306 2230 non
3348 2177 3646 2247 cognosco?
3678 2176 3787 2230 Re-

2184 2267 2441 2338 spondit:
2494 2266 2725 2333 Spiritus
2755 2278 2974 2322 sanctus
3008 2270 3333 2337 superveniet
3379 2270 3431 2322 in
3480 2278 3547 2334 te,
3589 2272 3635 2321 et
3679 2270 3786 2322 τίν-

2182 2366 2267 2412 tns
2312 2356 2571 2410 Altissimi
2602 2357 2931 2411 obumbrabit
2972 2358 3087 2411 tibi.
3136 2356 3417 2424 Quomodo
3457 2367 3631 2413 autem
3670 2359 3789 2411 vir-

2183 2449 2378 2519 ginalis
2420 2457 2610 2505 uterus
2653 2450 2805 2521 regio
2846 2458 3035 2505 nostra
3062 2451 3239 2520 possit
3266 2450 3526 2521 intelligi,
3567 2466 3693 2505 cum
3730 2459 3787 2505 et

2182 2541 2335 2609 virgo
2378 2540 2469 2594 illa
2506 2540 2651 2595 unici
2695 2540 2819 2594 Filii
2864 2548 3039 2595 mater
3087 2541 3176 2605 sit,
3212 2546 3266 2594 et
3308 2556 3407 2595 nos
3449 2555 3638 2595 omnes
3668 2556 3785 2595 non

2181 2642 2248 2684 ex
2282 2629 2525 2699 virginea
2561 2630 2656 2686 sed
2685 2645 2751 2685 ex
2782 2639 3039 2700 corrupta
3067 2646 3232 2686 carne
3261 2646 3572 2694 nascamur,
3619 2647 3788 2701 pror-

2181 2739 2274 2779 sus
2322 2723 2550 2780 inveniri
2602 2739 2709 2778 non
2760 2732 2957 2793 potest.
3013 2723 3220 2779 Deinde
3270 2722 3414 2793 quod
3461 2738 3587 2777 eum
3635 2722 3785 2778 stola

2179 2817 2425 2871 indutum
2458 2832 2729 2887 purpurea
2779 2833 2967 2871 aurem
3004 2816 3135 2872 dicit
3184 2814 3423 2887 Virginis
3474 2816 3783 2881 introiisse,

2181 2906 2295 2962 sive
2335 2908 2571 2961 humano
2608 2922 2760 2962 more
2806 2907 2952 2963 cultu
2994 2906 3142 2977 regio
3180 2906 3457 2965 indutum.
3507 2907 3622 2961 sive
3669 2906 3783 2960 lm-

2175 3015 2397 3067 manam
2430 2999 2660 3055 formam
2708 3015 2814 3055 non
2846 3014 2913 3054 ex
2939 2998 3163 3069 Virgine
3191 2998 3527 3068 suscepisse,
3571 2997 3667 3051 sed
3714 3000 3785 3053 de

485 3075 573 3172 (ξυί
603 3076 789 3172 ιξηίιυδ
817 3071 1535 3172 ξβοηδμδιΕθθῖθδίίξξπξυῗ
1562 3077 1677 3136 es"
1725 3085 1832 3171 ³³9⁵
1860 3069 1925 3122 de
1952 3067 2073 3121 Sin“
2106 3151 2145 3172 ﬁ
2180 3092 2320 3148 ccelo
2369 3092 2463 3147 Dei
2493 3092 2728 3146 Verbum
2771 3091 3014 3148 attulisse
3045 3067 3363 3161 putaverit,
3398 3103 3627 3156 eamque
3664 3098 3786 3143 slo-

482 3164 664 3221 Patris
693 3164 878 3230 traxit,
909 3164 1006 3218 sed
1033 3163 1100 3218 de
1121 3177 1286 3217 carne
1312 3160 1552 3231 Virginis
1572 3160 1824 3230 sumpsit.

557 3252 621 3309 γ.
663 3252 762 3307 Est
785 3258 1052 3321 praeterea
1097 3250 1154 3304 in
1195 3248 1455 3319 praedicta
1493 3248 1791 3317 antiphona
1836 3246 2071 3301 notanda

485 3343 773 3401 temeritas
797 3381 813 3408 ,
874 3341 1205 3411 evidensque
1256 3340 1598 3394 mendacium
1622 3356 1637 3405 ;
1667 3339 1793 3394 dum
1821 3349 1875 3392 et
1904 3354 2074 3393 sacrae

487 3435 788 3505 Scriptura:
828 3431 998 3487 verba
1044 3429 1127 3485 sui
1160 3444 1354 3485 sensus
1384 3429 1726 3500 perVersitati
1752 3438 1986 3497 coaptat,
2019 3438 2074 3483 et

486 3525 826 3579 nativitatem
858 3520 1180 3586 Salvatoris,
1219 3536 1325 3590 qua
1351 3520 1437 3575 vel
1466 3520 1534 3574 de
1554 3519 1714 3573 Patre
1738 3528 1863 3573 ante
1906 3535 2073 3575 saccu—

483 3618 555 3682 la,
593 3615 679 3671 vel
700 3615 767 3670 de
796 3622 973 3669 matre
1006 3613 1059 3667 in
1085 3612 1417 3681 plenitudine
1445 3618 1746 3681 temporum
1773 3620 1930 3666 natus
1969 3621 2070 3677 est,

485 3712 636 3760 tanta
665 3701 982 3759 confusione
1024 3700 1352 3771 permiscet,
1401 3705 1461 3753 ut
1508 3699 1574 3754 de
1600 3714 1708 3769 qua
1736 3699 1881 3769 loqui
1922 3699 2070 3766 velit,

486 3794 712 3866 intelligi
745 3792 966 3848 omnino
1008 3806 1113 3847 non
1161 3791 1351 3860 possit.
1414 3789 1568 3857 Quod
1595 3806 1939 3861 summopere
1962 3790 2076 3846 ubi-

485 3902 591 3956 que
613 3884 913 3939 cavendum
934 3890 1040 3948 est,
1064 3896 1133 3937 ne
1155 3882 1461 3939 divinorum
1485 3883 1777 3937 verborum
1806 3884 1940 3937 ordo
1962 3900 2076 3938 mu-

487 3984 650 4042 tetur,
680 3984 737 4030 et
771 3972 840 4029 de
883 3972 1151 4043 scriptura
1195 3972 1441 4027 veritatis
1476 3971 1815 4037 labyrinthus
1862 3982 2074 4027 texatur

486 4064 713 4121 erroris.

556 4156 643 4213 Vi.
685 4152 821 4211 illud
868 4154 1034 4209 etiam
1083 4154 1519 4223 responsorium,
1569 4153 1715 4223 quod
1760 4155 1816 4208 in
1868 4155 2072 4210 eisdem

486 4244 687 4315 vigiliis
721 4243 1066 4307 cantabatur,
1103 4251 1307 4312 quanta
1340 4241 1467 4297 ﬁdei
1505 4242 1798 4299 severitate
1830 4244 2076 4312 rejicien-

487 4338 616 4392 dum
638 4344 746 4402 est,
778 4336 833 4390 in
857 4348 963 4405 quo
999 4336 1076 4390 ait
1107 4350 1278 4391 vanus
1307 4335 1397 4389 ille
1420 4346 1781 4409 praesumptor
1813 4355 1825 4390 :
1872 4337 1948 4391 De
1980 4338 2073 4392 illa

489 4426 695 4483 occulta
734 4425 1060 4480 habitatione
1098 4440 1195 4478 sua
1238 4441 1472 4496 egressus
1498 4435 1574 4481 est
1604 4426 1779 4481 Filius
1821 4428 1941 4493 Dei,
1979 4430 2073 4483 de-

488 4522 685 4576 scendit
730 4522 943 4577 cisitare
980 4528 1030 4575 et
1071 4520 1346 4575 consolare
1374 4537 1550 4576 omnes
1591 4522 1680 4593 qui
1709 4539 1826 4576 eum
1856 4524 1922 4577 de
1962 4532 2068 4577 toto

491 4612 645 4667 corde
670 4609 1060 4667 desiderabant.
1100 4601 1254 4677 Quod
1274 4624 1399 4665 cum
1425 4624 1741 4667 sermonum
1778 4611 2067 4682 imperitia,

492 4714 602 4758 tum
631 4716 822 4758 sensus
849 4706 1066 4772 quoque
1089 4699 1424 4756 absurditate
1446 4715 1510 4756 ac
1536 4698 1773 4756 falsitate
1799 4710 2067 4773 turpatur.

490 4796 626 4851 Nam
653 4804 708 4852 et
732 4794 1003 4851 occultam
1031 4791 1157 4849 Filii
1190 4792 1582 4849 habitationem
1610 4808 1819 4848 summa
1846 4794 2070 4851 levitate

487 4888 657 4954 dixit;
688 4894 744 4943 et
770 4901 895 4943 eum
930 4899 1123 4942 omnes
1149 4883 1521 4940 desiderantes
1558 4897 1616 4940 se
1641 4883 1909 4950 visitasse,
1940 4901 2070 4941 con-

488 4978 831 5049 solatumque
872 4991 994 5034 esse
1040 4976 1373 5033 mendaciter
1419 4976 1671 5042 asseruit,
1722 4992 1844 5031 cum
1890 4978 2071 5048 potius

488 5084 587 5127 eos
626 5083 766 5140 quos
810 5066 1037 5123 visitare
1070 5066 1320 5137 dignatus
1350 5073 1468 5132 est,
1515 5080 1573 5120 se
1617 5076 1972 5135 agnoscentes
2010 5082 2073 5123 ac

492 5160 865 5218 desiderantes
888 5156 1151 5214 cﬁ’ecerit.
1236 5202 1241 5207 ,

562 5249 673 5309 Vll.
713 5246 1139 5306 Cousiderentur
1182 5246 1345 5302 etiam
1372 5247 1536 5302 verba
1565 5245 1803 5301 alterius
1848 5262 2073 5317 respon-

492 5338 621 5395 sorii
649 5377 666 5403 ,
709 5336 853 5405 quod
891 5336 1044 5409 quasi
1101 5335 1170 5391 de
1220 5336 1479 5408 mysterio
1527 5334 1825 5389 nativitatis
1872 5333 2072 5389 Christi

2100 4488 2150 4546 D

2104 3159 2147 3212 (λ
2180 3189 2287 3237 tam
2314 3197 2645 3253 purpuream
2676 3182 3000 3252 appellarit,
3036 3159 3391 3249 apertissima:
3424 3178 3785 3248 blasphemiae

2180 3280 2284 3327 est.
2336 3269 2454 3326 Jam
2504 3287 2633 3327 vero
2691 3287 2789 3342 per
2840 3285 3060 3325 auream
3110 3278 3321 3340 portam
3377 3285 3503 3324 eum
3552 3270 3779 3347 eriisse,

2179 3370 2384 3436 quanta
2412 3361 2653 3415 vanitate
2704 3360 2950 3430 proferre
2982 3375 3147 3415 ausus
3185 3370 3305 3424 esv;
3350 3374 3474 3412 cum
3518 3358 3782 3412 nativitas

2178 3452 2382 3507 Christi
2436 3466 2502 3506 ex
2541 3452 2765 3523 Virgine
2808 3466 2915 3505 non
2968 3450 3319 3521 supervacuis
3356 3449 3537 3503 verbis
3582 3447 3785 3501 adum-

2192 3542 2382 3606 brari,
2426 3542 2519 3596 sed
2558 3540 2904 3596 confessione
2941 3540 3170 3608 simplici
3223 3540 3416 3594 debeat
3461 3538 3731 3593 declarari
3763 3556 3777 3600 ;

2177 3630 2268 3699 qui
2321 3644 2461 3694 non,
2505 3637 2563 3683 ut
2607 3629 2697 3684 ille
2727 3629 2834 3693 ait,
2868 3628 3134 3683 universa:
3167 3628 3388 3683 lubricus
3418 3629 3635 3691 mundi,
3680 3630 3781 3683 sed

2173 3719 2325 3787 juxta
2349 3720 2634 3774 veritatem
2667 3719 3033 3791 evangelicum
3076 3719 3358 3775 rationalis
3396 3721 3781 3774 tantummodo

2178 3818 2444 3865 creaturae
2476 3810 2565 3863 lux
2602 3817 2704 3865 est.

2247 3899 2378 3954 Vill.
2418 3899 2579 3954 Aliud
2605 3915 2818 3969 quoque
2847 3900 3252 3970 responsorium
3283 3900 3350 3956 de
3381 3900 3564 3954 verbis
3592 3898 3777 3952 Evan-

2178 3991 2302 4062 gelii
2328 4031 2344 4057 ,
2387 3990 2481 4045 sed
2530 4006 2637 4044 non
2677 3991 2866 4044 ordine
2910 3990 3220 4061 evangelico
3245 4030 3259 4054 ,
3310 3988 3455 4058 quod
3493 3987 3611 4055 jam
3661 3990 3777 4042 uti-

2178 4096 2283 4150 que
2321 4089 2627 4135 correctum
2668 4094 2699 4133 a
2740 4087 2920 4134 vestra
2949 4065 3239 4135 dilectione
3267 4078 3535 4149 psallitur,
3581 4080 3775 4133 nescio

2176 4174 2301 4243 quis
2330 4174 2674 4243 composuit,
2709 4172 2897 4227 dicens
2932 4186 2945 4225 :
2998 4170 3245 4225 Tenebrae
3283 4170 3439 4240 facta:
3476 4170 3599 4224 sunt
3643 4170 3776 4223 dum

2180 4264 2561 4332 cruciﬁxissent
2596 4261 2783 4317 Iesum
2824 4262 3033 4325 Judwi;
3081 4271 3129 4315 et
3175 4262 3315 4314 circa
3346 4262 3535 4314 horam
3574 4276 3774 4313 nonam

2178 4353 2486 4408 exclamavit
2531 4352 2689 4407 Iesus
2743 4369 2862 4406 voce
2919 4368 3110 4422 magna
3163 4365 3181 4402 :
3240 4350 3419 4415 Deus,
3472 4349 3655 4414 Deus,
3712 4361 3773 4403 at

2176 4446 2302 4516 quid
2347 4462 2429 4498 me
2472 4442 2835 4515 dereliquisti?
2872 4440 3017 4495 Tunc
3045 4458 3181 4496 unus
3207 4458 3271 4495 ea:
3298 4440 3552 4495 militibus
3582 4441 3773 4493 lancea

2179 4537 2317 4589 latus
2356 4535 2473 4604 ejus
2510 4534 2834 4605 perforavit,
2871 4542 2918 4586 et
2964 4531 3218 4585 inclinato
3245 4531 3412 4599 capite
3446 4530 3618 4583 emisit
3658 4531 3773 4599 spi-

2173 4625 2353 4677 ritum.
2402 4620 2605 4691 Nempe
2652 4620 2903 4675 omnibus
2941 4619 3190 4674 ﬁdelibus
3225 4627 3437 4674 certum
3486 4626 3592 4683 est,
3623 4618 3772 4688 quod

2175 4711 2427 4768 Salvator
2465 4720 2651 4767 noster
2701 4726 2809 4765 non
2850 4710 3030 4779 aliqua
3079 4709 3279 4764 doloris
3331 4708 3587 4763 violentia
3644 4723 3775 4763 eoa-

2172 4812 2315 4868 ctus,
2364 4802 2459 4857 sed
2512 4809 2811 4870 spdntanee
2855 4815 2955 4870 pro
2993 4800 3149 4854 nobis
3200 4807 3285 4853 est
3330 4806 3612 4865 mortuus;
3667 4814 3775 4855 nec

2173 4892 2408 4952 animam
2454 4890 2779 4946 necessitate
2834 4888 3050 4955 amisit,
3101 4887 3195 4942 sed
3244 4895 3513 4958 potestate
3561 4891 3769 4959 posuit,

2176 4981 2317 5035 sicut
2364 4980 2479 5050 ipse
2526 4978 2605 5033 ait
2644 4996 2657 5032 :
2700 4977 2870 5032 Nemo
2914 4976 3050 5030 tollit
3095 4992 3128 5030 a
3170 4993 3251 5030 me
3290 4978 3524 5030 animam
3568 4993 3768 5041 meam,

2175 5071 2264 5123 sed
2292 5086 2384 5140 ego
2418 5086 2554 5141 pono
2592 5085 2707 5122 eam
2737 5085 2768 5120 a
2799 5084 2878 5121 me
2917 5068 3026 5137 ipso
3065 5076 3120 5120 ut
3157 5066 3346 5120 iterum
3386 5082 3591 5119 sumam
3621 5082 3767 5121 eam.

2178 5159 2283 5214 Sed
2324 5161 2423 5214 iste
2466 5159 2760 5230 evangelici
2809 5158 3017 5213 ordinis
3059 5168 3114 5211 et
3156 5157 3278 5211 ﬁdei
3322 5156 3570 5211 veritatis
3611 5157 3772 5226 igna-

2179 5272 2305 5319 rus,
2355 5256 2505 5326 prius
2554 5255 2689 5309 dixit
2736 5253 2923 5308 lancea
2967 5268 2998 5306 a
3046 5251 3305 5305 militibus
3356 5250 3498 5305 latus
3548 5250 3769 5306 Domini

2180 5342 2531 5413 perforatum,
2564 5350 2619 5397 et
2658 5350 2785 5397 tunc
2814 5341 2880 5394 ab
2908 5356 2972 5394 eo
3001 5340 3247 5409 spiritum
3284 5338 3581 5393 emissum:
3619 5341 3767 5409 quod

1856 5448 2124 5504 BALUZII
2163 5451 2394 5508 NOTAE.

565 5557 594 5623 ξ
628 5542 869 5600 Introivit
902 5558 1208 5623 penatium
1243 5538 1491 5623 Virginis.
1524 5540 1721 5623 Mutata
1763 5548 1888 5623 sunt
1912 5542 2074 5623 verba

494 5614 650 5696 istius
677 5610 1013 5696 responsorii
1056 5612 1134 5696 in.
1156 5610 1567 5696 posteri-oribus
1588 5611 1912 5696 editignibus
1928 5610 2065 5696 Dre-

494 5685 647 5740 viarii
677 5679 1016 5749 l’arisicnsis,
1044 5681 1135 5737 ubi
1158 5679 1239 5736 sic
1262 5682 1419 5737 hodie
1446 5680 1640 5750 legitur
1663 5697 1675 5732 :
1708 5679 1980 5733 Descendit
2004 5680 2067 5734 de

494 5756 632 5810 cwlis
672 5758 857 5809 missus
906 5756 967 5808 ab
1005 5770 1124 5806 arce
1175 5750 1371 5815 I’atris,
1415 5751 1641 5803 introivit
1686 5765 1777 5819 per
1821 5750 2067 5819 virginem

2180 5554 2399 5597 matrem
2430 5546 2481 5598 in
2522 5545 2779 5614 regionem
2816 5554 3070 5607 nostram,
3100 5543 3313 5596 indutus
3342 5552 3531 5614 statam
3558 5557 3767 5611 purpu-

2176 5630 2336 5677 ream,
2373 5624 2417 5685 et
2432 5612 2594 5685 exivit
2618 5630 2711 5684 per
2744 5614 2977 5685 clausam
3000 5625 3225 5685 portam,
3252 5613 3343 5665 lux
3368 5621 3415 5664 et
3450 5612 3611 5665 decus
3644 5614 3765 5666 nni--

2178 5701 2335 5737 t'ersw
2364 5683 2579 5752 fabricw
2610 5683 2809 5736 Mundi.
