3930 6328
166 385 276 445 ἔδ

1312 388 1442 443 LIB.
1484 389 1571 445 DE
1610 389 1957 447 COBRECT.
2001 390 2371 447 ANTIPHON.

3338 402 3446 461 ’Ξεῶ

3339 438 3353 454 1

165 496 392 554 omnino
438 512 706 569 paganum
761 507 879 563 est,
935 498 1213 557 Christum
1264 517 1371 556 non
1424 502 1757 573 benignitate
1784 504 1837 563 Λ
1863 512 1952 559 tur
1993 520 2100 575 qua
2132 505 2346 560 cautela
2403 504 2799 562 levissimorum
2848 506 3127 564 hominum
3174 517 3453 585 διεθείω-

166 587 401 659 propria:
452 588 775 653 voluntatis,
824 589 921 644 sed
965 590 1019 644 vi
1068 590 1274 646 doloris
1325 602 1601 647 mortuum
1654 592 1769 662 opi—

166 680 321 745 nari;
371 697 496 735 cum
540 696 570 735 e
602 682 879 737 contrario
908 682 965 737 in
996 682 1294 754 Evangelia
1326 682 1596 739 referatur
1623 683 1767 753 quod

154 766 433 825 Dominus
478 785 612 825 voce
655 786 849 842 magna
878 772 1237 827 clamaverit:
1272 771 1458 839 Pater,
1494 774 1551 828 in
1580 790 1767 828 manus

162 867 291 913 tuas
330 859 636 914 commendo
662 861 905 931 spiritum
946 878 1156 927 meum;
1197 871 1246 916 et
1284 863 1395 916 haec
1438 862 1635 927 dicens,
1681 881 1770 917 ea:-

164 952 406 1022 spiravit.
453 949 628 1017 Quam
668 959 901 1006 mortem
956 951 1158 1007 Christi
1197 953 1251 1007 in
1306 961 1516 1010 tantum
1568 953 1768 1009 milites

163 1042 263 1112 qui
292 1040 519 1095 aderant
555 1039 809 1095 admirati
850 1048 1005 1104 sant,
1056 1050 1118 1097 ut
1162 1044 1419 1099 continuo
1450 1044 1619 1099 Deum
1650 1044 1768 1115 glo-

162 1131 448 1197 riﬁcasse,
497 1147 731 1204 eumque
778 1134 875 1190 Dei
924 1134 1124 1190 Filium
1174 1136 1407 1193 confessi
1458 1151 1581 1193 esse
1628 1138 1770 1193 refe-

170 1231 413 1288 rantur,
450 1262 454 1269 .
488 1239 553 1279 ac
616 1232 803 1295 postea
866 1224 1066 1282 Judaeis
1126 1229 1439 1299 petentibus
1497 1228 1767 1284 latronum

162 1329 333 1369 crura
358 1356 374 1380 ,
406 1315 498 1384 qui
524 1331 647 1370 cum
679 1331 744 1371 eo
771 1315 993 1373 fuerant
1020 1319 1297 1387 cruciﬁxi,
1346 1319 1554 1377 Pilatus
1593 1322 1766 1393 frangi

161 1405 519 1469 concesserit,
551 1404 679 1461 Jesu
715 1415 901 1462 autem
921 1406 1035 1477 jam
1062 1411 1259 1466 mortui
1290 1428 1398 1469 non
1427 1429 1590 1469 crura
1630 1430 1767 1469 cun-

162 1492 338 1550 fracta
359 1535 376 1561 ,
408 1496 504 1551 sed
532 1496 722 1552 militis
751 1498 937 1553 lancea
969 1499 1112 1556 latus
1140 1513 1464 1560 narraretur
1490 1514 1764 1575 apertum,

159 1596 295 1648 non,
327 1591 386 1637 ut
410 1583 513 1640 iste
542 1584 793 1654 imperite
819 1588 1063 1656 protulit,
1096 1589 1457 1660 perforatum.

232 1710 326 1767 IX.
368 1711 488 1767 Jam
520 1727 653 1769 vero
698 1725 901 1785 quanta
941 1717 1030 1773 ﬁla
1066 1727 1195 1774 sunt
1239 1720 1536 1788 vaticinia,
1588 1731 1649 1779 ut
1690 1725 1767 1781 ita

158 1802 373 1858 dictum
415 1805 515 1870 sit,
567 1805 701 1861 falsa
744 1809 796 1862 in
848 1812 1208 1879 responsoriis
1240 1822 1295 1868 et
1342 1815 1756 1887 antiphonariis,

158 1911 287 1966 quae
316 1900 474 1969 quasi
502 1916 567 1955 ex
599 1917 732 1958 voce
780 1904 993 1960 Domini
1035 1910 1479 1979 pronuntiantur,
1531 1930 1657 1969 eum
1702 1916 1756 1970 in

158 1986 330 2042 nullis
359 1988 558 2045 divinis
585 1990 884 2062 Seripturis
906 1997 1266 2066 reperiantur.
1307 1999 1381 2056 Ut
1404 2010 1488 2057 est
1512 2021 1525 2057 :
1562 2003 1762 2059 Octava

157 2078 370 2133 decima
411 2081 496 2135 die
540 2082 729 2137 decimi
769 2086 962 2140 mensis
1005 2087 1319 2158 jejunabitis
1344 2133 1359 2157 ,
1409 2093 1539 2148 dicit
1577 2095 1764 2150 Domi-

158 2187 265 2225 nus
294 2211 308 2236 ,
361 2182 409 2225 et
463 2174 670 2228 mittam
723 2176 864 2231 vobis
923 2176 1253 2235 Salvatorem
1304 2192 1354 2237 et
1405 2195 1764 2256 propugnato-

159 2279 277 2320 rem
318 2281 412 2334 pro
455 2265 597 2320 vobis
623 2307 636 2331 ,
689 2270 781 2339 qui
827 2287 912 2326 eos
963 2274 1229 2343 pra'cedat
1272 2284 1321 2329 et
1367 2277 1669 2332 introducat
1708 2280 1762 2333 in

158 2361 361 2407 terram
408 2373 568 2425 quam
603 2358 791 2427 juravi
844 2363 1084 2431 patribus
1143 2366 1347 2420 vestris.
1398 2367 1467 2422 Et
1513 2368 1758 2425 iterum:

158 2441 427 2497 Coronam
457 2446 641 2515 gloria:
691 2466 881 2519 ponam
927 2469 1086 2523 super
1110 2464 1266 2525 caput
1297 2457 1444 2527 ejus,
1490 2458 1617 2514 dicit
1657 2460 1763 2514 Do-

158 2534 361 2599 minus,
395 2545 441 2588 et
467 2538 687 2592 induam
718 2540 871 2594 illum
915 2542 1105 2598 stolam
1132 2546 1449 2615 candidam,
1482 2552 1606 2621 quia
1644 2569 1760 2608 sere

158 2624 304 2677 navit
351 2627 606 2681 mandata
637 2645 754 2683 mea
782 2672 796 2692 ,
843 2641 891 2685 et
936 2645 1151 2705 propter
1188 2653 1376 2692 nomen
1419 2656 1593 2694 meum
1630 2643 1763 2711 elfu-

158 2731 252 2769 sus
308 2725 385 2770 est
430 2721 645 2789 sanguis
692 2722 809 2792 ejus
861 2724 916 2780 in
972 2735 1134 2781 terra.
1188 2728 1255 2783 Et
1296 2730 1538 2787 iterum:
1579 2732 1763 2790 Sancti

158 2809 309 2871 estis,
341 2810 468 2863 dicit
495 2810 775 2879 Dominus,
808 2815 1171 2887 multiplicabo
1204 2835 1482 2876 numerum
1511 2833 1760 2891 vestrum,

159 2908 219 2952 ut
250 2901 411 2954 oretis
450 2918 545 2971 pro
573 2904 765 2974 papula
804 2922 916 2960 meo
952 2908 1008 2961 in
1050 2907 1165 2963 loco
1206 2911 1325 2965 isto.
1367 2911 1437 2967 Et
1464 2914 1633 2969 multa
1664 2916 1764 2969 bu-

152 2986 399 3055 jusmodi
444 2989 734 3046 ridiculosa
765 3001 821 3047 et
868 2993 1178 3052 fantastica.
1230 2998 1471 3066 Quorum
1514 3000 1762 3059 invento-

160 3079 314 3133 ribus
345 3096 647 3151 congruere
690 3085 824 3140 mihi
877 3087 1133 3144 videntur
1181 3090 1301 3157 illa,
1342 3108 1463 3163 qua:
1501 3094 1763 3152 Dominus

160 3183 260 3237 per
289 3169 631 3227 Ezechielem
669 3175 990 3245 prephetam
1020 3180 1281 3236 adversus
1324 3182 1490 3238 falsas
1516 3186 1756 3255 prophe-

162 3268 245 3315 tas
290 3260 551 3331 loquitur,
598 3264 787 3320 dicens
832 3281 852 3319 :
913 3265 1002 3322 νω
1051 3272 1316 3341 prophetis
1363 3273 1752 3344 insipientibus,

156 3350 249 3419 qui
296 3360 587 3419 sequuntur
630 3354 872 3421 spiritum
916 3373 1072 3412 suum
1099 3399 1115 3425 ,
1170 3369 1218 3414 et
1260 3361 1392 3415 nihil
1441 3363 1636 3419 uident.
1687 3366 1755 3421 Et

156 3452 281 3513 post
331 3459 503 3513 pauca
552 3460 567 3499 :
624 3445 805 3500 Vident
846 3466 977 3504 nova
1027 3461 1077 3505 et
1124 3452 1360 3508 divinant
1398 3456 1748 3521 mendacium,

158 3533 393 3587 dicentes
441 3548 460 3585 :
514 3535 599 3587 Ait
640 3535 918 3602 Dominus,
952 3556 1069 3593 cum
1112 3540 1371 3597 Dominus
1418 3561 1522 3598 non
1555 3546 1753 3599 miserit

159 3641 271 3689 cos,
318 3636 368 3680 et
394 3638 847 3696 perseuerauerunt
887 3632 1200 3699 confirmare
1235 3651 1549 3691 sermonem.
1598 3635 1753 3691 Nun-

156 3717 289 3773 auid
338 3733 444 3770 non
485 3719 737 3772 uisionem
775 3732 980 3774 cassam
1014 3722 1249 3789 vidistis,
1287 3734 1335 3779 et
1374 3726 1749 3782 divinationem

158 3803 463 3857 mendacem
496 3804 657 3858 locuti
684 3808 849 3860 estis?
872 3808 940 3861 Et
970 3809 1165 3875 dicitis,
1194 3811 1280 3865 Ait
1311 3813 1589 3879 Dominus,
1631 3833 1753 3871 cum

157 3909 251 3961 ego
306 3909 414 3946 non
459 3895 557 3947 sim
594 3895 818 3950 locutus.
871 3894 1154 3969 PrOpterea
1184 3902 1295 3955 Ιιιεε
1331 3903 1458 3957 dicit
1494 3904 1751 3962 Dominus

161 3982 301 4037 Deus
328 3997 349 4034 :
382 3982 520 4049 Quia
542 3983 703 4039 locuti
729 3989 851 4042 estis
881 4005 1014 4043 vana
1032 4030 1045 4049 ,
1079 4000 1126 4044 et
1154 3991 1363 4047 dixistis
1392 3996 1748 4062 mendacium,

157 4073 274 4130 ideo
323 4089 440 4125 ecce
486 4090 579 4143 ego
620 4075 689 4127 ad
743 4093 860 4139 vos,
907 4078 980 4131 ait
1030 4078 1291 4137 Dominus
1332 4082 1491 4137 Deus.
1531 4084 1602 4139 Et
1651 4089 1751 4139 erit

160 4176 352 4215 manus
386 4178 500 4215 mea
525 4179 682 4233 super
700 4166 1003 4235 prophetas,
1039 4170 1130 4238 qui
1158 4170 1329 4225 vident
1361 4190 1515 4239 rana,
1539 4182 1585 4227 et
1612 4173 1749 4229 divi-

161 4261 286 4304 nant
322 4252 671 4306 mendacium.
719 4254 785 4309 In
811 4258 1033 4312 concilio
1072 4261 1253 4332 populi
1291 4265 1392 4317 mei
1434 4280 1535 4317 non
1574 4276 1747 4331 erunt,

158 4348 205 4392 et
232 4341 287 4395 in
316 4342 578 4411 scriptura
606 4344 792 4399 domus
828 4345 1002 4401 Israel
1042 4365 1144 4402 non
1174 4349 1484 4415 scribentur,
1521 4368 1612 4406 nec
1646 4363 1752 4406 ter-

161 4446 274 4483 ram
308 4430 480 4485 Israel
503 4432 882 4502 ingredientur.

227 4566 302 4623 X.
344 4566 451 4624 Sed
477 4568 593 4624 bmc
634 4578 687 4625 et
731 4571 951 4638 similia,
980 4587 1209 4642 quorum
1242 4574 1295 4628 in
1341 4574 1567 4645 praefato
1611 4578 1749 4635 libro

160 4656 377 4712 infinita
423 4667 542 4714 erat
570 4661 725 4730 copia
750 4702 765 4725 ,
794 4662 921 4731 quia
951 4662 1230 4734 indignum
1273 4675 1357 4721 est
1391 4668 1629 4724 scribere
1649 4710 1664 4733 ,
1695 4679 1750 4725 et

160 4756 361 4811 vestrae
385 4750 684 4819 prudentia:
724 4749 1061 4809 fastidiosum
1092 4754 1299 4820 audire,
1345 4755 1556 4813 facilius
1582 4760 1747 4815 collo~

161 4837 381 4906 quendo
406 4846 460 4893 et
494 4837 721 4895 ﬁdeliter
751 4844 1138 4910 pertractando
1186 4846 1465 4913 diLudicari
1498 4859 1743 4917 possunt.

162 4924 317 4982 Nunc
348 4937 591 4997 superest
618 4939 679 4984 ut
703 4946 983 4987 sacrorum
1012 4942 1215 4989 statuta
1241 4950 1535 5002 canonum,
1562 4939 1748 4994 catho-

162 5018 501 5090 licorumque
528 5022 748 5078 Patrum
792 5027 1123 5091 sententias,
1170 5027 1310 5083 sicut
1342 5030 1589 5098 superius
1626 5047 1751 5101 pro-

165 5109 439 5176 misimus,
468 5126 865 5183 exsequamur;
896 5124 958 5171 ut
984 5132 1049 5172 ex
1077 5117 1163 5173 bis
1186 5119 1471 5189 perspicue
1509 5121 1749 5178 declare-

1875 596 2048 650 tiones
2083 594 2316 649 vitandas
2365 594 2513 659 sint,
2550 610 2670 664 qua:
2717 594 2861 650 nulla
2913 598 3140 653 veritate
3183 602 3450 669 subnixae,

1872 685 2016 740 nulla
2046 686 2256 741 ratione
2289 694 2514 750 ornatm,
2553 689 2883 758 contemptui
2908 697 3114 759 patent.

1941 776 2032 831 XI.
2072 788 2097 816 α
2131 776 2189 830 In
2229 776 2459 832 concilio
2494 775 2763 832 Africano
2807 778 2928 834 talis
2973 783 3291 839 constitutio
3329 802 3455 857 pro-

1872 868 2104 939 mulgata
2136 875 2220 923 est
2249 887 2261 920 :
2301 886 2320 919 ι
2359 867 2430 923 Ut
2455 882 2645 937 preces
2668 876 2723 923 et
2754 870 3050 935 orationes,
3079 873 3182 929 nisi
3211 876 3455 945 probata:

1818 978 1829 983 ι
1871 957 2073 1013 fuerint
2100 958 2155 1012 in
2186 958 2440 1024 concilio,
2470 973 2575 1012 non
2609 959 2888 1025 dicantur;
2930 975 3031 1015 nec
3052 962 3233 1035 aliqua
3262 980 3329 1020 ex
3367 967 3454 1021 his

1870 1050 2091 1105 omnino
2133 1060 2422 1106 cantentur
2455 1051 2511 1105 in
2556 1049 2832 1115 Ecclesia,
2870 1051 2974 1108 nisi
3001 1068 3122 1123 quis
3162 1072 3193 1110 a
3222 1057 3455 1127 pruden-

1872 1141 2098 1197 tioribus
2127 1151 2358 1198 tractata
2387 1149 2438 1197 et
2478 1142 2826 1214 comprobata
2870 1144 2926 1199 in
2970 1146 3176 1216 synodo
3208 1147 3453 1214 fuerint;

1872 1248 1942 1288 ne
1970 1232 2109 1288 forte
2136 1234 2340 1304 aliquid
2368 1240 2558 1289 contra
2590 1233 2752 1289 iidem
2774 1274 2790 1299 ,
2831 1235 2917 1289 vel
2942 1250 3042 1306 per
3068 1236 3455 1309 ignorantiam,

1869 1324 1955 1380 vel
2002 1339 2100 1394 per
2148 1324 2419 1391 studium,
2472 1325 2544 1380 sit
2579 1326 2961 1395 compositum.
2995 1347 3015 1381 ι
3066 1328 3169 1385 Ubi
3217 1330 3457 1388 breviter

1871 1415 2344 1481 considerandum,
2377 1415 2521 1485 quod
2554 1431 2660 1470 non
2689 1415 2864 1471 solum
2887 1433 2953 1473 ea
2980 1434 3103 1489 qua:
3127 1421 3313 1477 studio
3334 1436 3454 1491 par-

1871 1504 2032 1569 lidiae,
2080 1505 2175 1560 sed
2202 1505 2365 1560 etiam
2396 1504 2486 1559 illa
2528 1521 2652 1577 qua:
2690 1506 2720 1545 ιι
2764 1507 3110 1577 simplicitate
3137 1510 3456 1583 ignorantia:

1871 1601 2060 1649 contra
2088 1592 2212 1649 ﬁdei
2237 1593 2475 1664 regulam
2499 1595 2795 1665 composita
2821 1594 3044 1665 fuerint,
3067 1602 3186 1669 pari
3210 1602 3456 1659 animad—

1871 1685 2120 1741 versione
2147 1684 2524 1755 repudiantur.

1940 1774 2055 1829 Xll.
2107 1774 2307 1832 Beatus
2366 1776 2726 1849 Hieronymus
2773 1778 3100 1852 (Comment.
3150 1785 3205 1841 in
3252 1803 3369 1861 cap.
3421 1806 3457 1845 v

1787 1862 2035 1934 ΒιΕρὶετ.
2066 1862 2137 1916 ad
2165 1863 2387 1936 Ephes.)
2439 1881 2562 1921 cum
2607 1879 2904 1941 exponeret
2941 1883 3273 1945 praeceptum
3303 1878 3453 1949 Apo-

1862 1954 2005 2019 stoli,
2050 1954 2141 2009 ubi
2170 1956 2246 2010 ait
2278 1970 2292 2009 :
2324 1955 2624 2028 Implemini
2655 1959 2860 2031 Spiritu
2892 1962 3157 2035 loquentes
3182 1971 3457 2027 vobismet-

1860 2047 1987 2117 ipsis
2007 2048 2063 2100 in
2087 2044 2306 2117 psalmis
2331 2057 2381 2102 et
2406 2049 2613 2119 hymnis
2639 2060 2688 2105 et
2713 2055 2933 2109 canticis
2958 2058 3302 2128 spiritalibus,
3333 2080 3456 2117 can-

1860 2149 2026 2193 tantes
2061 2148 2109 2193 et
2148 2138 2429 2211 psallentes
2454 2142 2509 2196 in
2540 2143 2785 2199 cordibus
2815 2149 2997 2203 vestris
3032 2148 3296 2218 Domino,
3345 2169 3453 2210 non

1862 2229 2030 2301 tacuit
2056 2231 2200 2301 quod
2232 2231 2285 2284 in
2314 2233 2627 2288 cantoribus
2656 2234 2913 2293 Ecclesia:
2942 2242 3449 2310 reprehendendum

1864 2320 2096 2375 videbat.
2149 2338 2170 2372 s
2197 2320 2404 2378 Canere
2444 2323 2640 2394 igitur;
2669 2326 2766 2393 ait,
2799 2336 2855 2383 et
2880 2329 3111 2399 psallere
3143 2341 3200 2389 et
3231 2334 3454 2393 laudare

1863 2411 2148 2467 Dominum
2195 2415 2370 2485 magis
2413 2416 2598 2492 animo
2646 2433 2811 2487 quam
2836 2434 2971 2476 voce
3008 2423 3285 2481 debemus.
3338 2427 3454 2484 Hoc

1862 2511 1947 2558 est
1974 2503 2171 2573 quippe
2215 2504 2359 2574 quod
2387 2504 2627 2561 dicitur:
2661 2504 2943 2565 Cantantes
2987 2521 3035 2566 et
3079 2516 3358 2586 psallentes
3397 2520 3451 2575 in

1864 2592 2108 2646 cordibus
2137 2596 2321 2647 uestris
2343 2594 2592 2650 Domino.
2619 2596 2857 2654 Audiant
2893 2601 3010 2657 haec
3039 2605 3451 2672 adolescentuli.

1865 2685 2089 2740 audiant
2109 2686 2165 2740 hi
2189 2687 2385 2757 quibus
2413 2689 2679 2759 psallendi
2706 2692 2761 2747 in
2802 2693 3045 2752 Ecclesia
3080 2698 3316 2757 alliciam
3344 2713 3448 2767 est,

1864 2774 1976 2831 Deo
2003 2791 2109 2830 non
2151 2792 2307 2844 voce,
2337 2780 2430 2835 sed
2455 2782 2618 2837 corde
2645 2786 3008 2854 cantandum;
3037 2805 3140 2846 nec
3168 2791 3224 2847 in
3248 2799 3450 2864 ιγπερὶ-

1865 2864 2057 2920 dorum
2108 2868 2325 2922 modum
2366 2878 2552 2941 guttur
2595 2881 2650 2928 et
2698 2875 2883 2934 fauces
2911 2879 3053 2936 dulci
3091 2884 3451 2941 medicamine

1865 2954 2200 3012 collinienda:
2238 2968 2387 3024 sunt,
2418 2970 2479 3015 ut
2522 2962 2577 3017 in
2618 2964 2860 3023 Ecclesia
2906 2970 3197 3030 theatrales
3242 2975 3451 3031 moduli

1866 3044 2157 3100 audiantur
2198 3056 2255 3103 et
2296 3050 2538 3117 cantica;
2591 3054 2686 3108 sed
2734 3056 2789 3110 in
2834 3058 3046 3127 timore,
3077 3062 3130 3115 in
3177 3078 3357 3134 opere,
3393 3067 3448 3121 in

1866 3137 2095 3192 scientia
2142 3137 2567 3211 Scripturarum.
2606 3144 2862 3212 Quamvis
2892 3151 2962 3205 sit
2999 3152 3227 3224 aliquis,
3257 3165 3318 3212 ut
3354 3175 3446 3215 so-

1787 3214 1830 3275 C
1865 3224 1977 3279 lent
1997 3226 2073 3280 illi
2104 3228 2395 3298 appellare,
2428 3234 2776 3305 cacophonos,
2806 3238 2850 3293 si
2876 3240 3017 3296 bona
3040 3214 3224 3313 opera.
3244 3214 3446 3306 habue-

1862 3316 1959 3381 rit,
1987 3316 2161 3373 dulcis
2203 3322 2344 3389 apud
2371 3322 2540 3379 Deum
2568 3336 2761 3384 cantor
2788 3340 2889 3385 est.
2923 3330 3024 3388 Sic-
3048 3346 3231 3394 cantet
3259 3354 3450 3399 servus

1860 3405 2081 3471 Christi,
2116 3417 2176 3463 ut
2196 3426 2301 3466 non
2325 3428 2426 3468 vox
2457 3420 2724 3485 canentis,
2747 3422 2842 3477 sed
2866 3426 3029 3479 verba
3054 3428 3306 3495 placeant
3327 3449 3449 3504 qua:

1858 3496 2143 3567 leguntur;
2176 3510 2236 3554 ut
2265 3503 2485 3572 spiritus
2510 3508 2684 3563 malus
2703 3511 2795 3580 qui
2820 3522 2939 3568 erat
2968 3516 3021 3569 in
3054 3516 3235 3587 Saule,
3268 3496 3448 3592 ejicia-

1861 3594 1947 3640 tur
1971 3587 2040 3642 ab
2065 3589 2148 3643 hls
2174 3591 2264 3659 qui
2287 3592 2356 3647 ab
2381 3609 2446 3649 eo
2475 3596 2725 3654 similiter
2755 3603 3117 3674 possidentur,
3146 3616 3200 3663 et
3226 3587 3333 3666 non
3360 3613 3444 3666 iu-

1860 3679 2178 3735 troducatur
2218 3682 2273 3736 in
2301 3699 2396 3740 eos
2435 3687 2527 3755 qui
2568 3689 2634 3745 dc
2672 3691 2832 3747 domo
2873 3693 2966 3749 Dei
3010 3713 3225 3754 scenam
3256 3701 3437 3759 fecere

1855 3769 2197 3839 populorum.
2238 3791 2258 3824 ι
2310 3773 2367 3828 In
2395 3776 2592 3845 quibus
2618 3780 2800 3836 verbis
2848 3799 3174 3857 magnopere
3203 3805 3439 3859 pensan-

1857 3860 1985 3914 dum
2021 3869 2125 3927 est,
2171 3864 2317 3933 quod
2347 3880 2441 3922 eos
2469 3869 2560 3937 qui
2606 3870 2659 3924 in
2705 3888 2911 3930 morem
2956 3879 3236 3946 psallentis
3266 3880 3438 3940 David

1856 3966 1979 4005 cum
2012 3953 2208 4007 timore
2237 3962 2294 4011 et
2321 3958 2586 4027 gravitate
2616 3963 2847 4031 spiritali
2879 3978 3098 4035 canunt,
3144 3973 3434 4045 malignum

1858 4040 2107 4108 spiritum
2135 4042 2301 4098 etiam
2334 4046 2403 4101 ab
2446 4047 2785 4107 auditoribus
2822 4055 2935 4111 suis
2963 4058 3252 4118 excludere
3277 4040 3438 4133 posse

1860 4129 2177 4197 conﬁrmat;
2223 4149 2317 4189 eos
2342 4151 2473 4192 vero
2495 4139 2585 4207 qui
2613 4140 2970 4200 theatralibus
2998 4149 3146 4203 sonis
3172 4158 3226 4205 et
3259 4129 3440 4209 sceni-

1859 4219 1939 4274 cis
1974 4222 2470 4293 modulationibus,
2514 4237 2569 4282 et
2619 4234 2867 4299 quamvis
2907 4235 2959 4289 in
3009 4238 3205 4295 divinis
3235 4245 3437 4308 verbis,

1859 4313 2009 4367 vocis
2056 4313 2338 4373 dulcedine
2382 4318 2832 4389 intemperantius
2880 4328 3260 4401 delectantur,
3314 4352 3437 4393 eum

1860 4416 1966 4456 non
1997 4403 2170 4457 solum
2194 4406 2263 4460 ab
2290 4406 2413 4462 aliis
2435 4424 2540 4463 non
2568 4413 2874 4483 excludere,
2905 4419 3020 4484 sed,
3051 4423 3192 4490 quod
3223 4433 3306 4481 est
3336 4436 3445 4483 ter-

1860 4492 2034 4555 ribile,
2066 4494 2120 4548 in
2165 4496 2372 4565 seipsos
2418 4500 2762 4558 introducere
2791 4514 3041 4564 testatur.
3092 4511 3244 4570 Unde
3285 4525 3341 4572 et
3386 4520 3442 4572 in

1860 4582 1966 4637 alio
1992 4582 2110 4640 loco
2132 4585 2271 4640 idem
2299 4586 2490 4644 doctor
2517 4605 2640 4646 cum
2666 4598 2989 4653 Sententiam
3020 4599 3172 4657 lsaize
3202 4601 3353 4673 (Cap.
3388 4607 3440 4676 ί)

1858 4684 2174 4744 exponeret,
2206 4676 2385 4749 Iniqui
2417 4692 2539 4736 sunt
2577 4694 2735 4741 cattus
2771 4690 2955 4757 vestri,
3004 4692 3083 4748 ait
3128 4712 3141 4747 :
3201 4712 3220 4746 ι
3248 4695 3439 4753 Omnis

1858 4775 2155 4821 conventus
2207 4769 2297 4837 qui
2346 4785 2453 4825 non
2503 4771 2662 4829 offert
2711 4777 2917 4834 hostias
2962 4782 3275 4852 spiritales,
3337 4801 3436 4843 nec

1860 4854 2009 4909 audit
2052 4855 2181 4911 illud
2220 4859 2363 4927 quod
2388 4860 2444 4917 in
2471 4862 2919 4935 quinquagesimo
2955 4871 3165 4940 psalmo
3201 4875 3439 4938 canitur,

1856 4940 2189 5013 Sacri/icium
2236 4945 2345 5001 Deo
2398 4947 2629 5018 Spiritus
2675 4956 3081 5027 contribulatus,
3114 4977 3207 5016 cor
3237 4964 3438 5017 contri-

1851 5043 1965 5087 tum
1999 5044 2049 5089 et
2098 5037 2431 5093 humiliatum
2462 5040 2600 5097 Deus
2631 5060 2734 5099 non
2776 5046 3025 5120 despicit,
3058 5054 3439 5111 abominabilis

1855 5125 1966 5181 Deo
1986 5134 2090 5181 est.
2128 5146 2147 5179 ι
2183 5127 2331 5183 Mens
2358 5144 2491 5203 ergo
2529 5131 2719 5203 libera,
2751 5137 2804 5193 id
2829 5147 2935 5208 est,
2966 5144 3217 5199 sensibus
3244 5160 3438 5214 corpo—

1521 5233 1793 5291 BALUZII
1834 5235 2066 5295 NOT/E.

234 5326 259 5387 ξι
290 5312 361 5387 In
378 5314 621 5387 concilio
653 5317 919 5387 Africano.
970 5319 1161 5375 Exstat
1199 5321 1290 5378 hic
1330 5337 1503 5378 canon
1534 5326 1589 5379 in
1619 5340 1749 5380 eon-

163 5383 287 5456 eilio
322 5381 601 5456 Africano,
631 5381 749 5456 cap.
780 5388 865 5451 70,
897 5391 1029 5444 etin
1079 5389 1276 5447 Codice
1318 5392 1596 5449 Canonum
1646 5396 1747 5450 Ec-

163 5453 340 5544 clesia:
384 5453 794 5544 ρΐτὶεειηῖξξῖςιίι.
839 5458 983 5544 195..
1010 5458 1120 5544 Sed
1168 5463 1748 5544 litorobiqueudiversus

165 5530 246 5606 est
273 5522 437 5606 paulo
469 5525 1143 5606 ab._edirt_ione_Agobardi.
1181 5530 1271 5586 Sic
1299 5522 1441 5587 enim
1474 5534 1581 5589 illic
1612 5537 1744 5606 legi-

166 5600 254 5672 tur
277 5612 299 5672 ε.
322 5591 577 5672 (Placuit
619 5597 782 5672 etiam
813 5591 947 5672 hoc,
979 5608 1058 5672 ut‘
1082 5616 1291 5672 preces,
1344 5620 1466 5672 qua:
1506 5591 1747 5672 probate

168 5661 367 5738 fuerint
398 5664 453 5718 in
496 5665 747 5729 concilio,
782 5668 894 5738 sive
922 5661 1288 5738 prrefa'tiones,
1319 5661 1431 5727 si've
1475 5661 1749 5730 commch

170 5731 429 5798 dationes,
464 5749 559 5788 seu
591 5750 784 5790 manus
814 5731 1199 5806 impbsitiones,
1243 5731 1309 5798 ab
1331 5745 1581 5799 omnibus
1611 5748 1747 5802 cele-

1851 5334 2098 5429 brentur,
2122 5351 2222 5393 nec
2264 5338 2383 5395 alia:
2402 5340 2623 5429 omnino
2651 5350 2837 5429 contra
2869 5342 3028 5429 fidem
3048 5348 3437 5429 prceferamur,

1851 5401 1947 5527 sed
1987 5420 2321 5477 quazeunque
2363 5425 2394 5463 a
2438 5412 2876 5480 prudentioribus
2922 5401 3437 5484 fuerintwcoll—eet'ac:

1890 5484 2120 5527 reantur.

1890 5484 2120 5530 reantur.

1926 5544 1953 5583 δ
1981 5543 2345 5629 Simplicitate.
2390 5552 2447 5605 In
2486 5552 3436 5629 manuscriptolegitur‘inplacitate:

1853 5629 1951 5682 pro
1988 5630 2096 5683 quo
2126 5617 2406 5675 Massonus
2436 5622 2605 5675 edidit
2644 5617 3011 5679 imbecillitate.
3053 5617 3161 5682 Nos
3204 5644 3333 5684 vero
3358 5647 3433 5685 re-

1853 5685 2129 5753 posuimus
2152 5688 2503 5757 simplicitate,
2535 5699 2594 5744 ut
2618 5706 2705 5744 res
2732 5694 3001 5761 postulare
3028 5696 3328 5755 videbatur.
