  <div class='ocr_page' id='page_1' title='image "/cluster/home/n/w/nwhite01/storage/ocr_20150623/104/uva.x000827061/175.png"; bbox 0 0 3930 6312; ppageno 0'>
   <div class='ocr_carea' id='block_1_1' title="bbox 440 304 550 362">
    <p class='ocr_par' dir='ltr' id='par_1_1' title="bbox 440 304 550 362">
     <span class='ocr_line' id='line_1_1' title="bbox 440 304 550 362; baseline 0 -3"><span class='ocrx_word' id='word_1_1' title='bbox 440 304 550 362; x_wconf 65' lang='lat'><strong>.533</strong></span> 
     </span>
    </p>
   </div>
   <div class='ocr_carea' id='block_1_2' title="bbox 1412 307 2736 370">
    <p class='ocr_par' dir='ltr' id='par_1_2' title="bbox 1412 307 2736 370">
     <span class='ocr_line' id='line_1_2' title="bbox 1412 307 2736 370; baseline 0.005 -6"><span class='ocrx_word' id='word_1_2' title='bbox 1412 307 1472 364; x_wconf 88' lang='lat' dir='ltr'><strong>S.</strong></span> <span class='ocrx_word' id='word_1_3' title='bbox 1511 307 1863 366; x_wconf 57' lang='lat' dir='ltr'><strong>AG‘OBARDI</strong></span> <span class='ocrx_word' id='word_1_4' title='bbox 1899 308 2205 366; x_wconf 77' lang='lat' dir='ltr'><strong>EPISCOPI</strong></span> <span class='ocrx_word' id='word_1_5' title='bbox 2247 311 2736 370; x_wconf 74' lang='lat' dir='ltr'><strong>LCGDUNENSIS</strong></span> 
     </span>
    </p>
   </div>
   <div class='ocr_carea' id='block_1_3' title="bbox 3646 323 3752 378">
    <p class='ocr_par' dir='ltr' id='par_1_3' title="bbox 3646 323 3752 378">
     <span class='ocr_line' id='line_1_3' title="bbox 3646 323 3752 378; baseline 0 -1"><span class='ocrx_word' id='word_1_6' title='bbox 3646 323 3752 378; x_wconf 74' lang='lat'><strong>535</strong></span> 
     </span>
    </p>
   </div>
   <div class='ocr_carea' id='block_1_4' title="bbox 444 424 3756 510">
    <p class='ocr_par' dir='ltr' id='par_1_4' title="bbox 444 424 3756 510">
     <span class='ocr_line' id='line_1_4' title="bbox 444 424 3756 510; baseline 0.004 -32"><span class='ocrx_word' id='word_1_7' title='bbox 444 425 521 480; x_wconf 83' lang='lat' dir='ltr'><strong>ris</strong></span> <span class='ocrx_word' id='word_1_8' title='bbox 570 424 1105 491; x_wconf 73' lang='lat' dir='ltr'><strong>non‘succumbcns,</strong></span> <span class='ocrx_word' id='word_1_9' title='bbox 1139 427 1518 510; x_wconf 25' lang='lat' dir='ltr'><strong>italresistere</strong></span> <span class='ocrx_word' id='word_1_10' title='bbox 1560 429 1720 484; x_wconf 87' lang='lat' dir='ltr'><strong>debet</strong></span> <span class='ocrx_word' id='word_1_11' title='bbox 1767 444 1921 484; x_wconf 73' lang='lat' dir='ltr'><strong>vanze</strong></span> <span class='ocrx_word' id='word_1_12' title='bbox 1977 443 2041 482; x_wconf 91' lang='lat' dir='ltr'><strong>ac</strong></span> <span class='ocrx_word' id='word_1_13' title='bbox 2071 431 2308 497; x_wconf 79' lang='lat' dir='ltr'><strong>Aquam</strong></span> <span class='ocrx_word' id='word_1_14' title='bbox 2361 445 2449 485; x_wconf 88' lang='lat' dir='ltr'><strong>res</strong></span> <span class='ocrx_word' id='word_1_15' title='bbox 2485 446 2605 500; x_wconf 73' lang='lat' dir='ltr'><strong>quae</strong></span> <span class='ocrx_word' id='word_1_16' title='bbox 2653 430 2885 497; x_wconf 87' lang='lat' dir='ltr'><strong>canitur,</strong></span> <span class='ocrx_word' id='word_1_17' title='bbox 2942 432 3160 501; x_wconf 75' lang='lat' dir='ltr'><strong>poenale</strong></span> <span class='ocrx_word' id='word_1_18' title='bbox 3212 433 3345 488; x_wconf 98' lang='lat' dir='ltr'><strong>dicit</strong></span> <span class='ocrx_word' id='word_1_19' title='bbox 3394 447 3518 490; x_wconf 88' lang='lat' dir='ltr'><strong>esse</strong></span> <span class='ocrx_word' id='word_1_20' title='bbox 3563 453 3756 508; x_wconf 79' lang='lat' dir='ltr'><strong>pecca—</strong></span> 
     </span>
    </p>
   </div>
   <div class='ocr_carea' id='block_1_5' title="bbox 439 513 2045 583">
    <p class='ocr_par' dir='ltr' id='par_1_5' title="bbox 439 513 2045 583">
     <span class='ocr_line' id='line_1_5' title="bbox 439 513 2045 583; baseline 0.003 -14"><span class='ocrx_word' id='word_1_21' title='bbox 439 513 618 569; x_wconf 64' lang='lat' dir='ltr'><strong>noxia:</strong></span> <span class='ocrx_word' id='word_1_22' title='bbox 655 514 1003 571; x_wconf 71' lang='lat' dir='ltr'><strong>delectationi</strong></span> <span class='ocrx_word' id='word_1_23' title='bbox 1049 517 1287 583; x_wconf 90' lang='lat' dir='ltr'><strong>aurium,</strong></span> <span class='ocrx_word' id='word_1_24' title='bbox 1335 518 1478 573; x_wconf 87' lang='lat' dir='ltr'><strong>sicut</strong></span> <span class='ocrx_word' id='word_1_25' title='bbox 1505 528 1563 574; x_wconf 90' lang='lat' dir='ltr'><strong>et</strong></span> <span class='ocrx_word' id='word_1_26' title='bbox 1594 519 2045 575; x_wconf 79' lang='lat' dir='ltr'><strong>delectationibus</strong></span> 
     </span>
    </p>
   </div>
   <div class='ocr_carea' id='block_1_6' title="bbox 440 610 2042 677">
    <p class='ocr_par' dir='ltr' id='par_1_6' title="bbox 440 610 2042 677">
     <span class='ocr_line' id='line_1_6' title="bbox 440 610 2042 677; baseline 0.004 -16"><span class='ocrx_word' id='word_1_27' title='bbox 440 610 700 662; x_wconf 83' lang='lat' dir='ltr'><strong>sensuum</strong></span> <span class='ocrx_word' id='word_1_28' title='bbox 750 618 1101 676; x_wconf 63' lang='lat' dir='ltr'><strong>cancrorum,</strong></span> <span class='ocrx_word' id='word_1_29' title='bbox 1147 611 1300 666; x_wconf 86' lang='lat' dir='ltr'><strong>visus</strong></span> <span class='ocrx_word' id='word_1_30' title='bbox 1344 611 1621 677; x_wconf 78' lang='lat' dir='ltr'><strong>videlicet,</strong></span> <span class='ocrx_word' id='word_1_31' title='bbox 1679 619 1735 667; x_wconf 89' lang='lat' dir='ltr'><strong>et</strong></span> <span class='ocrx_word' id='word_1_32' title='bbox 1790 612 2042 677; x_wconf 87' lang='lat' dir='ltr'><strong>olfactns,</strong></span> 
     </span>
    </p>
   </div>
   <div class='ocr_carea' id='block_1_7' title="bbox 440 703 2044 774">
    <p class='ocr_par' dir='ltr' id='par_1_7' title="bbox 440 703 2044 774">
     <span class='ocr_line' id='line_1_7' title="bbox 440 703 2044 774; baseline 0 -18"><span class='ocrx_word' id='word_1_33' title='bbox 440 708 666 774; x_wconf 88' lang='lat' dir='ltr'><strong>gustus,</strong></span> <span class='ocrx_word' id='word_1_34' title='bbox 712 709 767 757; x_wconf 89' lang='lat' dir='ltr'><strong>et</strong></span> <span class='ocrx_word' id='word_1_35' title='bbox 803 709 1014 770; x_wconf 86' lang='lat' dir='ltr'><strong>tactus;</strong></span> <span class='ocrx_word' id='word_1_36' title='bbox 1067 719 1300 774; x_wconf 90' lang='lat' dir='ltr'><strong>quorum</strong></span> <span class='ocrx_word' id='word_1_37' title='bbox 1329 703 1834 774; x_wconf 81' lang='lat' dir='ltr'><strong>perturbationibus</strong></span> <span class='ocrx_word' id='word_1_38' title='bbox 1864 703 2044 757; x_wconf 89' lang='lat' dir='ltr'><strong>anima</strong></span> 
     </span>
    </p>
   </div>
   <div class='ocr_carea' id='block_1_8' title="bbox 441 794 2048 867">
    <p class='ocr_par' dir='ltr' id='par_1_8' title="bbox 441 794 2048 867">
     <span class='ocr_line' id='line_1_8' title="bbox 441 794 2048 867; baseline 0.001 -19"><span class='ocrx_word' id='word_1_39' title='bbox 441 802 840 865; x_wconf 73' lang='lat' dir='ltr'><strong>przegravatur,</strong></span> <span class='ocrx_word' id='word_1_40' title='bbox 871 802 929 851; x_wconf 87' lang='lat' dir='ltr'><strong>et</strong></span> <span class='ocrx_word' id='word_1_41' title='bbox 971 795 1207 866; x_wconf 81' lang='lat' dir='ltr'><strong>capitur.</strong></span> <span class='ocrx_word' id='word_1_42' title='bbox 1241 794 1516 863; x_wconf 87' lang='lat' dir='ltr'><strong>Quantum</strong></span> <span class='ocrx_word' id='word_1_43' title='bbox 1546 797 1780 867; x_wconf 88' lang='lat' dir='ltr'><strong>denique</strong></span> <span class='ocrx_word' id='word_1_44' title='bbox 1808 796 2048 851; x_wconf 84' lang='lat' dir='ltr'><strong>oblecta-</strong></span> 
     </span>
    </p>
   </div>
   <div class='ocr_carea' id='block_1_9' title="bbox 443 873 2048 951">
    <p class='ocr_par' dir='ltr' id='par_1_9' title="bbox 443 873 2048 951">
     <span class='ocr_line' id='line_1_9' title="bbox 443 873 2048 951; baseline 0.001 -14"><span class='ocrx_word' id='word_1_45' title='bbox 443 885 624 940; x_wconf 84' lang='lat' dir='ltr'><strong>tiones</strong></span> <span class='ocrx_word' id='word_1_46' title='bbox 668 887 882 940; x_wconf 83' lang='lat' dir='ltr'><strong>aurium</strong></span> <span class='ocrx_word' id='word_1_47' title='bbox 924 884 1186 941; x_wconf 79' lang='lat' dir='ltr'><strong>virtutem</strong></span> <span class='ocrx_word' id='word_1_48' title='bbox 1242 873 1449 940; x_wconf 83' lang='lat' dir='ltr'><strong>mentis</strong></span> <span class='ocrx_word' id='word_1_49' title='bbox 1485 894 1771 951; x_wconf 86' lang='lat' dir='ltr'><strong>enervem,</strong></span> <span class='ocrx_word' id='word_1_50' title='bbox 1816 892 2048 940; x_wconf 77' lang='lat' dir='ltr'><strong>testatur</strong></span> 
     </span>
    </p>
   </div>
   <div class='ocr_carea' id='block_1_10' title="bbox 441 977 2049 1049">
    <p class='ocr_par' dir='ltr' id='par_1_10' title="bbox 441 977 2049 1049">
     <span class='ocr_line' id='line_1_10' title="bbox 441 977 2049 1049; baseline 0 -16"><span class='ocrx_word' id='word_1_51' title='bbox 441 977 702 1048; x_wconf 73' lang='lat' dir='ltr'><strong>prtel’atus</strong></span> <span class='ocrx_word' id='word_1_52' title='bbox 725 979 938 1046; x_wconf 85' lang='lat' dir='ltr'><strong>doctor,</strong></span> <span class='ocrx_word' id='word_1_53' title='bbox 976 978 1071 1049; x_wconf 92' lang='lat' dir='ltr'><strong>qui</strong></span> <span class='ocrx_word' id='word_1_54' title='bbox 1109 979 1188 1032; x_wconf 86' lang='lat' dir='ltr'><strong>ait</strong></span> <span class='ocrx_word' id='word_1_55' title='bbox 1236 995 1250 1031; x_wconf 92' lang='lat'><strong>:</strong></span> <span class='ocrx_word' id='word_1_56' title='bbox 1307 994 1332 1028; x_wconf 74' lang='grc' dir='ltr'><strong>ι·</strong></span> <span class='ocrx_word' id='word_1_57' title='bbox 1356 978 1595 1035; x_wconf 85' lang='lat' dir='ltr'><strong>Auditus</strong></span> <span class='ocrx_word' id='word_1_58' title='bbox 1624 978 1779 1033; x_wconf 90' lang='lat' dir='ltr'><strong>vario</strong></span> <span class='ocrx_word' id='word_1_59' title='bbox 1809 993 2049 1048; x_wconf 89' lang='lat' dir='ltr'><strong>organo-</strong></span> 
     </span>
    </p>
   </div>
   <div class='ocr_carea' id='block_1_11' title="bbox 443 1068 2048 1134">
    <p class='ocr_par' dir='ltr' id='par_1_11' title="bbox 443 1068 2048 1134">
     <span class='ocr_line' id='line_1_11' title="bbox 443 1068 2048 1134; baseline 0.001 -11"><span class='ocrx_word' id='word_1_60' title='bbox 443 1081 567 1123; x_wconf 87' lang='lat' dir='ltr'><strong>rum</strong></span> <span class='ocrx_word' id='word_1_61' title='bbox 599 1077 796 1134; x_wconf 84' lang='lat' dir='ltr'><strong>cantu,</strong></span> <span class='ocrx_word' id='word_1_62' title='bbox 824 1076 883 1125; x_wconf 87' lang='lat' dir='ltr'><strong>et</strong></span> <span class='ocrx_word' id='word_1_63' title='bbox 914 1077 1115 1125; x_wconf 76' lang='lat' dir='ltr'><strong>vacum</strong></span> <span class='ocrx_word' id='word_1_64' title='bbox 1157 1068 1548 1126; x_wconf 76' lang='lat' dir='ltr'><strong>inﬂexionibus</strong></span> <span class='ocrx_word' id='word_1_65' title='bbox 1593 1069 1873 1134; x_wconf 87' lang='lat' dir='ltr'><strong>delinitur,</strong></span> <span class='ocrx_word' id='word_1_66' title='bbox 1911 1078 1964 1125; x_wconf 86' lang='lat' dir='ltr'><strong>et</strong></span> <span class='ocrx_word' id='word_1_67' title='bbox 1992 1069 2048 1124; x_wconf 93' lang='lat' dir='ltr'><strong>in</strong></span> 
     </span>
    </p>
   </div>
   <div class='ocr_carea' id='block_1_12' title="bbox 441 1163 2050 1236">
    <p class='ocr_par' dir='ltr' id='par_1_12' title="bbox 441 1163 2050 1236">
     <span class='ocr_line' id='line_1_12' title="bbox 441 1163 2050 1236; baseline 0.001 -17"><span class='ocrx_word' id='word_1_68' title='bbox 441 1163 687 1220; x_wconf 77' lang='lat' dir='ltr'><strong>carmine</strong></span> <span class='ocrx_word' id='word_1_69' title='bbox 725 1173 1014 1235; x_wconf 84' lang='lat' dir='ltr'><strong>poetarum</strong></span> <span class='ocrx_word' id='word_1_70' title='bbox 1059 1171 1115 1220; x_wconf 90' lang='lat' dir='ltr'><strong>et</strong></span> <span class='ocrx_word' id='word_1_71' title='bbox 1157 1166 1590 1231; x_wconf 67' lang='lat' dir='ltr'><strong>comoediarum,</strong></span> <span class='ocrx_word' id='word_1_72' title='bbox 1643 1166 2050 1236; x_wconf 84' lang='lat' dir='ltr'><strong>mimorumque</strong></span> 
     </span>
    </p>
   </div>
   <div class='ocr_carea' id='block_1_13' title="bbox 442 1255 2050 1328">
    <p class='ocr_par' dir='ltr' id='par_1_13' title="bbox 442 1255 2050 1328">
     <span class='ocr_line' id='line_1_13' title="bbox 442 1255 2050 1328; baseline 0.003 -21"><span class='ocrx_word' id='word_1_73' title='bbox 442 1255 874 1322; x_wconf 79' lang='lat' dir='ltr'><strong>nrbanitatibus,</strong></span> <span class='ocrx_word' id='word_1_74' title='bbox 901 1263 960 1311; x_wconf 87' lang='lat' dir='ltr'><strong>et</strong></span> <span class='ocrx_word' id='word_1_75' title='bbox 989 1257 1252 1326; x_wconf 83' lang='lat' dir='ltr'><strong>strophis,</strong></span> <span class='ocrx_word' id='word_1_76' title='bbox 1279 1263 1336 1312; x_wconf 90' lang='lat' dir='ltr'><strong>et</strong></span> <span class='ocrx_word' id='word_1_77' title='bbox 1361 1257 1628 1328; x_wconf 84' lang='lat' dir='ltr'><strong>quidquid</strong></span> <span class='ocrx_word' id='word_1_78' title='bbox 1652 1271 1756 1328; x_wconf 85' lang='lat' dir='ltr'><strong>per</strong></span> <span class='ocrx_word' id='word_1_79' title='bbox 1780 1273 1944 1313; x_wconf 84' lang='lat' dir='ltr'><strong>aures</strong></span> <span class='ocrx_word' id='word_1_80' title='bbox 1973 1258 2050 1312; x_wconf 88' lang='lat' dir='ltr'><strong>in-</strong></span> 
     </span>
    </p>
   </div>
   <div class='ocr_carea' id='block_1_14' title="bbox 442 1344 1604 1403">
    <p class='ocr_par' dir='ltr' id='par_1_14' title="bbox 442 1344 1604 1403">
     <span class='ocr_line' id='line_1_14' title="bbox 442 1344 1604 1403; baseline 0.002 -4"><span class='ocrx_word' id='word_1_81' title='bbox 442 1344 648 1401; x_wconf 84' lang='lat' dir='ltr'><strong>troiens</strong></span> <span class='ocrx_word' id='word_1_82' title='bbox 671 1346 990 1401; x_wconf 78' lang='lat' dir='ltr'><strong>vin&#39;litatem</strong></span> <span class='ocrx_word' id='word_1_83' title='bbox 1007 1348 1216 1403; x_wconf 88' lang='lat' dir='ltr'><strong>mentis</strong></span> <span class='ocrx_word' id='word_1_84' title='bbox 1245 1346 1546 1403; x_wconf 81' lang='lat' dir='ltr'><strong>ell&#39;eminat.</strong></span> <span class='ocrx_word' id='word_1_85' title='bbox 1582 1367 1604 1401; x_wconf 72' lang='grc' dir='ltr'><strong><em>ι</em></strong></span> 
     </span>
    </p>
   </div>
   <div class='ocr_carea' id='block_1_15' title="bbox 511 1435 2051 1512">
    <p class='ocr_par' dir='ltr' id='par_1_15' title="bbox 511 1435 2051 1512">
     <span class='ocr_line' id='line_1_15' title="bbox 511 1435 2051 1512; baseline 0.002 -21"><span class='ocrx_word' id='word_1_86' title='bbox 511 1435 647 1491; x_wconf 75' lang='lat' dir='ltr'><strong>XIII.</strong></span> <span class='ocrx_word' id='word_1_87' title='bbox 693 1435 803 1493; x_wconf 86' lang='lat' dir='ltr'><strong>Sed</strong></span> <span class='ocrx_word' id='word_1_88' title='bbox 830 1445 890 1494; x_wconf 82' lang='lat' dir='ltr'><strong>et</strong></span> <span class='ocrx_word' id='word_1_89' title='bbox 931 1438 1128 1494; x_wconf 79' lang='lat' dir='ltr'><strong>beatus</strong></span> <span class='ocrx_word' id='word_1_90' title='bbox 1160 1446 1373 1511; x_wconf 71' lang='lat' dir='ltr'><strong>martyr</strong></span> <span class='ocrx_word' id='word_1_91' title='bbox 1398 1439 1707 1510; x_wconf 85' lang='lat' dir='ltr'><strong>Cyprianus</strong></span> <span class='ocrx_word' id='word_1_92' title='bbox 1747 1438 1944 1512; x_wconf 86' lang='lat' dir='ltr'><strong>(Serm.</strong></span> <span class='ocrx_word' id='word_1_93' title='bbox 1986 1440 2051 1495; x_wconf 88' lang='lat' dir='ltr'><strong>de</strong></span> 
     </span>
    </p>
   </div>
   <div class='ocr_carea' id='block_1_16' title="bbox 441 1527 2048 1601">
    <p class='ocr_par' dir='ltr' id='par_1_16' title="bbox 441 1527 2048 1601">
     <span class='ocr_line' id='line_1_16' title="bbox 441 1527 2048 1601; baseline 0.002 -19"><span class='ocrx_word' id='word_1_94' title='bbox 441 1527 554 1584; x_wconf 78' lang='lat' dir='ltr'><strong>seio</strong></span> <span class='ocrx_word' id='word_1_95' title='bbox 576 1538 625 1583; x_wconf 89' lang='lat' dir='ltr'><strong>et</strong></span> <span class='ocrx_word' id='word_1_96' title='bbox 652 1528 842 1600; x_wconf 75' lang='lat' dir='ltr'><strong>livore)</strong></span> <span class='ocrx_word' id='word_1_97' title='bbox 869 1529 1036 1585; x_wconf 85' lang='lat' dir='ltr'><strong>simili</strong></span> <span class='ocrx_word' id='word_1_98' title='bbox 1063 1531 1227 1586; x_wconf 86' lang='lat' dir='ltr'><strong>modo</strong></span> <span class='ocrx_word' id='word_1_99' title='bbox 1254 1530 1418 1596; x_wconf 75' lang='lat' dir='ltr'><strong>dicit,</strong></span> <span class='ocrx_word' id='word_1_100' title='bbox 1438 1545 1720 1601; x_wconf 76' lang='lat' dir='ltr'><strong>exponens</strong></span> <span class='ocrx_word' id='word_1_101' title='bbox 1743 1530 1876 1586; x_wconf 92' lang='lat' dir='ltr'><strong>illud</strong></span> <span class='ocrx_word' id='word_1_102' title='bbox 1901 1530 2048 1601; x_wconf 84' lang='lat' dir='ltr'><strong>Apo-</strong></span> 
     </span>
    </p>
   </div>
   <div class='ocr_carea' id='block_1_17' title="bbox 439 1612 2052 1696">
    <p class='ocr_par' dir='ltr' id='par_1_17' title="bbox 439 1612 2052 1696">
     <span class='ocr_line' id='line_1_17' title="bbox 439 1612 2052 1696; baseline 0 -20"><span class='ocrx_word' id='word_1_103' title='bbox 439 1617 587 1686; x_wconf 88' lang='lat' dir='ltr'><strong>stoli,</strong></span> <span class='ocrx_word' id='word_1_104' title='bbox 636 1620 990 1676; x_wconf 75' lang='lat' dir='ltr'><strong>Adversarius</strong></span> <span class='ocrx_word' id='word_1_105' title='bbox 1039 1630 1212 1676; x_wconf 84' lang='lat' dir='ltr'><strong>vester</strong></span> <span class='ocrx_word' id='word_1_106' title='bbox 1252 1621 1501 1678; x_wconf 74' lang='lat' dir='ltr'><strong>diabolus</strong></span> <span class='ocrx_word' id='word_1_107' title='bbox 1542 1612 1795 1696; x_wconf 71' lang='lat' dir='ltr'><strong>tanquam</strong></span> <span class='ocrx_word' id='word_1_108' title='bbox 1833 1622 1912 1677; x_wconf 83' lang='lat' dir='ltr'><strong>(eo</strong></span> <span class='ocrx_word' id='word_1_109' title='bbox 1961 1640 2052 1676; x_wconf 84' lang='lat' dir='ltr'><strong>ru-</strong></span> 
     </span>
    </p>
   </div>
   <div class='ocr_carea' id='block_1_18' title="bbox 439 1712 2052 1786">
    <p class='ocr_par' dir='ltr' id='par_1_18' title="bbox 439 1712 2052 1786">
     <span class='ocr_line' id='line_1_18' title="bbox 439 1712 2052 1786; baseline 0 -18"><span class='ocrx_word' id='word_1_110' title='bbox 439 1712 610 1786; x_wconf 76' lang='lat' dir='ltr'><strong>giens,</strong></span> <span class='ocrx_word' id='word_1_111' title='bbox 639 1712 829 1767; x_wconf 76' lang='lat' dir='ltr'><strong>circuit</strong></span> <span class='ocrx_word' id='word_1_112' title='bbox 848 1728 1090 1784; x_wconf 68' lang='lat' dir='ltr'><strong>Mrem</strong></span> <span class='ocrx_word' id='word_1_113' title='bbox 1107 1729 1262 1784; x_wconf 77' lang='lat' dir='ltr'><strong>quem</strong></span> <span class='ocrx_word' id='word_1_114' title='bbox 1289 1713 1522 1769; x_wconf 81' lang='lat' dir='ltr'><strong>devoret.</strong></span> <span class='ocrx_word' id='word_1_115' title='bbox 1550 1714 1642 1769; x_wconf 85' lang='lat' dir='ltr'><strong>Ait</strong></span> <span class='ocrx_word' id='word_1_116' title='bbox 1667 1729 1800 1784; x_wconf 89' lang='lat' dir='ltr'><strong>ergo</strong></span> <span class='ocrx_word' id='word_1_117' title='bbox 1831 1731 1844 1766; x_wconf 85' lang='lat'><strong>:</strong></span> <span class='ocrx_word' id='word_1_118' title='bbox 1885 1732 1903 1764; x_wconf 85' lang='grc'><em>‹</em></span> <span class='ocrx_word' id='word_1_119' title='bbox 1921 1713 2052 1769; x_wconf 76' lang='lat' dir='ltr'><strong>&#39;Cir-</strong></span> 
     </span>
    </p>
   </div>
   <div class='ocr_carea' id='block_1_19' title="bbox 2151 520 3758 601">
    <p class='ocr_par' dir='ltr' id='par_1_19' title="bbox 2151 520 3758 601">
     <span class='ocr_line' id='line_1_19' title="bbox 2151 520 3758 601; baseline 0.009 -29"><span class='ocrx_word' id='word_1_120' title='bbox 2151 529 2281 582; x_wconf 92' lang='lat' dir='ltr'><strong>tum,</strong></span> <span class='ocrx_word' id='word_1_121' title='bbox 2315 520 2388 573; x_wconf 88' lang='lat' dir='ltr'><strong>ita</strong></span> <span class='ocrx_word' id='word_1_122' title='bbox 2419 529 2479 573; x_wconf 92' lang='lat' dir='ltr'><strong>ut</strong></span> <span class='ocrx_word' id='word_1_123' title='bbox 2508 520 2700 575; x_wconf 88' lang='lat' dir='ltr'><strong>melius</strong></span> <span class='ocrx_word' id='word_1_124' title='bbox 2728 523 2798 576; x_wconf 91' lang='lat' dir='ltr'><strong>sit</strong></span> <span class='ocrx_word' id='word_1_125' title='bbox 2826 537 2932 576; x_wconf 89' lang='lat' dir='ltr'><strong>non</strong></span> <span class='ocrx_word' id='word_1_126' title='bbox 2957 523 3148 577; x_wconf 89' lang='lat' dir='ltr'><strong>audire</strong></span> <span class='ocrx_word' id='word_1_127' title='bbox 3183 535 3495 580; x_wconf 83' lang='lat' dir='ltr'><strong>cantantem</strong></span> <span class='ocrx_word' id='word_1_128' title='bbox 3515 568 3532 594; x_wconf 93' lang='lat'><strong>,</strong></span> <span class='ocrx_word' id='word_1_129' title='bbox 3567 532 3758 601; x_wconf 87' lang='lat' dir='ltr'><strong>utique</strong></span> 
     </span>
    </p>
   </div>
   <div class='ocr_carea' id='block_1_20' title="bbox 2149 607 3759 687">
    <p class='ocr_par' dir='ltr' id='par_1_20' title="bbox 2149 607 3759 687">
     <span class='ocr_line' id='line_1_20' title="bbox 2149 607 3759 687; baseline 0.009 -25"><span class='ocrx_word' id='word_1_130' title='bbox 2149 607 2202 662; x_wconf 88' lang='lat' dir='ltr'><strong>in</strong></span> <span class='ocrx_word' id='word_1_131' title='bbox 2227 618 2396 664; x_wconf 90' lang='lat' dir='ltr'><strong>cantu</strong></span> <span class='ocrx_word' id='word_1_132' title='bbox 2445 619 2501 664; x_wconf 90' lang='lat' dir='ltr'><strong>et</strong></span> <span class='ocrx_word' id='word_1_133' title='bbox 2531 612 2680 666; x_wconf 90' lang='lat' dir='ltr'><strong>sonis</strong></span> <span class='ocrx_word' id='word_1_134' title='bbox 2707 627 2844 681; x_wconf 90' lang='lat' dir='ltr'><strong>quos</strong></span> <span class='ocrx_word' id='word_1_135' title='bbox 2886 613 3069 668; x_wconf 88' lang='lat' dir='ltr'><strong>divina</strong></span> <span class='ocrx_word' id='word_1_136' title='bbox 3109 613 3323 684; x_wconf 87' lang='lat' dir='ltr'><strong>eloquia</strong></span> <span class='ocrx_word' id='word_1_137' title='bbox 3372 619 3650 687; x_wconf 87' lang='lat' dir='ltr'><strong>animant,</strong></span> <span class='ocrx_word' id='word_1_138' title='bbox 3692 639 3759 678; x_wconf 85' lang='lat' dir='ltr'><strong>ac</strong></span> 
     </span>
    </p>
   </div>
   <div class='ocr_carea' id='block_1_21' title="bbox 2146 698 3759 766">
    <p class='ocr_par' dir='ltr' id='par_1_21' title="bbox 2146 698 3759 766">
     <span class='ocr_line' id='line_1_21' title="bbox 2146 698 3759 766; baseline 0.007 -13"><span class='ocrx_word' id='word_1_139' title='bbox 2146 698 2461 765; x_wconf 87' lang='lat' dir='ltr'><strong>viviﬁcant;</strong></span> <span class='ocrx_word' id='word_1_140' title='bbox 2517 710 2578 755; x_wconf 91' lang='lat' dir='ltr'><strong>ut</strong></span> <span class='ocrx_word' id='word_1_141' title='bbox 2625 702 2735 756; x_wconf 83' lang='lat' dir='ltr'><strong>vita</strong></span> <span class='ocrx_word' id='word_1_142' title='bbox 2788 711 3051 757; x_wconf 87' lang='lat' dir='ltr'><strong>cantuum</strong></span> <span class='ocrx_word' id='word_1_143' title='bbox 3103 719 3168 758; x_wconf 89' lang='lat' dir='ltr'><strong>ac</strong></span> <span class='ocrx_word' id='word_1_144' title='bbox 3213 720 3473 760; x_wconf 85' lang='lat' dir='ltr'><strong>sonorum</strong></span> <span class='ocrx_word' id='word_1_145' title='bbox 3524 709 3582 763; x_wconf 89' lang='lat' dir='ltr'><strong>in</strong></span> <span class='ocrx_word' id='word_1_146' title='bbox 3629 727 3759 766; x_wconf 86' lang='lat' dir='ltr'><strong>sen-</strong></span> 
     </span>
    </p>
   </div>
   <div class='ocr_carea' id='block_1_22' title="bbox 2150 792 3759 864">
    <p class='ocr_par' dir='ltr' id='par_1_22' title="bbox 2150 792 3759 864">
     <span class='ocr_line' id='line_1_22' title="bbox 2150 792 3759 864; baseline 0.007 -20"><span class='ocrx_word' id='word_1_147' title='bbox 2150 792 2336 847; x_wconf 89' lang='lat' dir='ltr'><strong>tentiis</strong></span> <span class='ocrx_word' id='word_1_148' title='bbox 2377 793 2448 846; x_wconf 92' lang='lat' dir='ltr'><strong>sit</strong></span> <span class='ocrx_word' id='word_1_149' title='bbox 2499 793 2804 847; x_wconf 82' lang='lat' dir='ltr'><strong>divinorum</strong></span> <span class='ocrx_word' id='word_1_150' title='bbox 2847 792 3210 863; x_wconf 88' lang='lat' dir='ltr'><strong>eloquiornm.</strong></span> <span class='ocrx_word' id='word_1_151' title='bbox 3259 794 3566 864; x_wconf 66' lang='lat' dir='ltr'><strong>Cancrum,</strong></span> <span class='ocrx_word' id='word_1_152' title='bbox 3609 803 3652 856; x_wconf 89' lang='lat' dir='ltr'><strong>si</strong></span> <span class='ocrx_word' id='word_1_153' title='bbox 3701 804 3759 856; x_wconf 91' lang='lat' dir='ltr'><strong>in</strong></span> 
     </span>
    </p>
   </div>
   <div class='ocr_carea' id='block_1_23' title="bbox 2151 879 3756 950">
    <p class='ocr_par' dir='ltr' id='par_1_23' title="bbox 2151 879 3756 950">
     <span class='ocr_line' id='line_1_23' title="bbox 2151 879 3756 950; baseline 0.005 -16"><span class='ocrx_word' id='word_1_154' title='bbox 2151 879 2342 935; x_wconf 88' lang='lat' dir='ltr'><strong>diebus</strong></span> <span class='ocrx_word' id='word_1_155' title='bbox 2394 881 2509 935; x_wconf 91' lang='lat' dir='ltr'><strong>suis</strong></span> <span class='ocrx_word' id='word_1_156' title='bbox 2554 882 2800 936; x_wconf 89' lang='lat' dir='ltr'><strong>audisset</strong></span> <span class='ocrx_word' id='word_1_157' title='bbox 2848 880 3063 950; x_wconf 84' lang='lat' dir='ltr'><strong>aliquos</strong></span> <span class='ocrx_word' id='word_1_158' title='bbox 3115 896 3224 936; x_wconf 90' lang='lat' dir='ltr'><strong>non</strong></span> <span class='ocrx_word' id='word_1_159' title='bbox 3273 884 3338 938; x_wconf 91' lang='lat' dir='ltr'><strong>de</strong></span> <span class='ocrx_word' id='word_1_160' title='bbox 3392 885 3594 942; x_wconf 86' lang='lat' dir='ltr'><strong>divinis</strong></span> <span class='ocrx_word' id='word_1_161' title='bbox 3639 890 3756 944; x_wconf 86' lang='lat' dir='ltr'><strong>elo-</strong></span> 
     </span>
    </p>
   </div>
   <div class='ocr_carea' id='block_1_24' title="bbox 2150 978 3751 1046">
    <p class='ocr_par' dir='ltr' id='par_1_24' title="bbox 2150 978 3751 1046">
     <span class='ocr_line' id='line_1_24' title="bbox 2150 978 3751 1046; baseline 0.002 -14"><span class='ocrx_word' id='word_1_162' title='bbox 2150 978 2328 1046; x_wconf 85' lang='lat' dir='ltr'><strong>quiis,</strong></span> <span class='ocrx_word' id='word_1_163' title='bbox 2370 979 2485 1034; x_wconf 89' lang='lat' dir='ltr'><strong>sed.</strong></span> <span class='ocrx_word' id='word_1_164' title='bbox 2513 981 2578 1034; x_wconf 92' lang='lat' dir='ltr'><strong>de</strong></span> <span class='ocrx_word' id='word_1_165' title='bbox 2626 979 2879 1035; x_wconf 85' lang='lat' dir='ltr'><strong>humanis</strong></span> <span class='ocrx_word' id='word_1_166' title='bbox 2923 981 3400 1037; x_wconf 90' lang='lat' dir='ltr'><strong>adinventionibus</strong></span> <span class='ocrx_word' id='word_1_167' title='bbox 3446 993 3751 1046; x_wconf 74' lang='lat' dir='ltr'><strong>cantantes,</strong></span> 
     </span>
    </p>
   </div>
   <div class='ocr_carea' id='block_1_25' title="bbox 2153 1071 3760 1141">
    <p class='ocr_par' dir='ltr' id='par_1_25' title="bbox 2153 1071 3760 1141">
     <span class='ocr_line' id='line_1_25' title="bbox 2153 1071 3760 1141; baseline 0.003 -17"><span class='ocrx_word' id='word_1_168' title='bbox 2153 1071 2394 1141; x_wconf 89' lang='lat' dir='ltr'><strong>nunquid</strong></span> <span class='ocrx_word' id='word_1_169' title='bbox 2454 1087 2563 1126; x_wconf 91' lang='lat' dir='ltr'><strong>non</strong></span> <span class='ocrx_word' id='word_1_170' title='bbox 2610 1082 2885 1127; x_wconf 89' lang='lat' dir='ltr'><strong>mortuum</strong></span> <span class='ocrx_word' id='word_1_171' title='bbox 2914 1079 2971 1127; x_wconf 90' lang='lat' dir='ltr'><strong>et</strong></span> <span class='ocrx_word' id='word_1_172' title='bbox 3008 1072 3129 1128; x_wconf 89' lang='lat' dir='ltr'><strong>sine</strong></span> <span class='ocrx_word' id='word_1_173' title='bbox 3168 1073 3279 1128; x_wconf 86' lang='lat' dir='ltr'><strong>vita</strong></span> <span class='ocrx_word' id='word_1_174' title='bbox 3317 1073 3486 1128; x_wconf 86' lang='lat' dir='ltr'><strong>talem</strong></span> <span class='ocrx_word' id='word_1_175' title='bbox 3510 1074 3760 1129; x_wconf 52' lang='lat' dir='ltr'><strong>‘cantum</strong></span> 
     </span>
    </p>
   </div>
   <div class='ocr_carea' id='block_1_26' title="bbox 2143 1162 2456 1239">
    <p class='ocr_par' dir='ltr' id='par_1_26' title="bbox 2143 1162 2456 1239">
     <span class='ocr_line' id='line_1_26' title="bbox 2143 1162 2456 1239; baseline 0 -22"><span class='ocrx_word' id='word_1_176' title='bbox 2143 1162 2456 1239; x_wconf 76' lang='lat' dir='ltr'><strong>iudicaret?</strong></span> 
     </span>
    </p>
   </div>
   <div class='ocr_carea' id='block_1_27' title="bbox 2225 1254 3760 1335">
    <p class='ocr_par' dir='ltr' id='par_1_27' title="bbox 2225 1254 3760 1335">
     <span class='ocr_line' id='line_1_27' title="bbox 2225 1254 3760 1335; baseline 0.001 -25"><span class='ocrx_word' id='word_1_177' title='bbox 2225 1254 2344 1310; x_wconf 74' lang='lat' dir='ltr'><strong>XV.</strong></span> <span class='ocrx_word' id='word_1_178' title='bbox 2383 1257 2585 1312; x_wconf 84' lang='lat' dir='ltr'><strong>Verum</strong></span> <span class='ocrx_word' id='word_1_179' title='bbox 2615 1256 2743 1327; x_wconf 87' lang='lat' dir='ltr'><strong>quia</strong></span> <span class='ocrx_word' id='word_1_180' title='bbox 2772 1269 2797 1298; x_wconf 75' lang='grc' dir='ltr'>ι</span> <span class='ocrx_word' id='word_1_181' title='bbox 2830 1255 3079 1329; x_wconf 76' lang='lat' dir='ltr'><strong>Gregorii</strong></span> <span class='ocrx_word' id='word_1_182' title='bbox 3116 1256 3361 1327; x_wconf 71' lang='lat' dir='ltr'><strong>prmsulis</strong></span> <span class='ocrx_word' id='word_1_183' title='bbox 3391 1272 3589 1335; x_wconf 86' lang='lat' dir='ltr'><strong>nomen</strong></span> <span class='ocrx_word' id='word_1_184' title='bbox 3625 1259 3760 1312; x_wconf 82' lang='lat' dir='ltr'><strong>titu-</strong></span> 
     </span>
    </p>
   </div>
   <div class='ocr_carea' id='block_1_28' title="bbox 2153 1344 3763 1419">
    <p class='ocr_par' dir='ltr' id='par_1_28' title="bbox 2153 1344 3763 1419">
     <span class='ocr_line' id='line_1_28' title="bbox 2153 1344 3763 1419; baseline 0.002 -21"><span class='ocrx_word' id='word_1_185' title='bbox 2153 1344 2238 1401; x_wconf 91' lang='lat' dir='ltr'><strong>lus</strong></span> <span class='ocrx_word' id='word_1_186' title='bbox 2261 1344 2476 1416; x_wconf 68' lang='lat' dir='ltr'><strong>praefati</strong></span> <span class='ocrx_word' id='word_1_187' title='bbox 2506 1345 2671 1400; x_wconf 89' lang='lat' dir='ltr'><strong>libelli</strong></span> <span class='ocrx_word' id='word_1_188' title='bbox 2701 1347 3009 1417; x_wconf 64' lang='lat' dir='ltr'><strong>prmtttndit,</strong></span> <span class='ocrx_word' id='word_1_189' title='bbox 3025 1353 3080 1401; x_wconf 91' lang='lat' dir='ltr'><strong>et</strong></span> <span class='ocrx_word' id='word_1_190' title='bbox 3101 1346 3230 1402; x_wconf 89' lang='lat' dir='ltr'><strong>hinc</strong></span> <span class='ocrx_word' id='word_1_191' title='bbox 3258 1347 3514 1417; x_wconf 83' lang='lat' dir='ltr'><strong>opinione</strong></span> <span class='ocrx_word' id='word_1_192' title='bbox 3543 1359 3763 1419; x_wconf 71' lang='lat' dir='ltr'><strong>sumpta</strong></span> 
     </span>
    </p>
   </div>
   <div class='ocr_carea' id='block_1_29' title="bbox 2152 1434 3762 1509">
    <p class='ocr_par' dir='ltr' id='par_1_29' title="bbox 2152 1434 3762 1509">
     <span class='ocr_line' id='line_1_29' title="bbox 2152 1434 3762 1509; baseline 0.002 -19"><span class='ocrx_word' id='word_1_193' title='bbox 2152 1445 2350 1505; x_wconf 87' lang='lat' dir='ltr'><strong>putant</strong></span> <span class='ocrx_word' id='word_1_194' title='bbox 2386 1450 2511 1492; x_wconf 89' lang='lat' dir='ltr'><strong>eum</strong></span> <span class='ocrx_word' id='word_1_195' title='bbox 2542 1436 2764 1505; x_wconf 87' lang='lat' dir='ltr'><strong>quidam</strong></span> <span class='ocrx_word' id='word_1_196' title='bbox 2795 1450 2836 1490; x_wconf 93' lang='lat' dir='ltr'><strong>a-</strong></span> <span class='ocrx_word' id='word_1_197' title='bbox 2863 1436 3024 1492; x_wconf 87' lang='lat' dir='ltr'><strong>beato</strong></span> <span class='ocrx_word' id='word_1_198' title='bbox 3053 1434 3315 1506; x_wconf 72' lang='lat' dir='ltr'><strong>Gregorio</strong></span> <span class='ocrx_word' id='word_1_199' title='bbox 3340 1437 3591 1493; x_wconf 85' lang='lat' dir='ltr'><strong>Romano</strong></span> <span class='ocrx_word' id='word_1_200' title='bbox 3618 1454 3762 1509; x_wconf 81' lang='lat' dir='ltr'><strong>pon-</strong></span> 
     </span>
    </p>
   </div>
   <div class='ocr_carea' id='block_1_30' title="bbox 2154 1520 3766 1599">
    <p class='ocr_par' dir='ltr' id='par_1_30' title="bbox 2154 1520 3766 1599">
     <span class='ocr_line' id='line_1_30' title="bbox 2154 1520 3766 1599; baseline 0.002 -17"><span class='ocrx_word' id='word_1_201' title='bbox 2154 1526 2300 1583; x_wconf 85' lang='lat' dir='ltr'><strong>tiﬁce</strong></span> <span class='ocrx_word' id='word_1_202' title='bbox 2326 1538 2380 1582; x_wconf 88' lang='lat' dir='ltr'><strong>et</strong></span> <span class='ocrx_word' id='word_1_203' title='bbox 2406 1520 2778 1582; x_wconf 67' lang='lat' dir='ltr'><strong>illustrissimi)</strong></span> <span class='ocrx_word' id='word_1_204' title='bbox 2808 1527 3030 1582; x_wconf 89' lang='lat' dir='ltr'><strong>doctore</strong></span> <span class='ocrx_word' id='word_1_205' title='bbox 3054 1529 3451 1599; x_wconf 88' lang='lat' dir='ltr'><strong>compositum;</strong></span> <span class='ocrx_word' id='word_1_206' title='bbox 3477 1529 3766 1585; x_wconf 82' lang='lat' dir='ltr'><strong>videamus</strong></span> 
     </span>
    </p>
   </div>
   <div class='ocr_carea' id='block_1_31' title="bbox 2155 1616 3768 1686">
    <p class='ocr_par' dir='ltr' id='par_1_31' title="bbox 2155 1616 3768 1686">
     <span class='ocr_line' id='line_1_31' title="bbox 2155 1616 3768 1686; baseline 0.001 -15"><span class='ocrx_word' id='word_1_207' title='bbox 2155 1616 2300 1686; x_wconf 88' lang='lat' dir='ltr'><strong>quod</strong></span> <span class='ocrx_word' id='word_1_208' title='bbox 2346 1625 2566 1675; x_wconf 89' lang='lat' dir='ltr'><strong>sanctus</strong></span> <span class='ocrx_word' id='word_1_209' title='bbox 2596 1616 2686 1672; x_wconf 90' lang='lat' dir='ltr'><strong>ille</strong></span> <span class='ocrx_word' id='word_1_210' title='bbox 2711 1617 2797 1671; x_wconf 93' lang='lat' dir='ltr'><strong>vir</strong></span> <span class='ocrx_word' id='word_1_211' title='bbox 2838 1618 2905 1672; x_wconf 91' lang='lat' dir='ltr'><strong>de</strong></span> <span class='ocrx_word' id='word_1_212' title='bbox 2941 1617 3511 1674; x_wconf 85' lang='lat' dir='ltr'><strong>cantu-ecclesiastico</strong></span> <span class='ocrx_word' id='word_1_213' title='bbox 3540 1620 3768 1676; x_wconf 86' lang='lat' dir='ltr'><strong>ordina-</strong></span> 
     </span>
    </p>
   </div>
   <div class='ocr_carea' id='block_1_32' title="bbox 2154 1708 3766 1779">
    <p class='ocr_par' dir='ltr' id='par_1_32' title="bbox 2154 1708 3766 1779">
     <span class='ocr_line' id='line_1_32' title="bbox 2154 1708 3766 1779; baseline 0.002 -17"><span class='ocrx_word' id='word_1_214' title='bbox 2154 1708 2315 1774; x_wconf 90' lang='lat' dir='ltr'><strong>verit,</strong></span> <span class='ocrx_word' id='word_1_215' title='bbox 2360 1708 2444 1763; x_wconf 86' lang='lat' dir='ltr'><strong>vel</strong></span> <span class='ocrx_word' id='word_1_216' title='bbox 2491 1708 2622 1779; x_wconf 91' lang='lat' dir='ltr'><strong>quid</strong></span> <span class='ocrx_word' id='word_1_217' title='bbox 2666 1709 2783 1779; x_wconf 87' lang='lat' dir='ltr'><strong>ejus</strong></span> <span class='ocrx_word' id='word_1_218' title='bbox 2828 1716 3073 1778; x_wconf 90' lang='lat' dir='ltr'><strong>tempore</strong></span> <span class='ocrx_word' id='word_1_219' title='bbox 3107 1709 3351 1765; x_wconf 81' lang='lat' dir='ltr'><strong>Romana</strong></span> <span class='ocrx_word' id='word_1_220' title='bbox 3378 1711 3627 1766; x_wconf 86' lang='lat' dir='ltr'><strong>Ecclesia</strong></span> <span class='ocrx_word' id='word_1_221' title='bbox 3670 1712 3766 1766; x_wconf 90' lang='lat' dir='ltr'><strong>de-</strong></span> 
     </span>
    </p>
   </div>
   <div class='ocr_carea' id='block_1_33' title="bbox 440 1794 3764 1877">
    <p class='ocr_par' dir='ltr' id='par_1_33' title="bbox 440 1794 3764 1877">
     <span class='ocr_line' id='line_1_33' title="bbox 440 1794 3764 1877; baseline -0.001 -17"><span class='ocrx_word' id='word_1_222' title='bbox 440 1806 556 1860; x_wconf 86' lang='lat' dir='ltr'><strong>cuit</strong></span> <span class='ocrx_word' id='word_1_223' title='bbox 600 1805 689 1860; x_wconf 89' lang='lat' dir='ltr'><strong>ille</strong></span> <span class='ocrx_word' id='word_1_224' title='bbox 719 1819 820 1860; x_wconf 91' lang='lat' dir='ltr'><strong>nos</strong></span> <span class='ocrx_word' id='word_1_225' title='bbox 848 1804 1112 1875; x_wconf 86' lang='lat' dir='ltr'><strong>singulos,</strong></span> <span class='ocrx_word' id='word_1_226' title='bbox 1145 1813 1202 1860; x_wconf 91' lang='lat' dir='ltr'><strong>et</strong></span> <span class='ocrx_word' id='word_1_227' title='bbox 1222 1806 1490 1877; x_wconf 71' lang='lat' dir='ltr'><strong>tanquam</strong></span> <span class='ocrx_word' id='word_1_228' title='bbox 1520 1806 1696 1862; x_wconf 91' lang='lat' dir='ltr'><strong>hostis</strong></span> <span class='ocrx_word' id='word_1_229' title='bbox 1722 1804 1935 1861; x_wconf 85' lang='lat' dir='ltr'><strong>clausos</strong></span> <span class='ocrx_word' id='word_1_230' title='bbox 1957 1805 2055 1860; x_wconf 91' lang='lat' dir='ltr'><strong>ob-</strong></span> <span class='ocrx_word' id='word_1_231' title='bbox 2081 1809 2128 1868; x_wconf 84' lang='lat' dir='ltr'><strong>B</strong></span> <span class='ocrx_word' id='word_1_232' title='bbox 2158 1801 2410 1856; x_wconf 88' lang='lat' dir='ltr'><strong>cantarit.</strong></span> <span class='ocrx_word' id='word_1_233' title='bbox 2459 1799 2551 1854; x_wconf 86' lang='lat' dir='ltr'><strong>Ait</strong></span> <span class='ocrx_word' id='word_1_234' title='bbox 2575 1799 2740 1871; x_wconf 78' lang='lat' dir='ltr'><strong>igitur</strong></span> <span class='ocrx_word' id='word_1_235' title='bbox 2769 1799 2824 1854; x_wconf 92' lang='lat' dir='ltr'><strong>in</strong></span> <span class='ocrx_word' id='word_1_236' title='bbox 2852 1794 3098 1856; x_wconf 85' lang='lat' dir='ltr'><strong>Decretis</strong></span> <span class='ocrx_word' id='word_1_237' title='bbox 3124 1801 3236 1856; x_wconf 92' lang='lat' dir='ltr'><strong>suis</strong></span> <span class='ocrx_word' id='word_1_238' title='bbox 3277 1801 3419 1872; x_wconf 87' lang='lat' dir='ltr'><strong>(Lib.</strong></span> <span class='ocrx_word' id='word_1_239' title='bbox 3457 1819 3534 1868; x_wconf 78' lang='grc' dir='ltr'><strong>ιν,</strong></span> <span class='ocrx_word' id='word_1_240' title='bbox 3568 1804 3764 1858; x_wconf 90' lang='lat' dir='ltr'><strong>indict.</strong></span> 
     </span>
    </p>
   </div>
   <div class='ocr_carea' id='block_1_34' title="bbox 441 1895 2046 1966">
    <p class='ocr_par' dir='ltr' id='par_1_34' title="bbox 441 1895 2046 1966">
     <span class='ocr_line' id='line_1_34' title="bbox 441 1895 2046 1966; baseline -0.002 -15"><span class='ocrx_word' id='word_1_241' title='bbox 441 1895 659 1961; x_wconf 81' lang='lat' dir='ltr'><strong>sidens,</strong></span> <span class='ocrx_word' id='word_1_242' title='bbox 693 1909 881 1954; x_wconf 79' lang='lat' dir='ltr'><strong>muros</strong></span> <span class='ocrx_word' id='word_1_243' title='bbox 910 1895 1202 1966; x_wconf 73' lang='lat' dir='ltr'><strong>explorat,</strong></span> <span class='ocrx_word' id='word_1_244' title='bbox 1231 1903 1288 1950; x_wconf 90' lang='lat' dir='ltr'><strong>et</strong></span> <span class='ocrx_word' id='word_1_245' title='bbox 1304 1902 1489 1951; x_wconf 76' lang='lat' dir='ltr'><strong>tentat</strong></span> <span class='ocrx_word' id='word_1_246' title='bbox 1510 1910 1581 1950; x_wconf 88' lang='lat' dir='ltr'><strong>an</strong></span> <span class='ocrx_word' id='word_1_247' title='bbox 1613 1896 1687 1951; x_wconf 88' lang='lat' dir='ltr'><strong>sit</strong></span> <span class='ocrx_word' id='word_1_248' title='bbox 1707 1910 1836 1965; x_wconf 90' lang='lat' dir='ltr'><strong>pars</strong></span> <span class='ocrx_word' id='word_1_249' title='bbox 1864 1895 2046 1965; x_wconf 89' lang='lat' dir='ltr'><strong>aliqua</strong></span> 
     </span>
    </p>
   </div>
   <div class='ocr_carea' id='block_1_35' title="bbox 443 1978 2049 2053">
    <p class='ocr_par' dir='ltr' id='par_1_35' title="bbox 443 1978 2049 2053">
     <span class='ocr_line' id='line_1_35' title="bbox 443 1978 2049 2053; baseline -0.002 -10"><span class='ocrx_word' id='word_1_250' title='bbox 443 1985 817 2044; x_wconf 77' lang='lat' dir='ltr'><strong>membrorum</strong></span> <span class='ocrx_word' id='word_1_251' title='bbox 863 1987 1047 2042; x_wconf 85' lang='lat' dir='ltr'><strong>minus</strong></span> <span class='ocrx_word' id='word_1_252' title='bbox 1091 1986 1305 2043; x_wconf 87' lang='lat' dir='ltr'><strong>stabilis</strong></span> <span class='ocrx_word' id='word_1_253' title='bbox 1357 1994 1413 2040; x_wconf 88' lang='lat' dir='ltr'><strong>et</strong></span> <span class='ocrx_word' id='word_1_254' title='bbox 1472 1987 1655 2041; x_wconf 91' lang='lat' dir='ltr'><strong>minus</strong></span> <span class='ocrx_word' id='word_1_255' title='bbox 1709 1978 2049 2053; x_wconf 66' lang='lat' dir='ltr'><strong>ﬁda,&#39;cujus</strong></span> 
     </span>
    </p>
   </div>
   <div class='ocr_carea' id='block_1_36' title="bbox 443 2065 2051 2149">
    <p class='ocr_par' dir='ltr' id='par_1_36' title="bbox 443 2065 2051 2149">
     <span class='ocr_line' id='line_1_36' title="bbox 443 2065 2051 2149; baseline -0.002 -13"><span class='ocrx_word' id='word_1_256' title='bbox 443 2081 592 2136; x_wconf 75' lang='lat' dir='ltr'><strong>aditu</strong></span> <span class='ocrx_word' id='word_1_257' title='bbox 621 2079 705 2134; x_wconf 86' lang='lat' dir='ltr'><strong>-ad</strong></span> <span class='ocrx_word' id='word_1_258' title='bbox 741 2079 1005 2134; x_wconf 86' lang='lat' dir='ltr'><strong>interiora</strong></span> <span class='ocrx_word' id='word_1_259' title='bbox 1039 2084 1380 2149; x_wconf 85' lang='lat' dir='ltr'><strong>penetretur.</strong></span> <span class='ocrx_word' id='word_1_260' title='bbox 1427 2076 1600 2133; x_wconf 80' lang='lat' dir='ltr'><strong>Olfert</strong></span> <span class='ocrx_word' id='word_1_261' title='bbox 1638 2065 1824 2132; x_wconf 88' lang='lat' dir='ltr'><strong>oculis</strong></span> <span class='ocrx_word' id='word_1_262' title='bbox 1845 2075 2051 2132; x_wconf 78' lang='lat' dir='ltr'><strong>formas</strong></span> 
     </span>
    </p>
   </div>
   <div class='ocr_carea' id='block_1_37' title="bbox 445 2162 2049 2241">
    <p class='ocr_par' dir='ltr' id='par_1_37' title="bbox 445 2162 2049 2241">
     <span class='ocr_line' id='line_1_37' title="bbox 445 2162 2049 2241; baseline -0.002 -18"><span class='ocrx_word' id='word_1_263' title='bbox 445 2169 622 2225; x_wconf 83' lang='lat' dir='ltr'><strong>illices</strong></span> <span class='ocrx_word' id='word_1_264' title='bbox 648 2175 706 2224; x_wconf 82' lang='lat' dir='ltr'><strong>et</strong></span> <span class='ocrx_word' id='word_1_265' title='bbox 735 2166 928 2225; x_wconf 78' lang='lat' dir='ltr'><strong>faciles</strong></span> <span class='ocrx_word' id='word_1_266' title='bbox 952 2167 1284 2237; x_wconf 69' lang='lat' dir='ltr'><strong>Voluptates,</strong></span> <span class='ocrx_word' id='word_1_267' title='bbox 1313 2162 1515 2223; x_wconf 46' lang='lat' dir='ltr'><strong>utivisu</strong></span> <span class='ocrx_word' id='word_1_268' title='bbox 1547 2166 1794 2241; x_wconf 79' lang='lat' dir='ltr'><strong>destruat</strong></span> <span class='ocrx_word' id='word_1_269' title='bbox 1822 2167 2049 2222; x_wconf 82' lang='lat' dir='ltr'><strong>castita-</strong></span> 
     </span>
    </p>
   </div>
   <div class='ocr_carea' id='block_1_38' title="bbox 446 2250 2053 2336">
    <p class='ocr_par' dir='ltr' id='par_1_38' title="bbox 446 2250 2053 2336">
     <span class='ocr_line' id='line_1_38' title="bbox 446 2250 2053 2336; baseline -0.004 -21"><span class='ocrx_word' id='word_1_270' title='bbox 446 2269 576 2315; x_wconf 85' lang='lat' dir='ltr'><strong>tem.</strong></span> <span class='ocrx_word' id='word_1_271' title='bbox 594 2259 774 2316; x_wconf 86' lang='lat' dir='ltr'><strong>Aures</strong></span> <span class='ocrx_word' id='word_1_272' title='bbox 797 2273 903 2333; x_wconf 89' lang='lat' dir='ltr'><strong>per</strong></span> <span class='ocrx_word' id='word_1_273' title='bbox 919 2272 1182 2336; x_wconf 88' lang='lat' dir='ltr'><strong>canoram</strong></span> <span class='ocrx_word' id='word_1_274' title='bbox 1214 2258 1480 2313; x_wconf 81' lang='lat' dir='ltr'><strong>musicam</strong></span> <span class='ocrx_word' id='word_1_275' title='bbox 1498 2263 1694 2321; x_wconf 83' lang='lat' dir='ltr'><strong>tentat,</strong></span> <span class='ocrx_word' id='word_1_276' title='bbox 1711 2264 1770 2311; x_wconf 88' lang='lat' dir='ltr'><strong>ut</strong></span> <span class='ocrx_word' id='word_1_277' title='bbox 1797 2255 1915 2311; x_wconf 89' lang='lat' dir='ltr'><strong>soni</strong></span> <span class='ocrx_word' id='word_1_278' title='bbox 1934 2250 2053 2311; x_wconf 87' lang='lat' dir='ltr'><strong>dul-</strong></span> 
     </span>
    </p>
   </div>
   <div class='ocr_carea' id='block_1_39' title="bbox 443 2351 2044 2420">
    <p class='ocr_par' dir='ltr' id='par_1_39' title="bbox 443 2351 2044 2420">
     <span class='ocr_line' id='line_1_39' title="bbox 443 2351 2044 2420; baseline -0.006 -9"><span class='ocrx_word' id='word_1_279' title='bbox 443 2355 613 2411; x_wconf 83' lang='lat' dir='ltr'><strong>cioris</strong></span> <span class='ocrx_word' id='word_1_280' title='bbox 629 2355 817 2411; x_wconf 73' lang='lat' dir='ltr'><strong>auditu</strong></span> <span class='ocrx_word' id='word_1_281' title='bbox 835 2354 1013 2410; x_wconf 84' lang='lat' dir='ltr'><strong>solvat</strong></span> <span class='ocrx_word' id='word_1_282' title='bbox 1033 2361 1091 2409; x_wconf 88' lang='lat' dir='ltr'><strong>et</strong></span> <span class='ocrx_word' id='word_1_283' title='bbox 1115 2351 1327 2408; x_wconf 86' lang='lat' dir='ltr'><strong>molliat</strong></span> <span class='ocrx_word' id='word_1_284' title='bbox 1341 2351 1717 2408; x_wconf 87' lang='lat' dir='ltr'><strong>Christianum</strong></span> <span class='ocrx_word' id='word_1_285' title='bbox 1733 2352 1996 2420; x_wconf 83' lang='lat' dir='ltr'><strong>vigorem.</strong></span> <span class='ocrx_word' id='word_1_286' title='bbox 2027 2371 2044 2403; x_wconf 76' lang='grc' dir='ltr'><strong>ι</strong></span> 
     </span>
    </p>
   </div>
   <div class='ocr_carea' id='block_1_40' title="bbox 518 2442 2052 2515">
    <p class='ocr_par' dir='ltr' id='par_1_40' title="bbox 518 2442 2052 2515">
     <span class='ocr_line' id='line_1_40' title="bbox 518 2442 2052 2515; baseline -0.004 -13"><span class='ocrx_word' id='word_1_287' title='bbox 518 2446 662 2502; x_wconf 71' lang='grc' dir='ltr'><strong>ΧΗ.</strong></span> <span class='ocrx_word' id='word_1_288' title='bbox 685 2444 862 2514; x_wconf 66' lang='lat' dir='ltr'><strong>Quod</strong></span> <span class='ocrx_word' id='word_1_289' title='bbox 905 2453 961 2500; x_wconf 85' lang='lat' dir='ltr'><strong>et</strong></span> <span class='ocrx_word' id='word_1_290' title='bbox 996 2445 1194 2500; x_wconf 84' lang='lat' dir='ltr'><strong>beatus</strong></span> <span class='ocrx_word' id='word_1_291' title='bbox 1226 2442 1564 2515; x_wconf 77' lang='lat' dir='ltr'><strong>Augustinus</strong></span> <span class='ocrx_word' id='word_1_292' title='bbox 1592 2442 1661 2498; x_wconf 88' lang='lat' dir='ltr'><strong>ad</strong></span> <span class='ocrx_word' id='word_1_293' title='bbox 1691 2442 2052 2498; x_wconf 82' lang='lat' dir='ltr'><strong>tentationem</strong></span> 
     </span>
    </p>
   </div>
   <div class='ocr_carea' id='block_1_41' title="bbox 446 2531 2050 2606">
    <p class='ocr_par' dir='ltr' id='par_1_41' title="bbox 446 2531 2050 2606">
     <span class='ocr_line' id='line_1_41' title="bbox 446 2531 2050 2606; baseline -0.002 -14"><span class='ocrx_word' id='word_1_294' title='bbox 446 2535 650 2592; x_wconf 84' lang='lat' dir='ltr'><strong>diaboli</strong></span> <span class='ocrx_word' id='word_1_295' title='bbox 691 2535 1007 2605; x_wconf 75' lang='lat' dir='ltr'><strong>intelligens</strong></span> <span class='ocrx_word' id='word_1_296' title='bbox 1026 2535 1338 2606; x_wconf 71' lang='lat' dir='ltr'><strong>pertinere,</strong></span> <span class='ocrx_word' id='word_1_297' title='bbox 1368 2535 1429 2589; x_wconf 84' lang='lat' dir='ltr'><strong>in</strong></span> <span class='ocrx_word' id='word_1_298' title='bbox 1450 2532 1608 2588; x_wconf 83' lang='lat' dir='ltr'><strong>libris</strong></span> <span class='ocrx_word' id='word_1_299' title='bbox 1637 2531 2050 2588; x_wconf 89' lang='lat' dir='ltr'><strong>Confessionum</strong></span> 
     </span>
    </p>
   </div>
   <div class='ocr_carea' id='block_1_42' title="bbox 446 2623 2054 2697">
    <p class='ocr_par' dir='ltr' id='par_1_42' title="bbox 446 2623 2054 2697">
     <span class='ocr_line' id='line_1_42' title="bbox 446 2623 2054 2697; baseline -0.002 -14"><span class='ocrx_word' id='word_1_300' title='bbox 446 2641 670 2683; x_wconf 82' lang='lat' dir='ltr'><strong>suarum</strong></span> <span class='ocrx_word' id='word_1_301' title='bbox 695 2625 838 2696; x_wconf 80' lang='lat' dir='ltr'><strong>(Lib.</strong></span> <span class='ocrx_word' id='word_1_302' title='bbox 867 2642 944 2692; x_wconf 76' lang='lat' dir='ltr'><strong>x,~</strong></span> <span class='ocrx_word' id='word_1_303' title='bbox 957 2640 1079 2696; x_wconf 86' lang='lat' dir='ltr'><strong>cap.</strong></span> <span class='ocrx_word' id='word_1_304' title='bbox 1111 2625 1206 2697; x_wconf 77' lang='lat'><strong>&#39;55)</strong></span> <span class='ocrx_word' id='word_1_305' title='bbox 1231 2624 1344 2681; x_wconf 85' lang='lat' dir='ltr'><strong>Deo</strong></span> <span class='ocrx_word' id='word_1_306' title='bbox 1379 2624 1586 2696; x_wconf 85' lang='lat' dir='ltr'><strong>gratias</strong></span> <span class='ocrx_word' id='word_1_307' title='bbox 1617 2623 1789 2678; x_wconf 75' lang='lat' dir='ltr'><strong>refert</strong></span> <span class='ocrx_word' id='word_1_308' title='bbox 1817 2624 1961 2693; x_wconf 87' lang='lat' dir='ltr'><strong>&#39;quod</strong></span> <span class='ocrx_word' id='word_1_309' title='bbox 1985 2624 2054 2679; x_wconf 91' lang='lat' dir='ltr'><strong>ab</strong></span> 
     </span>
    </p>
   </div>
   <div class='ocr_carea' id='block_1_43' title="bbox 446 2715 2054 2787">
    <p class='ocr_par' dir='ltr' id='par_1_43' title="bbox 446 2715 2054 2787">
     <span class='ocr_line' id='line_1_43' title="bbox 446 2715 2054 2787; baseline -0.003 -12"><span class='ocrx_word' id='word_1_310' title='bbox 446 2719 550 2775; x_wconf 84' lang='lat' dir='ltr'><strong>hoc</strong></span> <span class='ocrx_word' id='word_1_311' title='bbox 573 2717 708 2774; x_wconf 81' lang='lat' dir='ltr'><strong>vitio</strong></span> <span class='ocrx_word' id='word_1_312' title='bbox 731 2716 998 2774; x_wconf 77' lang='lat' dir='ltr'><strong>liberatus</strong></span> <span class='ocrx_word' id='word_1_313' title='bbox 1028 2717 1121 2773; x_wconf 86' lang='lat' dir='ltr'><strong>sit.</strong></span> <span class='ocrx_word' id='word_1_314' title='bbox 1148 2716 1555 2787; x_wconf 56' lang='lat' dir='ltr'><strong>«Voluptates,</strong></span> <span class='ocrx_word' id='word_1_315' title='bbox 1601 2715 1799 2786; x_wconf 78' lang='lat' dir='ltr'><strong>inquit,</strong></span> <span class='ocrx_word' id='word_1_316' title='bbox 1839 2715 2054 2770; x_wconf 87' lang='lat' dir='ltr'><strong>aurium</strong></span> 
     </span>
    </p>
   </div>
   <div class='ocr_carea' id='block_1_44' title="bbox 446 2805 2058 2878">
    <p class='ocr_par' dir='ltr' id='par_1_44' title="bbox 446 2805 2058 2878">
     <span class='ocr_line' id='line_1_44' title="bbox 446 2805 2058 2878; baseline -0.002 -15"><span class='ocrx_word' id='word_1_317' title='bbox 446 2808 702 2864; x_wconf 77' lang='lat' dir='ltr'><strong>tenacius</strong></span> <span class='ocrx_word' id='word_1_318' title='bbox 728 2821 817 2864; x_wconf 87' lang='lat' dir='ltr'><strong>me</strong></span> <span class='ocrx_word' id='word_1_319' title='bbox 847 2806 1324 2878; x_wconf 71' lang='lat' dir='ltr'><strong>implicaverant,&quot;</strong></span> <span class='ocrx_word' id='word_1_320' title='bbox 1340 2812 1396 2862; x_wconf 91' lang='lat' dir='ltr'><strong>et</strong></span> <span class='ocrx_word' id='word_1_321' title='bbox 1436 2805 1866 2878; x_wconf 78' lang='lat' dir='ltr'><strong>snbjugaverant</strong></span> <span class='ocrx_word' id='word_1_322' title='bbox 1891 2822 1927 2870; x_wconf 53' lang='grc' dir='ltr'><strong>;κ</strong></span> <span class='ocrx_word' id='word_1_323' title='bbox 1958 2805 2058 2861; x_wconf 89' lang='lat' dir='ltr'><strong>sed</strong></span> 
     </span>
    </p>
   </div>
   <div class='ocr_carea' id='block_1_45' title="bbox 449 2897 2056 2969">
    <p class='ocr_par' dir='ltr' id='par_1_45' title="bbox 449 2897 2056 2969">
     <span class='ocr_line' id='line_1_45' title="bbox 449 2897 2056 2969; baseline -0.004 -11"><span class='ocrx_word' id='word_1_324' title='bbox 449 2899 722 2958; x_wconf 79' lang='lat' dir='ltr'><strong>resolvisti</strong></span> <span class='ocrx_word' id='word_1_325' title='bbox 751 2906 809 2955; x_wconf 84' lang='lat' dir='ltr'><strong>et</strong></span> <span class='ocrx_word' id='word_1_326' title='bbox 831 2899 1081 2956; x_wconf 86' lang='lat' dir='ltr'><strong>liberasti</strong></span> <span class='ocrx_word' id='word_1_327' title='bbox 1111 2915 1221 2955; x_wconf 85' lang='lat' dir='ltr'><strong>me.</strong></span> <span class='ocrx_word' id='word_1_328' title='bbox 1267 2897 1422 2954; x_wconf 85' lang='lat' dir='ltr'><strong>Nunc</strong></span> <span class='ocrx_word' id='word_1_329' title='bbox 1445 2899 1508 2954; x_wconf 79' lang='lat' dir='ltr'><strong>in</strong></span> <span class='ocrx_word' id='word_1_330' title='bbox 1542 2899 1692 2954; x_wconf 82' lang='lat' dir='ltr'><strong>sonis</strong></span> <span class='ocrx_word' id='word_1_331' title='bbox 1715 2938 1730 2964; x_wconf 93' lang='lat'><strong>,</strong></span> <span class='ocrx_word' id='word_1_332' title='bbox 1770 2912 1908 2969; x_wconf 90' lang='lat' dir='ltr'><strong>quos</strong></span> <span class='ocrx_word' id='word_1_333' title='bbox 1933 2897 2056 2951; x_wconf 89' lang='lat' dir='ltr'><strong>ani-</strong></span> 
     </span>
    </p>
   </div>
   <div class='ocr_carea' id='block_1_46' title="bbox 448 2989 2060 3062">
    <p class='ocr_par' dir='ltr' id='par_1_46' title="bbox 448 2989 2060 3062">
     <span class='ocr_line' id='line_1_46' title="bbox 448 2989 2060 3062; baseline -0.003 -14"><span class='ocrx_word' id='word_1_334' title='bbox 448 2999 603 3048; x_wconf 81' lang='lat' dir='ltr'><strong>mant</strong></span> <span class='ocrx_word' id='word_1_335' title='bbox 647 2991 864 3062; x_wconf 84' lang='lat' dir='ltr'><strong>eloquia</strong></span> <span class='ocrx_word' id='word_1_336' title='bbox 913 2998 1046 3058; x_wconf 59' lang='lat' dir='ltr'><strong>tua;</strong></span> <span class='ocrx_word' id='word_1_337' title='bbox 1097 3007 1224 3055; x_wconf 89' lang='lat' dir='ltr'><strong>cum</strong></span> <span class='ocrx_word' id='word_1_338' title='bbox 1276 2990 1431 3047; x_wconf 90' lang='lat' dir='ltr'><strong>suavi</strong></span> <span class='ocrx_word' id='word_1_339' title='bbox 1482 2997 1540 3047; x_wconf 86' lang='lat' dir='ltr'><strong>et</strong></span> <span class='ocrx_word' id='word_1_340' title='bbox 1580 2989 1878 3045; x_wconf 85' lang='lat' dir='ltr'><strong>artiﬁciosa</strong></span> <span class='ocrx_word' id='word_1_341' title='bbox 1929 3002 2060 3044; x_wconf 85' lang='lat' dir='ltr'><strong>voce</strong></span> 
     </span>
    </p>
   </div>
   <div class='ocr_carea' id='block_1_47' title="bbox 447 3078 2058 3151">
    <p class='ocr_par' dir='ltr' id='par_1_47' title="bbox 447 3078 2058 3151">
     <span class='ocr_line' id='line_1_47' title="bbox 447 3078 2058 3151; baseline -0.003 -14"><span class='ocrx_word' id='word_1_342' title='bbox 447 3089 789 3148; x_wconf 83' lang='lat' dir='ltr'><strong>cantantur,</strong></span> <span class='ocrx_word' id='word_1_343' title='bbox 848 3078 1027 3136; x_wconf 82' lang='lat' dir='ltr'><strong>fateor</strong></span> <span class='ocrx_word' id='word_1_344' title='bbox 1077 3079 1479 3151; x_wconf 82' lang='lat' dir='ltr'><strong>aliquantulum</strong></span> <span class='ocrx_word' id='word_1_345' title='bbox 1530 3080 1857 3150; x_wconf 81' lang='lat' dir='ltr'><strong>acquiesco,</strong></span> <span class='ocrx_word' id='word_1_346' title='bbox 1929 3079 2058 3133; x_wconf 86' lang='lat' dir='ltr'><strong>dum</strong></span> 
     </span>
    </p>
   </div>
   <div class='ocr_carea' id='block_1_48' title="bbox 2155 1891 3767 1964">
    <p class='ocr_par' dir='ltr' id='par_1_48' title="bbox 2155 1891 3767 1964">
     <span class='ocr_line' id='line_1_48' title="bbox 2155 1891 3767 1964; baseline 0.002 -17"><span class='ocrx_word' id='word_1_347' title='bbox 2155 1894 2244 1959; x_wconf 81' lang='grc'><strong>15,</strong></span> <span class='ocrx_word' id='word_1_348' title='bbox 2292 1892 2453 1963; x_wconf 88' lang='lat' dir='ltr'><strong>epist.</strong></span> <span class='ocrx_word' id='word_1_349' title='bbox 2493 1891 2586 1964; x_wconf 73' lang='grc'><strong>44)</strong></span> <span class='ocrx_word' id='word_1_350' title='bbox 2625 1911 2636 1946; x_wconf 91' lang='lat'>:</span> <span class='ocrx_word' id='word_1_351' title='bbox 2683 1909 2701 1941; x_wconf 84' lang='grc'><strong><em>‹</em></strong></span> <span class='ocrx_word' id='word_1_352' title='bbox 2736 1891 2794 1946; x_wconf 87' lang='lat' dir='ltr'><strong>In</strong></span> <span class='ocrx_word' id='word_1_353' title='bbox 2826 1899 3014 1949; x_wconf 85' lang='lat' dir='ltr'><strong>sancta</strong></span> <span class='ocrx_word' id='word_1_354' title='bbox 3055 1892 3156 1948; x_wconf 86' lang='lat' dir='ltr'><strong>hac</strong></span> <span class='ocrx_word' id='word_1_355' title='bbox 3199 1893 3447 1949; x_wconf 86' lang='lat' dir='ltr'><strong>Romana</strong></span> <span class='ocrx_word' id='word_1_356' title='bbox 3491 1894 3767 1961; x_wconf 82' lang='lat' dir='ltr'><strong>Ecclesia,</strong></span> 
     </span>
    </p>
   </div>
   <div class='ocr_carea' id='block_1_49' title="bbox 2153 1983 3766 2054">
    <p class='ocr_par' dir='ltr' id='par_1_49' title="bbox 2153 1983 3766 2054">
     <span class='ocr_line' id='line_1_49' title="bbox 2153 1983 3766 2054; baseline 0.001 -15"><span class='ocrx_word' id='word_1_357' title='bbox 2153 1984 2240 2039; x_wconf 89' lang='lat' dir='ltr'><strong>cui</strong></span> <span class='ocrx_word' id='word_1_358' title='bbox 2294 1985 2475 2039; x_wconf 85' lang='lat' dir='ltr'><strong>divina</strong></span> <span class='ocrx_word' id='word_1_359' title='bbox 2524 1983 2862 2054; x_wconf 87' lang='lat' dir='ltr'><strong>dispensatio</strong></span> <span class='ocrx_word' id='word_1_360' title='bbox 2905 1997 3143 2054; x_wconf 67' lang='lat' dir='ltr'><strong>praeesse</strong></span> <span class='ocrx_word' id='word_1_361' title='bbox 3178 2000 3267 2039; x_wconf 90' lang='lat' dir='ltr'><strong>me</strong></span> <span class='ocrx_word' id='word_1_362' title='bbox 3312 1985 3504 2050; x_wconf 89' lang='lat' dir='ltr'><strong>voluit,</strong></span> <span class='ocrx_word' id='word_1_363' title='bbox 3553 1986 3766 2041; x_wconf 89' lang='lat' dir='ltr'><strong>dudum</strong></span> 
     </span>
    </p>
   </div>
   <div class='ocr_carea' id='block_1_50' title="bbox 2153 2072 3768 2148">
    <p class='ocr_par' dir='ltr' id='par_1_50' title="bbox 2153 2072 3768 2148">
     <span class='ocr_line' id='line_1_50' title="bbox 2153 2072 3768 2148; baseline 0.002 -20"><span class='ocrx_word' id='word_1_364' title='bbox 2153 2072 2489 2129; x_wconf 88' lang='lat' dir='ltr'><strong>consuetudo</strong></span> <span class='ocrx_word' id='word_1_365' title='bbox 2523 2081 2609 2129; x_wconf 88' lang='lat' dir='ltr'><strong>est</strong></span> <span class='ocrx_word' id='word_1_366' title='bbox 2638 2073 2790 2128; x_wconf 88' lang='lat' dir='ltr'><strong>valde</strong></span> <span class='ocrx_word' id='word_1_367' title='bbox 2821 2073 3272 2143; x_wconf 87' lang='lat' dir='ltr'><strong>reprehensibilis</strong></span> <span class='ocrx_word' id='word_1_368' title='bbox 3300 2084 3513 2139; x_wconf 78' lang='lat' dir='ltr'><strong>exorta,</strong></span> <span class='ocrx_word' id='word_1_369' title='bbox 3549 2085 3615 2131; x_wconf 91' lang='lat' dir='ltr'><strong>ut</strong></span> <span class='ocrx_word' id='word_1_370' title='bbox 3644 2077 3768 2148; x_wconf 87' lang='lat' dir='ltr'><strong>qui-</strong></span> 
     </span>
    </p>
   </div>
   <div class='ocr_carea' id='block_1_51' title="bbox 2153 2165 3766 2237">
    <p class='ocr_par' dir='ltr' id='par_1_51' title="bbox 2153 2165 3766 2237">
     <span class='ocr_line' id='line_1_51' title="bbox 2153 2165 3766 2237; baseline 0.001 -17"><span class='ocrx_word' id='word_1_371' title='bbox 2153 2165 2279 2220; x_wconf 90' lang='lat' dir='ltr'><strong>dam</strong></span> <span class='ocrx_word' id='word_1_372' title='bbox 2308 2166 2375 2220; x_wconf 89' lang='lat' dir='ltr'><strong>ad</strong></span> <span class='ocrx_word' id='word_1_373' title='bbox 2406 2166 2546 2220; x_wconf 87' lang='lat' dir='ltr'><strong>sacri</strong></span> <span class='ocrx_word' id='word_1_374' title='bbox 2579 2165 2768 2221; x_wconf 89' lang='lat' dir='ltr'><strong>altaris</strong></span> <span class='ocrx_word' id='word_1_375' title='bbox 2795 2165 3157 2221; x_wconf 83' lang='lat' dir='ltr'><strong>ministerium</strong></span> <span class='ocrx_word' id='word_1_376' title='bbox 3183 2175 3439 2223; x_wconf 86' lang='lat' dir='ltr'><strong>cantores</strong></span> <span class='ocrx_word' id='word_1_377' title='bbox 3463 2167 3766 2237; x_wconf 87' lang='lat' dir='ltr'><strong>eligantur,</strong></span> 
     </span>
    </p>
   </div>
   <div class='ocr_carea' id='block_1_52' title="bbox 2155 2257 3770 2315">
    <p class='ocr_par' dir='ltr' id='par_1_52' title="bbox 2155 2257 3770 2315">
     <span class='ocr_line' id='line_1_52' title="bbox 2155 2257 3770 2315; baseline -0.001 0"><span class='ocrx_word' id='word_1_378' title='bbox 2155 2267 2209 2315; x_wconf 90' lang='lat' dir='ltr'><strong>et</strong></span> <span class='ocrx_word' id='word_1_379' title='bbox 2238 2259 2292 2313; x_wconf 92' lang='lat' dir='ltr'><strong>in</strong></span> <span class='ocrx_word' id='word_1_380' title='bbox 2320 2258 2640 2314; x_wconf 89' lang='lat' dir='ltr'><strong>diaconatus</strong></span> <span class='ocrx_word' id='word_1_381' title='bbox 2663 2257 2857 2313; x_wconf 87' lang='lat' dir='ltr'><strong>ordine</strong></span> <span class='ocrx_word' id='word_1_382' title='bbox 2885 2258 3170 2313; x_wconf 88' lang='lat' dir='ltr'><strong>constituti</strong></span> <span class='ocrx_word' id='word_1_383' title='bbox 3210 2258 3572 2315; x_wconf 88' lang='lat' dir='ltr'><strong>modulationi</strong></span> <span class='ocrx_word' id='word_1_384' title='bbox 3593 2259 3770 2314; x_wconf 38' lang='lat' dir='ltr'><strong>tvocis</strong></span> 
     </span>
    </p>
   </div>
   <div class='ocr_carea' id='block_1_53' title="bbox 2154 2347 3766 2419">
    <p class='ocr_par' dir='ltr' id='par_1_53' title="bbox 2154 2347 3766 2419">
     <span class='ocr_line' id='line_1_53' title="bbox 2154 2347 3766 2419; baseline 0 -17"><span class='ocrx_word' id='word_1_385' title='bbox 2154 2347 2473 2412; x_wconf 87' lang='lat' dir='ltr'><strong>inserviant,</strong></span> <span class='ocrx_word' id='word_1_386' title='bbox 2497 2348 2726 2417; x_wconf 85' lang='lat' dir='ltr'><strong>quosad</strong></span> <span class='ocrx_word' id='word_1_387' title='bbox 2754 2347 3160 2417; x_wconf 64' lang='lat' dir='ltr'><strong>praedicationis</strong></span> <span class='ocrx_word' id='word_1_388' title='bbox 3188 2347 3425 2403; x_wconf 75' lang='lat' dir='ltr'><strong>cilicium</strong></span> <span class='ocrx_word' id='word_1_389' title='bbox 3454 2347 3766 2419; x_wconf 80' lang='lat' dir='ltr'><strong>eleemosy-</strong></span> 
     </span>
    </p>
   </div>
   <div class='ocr_carea' id='block_1_54' title="bbox 2155 2428 3770 2511">
    <p class='ocr_par' dir='ltr' id='par_1_54' title="bbox 2155 2428 3770 2511">
     <span class='ocr_line' id='line_1_54' title="bbox 2155 2428 3770 2511; baseline 0 -17"><span class='ocrx_word' id='word_1_390' title='bbox 2155 2453 2459 2508; x_wconf 88' lang='lat' dir='ltr'><strong>uarumque</strong></span> <span class='ocrx_word' id='word_1_391' title='bbox 2485 2439 2727 2494; x_wconf 88' lang='lat' dir='ltr'><strong>studium</strong></span> <span class='ocrx_word' id='word_1_392' title='bbox 2754 2453 2950 2493; x_wconf 88' lang='lat' dir='ltr'><strong>vacare</strong></span> <span class='ocrx_word' id='word_1_393' title='bbox 2973 2439 3333 2509; x_wconf 85' lang='lat' dir='ltr'><strong>congruebat.</strong></span> <span class='ocrx_word' id='word_1_394' title='bbox 3366 2428 3522 2495; x_wconf 76' lang='lat' dir='ltr'><strong>Unde</strong></span> <span class='ocrx_word' id='word_1_395' title='bbox 3563 2439 3623 2493; x_wconf 85' lang='lat' dir='ltr'><strong>fit</strong></span> <span class='ocrx_word' id='word_1_396' title='bbox 3651 2440 3770 2511; x_wconf 82' lang='lat' dir='ltr'><strong>ple-</strong></span> 
     </span>
    </p>
   </div>
   <div class='ocr_carea' id='block_1_55' title="bbox 2157 2529 3768 2599">
    <p class='ocr_par' dir='ltr' id='par_1_55' title="bbox 2157 2529 3768 2599">
     <span class='ocr_line' id='line_1_55' title="bbox 2157 2529 3768 2599; baseline 0 -17"><span class='ocrx_word' id='word_1_397' title='bbox 2157 2543 2420 2599; x_wconf 88' lang='lat' dir='ltr'><strong>rumque,</strong></span> <span class='ocrx_word' id='word_1_398' title='bbox 2466 2537 2530 2585; x_wconf 91' lang='lat' dir='ltr'><strong>ut</strong></span> <span class='ocrx_word' id='word_1_399' title='bbox 2574 2530 2644 2584; x_wconf 88' lang='lat' dir='ltr'><strong>ad</strong></span> <span class='ocrx_word' id='word_1_400' title='bbox 2689 2543 2906 2584; x_wconf 90' lang='lat' dir='ltr'><strong>sacrum</strong></span> <span class='ocrx_word' id='word_1_401' title='bbox 2944 2529 3342 2594; x_wconf 79' lang='lat' dir='ltr'><strong>ministerium,</strong></span> <span class='ocrx_word' id='word_1_402' title='bbox 3391 2531 3520 2584; x_wconf 90' lang='lat' dir='ltr'><strong>dum</strong></span> <span class='ocrx_word' id='word_1_403' title='bbox 3556 2529 3768 2584; x_wconf 87' lang='lat' dir='ltr'><strong>blanda</strong></span> 
     </span>
    </p>
   </div>
   <div class='ocr_carea' id='block_1_56' title="bbox 2155 2607 3774 2692">
    <p class='ocr_par' dir='ltr' id='par_1_56' title="bbox 2155 2607 3774 2692">
     <span class='ocr_line' id='line_1_56' title="bbox 2155 2607 3774 2692; baseline 0 -18"><span class='ocrx_word' id='word_1_404' title='bbox 2155 2635 2262 2675; x_wconf 80' lang='lat' dir='ltr'><strong>vox</strong></span> <span class='ocrx_word' id='word_1_405' title='bbox 2306 2618 2609 2690; x_wconf 63' lang='lat' dir='ltr'><strong>queritur,</strong></span> <span class='ocrx_word' id='word_1_406' title='bbox 2663 2620 2831 2689; x_wconf 61' lang='lat' dir='ltr'><strong>quaeri</strong></span> <span class='ocrx_word' id='word_1_407' title='bbox 2877 2635 3118 2691; x_wconf 89' lang='lat' dir='ltr'><strong>congrua</strong></span> <span class='ocrx_word' id='word_1_408' title='bbox 3165 2619 3277 2674; x_wconf 87' lang='lat' dir='ltr'><strong>vita</strong></span> <span class='ocrx_word' id='word_1_409' title='bbox 3327 2607 3659 2692; x_wconf 83' lang='lat' dir='ltr'><strong>negligatur,</strong></span> <span class='ocrx_word' id='word_1_410' title='bbox 3712 2632 3774 2676; x_wconf 83' lang='lat' dir='ltr'><strong>et</strong></span> 
     </span>
    </p>
   </div>
   <div class='ocr_carea' id='block_1_57' title="bbox 2157 2712 3773 2784">
    <p class='ocr_par' dir='ltr' id='par_1_57' title="bbox 2157 2712 3773 2784">
     <span class='ocr_line' id='line_1_57' title="bbox 2157 2712 3773 2784; baseline 0.001 -16"><span class='ocrx_word' id='word_1_411' title='bbox 2157 2721 2350 2768; x_wconf 82' lang='lat' dir='ltr'><strong>cantor</strong></span> <span class='ocrx_word' id='word_1_412' title='bbox 2375 2712 2625 2768; x_wconf 88' lang='lat' dir='ltr'><strong>minister</strong></span> <span class='ocrx_word' id='word_1_413' title='bbox 2654 2712 2871 2768; x_wconf 89' lang='lat' dir='ltr'><strong>Domini</strong></span> <span class='ocrx_word' id='word_1_414' title='bbox 2904 2713 3146 2769; x_wconf 90' lang='lat' dir='ltr'><strong>moribus</strong></span> <span class='ocrx_word' id='word_1_415' title='bbox 3177 2713 3420 2769; x_wconf 88' lang='lat' dir='ltr'><strong>stimulet</strong></span> <span class='ocrx_word' id='word_1_416' title='bbox 3441 2754 3456 2780; x_wconf 94' lang='lat'><strong>,</strong></span> <span class='ocrx_word' id='word_1_417' title='bbox 3506 2729 3632 2784; x_wconf 86' lang='lat' dir='ltr'><strong>cum</strong></span> <span class='ocrx_word' id='word_1_418' title='bbox 3670 2729 3773 2784; x_wconf 85' lang='lat' dir='ltr'><strong>po-</strong></span> 
     </span>
    </p>
   </div>
   <div class='ocr_carea' id='block_1_58' title="bbox 2157 2787 3773 2880">
    <p class='ocr_par' dir='ltr' id='par_1_58' title="bbox 2157 2787 3773 2880">
     <span class='ocr_line' id='line_1_58' title="bbox 2157 2787 3773 2880; baseline 0.001 -24"><span class='ocrx_word' id='word_1_419' title='bbox 2157 2803 2344 2880; x_wconf 89' lang='lat' dir='ltr'><strong>pulum</strong></span> <span class='ocrx_word' id='word_1_420' title='bbox 2373 2801 2601 2857; x_wconf 85' lang='lat' dir='ltr'><strong>vocibus</strong></span> <span class='ocrx_word' id='word_1_421' title='bbox 2627 2801 2878 2858; x_wconf 88' lang='lat' dir='ltr'><strong>delectat.</strong></span> <span class='ocrx_word' id='word_1_422' title='bbox 2923 2802 3039 2872; x_wconf 88' lang='lat' dir='ltr'><strong>Qua</strong></span> <span class='ocrx_word' id='word_1_423' title='bbox 3080 2787 3148 2858; x_wconf 86' lang='lat' dir='ltr'><strong>de</strong></span> <span class='ocrx_word' id='word_1_424' title='bbox 3177 2819 3238 2858; x_wconf 91' lang='lat' dir='ltr'><strong>re</strong></span> <span class='ocrx_word' id='word_1_425' title='bbox 3258 2804 3514 2873; x_wconf 61' lang='lat' dir='ltr'><strong>praesenti</strong></span> <span class='ocrx_word' id='word_1_426' title='bbox 3542 2804 3773 2860; x_wconf 86' lang='lat' dir='ltr'><strong>decreto</strong></span> 
     </span>
    </p>
   </div>
   <div class='ocr_carea' id='block_1_59' title="bbox 2160 2892 3774 2958">
    <p class='ocr_par' dir='ltr' id='par_1_59' title="bbox 2160 2892 3774 2958">
     <span class='ocr_line' id='line_1_59' title="bbox 2160 2892 3774 2958; baseline 0.001 -9"><span class='ocrx_word' id='word_1_427' title='bbox 2160 2893 2435 2949; x_wconf 88' lang='lat' dir='ltr'><strong>constituo</strong></span> <span class='ocrx_word' id='word_1_428' title='bbox 2457 2934 2472 2958; x_wconf 90' lang='lat'><strong>,</strong></span> <span class='ocrx_word' id='word_1_429' title='bbox 2511 2900 2572 2948; x_wconf 91' lang='lat' dir='ltr'><strong>ut</strong></span> <span class='ocrx_word' id='word_1_430' title='bbox 2598 2892 2653 2946; x_wconf 91' lang='lat' dir='ltr'><strong>in</strong></span> <span class='ocrx_word' id='word_1_431' title='bbox 2681 2893 2810 2948; x_wconf 88' lang='lat' dir='ltr'><strong>sede</strong></span> <span class='ocrx_word' id='word_1_432' title='bbox 2838 2893 2941 2948; x_wconf 87' lang='lat' dir='ltr'><strong>hac</strong></span> <span class='ocrx_word' id='word_1_433' title='bbox 2969 2893 3110 2949; x_wconf 88' lang='lat' dir='ltr'><strong>sacri</strong></span> <span class='ocrx_word' id='word_1_434' title='bbox 3139 2892 3328 2948; x_wconf 90' lang='lat' dir='ltr'><strong>altaris</strong></span> <span class='ocrx_word' id='word_1_435' title='bbox 3369 2893 3607 2948; x_wconf 86' lang='lat' dir='ltr'><strong>ministri</strong></span> <span class='ocrx_word' id='word_1_436' title='bbox 3634 2910 3774 2950; x_wconf 90' lang='lat' dir='ltr'><strong>can-</strong></span> 
     </span>
    </p>
   </div>
   <div class='ocr_carea' id='block_1_60' title="bbox 2162 2980 3773 3052">
    <p class='ocr_par' dir='ltr' id='par_1_60' title="bbox 2162 2980 3773 3052">
     <span class='ocr_line' id='line_1_60' title="bbox 2162 2980 3773 3052; baseline 0.001 -16"><span class='ocrx_word' id='word_1_437' title='bbox 2162 2992 2283 3039; x_wconf 89' lang='lat' dir='ltr'><strong>tare</strong></span> <span class='ocrx_word' id='word_1_438' title='bbox 2319 2997 2429 3036; x_wconf 91' lang='lat' dir='ltr'><strong>non</strong></span> <span class='ocrx_word' id='word_1_439' title='bbox 2474 2981 2747 3045; x_wconf 87' lang='lat' dir='ltr'><strong>debeant,</strong></span> <span class='ocrx_word' id='word_1_440' title='bbox 2800 2980 3086 3052; x_wconf 89' lang='lat' dir='ltr'><strong>solumque</strong></span> <span class='ocrx_word' id='word_1_441' title='bbox 3131 2981 3458 3052; x_wconf 78' lang='lat' dir='ltr'><strong>evangelica:</strong></span> <span class='ocrx_word' id='word_1_442' title='bbox 3510 2981 3773 3038; x_wconf 86' lang='lat' dir='ltr'><strong>lectionis</strong></span> 
     </span>
    </p>
   </div>
   <div class='ocr_carea' id='block_1_61' title="bbox 2163 3072 3770 3144">
    <p class='ocr_par' dir='ltr' id='par_1_61' title="bbox 2163 3072 3770 3144">
     <span class='ocr_line' id='line_1_61' title="bbox 2163 3072 3770 3144; baseline -0.002 -15"><span class='ocrx_word' id='word_1_443' title='bbox 2163 3073 2401 3130; x_wconf 73' lang='lat' dir='ltr'><strong>cilicium</strong></span> <span class='ocrx_word' id='word_1_444' title='bbox 2449 3073 2593 3127; x_wconf 89' lang='lat' dir='ltr'><strong>inter</strong></span> <span class='ocrx_word' id='word_1_445' title='bbox 2635 3073 2923 3128; x_wconf 88' lang='lat' dir='ltr'><strong>missarum</strong></span> <span class='ocrx_word' id='word_1_446' title='bbox 2954 3072 3218 3128; x_wconf 89' lang='lat' dir='ltr'><strong>solemnia</strong></span> <span class='ocrx_word' id='word_1_447' title='bbox 3256 3073 3575 3139; x_wconf 75' lang='lat' dir='ltr'><strong>exsolvant;</strong></span> <span class='ocrx_word' id='word_1_448' title='bbox 3615 3073 3770 3144; x_wconf 88' lang='lat' dir='ltr'><strong>psal-</strong></span> 
     </span>
    </p>
   </div>
   <div class='ocr_carea' id='block_1_62' title="bbox 448 3162 3773 3242">
    <p class='ocr_par' dir='ltr' id='par_1_62' title="bbox 448 3162 3773 3242">
     <span class='ocr_line' id='line_1_62' title="bbox 448 3162 3773 3242; baseline -0.002 -16"><span class='ocrx_word' id='word_1_449' title='bbox 448 3170 592 3242; x_wconf 80' lang='lat' dir='ltr'><strong>ipsis&#39;</strong></span> <span class='ocrx_word' id='word_1_450' title='bbox 633 3170 842 3226; x_wconf 84' lang='lat' dir='ltr'><strong>sanctis</strong></span> <span class='ocrx_word' id='word_1_451' title='bbox 881 3168 1045 3225; x_wconf 85' lang='lat' dir='ltr'><strong>dictis</strong></span> <span class='ocrx_word' id='word_1_452' title='bbox 1089 3169 1401 3242; x_wconf 88' lang='lat' dir='ltr'><strong>religiosius</strong></span> <span class='ocrx_word' id='word_1_453' title='bbox 1443 3178 1502 3225; x_wconf 91' lang='lat' dir='ltr'><strong>et</strong></span> <span class='ocrx_word' id='word_1_454' title='bbox 1550 3169 1829 3225; x_wconf 89' lang='lat' dir='ltr'><strong>ardentius</strong></span> <span class='ocrx_word' id='word_1_455' title='bbox 1881 3168 2058 3224; x_wconf 89' lang='lat' dir='ltr'><strong>sentio</strong></span> <span class='ocrx_word' id='word_1_456' title='bbox 2085 3163 2129 3225; x_wconf 76' lang='grc' dir='ltr'><strong>Ο</strong></span> <span class='ocrx_word' id='word_1_457' title='bbox 2162 3180 2282 3222; x_wconf 89' lang='lat' dir='ltr'><strong>mos</strong></span> <span class='ocrx_word' id='word_1_458' title='bbox 2308 3179 2441 3236; x_wconf 79' lang='lat' dir='ltr'><strong>vero</strong></span> <span class='ocrx_word' id='word_1_459' title='bbox 2469 3179 2534 3218; x_wconf 90' lang='lat' dir='ltr'><strong>ac</strong></span> <span class='ocrx_word' id='word_1_460' title='bbox 2559 3163 2796 3233; x_wconf 88' lang='lat' dir='ltr'><strong>reliquas</strong></span> <span class='ocrx_word' id='word_1_461' title='bbox 2822 3162 3086 3219; x_wconf 86' lang='lat' dir='ltr'><strong>lectiones</strong></span> <span class='ocrx_word' id='word_1_462' title='bbox 3117 3177 3314 3220; x_wconf 89' lang='lat' dir='ltr'><strong>censeo</strong></span> <span class='ocrx_word' id='word_1_463' title='bbox 3348 3177 3449 3234; x_wconf 89' lang='lat' dir='ltr'><strong>per</strong></span> <span class='ocrx_word' id='word_1_464' title='bbox 3477 3162 3773 3218; x_wconf 85' lang='lat' dir='ltr'><strong>subdiaco-</strong></span> 
     </span>
    </p>
   </div>
   <div class='ocr_carea' id='block_1_63' title="bbox 447 3261 2057 3332">
    <p class='ocr_par' dir='ltr' id='par_1_63' title="bbox 447 3261 2057 3332">
     <span class='ocr_line' id='line_1_63' title="bbox 447 3261 2057 3332; baseline -0.004 -12"><span class='ocrx_word' id='word_1_465' title='bbox 447 3263 657 3320; x_wconf 88' lang='lat' dir='ltr'><strong>moveri</strong></span> <span class='ocrx_word' id='word_1_466' title='bbox 697 3262 921 3318; x_wconf 74' lang='lat' dir='ltr'><strong>animos</strong></span> <span class='ocrx_word' id='word_1_467' title='bbox 955 3269 1176 3318; x_wconf 86' lang='lat' dir='ltr'><strong>nostros</strong></span> <span class='ocrx_word' id='word_1_468' title='bbox 1224 3261 1280 3317; x_wconf 88' lang='lat' dir='ltr'><strong>in</strong></span> <span class='ocrx_word' id='word_1_469' title='bbox 1327 3261 1602 3317; x_wconf 85' lang='lat' dir='ltr'><strong>ﬂammam</strong></span> <span class='ocrx_word' id='word_1_470' title='bbox 1652 3261 1890 3332; x_wconf 83' lang='lat' dir='ltr'><strong>pietatis,</strong></span> <span class='ocrx_word' id='word_1_471' title='bbox 1932 3275 2057 3314; x_wconf 90' lang='lat' dir='ltr'><strong>cum</strong></span> 
     </span>
    </p>
   </div>
   <div class='ocr_carea' id='block_1_64' title="bbox 447 3350 2061 3423">
    <p class='ocr_par' dir='ltr' id='par_1_64' title="bbox 447 3350 2061 3423">
     <span class='ocr_line' id='line_1_64' title="bbox 447 3350 2061 3423; baseline -0.002 -15"><span class='ocrx_word' id='word_1_472' title='bbox 447 3353 522 3409; x_wconf 78' lang='lat' dir='ltr'><strong>ita</strong></span> <span class='ocrx_word' id='word_1_473' title='bbox 563 3358 878 3419; x_wconf 88' lang='lat' dir='ltr'><strong>cantantur,</strong></span> <span class='ocrx_word' id='word_1_474' title='bbox 924 3365 1087 3423; x_wconf 90' lang='lat' dir='ltr'><strong>quam</strong></span> <span class='ocrx_word' id='word_1_475' title='bbox 1136 3352 1182 3407; x_wconf 88' lang='lat' dir='ltr'><strong>si</strong></span> <span class='ocrx_word' id='word_1_476' title='bbox 1234 3366 1343 3406; x_wconf 89' lang='lat' dir='ltr'><strong>non</strong></span> <span class='ocrx_word' id='word_1_477' title='bbox 1389 3352 1466 3407; x_wconf 90' lang='lat' dir='ltr'><strong>ita</strong></span> <span class='ocrx_word' id='word_1_478' title='bbox 1513 3358 1887 3406; x_wconf 89' lang='lat' dir='ltr'><strong>cantarentur.</strong></span> <span class='ocrx_word' id='word_1_479' title='bbox 1929 3370 1946 3403; x_wconf 84' lang='grc'>›</span> <span class='ocrx_word' id='word_1_480' title='bbox 1993 3350 2061 3405; x_wconf 82' lang='lat' dir='ltr'><strong>Et</strong></span> 
     </span>
    </p>
   </div>
   <div class='ocr_carea' id='block_1_65' title="bbox 447 3438 2058 3515">
    <p class='ocr_par' dir='ltr' id='par_1_65' title="bbox 447 3438 2058 3515">
     <span class='ocr_line' id='line_1_65' title="bbox 447 3438 2058 3515; baseline -0.004 -18"><span class='ocrx_word' id='word_1_481' title='bbox 447 3460 640 3500; x_wconf 82' lang='lat' dir='ltr'><strong>rursus</strong></span> <span class='ocrx_word' id='word_1_482' title='bbox 674 3451 801 3515; x_wconf 89' lang='lat' dir='ltr'><strong>post</strong></span> <span class='ocrx_word' id='word_1_483' title='bbox 835 3441 1020 3513; x_wconf 87' lang='lat' dir='ltr'><strong>aliqua</strong></span> <span class='ocrx_word' id='word_1_484' title='bbox 1052 3441 1119 3497; x_wconf 93' lang='lat' dir='ltr'><strong>de</strong></span> <span class='ocrx_word' id='word_1_485' title='bbox 1146 3441 1384 3496; x_wconf 87' lang='lat' dir='ltr'><strong>utilitate</strong></span> <span class='ocrx_word' id='word_1_486' title='bbox 1421 3439 1688 3512; x_wconf 84' lang='lat' dir='ltr'><strong>psallendi</strong></span> <span class='ocrx_word' id='word_1_487' title='bbox 1723 3440 1778 3494; x_wconf 89' lang='lat' dir='ltr'><strong>in</strong></span> <span class='ocrx_word' id='word_1_488' title='bbox 1811 3438 2058 3495; x_wconf 82' lang='lat' dir='ltr'><strong>Ecclesia</strong></span> 
     </span>
    </p>
   </div>
   <div class='ocr_carea' id='block_1_66' title="bbox 453 3531 2059 3606">
    <p class='ocr_par' dir='ltr' id='par_1_66' title="bbox 453 3531 2059 3606">
     <span class='ocr_line' id='line_1_66' title="bbox 453 3531 2059 3606; baseline -0.001 -17"><span class='ocrx_word' id='word_1_489' title='bbox 453 3535 749 3591; x_wconf 83' lang='lat' dir='ltr'><strong>discretam</strong></span> <span class='ocrx_word' id='word_1_490' title='bbox 798 3532 1086 3606; x_wconf 85' lang='lat' dir='ltr'><strong>proferens</strong></span> <span class='ocrx_word' id='word_1_491' title='bbox 1128 3531 1496 3598; x_wconf 89' lang='lat' dir='ltr'><strong>sententiam,</strong></span> <span class='ocrx_word' id='word_1_492' title='bbox 1551 3532 1684 3588; x_wconf 91' lang='lat' dir='ltr'><strong>dicit</strong></span> <span class='ocrx_word' id='word_1_493' title='bbox 1732 3549 1746 3586; x_wconf 93' lang='lat'><strong>:</strong></span> <span class='ocrx_word' id='word_1_494' title='bbox 1811 3549 1830 3583; x_wconf 78' lang='grc' dir='ltr'>ι</span> <span class='ocrx_word' id='word_1_495' title='bbox 1866 3531 2059 3588; x_wconf 86' lang='lat' dir='ltr'><strong>Tutius</strong></span> 
     </span>
    </p>
   </div>
   <div class='ocr_carea' id='block_1_67' title="bbox 457 3621 2058 3694">
    <p class='ocr_par' dir='ltr' id='par_1_67' title="bbox 457 3621 2058 3694">
     <span class='ocr_line' id='line_1_67' title="bbox 457 3621 2058 3694; baseline 0 -16"><span class='ocrx_word' id='word_1_496' title='bbox 457 3625 679 3694; x_wconf 85' lang='lat' dir='ltr'><strong>quidem</strong></span> <span class='ocrx_word' id='word_1_497' title='bbox 713 3624 850 3678; x_wconf 87' lang='lat' dir='ltr'><strong>mihi</strong></span> <span class='ocrx_word' id='word_1_498' title='bbox 878 3624 1097 3679; x_wconf 89' lang='lat' dir='ltr'><strong>videtur</strong></span> <span class='ocrx_word' id='word_1_499' title='bbox 1123 3621 1269 3694; x_wconf 89' lang='lat' dir='ltr'><strong>quod</strong></span> <span class='ocrx_word' id='word_1_500' title='bbox 1298 3623 1366 3678; x_wconf 89' lang='lat' dir='ltr'><strong>de</strong></span> <span class='ocrx_word' id='word_1_501' title='bbox 1406 3621 1778 3683; x_wconf 79' lang='lat' dir='ltr'><strong>Alexandrino</strong></span> <span class='ocrx_word' id='word_1_502' title='bbox 1802 3623 2058 3694; x_wconf 89' lang='lat' dir='ltr'><strong>episcopo</strong></span> 
     </span>
    </p>
   </div>
   <div class='ocr_carea' id='block_1_68' title="bbox 453 3715 2058 3787">
    <p class='ocr_par' dir='ltr' id='par_1_68' title="bbox 453 3715 2058 3787">
     <span class='ocr_line' id='line_1_68' title="bbox 453 3715 2058 3787; baseline -0.003 -13"><span class='ocrx_word' id='word_1_503' title='bbox 453 3717 761 3774; x_wconf 78' lang='lat' dir='ltr'><strong>Athanasio</strong></span> <span class='ocrx_word' id='word_1_504' title='bbox 789 3731 934 3787; x_wconf 79' lang='lat' dir='ltr'><strong>saepe</strong></span> <span class='ocrx_word' id='word_1_505' title='bbox 981 3716 1113 3771; x_wconf 88' lang='lat' dir='ltr'><strong>mihi</strong></span> <span class='ocrx_word' id='word_1_506' title='bbox 1143 3715 1350 3771; x_wconf 85' lang='lat' dir='ltr'><strong>dictum</strong></span> <span class='ocrx_word' id='word_1_507' title='bbox 1377 3715 1751 3780; x_wconf 89' lang='lat' dir='ltr'><strong>commemini,</strong></span> <span class='ocrx_word' id='word_1_508' title='bbox 1778 3715 1905 3784; x_wconf 87' lang='lat' dir='ltr'><strong>quia</strong></span> <span class='ocrx_word' id='word_1_509' title='bbox 1944 3722 2058 3769; x_wconf 87' lang='lat' dir='ltr'><strong>tam</strong></span> 
     </span>
    </p>
   </div>
   <div class='ocr_carea' id='block_1_69' title="bbox 453 3805 2054 3875">
    <p class='ocr_par' dir='ltr' id='par_1_69' title="bbox 453 3805 2054 3875">
     <span class='ocr_line' id='line_1_69' title="bbox 453 3805 2054 3875; baseline -0.003 -12"><span class='ocrx_word' id='word_1_510' title='bbox 453 3808 671 3864; x_wconf 82' lang='lat' dir='ltr'><strong>modico</strong></span> <span class='ocrx_word' id='word_1_511' title='bbox 695 3806 840 3862; x_wconf 78' lang='lat' dir='ltr'><strong>flexu</strong></span> <span class='ocrx_word' id='word_1_512' title='bbox 867 3806 1020 3862; x_wconf 91' lang='lat' dir='ltr'><strong>vocis</strong></span> <span class='ocrx_word' id='word_1_513' title='bbox 1044 3805 1280 3864; x_wconf 87' lang='lat' dir='ltr'><strong>faciebat</strong></span> <span class='ocrx_word' id='word_1_514' title='bbox 1307 3819 1507 3861; x_wconf 86' lang='lat' dir='ltr'><strong>sonare</strong></span> <span class='ocrx_word' id='word_1_515' title='bbox 1532 3805 1791 3860; x_wconf 90' lang='lat' dir='ltr'><strong>lectorem</strong></span> <span class='ocrx_word' id='word_1_516' title='bbox 1821 3805 2054 3875; x_wconf 88' lang='lat' dir='ltr'><strong>psalmi,</strong></span> 
     </span>
    </p>
   </div>
   <div class='ocr_carea' id='block_1_70' title="bbox 456 3895 2058 3970">
    <p class='ocr_par' dir='ltr' id='par_1_70' title="bbox 456 3895 2058 3970">
     <span class='ocr_line' id='line_1_70' title="bbox 456 3895 2058 3970; baseline -0.002 -16"><span class='ocrx_word' id='word_1_517' title='bbox 456 3907 515 3954; x_wconf 84' lang='lat' dir='ltr'><strong>ut</strong></span> <span class='ocrx_word' id='word_1_518' title='bbox 537 3897 918 3970; x_wconf 73' lang='lat' dir='ltr'><strong>pronuntianti</strong></span> <span class='ocrx_word' id='word_1_519' title='bbox 943 3897 1175 3952; x_wconf 88' lang='lat' dir='ltr'><strong>vicinior</strong></span> <span class='ocrx_word' id='word_1_520' title='bbox 1199 3904 1344 3952; x_wconf 89' lang='lat' dir='ltr'><strong>esset</strong></span> <span class='ocrx_word' id='word_1_521' title='bbox 1366 3911 1530 3968; x_wconf 88' lang='lat' dir='ltr'><strong>quam</strong></span> <span class='ocrx_word' id='word_1_522' title='bbox 1561 3895 1799 3951; x_wconf 90' lang='lat' dir='ltr'><strong>canenti.</strong></span> <span class='ocrx_word' id='word_1_523' title='bbox 1824 3895 2058 3951; x_wconf 79' lang='lat' dir='ltr'><strong>Verum-</strong></span> 
     </span>
    </p>
   </div>
   <div class='ocr_carea' id='block_1_71' title="bbox 458 3985 2060 4060">
    <p class='ocr_par' dir='ltr' id='par_1_71' title="bbox 458 3985 2060 4060">
     <span class='ocr_line' id='line_1_71' title="bbox 458 3985 2060 4060; baseline -0.002 -14"><span class='ocrx_word' id='word_1_524' title='bbox 458 4001 639 4046; x_wconf 85' lang='lat' dir='ltr'><strong>tamen</strong></span> <span class='ocrx_word' id='word_1_525' title='bbox 668 3999 794 4045; x_wconf 83' lang='lat' dir='ltr'><strong>cum</strong></span> <span class='ocrx_word' id='word_1_526' title='bbox 823 3987 1148 4043; x_wconf 81' lang='lat' dir='ltr'><strong>reminiscor</strong></span> <span class='ocrx_word' id='word_1_527' title='bbox 1175 3987 1448 4060; x_wconf 87' lang='lat' dir='ltr'><strong>lacrymas</strong></span> <span class='ocrx_word' id='word_1_528' title='bbox 1471 4000 1645 4052; x_wconf 90' lang='lat' dir='ltr'><strong>meas,</strong></span> <span class='ocrx_word' id='word_1_529' title='bbox 1682 4001 1819 4058; x_wconf 88' lang='lat' dir='ltr'><strong>quas</strong></span> <span class='ocrx_word' id='word_1_530' title='bbox 1849 3985 1960 4041; x_wconf 88' lang='lat' dir='ltr'><strong>fudi</strong></span> <span class='ocrx_word' id='word_1_531' title='bbox 1992 3988 2060 4043; x_wconf 90' lang='lat' dir='ltr'><strong>ad</strong></span> 
     </span>
    </p>
   </div>
   <div class='ocr_carea' id='block_1_72' title="bbox 458 4076 2059 4150">
    <p class='ocr_par' dir='ltr' id='par_1_72' title="bbox 458 4076 2059 4150">
     <span class='ocr_line' id='line_1_72' title="bbox 458 4076 2059 4150; baseline -0.003 -14"><span class='ocrx_word' id='word_1_532' title='bbox 458 4076 658 4136; x_wconf 62' lang='lat' dir='ltr'><strong>cannis</strong></span> <span class='ocrx_word' id='word_1_533' title='bbox 697 4079 961 4136; x_wconf 61' lang='lat' dir='ltr'><strong>Ecclesiae</strong></span> <span class='ocrx_word' id='word_1_534' title='bbox 982 4086 1095 4134; x_wconf 63' lang='lat' dir='ltr'><strong>tua</strong></span> <span class='ocrx_word' id='word_1_535' title='bbox 1125 4079 1179 4134; x_wconf 91' lang='lat' dir='ltr'><strong>in</strong></span> <span class='ocrx_word' id='word_1_536' title='bbox 1207 4079 1526 4150; x_wconf 89' lang='lat' dir='ltr'><strong>primordiis</strong></span> <span class='ocrx_word' id='word_1_537' title='bbox 1560 4087 1896 4149; x_wconf 77' lang='lat' dir='ltr'><strong>recuperata:</strong></span> <span class='ocrx_word' id='word_1_538' title='bbox 1935 4078 2059 4133; x_wconf 88' lang='lat' dir='ltr'><strong>ﬁdei</strong></span> 
     </span>
    </p>
   </div>
   <div class='ocr_carea' id='block_1_73' title="bbox 459 4163 2060 4242">
    <p class='ocr_par' dir='ltr' id='par_1_73' title="bbox 459 4163 2060 4242">
     <span class='ocr_line' id='line_1_73' title="bbox 459 4163 2060 4242; baseline -0.004 -13"><span class='ocrx_word' id='word_1_539' title='bbox 459 4188 617 4240; x_wconf 65' lang='lat' dir='ltr'><strong>meat,</strong></span> <span class='ocrx_word' id='word_1_540' title='bbox 643 4179 700 4228; x_wconf 89' lang='lat' dir='ltr'><strong>et</strong></span> <span class='ocrx_word' id='word_1_541' title='bbox 723 4187 867 4227; x_wconf 82' lang='lat' dir='ltr'><strong>nunc</strong></span> <span class='ocrx_word' id='word_1_542' title='bbox 898 4171 1016 4242; x_wconf 87' lang='lat' dir='ltr'><strong>ipso</strong></span> <span class='ocrx_word' id='word_1_543' title='bbox 1038 4184 1406 4234; x_wconf 80' lang='lat' dir='ltr'><strong>commoveor,</strong></span> <span class='ocrx_word' id='word_1_544' title='bbox 1430 4184 1538 4230; x_wconf 89' lang='lat' dir='ltr'><strong>non</strong></span> <span class='ocrx_word' id='word_1_545' title='bbox 1567 4163 1757 4232; x_wconf 83' lang='lat' dir='ltr'><strong>cantu,</strong></span> <span class='ocrx_word' id='word_1_546' title='bbox 1780 4166 1876 4223; x_wconf 84' lang='lat' dir='ltr'><strong>sed</strong></span> <span class='ocrx_word' id='word_1_547' title='bbox 1897 4167 2060 4223; x_wconf 88' lang='lat' dir='ltr'><strong>rebus</strong></span> 
     </span>
    </p>
   </div>
   <div class='ocr_carea' id='block_1_74' title="bbox 458 4257 2060 4335">
    <p class='ocr_par' dir='ltr' id='par_1_74' title="bbox 458 4257 2060 4335">
     <span class='ocr_line' id='line_1_74' title="bbox 458 4257 2060 4335; baseline -0.004 -17"><span class='ocrx_word' id='word_1_548' title='bbox 458 4271 922 4335; x_wconf 65' lang='lat' dir='ltr'><strong>qumcantantur,</strong></span> <span class='ocrx_word' id='word_1_549' title='bbox 970 4277 1093 4318; x_wconf 91' lang='lat' dir='ltr'><strong>cum</strong></span> <span class='ocrx_word' id='word_1_550' title='bbox 1144 4261 1349 4331; x_wconf 83' lang='lat' dir='ltr'><strong>liquida</strong></span> <span class='ocrx_word' id='word_1_551' title='bbox 1384 4274 1520 4315; x_wconf 83' lang='lat' dir='ltr'><strong>voce</strong></span> <span class='ocrx_word' id='word_1_552' title='bbox 1569 4269 1625 4326; x_wconf 85' lang='lat' dir='ltr'><strong>et</strong></span> <span class='ocrx_word' id='word_1_553' title='bbox 1656 4257 2060 4314; x_wconf 89' lang='lat' dir='ltr'><strong>convenientis-</strong></span> 
     </span>
    </p>
   </div>
   <div class='ocr_carea' id='block_1_75' title="bbox 460 4347 2058 4423">
    <p class='ocr_par' dir='ltr' id='par_1_75' title="bbox 460 4347 2058 4423">
     <span class='ocr_line' id='line_1_75' title="bbox 460 4347 2058 4423; baseline -0.007 -10"><span class='ocrx_word' id='word_1_554' title='bbox 460 4359 598 4414; x_wconf 85' lang='lat' dir='ltr'><strong>sima</strong></span> <span class='ocrx_word' id='word_1_555' title='bbox 629 4355 1000 4412; x_wconf 89' lang='lat' dir='ltr'><strong>modulatione</strong></span> <span class='ocrx_word' id='word_1_556' title='bbox 1021 4361 1329 4420; x_wconf 90' lang='lat' dir='ltr'><strong>cantantur,</strong></span> <span class='ocrx_word' id='word_1_557' title='bbox 1355 4367 1553 4423; x_wconf 84' lang='lat' dir='ltr'><strong>magna</strong></span> <span class='ocrx_word' id='word_1_558' title='bbox 1576 4349 1814 4405; x_wconf 89' lang='lat' dir='ltr'><strong>instituti</strong></span> <span class='ocrx_word' id='word_1_559' title='bbox 1852 4347 2058 4402; x_wconf 86' lang='lat' dir='ltr'><strong>utilita-</strong></span> 
     </span>
    </p>
   </div>
   <div class='ocr_carea' id='block_1_76' title="bbox 460 4442 2058 4520">
    <p class='ocr_par' dir='ltr' id='par_1_76' title="bbox 460 4442 2058 4520">
     <span class='ocr_line' id='line_1_76' title="bbox 460 4442 2058 4520; baseline -0.006 -15"><span class='ocrx_word' id='word_1_560' title='bbox 460 4460 571 4505; x_wconf 87' lang='lat' dir='ltr'><strong>tem</strong></span> <span class='ocrx_word' id='word_1_561' title='bbox 612 4462 807 4504; x_wconf 89' lang='lat' dir='ltr'><strong>rursus</strong></span> <span class='ocrx_word' id='word_1_562' title='bbox 851 4459 1155 4520; x_wconf 85' lang='lat' dir='ltr'><strong>cognosco;</strong></span> <span class='ocrx_word' id='word_1_563' title='bbox 1188 4446 1474 4517; x_wconf 88' lang='lat' dir='ltr'><strong>magisque</strong></span> <span class='ocrx_word' id='word_1_564' title='bbox 1502 4444 1762 4510; x_wconf 84' lang='lat' dir='ltr'><strong>adducor,</strong></span> <span class='ocrx_word' id='word_1_565' title='bbox 1797 4457 1906 4497; x_wconf 89' lang='lat' dir='ltr'><strong>non</strong></span> <span class='ocrx_word' id='word_1_566' title='bbox 1935 4442 2058 4511; x_wconf 88' lang='lat' dir='ltr'><strong>qui-</strong></span> 
     </span>
    </p>
   </div>
   <div class='ocr_carea' id='block_1_77' title="bbox 2162 3252 3771 3325">
    <p class='ocr_par' dir='ltr' id='par_1_77' title="bbox 2162 3252 3771 3325">
     <span class='ocr_line' id='line_1_77' title="bbox 2162 3252 3771 3325; baseline -0.002 -14"><span class='ocrx_word' id='word_1_567' title='bbox 2162 3272 2284 3322; x_wconf 90' lang='lat' dir='ltr'><strong>nos,</strong></span> <span class='ocrx_word' id='word_1_568' title='bbox 2314 3255 2397 3311; x_wconf 92' lang='lat' dir='ltr'><strong>vel</strong></span> <span class='ocrx_word' id='word_1_569' title='bbox 2443 3255 2488 3310; x_wconf 89' lang='lat' dir='ltr'><strong>si</strong></span> <span class='ocrx_word' id='word_1_570' title='bbox 2535 3255 2838 3310; x_wconf 87' lang='lat' dir='ltr'><strong>necessitas</strong></span> <span class='ocrx_word' id='word_1_571' title='bbox 2877 3255 3079 3325; x_wconf 83' lang='lat' dir='ltr'><strong>exigit,</strong></span> <span class='ocrx_word' id='word_1_572' title='bbox 3129 3270 3227 3325; x_wconf 90' lang='lat' dir='ltr'><strong>per</strong></span> <span class='ocrx_word' id='word_1_573' title='bbox 3266 3252 3507 3310; x_wconf 88' lang='lat' dir='ltr'><strong>minores</strong></span> <span class='ocrx_word' id='word_1_574' title='bbox 3541 3252 3771 3308; x_wconf 88' lang='lat' dir='ltr'><strong>ordines</strong></span> 
     </span>
    </p>
   </div>
   <div class='ocr_carea' id='block_1_78' title="bbox 2161 3345 3770 3416">
    <p class='ocr_par' dir='ltr' id='par_1_78' title="bbox 2161 3345 3770 3416">
     <span class='ocr_line' id='line_1_78' title="bbox 2161 3345 3770 3416; baseline -0.004 -12"><span class='ocrx_word' id='word_1_575' title='bbox 2161 3347 2429 3404; x_wconf 82' lang='lat' dir='ltr'><strong>exhiberi.</strong></span> <span class='ocrx_word' id='word_1_576' title='bbox 2461 3345 2519 3402; x_wconf 92' lang='lat' dir='ltr'><strong>Si</strong></span> <span class='ocrx_word' id='word_1_577' title='bbox 2548 3347 2670 3416; x_wconf 89' lang='lat' dir='ltr'><strong>quis</strong></span> <span class='ocrx_word' id='word_1_578' title='bbox 2698 3354 2881 3401; x_wconf 90' lang='lat' dir='ltr'><strong>autem</strong></span> <span class='ocrx_word' id='word_1_579' title='bbox 2909 3355 3098 3401; x_wconf 87' lang='lat' dir='ltr'><strong>contra</strong></span> <span class='ocrx_word' id='word_1_580' title='bbox 3130 3347 3234 3401; x_wconf 89' lang='lat' dir='ltr'><strong>hoc</strong></span> <span class='ocrx_word' id='word_1_581' title='bbox 3262 3346 3546 3400; x_wconf 88' lang='lat' dir='ltr'><strong>decretum</strong></span> <span class='ocrx_word' id='word_1_582' title='bbox 3579 3359 3770 3399; x_wconf 86' lang='lat' dir='ltr'><strong>meum</strong></span> 
     </span>
    </p>
   </div>
   <div class='ocr_carea' id='block_1_79' title="bbox 2161 3429 3777 3504">
    <p class='ocr_par' dir='ltr' id='par_1_79' title="bbox 2161 3429 3777 3504">
     <span class='ocr_line' id='line_1_79' title="bbox 2161 3429 3777 3504; baseline -0.003 -9"><span class='ocrx_word' id='word_1_583' title='bbox 2161 3439 2347 3495; x_wconf 86' lang='lat' dir='ltr'><strong>venire</strong></span> <span class='ocrx_word' id='word_1_584' title='bbox 2397 3437 2710 3502; x_wconf 87' lang='lat' dir='ltr'><strong>tentaverit,</strong></span> <span class='ocrx_word' id='word_1_585' title='bbox 2766 3437 3058 3493; x_wconf 88' lang='lat' dir='ltr'><strong>anathema</strong></span> <span class='ocrx_word' id='word_1_586' title='bbox 3110 3437 3200 3492; x_wconf 91' lang='lat' dir='ltr'><strong>sit.</strong></span> <span class='ocrx_word' id='word_1_587' title='bbox 3251 3436 3320 3490; x_wconf 88' lang='lat' dir='ltr'><strong>Et</strong></span> <span class='ocrx_word' id='word_1_588' title='bbox 3365 3429 3777 3504; x_wconf 78' lang='lat' dir='ltr'><strong>responderunt</strong></span> 
     </span>
    </p>
   </div>
   <div class='ocr_carea' id='block_1_80' title="bbox 2162 3514 3773 3597">
    <p class='ocr_par' dir='ltr' id='par_1_80' title="bbox 2162 3514 3773 3597">
     <span class='ocr_line' id='line_1_80' title="bbox 2162 3514 3773 3597; baseline -0.004 -11"><span class='ocrx_word' id='word_1_589' title='bbox 2162 3514 2377 3596; x_wconf 84' lang='lat' dir='ltr'><strong>omnes,</strong></span> <span class='ocrx_word' id='word_1_590' title='bbox 2417 3528 2720 3584; x_wconf 85' lang='lat' dir='ltr'><strong>Anathema</strong></span> <span class='ocrx_word' id='word_1_591' title='bbox 2750 3528 2841 3584; x_wconf 91' lang='lat' dir='ltr'><strong>sit.</strong></span> <span class='ocrx_word' id='word_1_592' title='bbox 2883 3547 2900 3582; x_wconf 71' lang='grc' dir='ltr'>ι</span> <span class='ocrx_word' id='word_1_593' title='bbox 2942 3527 3083 3582; x_wconf 87' lang='lat' dir='ltr'><strong>Ecce</strong></span> <span class='ocrx_word' id='word_1_594' title='bbox 3102 3527 3188 3581; x_wconf 85' lang='lat' dir='ltr'><strong>.vir</strong></span> <span class='ocrx_word' id='word_1_595' title='bbox 3215 3525 3550 3597; x_wconf 89' lang='lat' dir='ltr'><strong>apostolicus</strong></span> <span class='ocrx_word' id='word_1_596' title='bbox 3579 3541 3773 3596; x_wconf 89' lang='lat' dir='ltr'><strong>reprc-</strong></span> 
     </span>
    </p>
   </div>
   <div class='ocr_carea' id='block_1_81' title="bbox 2162 3617 3771 3690">
    <p class='ocr_par' dir='ltr' id='par_1_81' title="bbox 2162 3617 3771 3690">
     <span class='ocr_line' id='line_1_81' title="bbox 2162 3617 3771 3690; baseline -0.004 -13"><span class='ocrx_word' id='word_1_597' title='bbox 2162 3621 2350 3678; x_wconf 90' lang='lat' dir='ltr'><strong>hendit</strong></span> <span class='ocrx_word' id='word_1_598' title='bbox 2412 3619 2863 3677; x_wconf 88' lang='lat' dir='ltr'><strong>consuetudinem</strong></span> <span class='ocrx_word' id='word_1_599' title='bbox 2895 3659 2911 3685; x_wconf 97' lang='lat'><strong>,</strong></span> <span class='ocrx_word' id='word_1_600' title='bbox 2964 3634 3073 3690; x_wconf 88' lang='lat' dir='ltr'><strong>qua</strong></span> <span class='ocrx_word' id='word_1_601' title='bbox 3130 3617 3448 3674; x_wconf 86' lang='lat' dir='ltr'><strong>diaconibus</strong></span> <span class='ocrx_word' id='word_1_602' title='bbox 3506 3618 3771 3672; x_wconf 89' lang='lat' dir='ltr'><strong>cantandi</strong></span> 
     </span>
    </p>
   </div>
   <div class='ocr_carea' id='block_1_82' title="bbox 2159 3707 3772 3781">
    <p class='ocr_par' dir='ltr' id='par_1_82' title="bbox 2159 3707 3772 3781">
     <span class='ocr_line' id='line_1_82' title="bbox 2159 3707 3772 3781; baseline -0.004 -14"><span class='ocrx_word' id='word_1_603' title='bbox 2159 3710 2396 3768; x_wconf 75' lang='lat' dir='ltr'><strong>ofﬁcium</strong></span> <span class='ocrx_word' id='word_1_604' title='bbox 2445 3709 2849 3781; x_wconf 87' lang='lat' dir='ltr'><strong>injungebatur,</strong></span> <span class='ocrx_word' id='word_1_605' title='bbox 2891 3721 2992 3765; x_wconf 90' lang='lat' dir='ltr'><strong>nec</strong></span> <span class='ocrx_word' id='word_1_606' title='bbox 3034 3709 3087 3764; x_wconf 89' lang='lat' dir='ltr'><strong>in</strong></span> <span class='ocrx_word' id='word_1_607' title='bbox 3133 3709 3214 3763; x_wconf 87' lang='lat' dir='ltr'><strong>eis</strong></span> <span class='ocrx_word' id='word_1_608' title='bbox 3257 3707 3515 3764; x_wconf 86' lang='lat' dir='ltr'><strong>blandam</strong></span> <span class='ocrx_word' id='word_1_609' title='bbox 3547 3722 3772 3769; x_wconf 86' lang='lat' dir='ltr'><strong>vocem,</strong></span> 
     </span>
    </p>
   </div>
   <div class='ocr_carea' id='block_1_83' title="bbox 2162 3799 3774 3873">
    <p class='ocr_par' dir='ltr' id='par_1_83' title="bbox 2162 3799 3774 3873">
     <span class='ocr_line' id='line_1_83' title="bbox 2162 3799 3774 3873; baseline -0.004 -16"><span class='ocrx_word' id='word_1_610' title='bbox 2162 3802 2258 3858; x_wconf 90' lang='lat' dir='ltr'><strong>sed</strong></span> <span class='ocrx_word' id='word_1_611' title='bbox 2282 3815 2577 3872; x_wconf 87' lang='lat' dir='ltr'><strong>congruam</strong></span> <span class='ocrx_word' id='word_1_612' title='bbox 2607 3800 2780 3855; x_wconf 89' lang='lat' dir='ltr'><strong>vitam</strong></span> <span class='ocrx_word' id='word_1_613' title='bbox 2809 3800 2941 3855; x_wconf 91' lang='lat' dir='ltr'><strong>dicit</strong></span> <span class='ocrx_word' id='word_1_614' title='bbox 2971 3814 3092 3873; x_wconf 86' lang='lat' dir='ltr'><strong>esse</strong></span> <span class='ocrx_word' id='word_1_615' title='bbox 3126 3799 3545 3870; x_wconf 80' lang='lat' dir='ltr'><strong>requirendam;</strong></span> <span class='ocrx_word' id='word_1_616' title='bbox 3579 3799 3774 3853; x_wconf 89' lang='lat' dir='ltr'><strong>stimu-</strong></span> 
     </span>
    </p>
   </div>
   <div class='ocr_carea' id='block_1_84' title="bbox 2162 3889 3770 3969">
    <p class='ocr_par' dir='ltr' id='par_1_84' title="bbox 2162 3889 3770 3969">
     <span class='ocr_line' id='line_1_84' title="bbox 2162 3889 3770 3969; baseline -0.002 -23"><span class='ocrx_word' id='word_1_617' title='bbox 2162 3893 2371 3969; x_wconf 81' lang='lat' dir='ltr'><strong>larique</strong></span> <span class='ocrx_word' id='word_1_618' title='bbox 2415 3891 2587 3947; x_wconf 91' lang='lat' dir='ltr'><strong>Deum</strong></span> <span class='ocrx_word' id='word_1_619' title='bbox 2634 3890 2826 3947; x_wconf 86' lang='lat' dir='ltr'><strong>talium</strong></span> <span class='ocrx_word' id='word_1_620' title='bbox 2870 3891 3249 3967; x_wconf 83' lang='lat' dir='ltr'><strong>ministrorum</strong></span> <span class='ocrx_word' id='word_1_621' title='bbox 3276 3890 3519 3946; x_wconf 88' lang='lat' dir='ltr'><strong>moribus</strong></span> <span class='ocrx_word' id='word_1_622' title='bbox 3547 3889 3770 3952; x_wconf 83' lang='lat' dir='ltr'><strong>asserit,</strong></span> 
     </span>
    </p>
   </div>
   <div class='ocr_carea' id='block_1_85' title="bbox 2163 3979 3771 4052">
    <p class='ocr_par' dir='ltr' id='par_1_85' title="bbox 2163 3979 3771 4052">
     <span class='ocr_line' id='line_1_85' title="bbox 2163 3979 3771 4052; baseline -0.004 -13"><span class='ocrx_word' id='word_1_623' title='bbox 2163 3982 2378 4040; x_wconf 88' lang='lat' dir='ltr'><strong>etiamsi</strong></span> <span class='ocrx_word' id='word_1_624' title='bbox 2407 3979 2666 4052; x_wconf 88' lang='lat' dir='ltr'><strong>populum</strong></span> <span class='ocrx_word' id='word_1_625' title='bbox 2711 3982 2937 4037; x_wconf 84' lang='lat' dir='ltr'><strong>vocibus</strong></span> <span class='ocrx_word' id='word_1_626' title='bbox 2983 3981 3276 4043; x_wconf 86' lang='lat' dir='ltr'><strong>delectent.</strong></span> <span class='ocrx_word' id='word_1_627' title='bbox 3321 3981 3593 4035; x_wconf 85' lang='lat' dir='ltr'><strong>Damnata</strong></span> <span class='ocrx_word' id='word_1_628' title='bbox 3631 3995 3771 4044; x_wconf 77' lang='lat' dir='ltr'><strong>vero</strong></span> 
     </span>
    </p>
   </div>
   <div class='ocr_carea' id='block_1_86' title="bbox 2165 4070 3772 4142">
    <p class='ocr_par' dir='ltr' id='par_1_86' title="bbox 2165 4070 3772 4142">
     <span class='ocr_line' id='line_1_86' title="bbox 2165 4070 3772 4142; baseline -0.001 -16"><span class='ocrx_word' id='word_1_629' title='bbox 2165 4073 2262 4128; x_wconf 91' lang='lat' dir='ltr'><strong>tali</strong></span> <span class='ocrx_word' id='word_1_630' title='bbox 2286 4071 2678 4128; x_wconf 89' lang='lat' dir='ltr'><strong>consuetudine</strong></span> <span class='ocrx_word' id='word_1_631' title='bbox 2696 4111 2712 4137; x_wconf 92' lang='lat'><strong>,</strong></span> <span class='ocrx_word' id='word_1_632' title='bbox 2753 4071 2995 4142; x_wconf 86' lang='lat' dir='ltr'><strong>psalmos</strong></span> <span class='ocrx_word' id='word_1_633' title='bbox 3010 4071 3082 4127; x_wconf 57' lang='lat' dir='ltr'><strong>’ac</strong></span> <span class='ocrx_word' id='word_1_634' title='bbox 3109 4071 3348 4140; x_wconf 87' lang='lat' dir='ltr'><strong>reliquas</strong></span> <span class='ocrx_word' id='word_1_635' title='bbox 3376 4070 3639 4126; x_wconf 90' lang='lat' dir='ltr'><strong>lectiones</strong></span> <span class='ocrx_word' id='word_1_636' title='bbox 3666 4087 3772 4141; x_wconf 88' lang='lat' dir='ltr'><strong>per</strong></span> 
     </span>
    </p>
   </div>
   <div class='ocr_carea' id='block_1_87' title="bbox 2163 4161 3771 4234">
    <p class='ocr_par' dir='ltr' id='par_1_87' title="bbox 2163 4161 3771 4234">
     <span class='ocr_line' id='line_1_87' title="bbox 2163 4161 3771 4234; baseline -0.003 -14"><span class='ocrx_word' id='word_1_637' title='bbox 2163 4163 2522 4220; x_wconf 89' lang='lat' dir='ltr'><strong>subdiaconos</strong></span> <span class='ocrx_word' id='word_1_638' title='bbox 2561 4161 2647 4217; x_wconf 88' lang='lat' dir='ltr'><strong>vel</strong></span> <span class='ocrx_word' id='word_1_639' title='bbox 2691 4176 2791 4232; x_wconf 89' lang='lat' dir='ltr'><strong>per</strong></span> <span class='ocrx_word' id='word_1_640' title='bbox 2836 4161 3079 4234; x_wconf 69' lang='lat' dir='ltr'><strong>minores</strong></span> <span class='ocrx_word' id='word_1_641' title='bbox 3123 4161 3345 4217; x_wconf 89' lang='lat' dir='ltr'><strong>ordines</strong></span> <span class='ocrx_word' id='word_1_642' title='bbox 3372 4161 3563 4217; x_wconf 64' lang='lat' dir='ltr'><strong>censet</strong></span> <span class='ocrx_word' id='word_1_643' title='bbox 3606 4161 3771 4216; x_wconf 77' lang='lat' dir='ltr'><strong>exhi-</strong></span> 
     </span>
    </p>
   </div>
   <div class='ocr_carea' id='block_1_88' title="bbox 2163 4249 3770 4322">
    <p class='ocr_par' dir='ltr' id='par_1_88' title="bbox 2163 4249 3770 4322">
     <span class='ocr_line' id='line_1_88' title="bbox 2163 4249 3770 4322; baseline -0.002 -14"><span class='ocrx_word' id='word_1_644' title='bbox 2163 4252 2311 4318; x_wconf 91' lang='lat' dir='ltr'><strong>beri;</strong></span> <span class='ocrx_word' id='word_1_645' title='bbox 2345 4252 2462 4308; x_wconf 92' lang='lat' dir='ltr'><strong>solo</strong></span> <span class='ocrx_word' id='word_1_646' title='bbox 2504 4250 2756 4307; x_wconf 86' lang='lat' dir='ltr'><strong>videlicet</strong></span> <span class='ocrx_word' id='word_1_647' title='bbox 2798 4251 3124 4322; x_wconf 67' lang='lat' dir='ltr'><strong>evangelicae</strong></span> <span class='ocrx_word' id='word_1_648' title='bbox 3166 4250 3416 4306; x_wconf 88' lang='lat' dir='ltr'><strong>lectionis</strong></span> <span class='ocrx_word' id='word_1_649' title='bbox 3443 4249 3619 4305; x_wconf 74' lang='lat' dir='ltr'><strong>ofﬁcio</strong></span> <span class='ocrx_word' id='word_1_650' title='bbox 3649 4249 3770 4304; x_wconf 82' lang='lat' dir='ltr'><strong>dia-</strong></span> 
     </span>
    </p>
   </div>
   <div class='ocr_carea' id='block_1_89' title="bbox 2166 4345 3771 4417">
    <p class='ocr_par' dir='ltr' id='par_1_89' title="bbox 2166 4345 3771 4417">
     <span class='ocr_line' id='line_1_89' title="bbox 2166 4345 3771 4417; baseline -0.003 -14"><span class='ocrx_word' id='word_1_651' title='bbox 2166 4347 2392 4403; x_wconf 88' lang='lat' dir='ltr'><strong>conibus</strong></span> <span class='ocrx_word' id='word_1_652' title='bbox 2419 4345 2684 4417; x_wconf 84' lang='lat' dir='ltr'><strong>delegato.</strong></span> <span class='ocrx_word' id='word_1_653' title='bbox 2716 4345 2797 4401; x_wconf 80' lang='lat' dir='ltr'><strong>Ex</strong></span> <span class='ocrx_word' id='word_1_654' title='bbox 2823 4345 3021 4415; x_wconf 90' lang='lat' dir='ltr'><strong>quibus</strong></span> <span class='ocrx_word' id='word_1_655' title='bbox 3042 4346 3329 4417; x_wconf 88' lang='lat' dir='ltr'><strong>perspicue</strong></span> <span class='ocrx_word' id='word_1_656' title='bbox 3355 4345 3771 4401; x_wconf 86' lang='lat' dir='ltr'><strong>demonstratur</strong></span> 
     </span>
    </p>
   </div>
   <div class='ocr_carea' id='block_1_90' title="bbox 2162 4438 3771 4510">
    <p class='ocr_par' dir='ltr' id='par_1_90' title="bbox 2162 4438 3771 4510">
     <span class='ocr_line' id='line_1_90' title="bbox 2162 4438 3771 4510; baseline -0.002 -14"><span class='ocrx_word' id='word_1_657' title='bbox 2162 4440 2404 4510; x_wconf 86' lang='lat' dir='ltr'><strong>psalmos</strong></span> <span class='ocrx_word' id='word_1_658' title='bbox 2431 4447 2561 4495; x_wconf 89' lang='lat' dir='ltr'><strong>tunc</strong></span> <span class='ocrx_word' id='word_1_659' title='bbox 2604 4441 2659 4494; x_wconf 91' lang='lat' dir='ltr'><strong>in</strong></span> <span class='ocrx_word' id='word_1_660' title='bbox 2699 4439 2945 4495; x_wconf 88' lang='lat' dir='ltr'><strong>Ecclesia</strong></span> <span class='ocrx_word' id='word_1_661' title='bbox 2992 4441 3272 4497; x_wconf 86' lang='lat' dir='ltr'><strong>decantari</strong></span> <span class='ocrx_word' id='word_1_662' title='bbox 3321 4438 3569 4503; x_wconf 87' lang='lat' dir='ltr'><strong>solitum,</strong></span> <span class='ocrx_word' id='word_1_663' title='bbox 3613 4439 3771 4492; x_wconf 89' lang='lat' dir='ltr'><strong>unde</strong></span> 
     </span>
    </p>
   </div>
   <div class='ocr_carea' id='block_1_91' title="bbox 461 4512 3770 4609">
    <p class='ocr_par' dir='ltr' id='par_1_91' title="bbox 461 4512 3770 4609">
     <span class='ocr_line' id='line_1_91' title="bbox 461 4512 3770 4609; baseline -0.004 -11"><span class='ocrx_word' id='word_1_664' title='bbox 461 4544 582 4598; x_wconf 86' lang='lat' dir='ltr'><strong>dem</strong></span> <span class='ocrx_word' id='word_1_665' title='bbox 612 4539 1068 4595; x_wconf 84' lang='lat' dir='ltr'><strong>irretractabilem</strong></span> <span class='ocrx_word' id='word_1_666' title='bbox 1097 4539 1425 4594; x_wconf 88' lang='lat' dir='ltr'><strong>sententiam</strong></span> <span class='ocrx_word' id='word_1_667' title='bbox 1465 4535 1770 4607; x_wconf 74' lang='lat' dir='ltr'><strong>proferens,</strong></span> <span class='ocrx_word' id='word_1_668' title='bbox 1801 4535 2060 4609; x_wconf 79' lang='lat' dir='ltr'><strong>cantandi</strong></span> <span class='ocrx_word' id='word_1_669' title='bbox 2087 4512 2140 4570; x_wconf 79' lang='grc' dir='ltr'><strong>Ῑ)</strong></span> <span class='ocrx_word' id='word_1_670' title='bbox 2168 4533 2463 4588; x_wconf 81' lang='lat' dir='ltr'><strong>maximam</strong></span> <span class='ocrx_word' id='word_1_671' title='bbox 2502 4540 2717 4603; x_wconf 89' lang='lat' dir='ltr'><strong>partem</strong></span> <span class='ocrx_word' id='word_1_672' title='bbox 2745 4533 3054 4589; x_wconf 90' lang='lat' dir='ltr'><strong>divinorum</strong></span> <span class='ocrx_word' id='word_1_673' title='bbox 3084 4533 3389 4590; x_wconf 85' lang='lat' dir='ltr'><strong>oﬁiciorum</strong></span> <span class='ocrx_word' id='word_1_674' title='bbox 3414 4533 3579 4588; x_wconf 88' lang='lat' dir='ltr'><strong>etiam</strong></span> <span class='ocrx_word' id='word_1_675' title='bbox 3613 4547 3770 4587; x_wconf 89' lang='lat' dir='ltr'><strong>nunc</strong></span> 
     </span>
    </p>
   </div>
   <div class='ocr_carea' id='block_1_92' title="bbox 464 4625 2062 4700">
    <p class='ocr_par' dir='ltr' id='par_1_92' title="bbox 464 4625 2062 4700">
     <span class='ocr_line' id='line_1_92' title="bbox 464 4625 2062 4700; baseline -0.005 -13"><span class='ocrx_word' id='word_1_676' title='bbox 464 4632 916 4687; x_wconf 84' lang='lat' dir='ltr'><strong>consuetudinem</strong></span> <span class='ocrx_word' id='word_1_677' title='bbox 949 4630 1250 4700; x_wconf 88' lang='lat' dir='ltr'><strong>approbare</strong></span> <span class='ocrx_word' id='word_1_678' title='bbox 1293 4629 1347 4684; x_wconf 91' lang='lat' dir='ltr'><strong>in</strong></span> <span class='ocrx_word' id='word_1_679' title='bbox 1394 4627 1638 4699; x_wconf 86' lang='lat' dir='ltr'><strong>Ecclesia</strong></span> <span class='ocrx_word' id='word_1_680' title='bbox 1658 4668 1672 4693; x_wconf 93' lang='lat'><strong>,</strong></span> <span class='ocrx_word' id='word_1_681' title='bbox 1705 4635 1765 4680; x_wconf 87' lang='lat' dir='ltr'><strong>ut</strong></span> <span class='ocrx_word' id='word_1_682' title='bbox 1791 4640 1891 4696; x_wconf 90' lang='lat' dir='ltr'><strong>per</strong></span> <span class='ocrx_word' id='word_1_683' title='bbox 1917 4625 2062 4680; x_wconf 79' lang='lat' dir='ltr'><strong>oble-</strong></span> 
     </span>
    </p>
   </div>
   <div class='ocr_carea' id='block_1_93' title="bbox 460 4715 2059 4784">
    <p class='ocr_par' dir='ltr' id='par_1_93' title="bbox 460 4715 2059 4784">
     <span class='ocr_line' id='line_1_93' title="bbox 460 4715 2059 4784; baseline -0.004 -8"><span class='ocrx_word' id='word_1_684' title='bbox 460 4729 739 4777; x_wconf 81' lang='lat' dir='ltr'><strong>ctamenta</strong></span> <span class='ocrx_word' id='word_1_685' title='bbox 767 4721 982 4775; x_wconf 85' lang='lat' dir='ltr'><strong>aurium</strong></span> <span class='ocrx_word' id='word_1_686' title='bbox 1007 4719 1286 4774; x_wconf 86' lang='lat' dir='ltr'><strong>infirmior</strong></span> <span class='ocrx_word' id='word_1_687' title='bbox 1317 4718 1532 4774; x_wconf 90' lang='lat' dir='ltr'><strong>animus</strong></span> <span class='ocrx_word' id='word_1_688' title='bbox 1557 4719 1611 4772; x_wconf 89' lang='lat' dir='ltr'><strong>in</strong></span> <span class='ocrx_word' id='word_1_689' title='bbox 1639 4715 1892 4771; x_wconf 75' lang='lat' dir='ltr'><strong>aﬂ&#39;ectum</strong></span> <span class='ocrx_word' id='word_1_690' title='bbox 1942 4715 2059 4784; x_wconf 88' lang='lat' dir='ltr'><strong>pie-</strong></span> 
     </span>
    </p>
   </div>
   <div class='ocr_carea' id='block_1_94' title="bbox 463 4806 2065 4882">
    <p class='ocr_par' dir='ltr' id='par_1_94' title="bbox 463 4806 2065 4882">
     <span class='ocr_line' id='line_1_94' title="bbox 463 4806 2065 4882; baseline -0.004 -19"><span class='ocrx_word' id='word_1_691' title='bbox 463 4811 591 4864; x_wconf 85' lang='lat' dir='ltr'><strong>tatis</strong></span> <span class='ocrx_word' id='word_1_692' title='bbox 623 4817 892 4882; x_wconf 82' lang='lat' dir='ltr'><strong>assurgat.</strong></span> <span class='ocrx_word' id='word_1_693' title='bbox 926 4809 1132 4863; x_wconf 88' lang='lat' dir='ltr'><strong>Tamen</strong></span> <span class='ocrx_word' id='word_1_694' title='bbox 1167 4823 1305 4862; x_wconf 89' lang='lat' dir='ltr'><strong>cum</strong></span> <span class='ocrx_word' id='word_1_695' title='bbox 1350 4806 1484 4861; x_wconf 87' lang='lat' dir='ltr'><strong>mihi</strong></span> <span class='ocrx_word' id='word_1_696' title='bbox 1517 4806 1718 4861; x_wconf 89' lang='lat' dir='ltr'><strong>accidit</strong></span> <span class='ocrx_word' id='word_1_697' title='bbox 1753 4812 1810 4859; x_wconf 88' lang='lat' dir='ltr'><strong>ut</strong></span> <span class='ocrx_word' id='word_1_698' title='bbox 1837 4819 1924 4858; x_wconf 92' lang='lat' dir='ltr'><strong>me</strong></span> <span class='ocrx_word' id='word_1_699' title='bbox 1951 4818 2065 4858; x_wconf 83' lang='lat' dir='ltr'><strong>am-</strong></span> 
     </span>
    </p>
   </div>
   <div class='ocr_carea' id='block_1_95' title="bbox 463 4895 2064 4973">
    <p class='ocr_par' dir='ltr' id='par_1_95' title="bbox 463 4895 2064 4973">
     <span class='ocr_line' id='line_1_95' title="bbox 463 4895 2064 4973; baseline -0.004 -18"><span class='ocrx_word' id='word_1_700' title='bbox 463 4903 602 4971; x_wconf 87' lang='lat' dir='ltr'><strong>plius</strong></span> <span class='ocrx_word' id='word_1_701' title='bbox 629 4910 823 4956; x_wconf 88' lang='lat' dir='ltr'><strong>cantus</strong></span> <span class='ocrx_word' id='word_1_702' title='bbox 852 4916 1016 4973; x_wconf 90' lang='lat' dir='ltr'><strong>quam</strong></span> <span class='ocrx_word' id='word_1_703' title='bbox 1047 4915 1136 4955; x_wconf 89' lang='lat' dir='ltr'><strong>res</strong></span> <span class='ocrx_word' id='word_1_704' title='bbox 1162 4914 1280 4969; x_wconf 74' lang='lat' dir='ltr'><strong>qua:</strong></span> <span class='ocrx_word' id='word_1_705' title='bbox 1304 4899 1522 4956; x_wconf 87' lang='lat' dir='ltr'><strong>canitur</strong></span> <span class='ocrx_word' id='word_1_706' title='bbox 1547 4904 1762 4952; x_wconf 89' lang='lat' dir='ltr'><strong>moveat</strong></span> <span class='ocrx_word' id='word_1_707' title='bbox 1785 4937 1798 4961; x_wconf 89' lang='lat'><strong>,</strong></span> <span class='ocrx_word' id='word_1_708' title='bbox 1833 4895 2064 4966; x_wconf 71' lang='lat' dir='ltr'><strong>pmnali-</strong></span> 
     </span>
    </p>
   </div>
   <div class='ocr_carea' id='block_1_96' title="bbox 465 4987 2061 5063">
    <p class='ocr_par' dir='ltr' id='par_1_96' title="bbox 465 4987 2061 5063">
     <span class='ocr_line' id='line_1_96' title="bbox 465 4987 2061 5063; baseline -0.004 -15"><span class='ocrx_word' id='word_1_709' title='bbox 465 5004 548 5049; x_wconf 88' lang='lat' dir='ltr'><strong>ter</strong></span> <span class='ocrx_word' id='word_1_710' title='bbox 575 5009 660 5048; x_wconf 92' lang='lat' dir='ltr'><strong>me</strong></span> <span class='ocrx_word' id='word_1_711' title='bbox 687 5006 916 5063; x_wconf 86' lang='lat' dir='ltr'><strong>peccare</strong></span> <span class='ocrx_word' id='word_1_712' title='bbox 937 4991 1225 5056; x_wconf 87' lang='lat' dir='ltr'><strong>conﬁteor,</strong></span> <span class='ocrx_word' id='word_1_713' title='bbox 1249 5000 1303 5045; x_wconf 83' lang='lat' dir='ltr'><strong>et</strong></span> <span class='ocrx_word' id='word_1_714' title='bbox 1329 4999 1462 5045; x_wconf 88' lang='lat' dir='ltr'><strong>tunc</strong></span> <span class='ocrx_word' id='word_1_715' title='bbox 1492 4989 1708 5044; x_wconf 88' lang='lat' dir='ltr'><strong>mallem</strong></span> <span class='ocrx_word' id='word_1_716' title='bbox 1733 5003 1842 5043; x_wconf 88' lang='lat' dir='ltr'><strong>non</strong></span> <span class='ocrx_word' id='word_1_717' title='bbox 1873 4987 2061 5042; x_wconf 86' lang='lat' dir='ltr'><strong>audire</strong></span> 
     </span>
    </p>
   </div>
   <div class='ocr_carea' id='block_1_97' title="bbox 465 5077 2064 5148">
    <p class='ocr_par' dir='ltr' id='par_1_97' title="bbox 465 5077 2064 5148">
     <span class='ocr_line' id='line_1_97' title="bbox 465 5077 2064 5148; baseline -0.004 -10"><span class='ocrx_word' id='word_1_718' title='bbox 465 5091 810 5141; x_wconf 68' lang='lat' dir='ltr'><strong>cantantem.</strong></span> <span class='ocrx_word' id='word_1_719' title='bbox 841 5102 861 5133; x_wconf 73' lang='grc' dir='ltr'><strong><em>ι</em></strong></span> <span class='ocrx_word' id='word_1_720' title='bbox 897 5081 1039 5136; x_wconf 84' lang='lat' dir='ltr'><strong>Ecce</strong></span> <span class='ocrx_word' id='word_1_721' title='bbox 1074 5081 1159 5134; x_wconf 92' lang='lat' dir='ltr'><strong>vir</strong></span> <span class='ocrx_word' id='word_1_722' title='bbox 1188 5079 1589 5143; x_wconf 89' lang='lat' dir='ltr'><strong>sanctissimus,</strong></span> <span class='ocrx_word' id='word_1_723' title='bbox 1621 5087 1785 5148; x_wconf 86' lang='lat' dir='ltr'><strong>atque</strong></span> <span class='ocrx_word' id='word_1_724' title='bbox 1809 5077 2064 5133; x_wconf 84' lang='lat' dir='ltr'><strong>doctissi-</strong></span> 
     </span>
    </p>
   </div>
   <div class='ocr_carea' id='block_1_98' title="bbox 464 5167 2064 5244">
    <p class='ocr_par' dir='ltr' id='par_1_98' title="bbox 464 5167 2064 5244">
     <span class='ocr_line' id='line_1_98' title="bbox 464 5167 2064 5244; baseline -0.004 -16"><span class='ocrx_word' id='word_1_725' title='bbox 464 5189 605 5240; x_wconf 89' lang='lat' dir='ltr'><strong>mus,</strong></span> <span class='ocrx_word' id='word_1_726' title='bbox 630 5181 686 5229; x_wconf 93' lang='lat' dir='ltr'><strong>et</strong></span> <span class='ocrx_word' id='word_1_727' title='bbox 715 5174 979 5244; x_wconf 89' lang='lat' dir='ltr'><strong>approbat</strong></span> <span class='ocrx_word' id='word_1_728' title='bbox 1023 5174 1331 5229; x_wconf 88' lang='lat' dir='ltr'><strong>institutum</strong></span> <span class='ocrx_word' id='word_1_729' title='bbox 1363 5171 1618 5227; x_wconf 90' lang='lat' dir='ltr'><strong>cantandi</strong></span> <span class='ocrx_word' id='word_1_730' title='bbox 1665 5179 1886 5242; x_wconf 90' lang='lat' dir='ltr'><strong>propter</strong></span> <span class='ocrx_word' id='word_1_731' title='bbox 1909 5167 2064 5225; x_wconf 84' lang='lat' dir='ltr'><strong>inﬁr-</strong></span> 
     </span>
    </p>
   </div>
   <div class='ocr_carea' id='block_1_99' title="bbox 467 5261 2061 5334">
    <p class='ocr_par' dir='ltr' id='par_1_99' title="bbox 467 5261 2061 5334">
     <span class='ocr_line' id='line_1_99' title="bbox 467 5261 2061 5334; baseline -0.005 -14"><span class='ocrx_word' id='word_1_732' title='bbox 467 5280 583 5320; x_wconf 87' lang='lat' dir='ltr'><strong>mos</strong></span> <span class='ocrx_word' id='word_1_733' title='bbox 610 5305 626 5332; x_wconf 92' lang='lat'><strong>,</strong></span> <span class='ocrx_word' id='word_1_734' title='bbox 663 5279 800 5333; x_wconf 87' lang='lat' dir='ltr'><strong>quos</strong></span> <span class='ocrx_word' id='word_1_735' title='bbox 847 5265 902 5319; x_wconf 89' lang='lat' dir='ltr'><strong>in</strong></span> <span class='ocrx_word' id='word_1_736' title='bbox 935 5262 1187 5319; x_wconf 74' lang='lat' dir='ltr'><strong>affectum</strong></span> <span class='ocrx_word' id='word_1_737' title='bbox 1221 5263 1443 5334; x_wconf 89' lang='lat' dir='ltr'><strong>pietatis</strong></span> <span class='ocrx_word' id='word_1_738' title='bbox 1474 5261 1605 5317; x_wconf 82' lang='lat' dir='ltr'><strong>facit</strong></span> <span class='ocrx_word' id='word_1_739' title='bbox 1640 5272 1958 5332; x_wconf 88' lang='lat' dir='ltr'><strong>assurgere;</strong></span> <span class='ocrx_word' id='word_1_740' title='bbox 2007 5267 2061 5314; x_wconf 89' lang='lat' dir='ltr'><strong>et</strong></span> 
     </span>
    </p>
   </div>
   <div class='ocr_carea' id='block_1_100' title="bbox 471 5351 2059 5427">
    <p class='ocr_par' dir='ltr' id='par_1_100' title="bbox 471 5351 2059 5427">
     <span class='ocr_line' id='line_1_100' title="bbox 471 5351 2059 5427; baseline -0.005 -17"><span class='ocrx_word' id='word_1_741' title='bbox 471 5365 649 5410; x_wconf 86' lang='lat' dir='ltr'><strong>tamen</strong></span> <span class='ocrx_word' id='word_1_742' title='bbox 676 5369 801 5410; x_wconf 87' lang='lat' dir='ltr'><strong>cum</strong></span> <span class='ocrx_word' id='word_1_743' title='bbox 845 5353 1048 5410; x_wconf 87' lang='lat' dir='ltr'><strong>accidit</strong></span> <span class='ocrx_word' id='word_1_744' title='bbox 1074 5360 1137 5409; x_wconf 90' lang='lat' dir='ltr'><strong>ut</strong></span> <span class='ocrx_word' id='word_1_745' title='bbox 1162 5351 1283 5427; x_wconf 88' lang='lat' dir='ltr'><strong>plus</strong></span> <span class='ocrx_word' id='word_1_746' title='bbox 1317 5360 1532 5408; x_wconf 87' lang='lat' dir='ltr'><strong>moveat</strong></span> <span class='ocrx_word' id='word_1_747' title='bbox 1571 5351 1810 5410; x_wconf 83' lang='lat' dir='ltr'><strong>animum</strong></span> <span class='ocrx_word' id='word_1_748' title='bbox 1843 5358 2059 5416; x_wconf 87' lang='lat' dir='ltr'><strong>cantus,</strong></span> 
     </span>
    </p>
   </div>
   <div class='ocr_carea' id='block_1_101' title="bbox 2170 4624 3770 4698">
    <p class='ocr_par' dir='ltr' id='par_1_101' title="bbox 2170 4624 3770 4698">
     <span class='ocr_line' id='line_1_101' title="bbox 2170 4624 3770 4698; baseline -0.004 -14"><span class='ocrx_word' id='word_1_749' title='bbox 2170 4633 2387 4684; x_wconf 89' lang='lat' dir='ltr'><strong>constat</strong></span> <span class='ocrx_word' id='word_1_750' title='bbox 2425 4640 2546 4681; x_wconf 89' lang='lat' dir='ltr'><strong>esse</strong></span> <span class='ocrx_word' id='word_1_751' title='bbox 2578 4626 2933 4695; x_wconf 87' lang='lat' dir='ltr'><strong>compositam</strong></span> <span class='ocrx_word' id='word_1_752' title='bbox 2952 4667 2966 4692; x_wconf 95' lang='lat'><strong>,</strong></span> <span class='ocrx_word' id='word_1_753' title='bbox 2995 4633 3052 4681; x_wconf 91' lang='lat' dir='ltr'><strong>et</strong></span> <span class='ocrx_word' id='word_1_754' title='bbox 3078 4640 3185 4681; x_wconf 91' lang='lat' dir='ltr'><strong>non</strong></span> <span class='ocrx_word' id='word_1_755' title='bbox 3213 4624 3468 4698; x_wconf 85' lang='lat' dir='ltr'><strong>ﬁgmenta</strong></span> <span class='ocrx_word' id='word_1_756' title='bbox 3492 4637 3770 4695; x_wconf 83' lang='lat' dir='ltr'><strong>quorum-</strong></span> 
     </span>
    </p>
   </div>
   <div class='ocr_carea' id='block_1_102' title="bbox 2169 4714 3772 4784">
    <p class='ocr_par' dir='ltr' id='par_1_102' title="bbox 2169 4714 3772 4784">
     <span class='ocr_line' id='line_1_102' title="bbox 2169 4714 3772 4784; baseline -0.002 -13"><span class='ocrx_word' id='word_1_757' title='bbox 2169 4715 2300 4771; x_wconf 89' lang='lat' dir='ltr'><strong>libet</strong></span> <span class='ocrx_word' id='word_1_758' title='bbox 2323 4714 2602 4771; x_wconf 87' lang='lat' dir='ltr'><strong>hominum</strong></span> <span class='ocrx_word' id='word_1_759' title='bbox 2621 4755 2634 4780; x_wconf 94' lang='lat'><strong>,</strong></span> <span class='ocrx_word' id='word_1_760' title='bbox 2662 4729 2784 4784; x_wconf 64' lang='lat' dir='ltr'><strong>qua;</strong></span> <span class='ocrx_word' id='word_1_761' title='bbox 2817 4730 2849 4769; x_wconf 90' lang='lat' dir='ltr'><strong>a</strong></span> <span class='ocrx_word' id='word_1_762' title='bbox 2879 4723 3030 4771; x_wconf 90' lang='lat' dir='ltr'><strong>tanto</strong></span> <span class='ocrx_word' id='word_1_763' title='bbox 3055 4714 3150 4769; x_wconf 91' lang='lat' dir='ltr'><strong>illo</strong></span> <span class='ocrx_word' id='word_1_764' title='bbox 3172 4715 3291 4768; x_wconf 91' lang='lat' dir='ltr'><strong>viro</strong></span> <span class='ocrx_word' id='word_1_765' title='bbox 3327 4728 3434 4768; x_wconf 86' lang='lat' dir='ltr'><strong>non</strong></span> <span class='ocrx_word' id='word_1_766' title='bbox 3463 4727 3585 4768; x_wconf 90' lang='lat' dir='ltr'><strong>esse</strong></span> <span class='ocrx_word' id='word_1_767' title='bbox 3607 4726 3772 4767; x_wconf 88' lang='lat' dir='ltr'><strong>com-</strong></span> 
     </span>
    </p>
   </div>
   <div class='ocr_carea' id='block_1_103' title="bbox 2168 4802 3772 4878">
    <p class='ocr_par' dir='ltr' id='par_1_103' title="bbox 2168 4802 3772 4878">
     <span class='ocr_line' id='line_1_103' title="bbox 2168 4802 3772 4878; baseline -0.005 -14"><span class='ocrx_word' id='word_1_768' title='bbox 2168 4808 2365 4878; x_wconf 90' lang='lat' dir='ltr'><strong>posita,</strong></span> <span class='ocrx_word' id='word_1_769' title='bbox 2409 4821 2570 4863; x_wconf 88' lang='lat' dir='ltr'><strong>nemo</strong></span> <span class='ocrx_word' id='word_1_770' title='bbox 2608 4806 2715 4861; x_wconf 90' lang='lat' dir='ltr'><strong>nisi</strong></span> <span class='ocrx_word' id='word_1_771' title='bbox 2744 4806 2834 4875; x_wconf 92' lang='lat' dir='ltr'><strong>qui</strong></span> <span class='ocrx_word' id='word_1_772' title='bbox 2861 4806 3245 4861; x_wconf 83' lang='lat' dir='ltr'><strong>sincerissiime</strong></span> <span class='ocrx_word' id='word_1_773' title='bbox 3279 4806 3396 4871; x_wconf 79' lang='lat' dir='ltr'><strong>ejus</strong></span> <span class='ocrx_word' id='word_1_774' title='bbox 3424 4802 3550 4857; x_wconf 89' lang='lat' dir='ltr'><strong>ﬁdei</strong></span> <span class='ocrx_word' id='word_1_775' title='bbox 3577 4811 3634 4857; x_wconf 90' lang='lat' dir='ltr'><strong>et</strong></span> <span class='ocrx_word' id='word_1_776' title='bbox 3668 4817 3772 4857; x_wconf 80' lang='lat' dir='ltr'><strong>ex-</strong></span> 
     </span>
    </p>
   </div>
   <div class='ocr_carea' id='block_1_104' title="bbox 2171 4894 3543 4966">
    <p class='ocr_par' dir='ltr' id='par_1_104' title="bbox 2171 4894 3543 4966">
     <span class='ocr_line' id='line_1_104' title="bbox 2171 4894 3543 4966; baseline -0.005 -11"><span class='ocrx_word' id='word_1_777' title='bbox 2171 4899 2567 4955; x_wconf 77' lang='lat' dir='ltr'><strong>cellentissime</strong></span> <span class='ocrx_word' id='word_1_778' title='bbox 2587 4897 2909 4952; x_wconf 89' lang='lat' dir='ltr'><strong>eruditionis</strong></span> <span class='ocrx_word' id='word_1_779' title='bbox 2931 4897 3156 4966; x_wconf 82' lang='lat' dir='ltr'><strong>ignarus</strong></span> <span class='ocrx_word' id='word_1_780' title='bbox 3180 4905 3286 4960; x_wconf 90' lang='lat' dir='ltr'><strong>est,</strong></span> <span class='ocrx_word' id='word_1_781' title='bbox 3312 4894 3543 4950; x_wconf 83' lang='lat' dir='ltr'><strong>dubitat.</strong></span> 
     </span>
    </p>
   </div>
   <div class='ocr_carea' id='block_1_105' title="bbox 2243 4986 3770 5061">
    <p class='ocr_par' dir='ltr' id='par_1_105' title="bbox 2243 4986 3770 5061">
     <span class='ocr_line' id='line_1_105' title="bbox 2243 4986 3770 5061; baseline -0.003 -17"><span class='ocrx_word' id='word_1_782' title='bbox 2243 4989 2379 5046; x_wconf 79' lang='lat' dir='ltr'><strong>XVI.</strong></span> <span class='ocrx_word' id='word_1_783' title='bbox 2420 4989 2589 5061; x_wconf 88' lang='lat' dir='ltr'><strong>Igitur</strong></span> <span class='ocrx_word' id='word_1_784' title='bbox 2635 4989 2758 5059; x_wconf 90' lang='lat' dir='ltr'><strong>quia</strong></span> <span class='ocrx_word' id='word_1_785' title='bbox 2807 4996 3121 5043; x_wconf 90' lang='lat' dir='ltr'><strong>sanctorum</strong></span> <span class='ocrx_word' id='word_1_786' title='bbox 3167 4987 3394 5042; x_wconf 90' lang='lat' dir='ltr'><strong>Patrum</strong></span> <span class='ocrx_word' id='word_1_787' title='bbox 3428 4986 3586 5040; x_wconf 89' lang='lat' dir='ltr'><strong>dictis</strong></span> <span class='ocrx_word' id='word_1_788' title='bbox 3626 4986 3770 5040; x_wconf 85' lang='lat' dir='ltr'><strong>satis</strong></span> 
     </span>
    </p>
   </div>
   <div class='ocr_carea' id='block_1_106' title="bbox 2169 5071 3769 5149">
    <p class='ocr_par' dir='ltr' id='par_1_106' title="bbox 2169 5071 3769 5149">
     <span class='ocr_line' id='line_1_106' title="bbox 2169 5071 3769 5149; baseline -0.006 -13"><span class='ocrx_word' id='word_1_789' title='bbox 2169 5088 2446 5136; x_wconf 91' lang='lat' dir='ltr'><strong>ostensum</strong></span> <span class='ocrx_word' id='word_1_790' title='bbox 2475 5089 2559 5136; x_wconf 89' lang='lat' dir='ltr'><strong>est</strong></span> <span class='ocrx_word' id='word_1_791' title='bbox 2595 5087 2853 5149; x_wconf 89' lang='lat' dir='ltr'><strong>quantum</strong></span> <span class='ocrx_word' id='word_1_792' title='bbox 2888 5078 3140 5132; x_wconf 75' lang='lat' dir='ltr'><strong>humanm</strong></span> <span class='ocrx_word' id='word_1_793' title='bbox 3179 5077 3426 5132; x_wconf 86' lang='lat' dir='ltr'><strong>levitates</strong></span> <span class='ocrx_word' id='word_1_794' title='bbox 3451 5085 3505 5130; x_wconf 92' lang='lat' dir='ltr'><strong>et</strong></span> <span class='ocrx_word' id='word_1_795' title='bbox 3533 5071 3769 5129; x_wconf 79' lang='lat' dir='ltr'><strong>menda-</strong></span> 
     </span>
    </p>
   </div>
   <div class='ocr_carea' id='block_1_107' title="bbox 2171 5165 3768 5240">
    <p class='ocr_par' dir='ltr' id='par_1_107' title="bbox 2171 5165 3768 5240">
     <span class='ocr_line' id='line_1_107' title="bbox 2171 5165 3768 5240; baseline -0.004 -15"><span class='ocrx_word' id='word_1_796' title='bbox 2171 5171 2257 5225; x_wconf 92' lang='lat' dir='ltr'><strong>cia</strong></span> <span class='ocrx_word' id='word_1_797' title='bbox 2311 5170 3018 5240; x_wconf 84' lang='lat' dir='ltr'><strong>devitanda,quantumque</strong></span> <span class='ocrx_word' id='word_1_798' title='bbox 3067 5169 3374 5224; x_wconf 89' lang='lat' dir='ltr'><strong>divinorum</strong></span> <span class='ocrx_word' id='word_1_799' title='bbox 3422 5165 3768 5236; x_wconf 86' lang='lat' dir='ltr'><strong>eloquiorum</strong></span> 
     </span>
    </p>
   </div>
   <div class='ocr_carea' id='block_1_108' title="bbox 2172 5257 3769 5327">
    <p class='ocr_par' dir='ltr' id='par_1_108' title="bbox 2172 5257 3769 5327">
     <span class='ocr_line' id='line_1_108' title="bbox 2172 5257 3769 5327; baseline -0.002 -14"><span class='ocrx_word' id='word_1_800' title='bbox 2172 5260 2376 5314; x_wconf 87' lang='lat' dir='ltr'><strong>veritas</strong></span> <span class='ocrx_word' id='word_1_801' title='bbox 2403 5274 2467 5313; x_wconf 90' lang='lat' dir='ltr'><strong>ac</strong></span> <span class='ocrx_word' id='word_1_802' title='bbox 2494 5257 2779 5314; x_wconf 90' lang='lat' dir='ltr'><strong>sinceritas</strong></span> <span class='ocrx_word' id='word_1_803' title='bbox 2813 5257 3186 5327; x_wconf 84' lang='lat' dir='ltr'><strong>amplectenda</strong></span> <span class='ocrx_word' id='word_1_804' title='bbox 3219 5260 3308 5322; x_wconf 88' lang='lat' dir='ltr'><strong>sit,</strong></span> <span class='ocrx_word' id='word_1_805' title='bbox 3345 5258 3474 5312; x_wconf 90' lang='lat' dir='ltr'><strong>libet</strong></span> <span class='ocrx_word' id='word_1_806' title='bbox 3500 5271 3675 5327; x_wconf 85' lang='lat' dir='ltr'><strong>pauca</strong></span> <span class='ocrx_word' id='word_1_807' title='bbox 3701 5271 3769 5310; x_wconf 76' lang='lat' dir='ltr'><strong>ex</strong></span> 
     </span>
    </p>
   </div>
   <div class='ocr_carea' id='block_1_109' title="bbox 2171 5343 3772 5418">
    <p class='ocr_par' dir='ltr' id='par_1_109' title="bbox 2171 5343 3772 5418">
     <span class='ocr_line' id='line_1_109' title="bbox 2171 5343 3772 5418; baseline -0.002 -17"><span class='ocrx_word' id='word_1_808' title='bbox 2171 5349 2354 5404; x_wconf 90' lang='lat' dir='ltr'><strong>verbis</strong></span> <span class='ocrx_word' id='word_1_809' title='bbox 2399 5347 2548 5403; x_wconf 89' lang='lat' dir='ltr'><strong>beati</strong></span> <span class='ocrx_word' id='word_1_810' title='bbox 2587 5347 2846 5417; x_wconf 82' lang='lat' dir='ltr'><strong>martyris</strong></span> <span class='ocrx_word' id='word_1_811' title='bbox 2883 5346 3135 5418; x_wconf 88' lang='lat' dir='ltr'><strong>Cypriani</strong></span> <span class='ocrx_word' id='word_1_812' title='bbox 3177 5349 3524 5411; x_wconf 85' lang='lat' dir='ltr'><strong>subnectere,</strong></span> <span class='ocrx_word' id='word_1_813' title='bbox 3565 5343 3772 5414; x_wconf 86' lang='lat' dir='ltr'><strong>quibus</strong></span> 
     </span>
    </p>
   </div>
   <div class='ocr_carea' id='block_1_110' title="bbox 1852 5461 2396 5518">
    <p class='ocr_par' dir='ltr' id='par_1_110' title="bbox 1852 5461 2396 5518">
     <span class='ocr_line' id='line_1_110' title="bbox 1852 5461 2396 5518; baseline 0 -2"><span class='ocrx_word' id='word_1_814' title='bbox 1852 5462 2126 5518; x_wconf 82' lang='lat' dir='ltr'><strong>BALUZII</strong></span> <span class='ocrx_word' id='word_1_815' title='bbox 2167 5461 2396 5518; x_wconf 63' lang='grc' dir='ltr'><strong>ΝΟΤᾸΕ.</strong></span> 
     </span>
    </p>
   </div>
   <div class='ocr_carea' id='block_1_111' title="bbox 541 5572 2058 5646">
    <p class='ocr_par' dir='ltr' id='par_1_111' title="bbox 541 5572 2058 5646">
     <span class='ocr_line' id='line_1_111' title="bbox 541 5572 2058 5646; baseline -0.005 -14"><span class='ocrx_word' id='word_1_816' title='bbox 541 5591 566 5618; x_wconf 75' lang='grc' dir='ltr'>α</span> <span class='ocrx_word' id='word_1_817' title='bbox 595 5577 836 5646; x_wconf 80' lang='lat' dir='ltr'><strong>Gregorii</strong></span> <span class='ocrx_word' id='word_1_818' title='bbox 864 5594 1052 5633; x_wconf 81' lang='lat' dir='ltr'><strong>nomen</strong></span> <span class='ocrx_word' id='word_1_819' title='bbox 1072 5578 1276 5632; x_wconf 82' lang='lat' dir='ltr'><strong>titulus.</strong></span> <span class='ocrx_word' id='word_1_820' title='bbox 1319 5578 1514 5632; x_wconf 84' lang='lat' dir='ltr'><strong>Exstat</strong></span> <span class='ocrx_word' id='word_1_821' title='bbox 1539 5577 1684 5631; x_wconf 89' lang='lat' dir='ltr'><strong>enim</strong></span> <span class='ocrx_word' id='word_1_822' title='bbox 1717 5575 1858 5646; x_wconf 67' lang='lat' dir='ltr'><strong>inter</strong></span> <span class='ocrx_word' id='word_1_823' title='bbox 1882 5572 2058 5646; x_wconf 73' lang='lat' dir='ltr'><strong>Opera</strong></span> 
     </span>
    </p>
   </div>
   <div class='ocr_carea' id='block_1_112' title="bbox 473 5642 2059 5717">
    <p class='ocr_par' dir='ltr' id='par_1_112' title="bbox 473 5642 2059 5717">
     <span class='ocr_line' id='line_1_112' title="bbox 473 5642 2059 5717; baseline -0.003 -16"><span class='ocrx_word' id='word_1_824' title='bbox 473 5649 640 5702; x_wconf 78' lang='lat' dir='ltr'><strong>sancti</strong></span> <span class='ocrx_word' id='word_1_825' title='bbox 671 5642 917 5716; x_wconf 77' lang='lat' dir='ltr'><strong>Gregorii</strong></span> <span class='ocrx_word' id='word_1_826' title='bbox 965 5664 1116 5717; x_wconf 72' lang='lat' dir='ltr'><strong>papae</strong></span> <span class='ocrx_word' id='word_1_827' title='bbox 1159 5647 1739 5717; x_wconf 16' lang='lat' dir='ltr'><strong>Antiphonarinsgsive</strong></span> <span class='ocrx_word' id='word_1_828' title='bbox 1769 5642 2059 5717; x_wconf 77' lang='lat' dir='ltr'><strong>Gradualis</strong></span> 
     </span>
    </p>
   </div>
   <div class='ocr_carea' id='block_1_113' title="bbox 461 5713 2057 5786">
    <p class='ocr_par' dir='ltr' id='par_1_113' title="bbox 461 5713 2057 5786">
     <span class='ocr_line' id='line_1_113' title="bbox 461 5713 2057 5786; baseline -0.005 -13"><span class='ocrx_word' id='word_1_829' title='bbox 461 5720 598 5775; x_wconf 79' lang='lat' dir='ltr'><strong>liber</strong></span> <span class='ocrx_word' id='word_1_830' title='bbox 625 5713 906 5771; x_wconf 73' lang='lat' dir='ltr'><strong>ordinatus</strong></span> <span class='ocrx_word' id='word_1_831' title='bbox 935 5713 1330 5786; x_wconf 37' lang='lat' dir='ltr'><strong>pl‘r’circulum</strong></span> <span class='ocrx_word' id='word_1_832' title='bbox 1379 5718 1542 5772; x_wconf 62' lang='lat' dir='ltr'><strong>anni;</strong></span> <span class='ocrx_word' id='word_1_833' title='bbox 1567 5713 1766 5770; x_wconf 80' lang='lat' dir='ltr'><strong>Verum</strong></span> <span class='ocrx_word' id='word_1_834' title='bbox 1818 5715 1961 5768; x_wconf 88' lang='lat' dir='ltr'><strong>hunc</strong></span> <span class='ocrx_word' id='word_1_835' title='bbox 1994 5713 2057 5766; x_wconf 86' lang='lat' dir='ltr'><strong>li-</strong></span> 
     </span>
    </p>
   </div>
   <div class='ocr_carea' id='block_1_114' title="bbox 2168 5572 3767 5646">
    <p class='ocr_par' dir='ltr' id='par_1_114' title="bbox 2168 5572 3767 5646">
     <span class='ocr_line' id='line_1_114' title="bbox 2168 5572 3767 5646; baseline 0.001 -19"><span class='ocrx_word' id='word_1_836' title='bbox 2168 5575 2326 5646; x_wconf 85' lang='lat' dir='ltr'><strong>brum</strong></span> <span class='ocrx_word' id='word_1_837' title='bbox 2363 5589 2469 5629; x_wconf 90' lang='lat' dir='ltr'><strong>non</strong></span> <span class='ocrx_word' id='word_1_838' title='bbox 2501 5589 2620 5646; x_wconf 80' lang='lat' dir='ltr'><strong>esse</strong></span> <span class='ocrx_word' id='word_1_839' title='bbox 2662 5575 2910 5646; x_wconf 84' lang='lat' dir='ltr'><strong>Gregorii</strong></span> <span class='ocrx_word' id='word_1_840' title='bbox 2956 5575 3235 5631; x_wconf 89' lang='lat' dir='ltr'><strong>contendit</strong></span> <span class='ocrx_word' id='word_1_841' title='bbox 3273 5574 3616 5645; x_wconf 79' lang='lat' dir='ltr'><strong>Agobardus.</strong></span> <span class='ocrx_word' id='word_1_842' title='bbox 3650 5572 3767 5628; x_wconf 82' lang='lat' dir='ltr'><strong>Nisi</strong></span> 
     </span>
    </p>
   </div>
   <div class='ocr_carea' id='block_1_115' title="bbox 2165 5644 3767 5724">
    <p class='ocr_par' dir='ltr' id='par_1_115' title="bbox 2165 5644 3767 5724">
     <span class='ocr_line' id='line_1_115' title="bbox 2165 5644 3767 5724; baseline 0.001 -27"><span class='ocrx_word' id='word_1_843' title='bbox 2165 5644 2209 5697; x_wconf 91' lang='lat' dir='ltr'><strong>si</strong></span> <span class='ocrx_word' id='word_1_844' title='bbox 2257 5659 2447 5724; x_wconf 51' lang='lat' dir='ltr'><strong>revera</strong></span> <span class='ocrx_word' id='word_1_845' title='bbox 2489 5644 2736 5716; x_wconf 87' lang='lat' dir='ltr'><strong>Gregorii</strong></span> <span class='ocrx_word' id='word_1_846' title='bbox 2781 5644 2921 5712; x_wconf 80' lang='lat' dir='ltr'><strong>erat,</strong></span> <span class='ocrx_word' id='word_1_847' title='bbox 2959 5647 3051 5702; x_wconf 90' lang='lat' dir='ltr'><strong>sed</strong></span> <span class='ocrx_word' id='word_1_848' title='bbox 3092 5644 3379 5715; x_wconf 89' lang='lat' dir='ltr'><strong>corruptus</strong></span> <span class='ocrx_word' id='word_1_849' title='bbox 3412 5652 3593 5700; x_wconf 88' lang='lat' dir='ltr'><strong>tractu</strong></span> <span class='ocrx_word' id='word_1_850' title='bbox 3628 5651 3767 5699; x_wconf 86' lang='lat' dir='ltr'><strong>tem-</strong></span> 
     </span>
    </p>
   </div>
   <div class='ocr_carea' id='block_1_116' title="bbox 2163 5727 2329 5781">
    <p class='ocr_par' dir='ltr' id='par_1_116' title="bbox 2163 5727 2329 5781">
     <span class='ocr_line' id='line_1_116' title="bbox 2163 5727 2329 5781; baseline 0 -17"><span class='ocrx_word' id='word_1_851' title='bbox 2163 5727 2329 5781; x_wconf 79' lang='lat' dir='ltr'><strong>poris.</strong></span> 
     </span>
    </p>
   </div>
  </div>
