3930 6350
210 401 322 456 557

1343 397 1468 452 LIB.
1515 397 1602 452 DE
1639 393 1988 452 CORRECT.
2017 393 2386 452 AN'I‘II’IION.

3395 395 3502 451 358

209 514 537 572 ostendatur
567 528 672 583 qua
705 511 969 584 gravitate
1007 519 1064 566 et
1109 510 1373 565 modestia
1419 511 1601 565 divina
1633 508 1804 563 cilicia
1835 510 1887 570 Α
1911 495 2147 562 officium
2200 507 2504 577 injunctum
2553 512 2658 572 est,
2718 521 2914 584 magna
2973 507 3192 563 occasio
3241 515 3419 563 stulta:
3448 520 3504 564 et

209 605 538 660 celebranda
560 605 665 658 sint
698 619 712 657 :
747 623 764 654 ‹
802 603 906 667 Sit,
932 602 1106 670 inquit
1128 601 1323 672 (Serm.
1353 601 1418 654 de
1440 599 1592 655 Orat.
1625 600 1805 670 Dom.)

212 698 501 752 orantibus
529 712 706 752 sermo
729 704 782 750 et
805 696 1046 765 precatio
1081 709 1203 748 cum
1235 693 1536 762 disciplina,
1571 693 1807 761 quietem

213 787 506 841 continens
529 795 582 840 et
619 785 902 856 pudorem.
929 784 1237 854 Cogitemus
1260 799 1360 838 nos
1381 783 1481 837 sub
1517 776 1808 852 censpectu

213 877 314 930 Dei
345 885 506 930 stare.
540 875 869 930 Placendum
893 883 976 930 est
995 875 1192 930 divinis
1215 873 1387 928 oculis
1412 881 1467 927 et
1488 873 1674 927 habitu
1695 887 1814 927 cor-

213 971 389 1041 poris,
423 978 478 1025 et
507 970 667 1026 nodo
690 971 858 1026 vocis.
894 969 1028 1024 Nam
1054 976 1120 1022 ut
1154 968 1480 1039 impudentis
1501 974 1584 1021 est
1608 966 1813 1020 clamo-

214 1062 372 1116 ribus
395 1069 656 1130 strepere,
685 1061 758 1115 ita
803 1061 1052 1132 congruit
1081 1059 1388 1114 verecundo
1411 1057 1670 1112 modestis
1691 1069 1814 1124 pre-

213 1155 375 1210 cibus
404 1171 578 1210 orare.
614 1155 681 1210 Et
708 1156 927 1226 quando
955 1156 1008 1209 in
1038 1170 1204 1209 unum
1235 1169 1359 1208 cum
1396 1151 1655 1207 fratribus
1681 1166 1811 1206 con-

211 1247 490 1312 venimus,
531 1255 584 1301 et
613 1247 881 1302 sacriﬁcia
927 1246 1106 1302 divina
1137 1261 1258 1300 cum
1289 1244 1503 1299 Domini
1537 1245 1816 1300 sacerdote

213 1336 578 1401 celebramus,
610 1338 952 1393 verecundia:
980 1345 1036 1392 et
1059 1336 1356 1406 disciplinae
1395 1349 1664 1390 memores
1697 1351 1816 1391 esse

214 1423 480 1480 debemus
519 1443 532 1478 :
567 1441 672 1478 non
721 1425 923 1494 passim
969 1425 1231 1480 ventilare
1273 1440 1464 1495 preces
1491 1432 1704 1479 nostras
1731 1424 1814 1477 in-

213 1515 456 1570 conditis
510 1516 770 1582 vocibus,
817 1532 918 1571 nec
961 1517 1278 1587 petitionem
1333 1514 1816 1570 commendandam

214 1603 488 1668 modeste,
520 1604 629 1658 Deo
676 1605 1004 1659 tumultuosa
1055 1604 1385 1673 loquacitate
1421 1603 1648 1672 jactare.
1680 1601 1817 1668 Quia

216 1692 368 1748 Deus
393 1709 497 1748 non
526 1696 674 1749 vocis
700 1696 796 1751 sed
816 1695 996 1751 cordis
1019 1695 1234 1750 auditor
1257 1703 1372 1758 est;
1403 1710 1504 1750 nec
1526 1695 1820 1748 admonen-

214 1786 325 1840 dus
348 1793 433 1840 est
464 1785 810 1854 clamoribus,
850 1788 943 1856 qui
970 1789 1323 1859 cogitationes
1349 1787 1515 1851 videt,
1552 1786 1817 1855 probante

1912 599 2088 652 noxiae
2111 597 2486 666 occupationis
2508 596 2770 652 aufertur.
2796 579 2886 655 Ex.
2897 599 3094 668 quibus
3122 599 3511 668 quamplurimi'

1913 690 1981 744 ab
2009 691 2226 746 ineunte
2253 691 2483 760 pueritia
2504 707 2674 760 usque
2699 693 2768 748 ad
2793 694 3091 749 senectutis
3113 695 3366 751 canitiem
3389 709 3490 749 etu-

1913 795 2010 833 nes
2038 780 2154 835 dies
2183 782 2307 835 vitae
2348 795 2458 834 sua:
2488 780 2542 834 in
2584 782 2822 850 parando
2848 790 2904 837 et
2932 783 3304 838 conﬁrmando
3340 792 3505 838 cantu

1913 872 2254 946 expendunt;
2283 883 2340 927 et
2372 880 2544 927 totum
2578 880 2789 941 tempus
2834 874 3049 928 utilium
3082 882 3138 929 et
3179 875 3504 945 spiritalium

1912 960 2233 1026 studiorum,
2265 960 2477 1031 legendi
2515 959 2787 1028 videlicet,
2822 969 2878 1017 et
2917 963 3097 1020 divina
3134 965 3347 1036 eloquia
3379 981 3504 1036 per-

1913 1051 2226 1117 scrutandi,
2280 1053 2334 1106 in
2381 1051 2686 1107 istiusmodi
2735 1054 3086 1123 occupatione
3136 1063 3504 1118 consumunt;

1915 1143 2166 1211 quodque
2221 1143 2508 1198 animabus
2565 1159 2753 1198 eorum
2808 1144 2997 1214 procul
3046 1144 3207 1200 dubio
3242 1146 3398 1202 valde
3425 1155 3512 1202 est

1917 1233 2163 1297 noxium,
2212 1233 2384 1304 ignari
2418 1230 2539 1288 ﬁdei
2587 1250 2718 1300 suae,
2750 1235 2906 1290 inscii
2944 1234 3348 1306 Scripturarum
3381 1254 3508 1293 san-

1915 1328 2151 1385 ctarum,
2182 1331 2239 1375 et
2267 1321 2464 1375 divinae
2492 1321 2860 1393 intelligentia:
2887 1324 3077 1379 inanes
3106 1340 3172 1380 ac
3199 1328 3376 1391 vacui,
3408 1327 3513 1381 hoc

1916 1414 2088 1468 solum
2121 1414 2222 1469 sibi
2249 1414 2500 1470 sufﬁcere
2527 1424 2750 1486 putant;
2775 1424 2830 1470 et
2856 1417 2926 1472 ob
2953 1417 3077 1484 hoc,
3108 1419 3274 1473 etiam
3300 1421 3508 1474 ventosi

1917 1514 1973 1559 et
2011 1503 2182 1570 inflati
2214 1505 2487 1571 incedunt,
2517 1506 2562 1560 si
2603 1520 2796 1561 sonum
2823 1513 2877 1561 et
2902 1522 3090 1562 vocem
3115 1509 3513 1565 decantationis

1917 1604 2193 1665 utcunque
2220 1596 2522 1660 addiscant,
2553 1603 2607 1651 et
2629 1597 2681 1650 in
2707 1611 2933 1652 numero
2959 1606 3244 1653 cantorum
3266 1599 3510 1668 deputari

1917 1684 2217 1739 videantur.
2249 1685 2455 1751 Quibus
2480 1685 2702 1738 omnino
2724 1684 2896 1755 (dum,
2923 1686 3069 1740 sicut
3085 1686 3280 1742 beatus
3305 1687 3510 1758 Grego-

1919 1774 2034 1829 rius
2059 1789 2222 1843 supra
2253 1773 2350 1838 ait,
2380 1772 2551 1827 Deum
2581 1760 2814 1827 moribus
2862 1773 3172 1838 stimulant,
3197 1792 3316 1830 cum
3343 1793 3512 1846 papu-

218 1875 456 1930 Domino
491 1887 545 1931 et
575 1877 789 1932 dicente
821 1895 835 1932 :
868 1853 946 1931 Ὲι
991 1853 1154 1932 scient
1185 1895 1360 1932 omnes
1402 1853 1672 1940 Ecclesiae,
1695 1876 1819 1946 quia

1928 1863 2032 1917 lum
2063 1855 2272 1918 vocibus
2301 1861 2576 1931 oblectent)
2607 1863 2955 1918 metuendum
2999 1871 3086 1920 est
3109 1879 3178 1920 ne
3206 1865 3369 1921 etiam
3399 1865 3514 1936 ipsa

215 1982 316 2035 ego
374 1981 490 2020 sum
541 1978 783 2021 scrutatis
837 1984 986 2022 renes
1029 1977 1077 2021 et
1126 1968 1308 2022 corda.
1350 1966 1519 2021 Sonet
1553 1965 1814 2036 psalmus.

214 2057 544 2114 Convivium
599 2060 841 2115 sobrium
893 2061 966 2115 sit
1023 2060 1178 2115 nobis
1235 2059 1534 2131 spiritualis
1583 2058 1817 2124 auditio,

215 2148 490 2217 prolectet
527 2164 687 2204 aures
714 2149 965 2221 religiosa
997 2149 1264 2206 mulcedo.
1304 2170 1322 2202 ι

297 2237 458 2294 XVII.
493 2240 598 2296 His
623 2256 753 2310 ergo
794 2249 851 2296 et
885 2241 1192 2312 hujusmodi
1230 2243 1449 2298 Patrum
1485 2244 1703 2299 monitis
1732 2244 1818 2297 in-

219 2328 465 2396 formati,
500 2341 555 2387 et
582 2349 768 2389 eorum
798 2342 1089 2404 sequentes
1117 2335 1345 2406 vestigia
1372 2352 1510 2407 quos
1546 2335 1614 2391 ad
1639 2338 1822 2392 Domi-

219 2438 354 2476 num
401 2426 742 2493 praecessisse
788 2442 895 2480 non
932 2428 1276 2498 ambigimus,
1310 2435 1535 2482 cunctas
1565 2428 1823 2482 adiuven-

220 2516 406 2570 tiones
440 2517 717 2572 hominum
763 2520 916 2587 quasi
945 2518 1245 2588 superfluas
1277 2516 1614 2589 respuentes,
1642 2521 1822 2575 verbis

221 2605 445 2659 Domini
487 2621 608 2676 qua:
655 2607 722 2662 ad
771 2609 952 2662 omnia
1005 2607 1293 2675 sufﬁciunt,
1327 2609 1380 2662 in
1408 2607 1542 2677 ejus
1575 2609 1822 2666 laudibus

219 2712 604 2766 personemus,
629 2707 688 2753 ut
710 2716 832 2755 cum
869 2702 1026 2757 beato
1064 2702 1233 2757 David
1270 2704 1450 2758 dicere
1499 2703 1774 2758 valeamus
1806 2722 1817 2757 :

223 2786 298 2841 Et
326 2805 442 2859 qua:
479 2789 545 2843 de
573 2807 732 2843 manu
769 2800 859 2844 tua
891 2793 1202 2863 accepimus,
1235 2793 1474 2848 dedimus
1511 2793 1624 2849 tibi.
1663 2793 1822 2861 Quia,

220 2888 288 2933 ut
335 2881 530 2936 beatus
557 2876 896 2954 Augustinus
917 2885 1015 2949 ait,
1052 2902 1069 2934 ‹
1103 2884 1246 2938 Nihil
1273 2885 1383 2940 Deo
1409 2893 1557 2941 recte
1577 2883 1820 2950 offertur,

221 2971 335 3025 nisi
364 2972 506 3040 quod
543 2973 611 3025 ab
645 2989 710 3027 eo
742 2975 1024 3042 accipitur.
1057 2995 1076 3027 ι
1106 2974 1208 3042 Qui
1240 2982 1294 3030 et
1325 2975 1428 3030 alio
1467 2975 1586 3030 loco
1614 2986 1826 3044 prace-

223 3062 311 3130 pit
335 3063 447 3117 suis
479 3081 490 3116 :
524 3081 541 3114 ‹
574 3061 750 3118 Nolite
778 3074 999 3119 cantare
1023 3065 1126 3119 nisi
1154 3065 1296 3134 quod
1321 3065 1530 3136 legistis
1552 3081 1672 3120 esse
1697 3081 1824 3121 can-

225 3152 476 3206 tandum.
509 3173 526 3204 »
561 3152 714 3220 Quod
751 3153 970 3222 quidam
1009 3154 1246 3226 religiosi
1271 3154 1369 3208 viri
1393 3160 1683 3224 sequentes
1705 3154 1826 3208 sub-

218 3241 387 3309 jectis
409 3242 508 3296 sibi
533 3241 791 3296 fratribus
817 3254 1146 3312 przeceptum
1173 3243 1278 3298 tale
1299 3244 1562 3299 dederunt
1599 3263 1611 3298 :
1638 3243 1829 3299 Nullus

222 3340 526 3402 praesumat
561 3335 925 3403 responsoria,
965 3343 1058 3390 aut
1098 3335 1442 3404 antipbonas,
1487 3352 1607 3406 quae
1653 3337 1829 3392 solent

224 3427 398 3495 aliqui
425 3427 722 3496 composito
747 3443 877 3482 sono
906 3443 1004 3497 pro
1031 3444 1127 3482 suo
1154 3428 1309 3482 Iibitu
1333 3444 1439 3482 non
1470 3444 1536 3484 ex
1564 3430 1828 3484 canonica

226 3519 516 3589 Scriptura
562 3532 839 3592 assumpta
887 3538 1105 3588 canere,
1156 3524 1208 3578 in
1251 3525 1670 3594 congregatione
1725 3525 1829 3579 ista

225 3613 321 3668 vel
353 3615 600 3669 meditari
645 3615 729 3668 vel
762 3616 964 3670 dicere.
996 3615 1223 3685 Oportet
1245 3617 1391 3670 enim
1426 3631 1526 3670 nos
1557 3631 1748 3670 sanam
1776 3625 1832 3670 et

228 3705 539 3775 simplicem
571 3706 924 3776 apostolicam
960 3715 1014 3760 et
1044 3715 1260 3776 patrum
1292 3715 1604 3760 nostrorum
1629 3706 1828 3760 imitari

229 3799 565 3863 doctrinam,
597 3807 652 3853 et
689 3801 918 3871 gratiam
964 3799 1224 3862 stabilire,
1259 3815 1353 3853 cor
1383 3814 1680 3867 moresque
1699 3799 1827 3854 sub-

227 3889 370 3942 dere
424 3889 741 3958 disciplinae.
793 3890 868 3942 Ea
919 3888 1083 3956 igitur
1122 3897 1346 3942 cantare
1391 3887 1652 3944 debemus
1686 3904 1828 3958 quae,

229 3980 379 4033 sicut
431 3979 620 4034 beatus
671 3979 1006 4050 Augustinus
1051 3980 1203 4045 dicit,
1258 3979 1332 4032 ita
1373 3980 1574 4048 scripta
1617 3988 1743 4060 sunt
1775 3987 1832 4034 ut

229 4081 547 4129 cantantur.
587 4092 604 4124 ι
634 4072 764 4139 Quae
813 4082 995 4128 autem
1031 4089 1137 4127 non
1184 4074 1257 4128 ita
1288 4075 1490 4144 scripta
1535 4082 1682 4140 Sunt,
1721 4091 1829 4130 non

230 4174 552 4229 cantemus;
595 4166 720 4234 quia
753 4169 860 4219 nec
901 4165 1006 4219 alio
1049 4166 1208 4220 modo
1242 4181 1403 4233 quam
1437 4155 1544 4234 quo
1584 4166 1698 4236 ipse
1727 4167 1830 4221 Do-

230 4255 421 4309 minus
443 4255 606 4325 jussit
646 4270 744 4324 per
771 4257 1066 4326 prophetas
1095 4264 1150 4309 et
1195 4255 1468 4324 apostolos
1496 4271 1624 4310 suos
1655 4257 1830 4310 mani-

233 4345 428 4400 festari
476 4362 539 4400 ea
594 4347 906 4402 hominibus
957 4347 1176 4401 debent.
1217 4347 1262 4398 Α
1301 4345 1458 4400 nobis
1510 4346 1831 4401 obedientize

231 4452 404 4507 quam
433 4437 776 4494 victimarum
804 4437 1131 4492 sacrificium
1162 4437 1386 4506 quaerit;
1418 4452 1516 4491 nec
1546 4437 1830 4491 cantilena:

1925 1953 2015 2008 illa
2055 1953 2152 2008 Dei
2200 1954 2570 2024 increpatione
2611 1952 2897 2020 feriantur,
2928 1969 3039 2025 qua
3065 1956 3197 2013 dicit
3229 1975 3244 2012 :
3278 1955 3515 2029 Populm

1923 2045 2007 2098 hic
2032 2042 2185 2098 labiis
2218 2061 2299 2098 me
2343 2046 2718 2110 honorat,'cor
2760 2055 2937 2102 autem
2966 2063 3148 2102 eorum
3195 2048 3346 2120 longe
3373 2061 3447 2106 est
3482 2069 3516 2104 ιι

1924 2149 2026 2187 me.
2065 2133 2132 2187 Et
2169 2134 2366 2188 iterum
2408 2133 2621 2204 :Aufer
2669 2151 2702 2189 a
2752 2151 2835 2189 me
2884 2135 3166 2192 tumultum
3221 2142 3517 2194 carminum

1923 2234 2153 2290 tuorum,
2182 2233 2230 2278 et
2259 2225 2463 2278 cantica
2481 2224 2612 2295 lyra
2641 2235 2746 2281 tute
2772 2241 2878 2280 non
2894 2226 3134 2281 audiam.
3157 2227 3292 2284 Nam
3317 2231 3516 2286 etbea-

1927 2328 2012 2371 tus
2039 2317 2418 2387 Hieronymus,
2448 2323 2510 2370 ut
2537 2331 2699 2386 supra
2725 2324 3086 2374 memoratum
3109 2327 3218 2384 est,
3243 2321 3309 2375 de
3334 2319 3519 2388 hujus-

1926 2408 2071 2464 modi
2101 2407 2413 2464 hominibus
2454 2407 2741 2464 manifeste
2785 2408 2940 2474 dicit,
2978 2409 3122 2478 quod
3170 2410 3236 2465 de
3274 2410 3515 2466 Ecclesia

1925 2500 2021 2555 Dei
2050 2515 2269 2556 scenam
2297 2499 2526 2564 fecerint
2559 2500 2900 2570 populorum.
2930 2499 3083 2556 Hanc
3112 2501 3258 2561 enim
3287 2516 3519 2573 occupa-

1927 2592 2125 2647 tionem
2163 2589 2490 2661 superﬁuam
2518 2591 2574 2646 in
2600 2591 2809 2646 eisdem
2839 2592 3012 2648 sacris
3055 2592 3250 2648 ofﬁciis
3277 2592 3522 2649 devitan-

1927 2691 2009 2738 tes
2036 2683 2263 2752 antiqui,
2307 2698 2431 2738 cum
2462 2681 2542 2737 eis
2585 2680 2832 2751 profecto
2877 2690 3187 2752 suppeteret
3221 2697 3288 2738 ex
3324 2683 3523 2742 divinis

1928 2776 2080 2831 libris
2105 2784 2160 2830 et
2188 2775 2470 2845 multiplex
2499 2774 2655 2844 copia
2687 2773 3035 2839 laudationis,
3078 2783 3133 2829 et
3166 2775 3362 2846 peritia
3409 2790 3523 2830 mo-

1929 2870 2245 2935 dulationis,
2283 2868 2592 2924 maluerunt
2621 2875 2802 2922 tamen
2833 2866 3025 2921 eadem
3067 2881 3209 2937 saepe
3253 2875 3519 2936 repetere,

1927 2975 2091 3031 quam
2118 2959 2344 3014 infinitis
2366 2966 2419 3012 et
2447 2973 2555 3013 non
2582 2957 2908 3013 necessariis
2933 2956 3278 3027 psallentium
3311 2959 3523 3015 animos

1927 3065 2221 3120 occupare,
2252 3049 2336 3104 vel
2367 3063 2615 3121 gravare.

2002 3159 2142 3215 XIX.
2185 3159 2555 3232 Quapropter,
2606 3138 2901 3216 auxiliante
2960 3158 3055 3214 Dei
3107 3161 3316 3232 gratia,
3371 3163 3522 3217 omni

1932 3249 2110 3306 studio
2136 3251 2353 3320 pietatis
2375 3251 2685 3305 instandum
2715 3258 2879 3318 atque
2905 3251 3302 3305 observandum
3326 3260 3432 3315 est,
3465 3262 3524 3306 ut

1931 3344 2071 3398 sicut
2091 3344 2160 3397 ad
2185 3343 2511 3398 celebranda
2535 3343 2824 3398 missarum
2854 3343 3116 3398 solemnia
3143 3345 3307 3400 habet
3337 3345 3524 3400 Eccle-

1931 3435 2007 3488 sia
2038 3447 2062 3474 ιι
2087 3435 2312 3489 Librum
2336 3433 2720 3504 Mysteriorum
2744 3432 2849 3488 ﬁde
2867 3434 3154 3503 purissima
3175 3442 3230 3490 et
3255 3436 3524 3491 concinna

1929 3526 2195 3581 brevitate
2243 3525 2533 3598 digestum,
2572 3525 2747 3582 habet
2763 3534 2816 3581 et
2851 3525 3073 3582 Librum
3104 3526 3421 3584 Lectionum
3457 3544 3521 3582 ex

1932 3616 2130 3670 divinis
2151 3616 2306 3670 libris
2336 3631 2575 3686 congrua
2603 3616 2812 3670 ratione
2842 3616 3148 3682 collectum,
3180 3618 3254 3672 ita
3281 3618 3446 3672 etiam
3471 3628 3522 3674 et

1933 3707 2082 3761 hunc
2111 3707 2332 3761 tertium
2363 3705 2665 3761 Ofﬁcialem
2703 3705 2987 3772 Libellum,
3031 3707 3085 3762 id
3123 3715 3225 3773 est,
3255 3708 3522 3779 Antipho-

1933 3797 2167 3861 narium,
2198 3797 2497 3852 habeamus
2521 3797 2774 3850 omnibus
2797 3796 2826 3836 δ
2855 3797 3108 3851 humanis
3153 3797 3426 3867 figmentis
3470 3809 3528 3862 et

1933 3885 2230 3956 mendaciis
2274 3893 2654 3955 expurgatum,
2688 3893 2754 3939 et
2777 3899 2875 3954 per
2902 3892 3075 3939 totum
3104 3888 3229 3941 anni
3260 3889 3524 3944 circulum

1932 3990 1998 4030 ex
2038 3976 2345 4045 purissimis
2371 3983 2572 4030 sancta:
2598 3974 2895 4044 Scriptura:
2923 3977 3103 4032 verbis
3130 3977 3526 4034 sufflcientissi-

1933 4082 2018 4120 me
2039 4067 2348 4121 ordinatum
2367 4081 2381 4128 ;
2410 4065 2676 4135 quatinus
2690 4065 2746 4120 in
2767 4065 2938 4121 sacris
2957 4065 3154 4122 ofﬁciis
3178 4067 3521 4139 peragendis,

1927 4158 2083 4228 juxta
2119 4155 2558 4228 probatissimam
2601 4155 2729 4211 fidei
2768 4155 3033 4226 regulam,
3077 4153 3133 4212 e‘t
3164 4167 3403 4227 paterna:
3430 4174 3526 4213 au-

1933 4249 2200 4304 ctoritatis
2227 4247 2592 4303 venerabilem
2615 4248 2980 4318 disciplinam,
3003 4265 3109 4304 una
3131 4265 3161 4303 a
3184 4251 3339 4306 nobis
3358 4260 3525 4320 atque

1931 4336 2120 4393 eadem
2146 4338 2488 4394 custodiatur
2515 4337 2691 4393 forma
2737 4339 3070 4405 orationum,
3105 4339 3280 4396 forma
3331 4342 3522 4398 lectio-

1930 4444 2080 4495 num,
2105 4429 2362 4485 etfornia
2393 4429 2885 4486 ecclesiasticarum
2910 4431 3370 4499 modulationum;
3401 4450 3524 4504 qua:

232 4526 536 4581 artiﬁcioso
579 4527 780 4590 studio,
827 4527 923 4580 sed
968 4526 1314 4582 observantia
1359 4527 1740 4582 mandatorum
1777 4535 1829 4582 et
1857 4546 1908 4604 ι)
1933 4521 2121 4576 a'boni
2151 4520 2350 4591 ingenii
2377 4519 2810 4576 adolescentibus
2839 4535 3001 4591 quam
3036 4519 3318 4580 celerrime
3367 4523 3526 4601 inibi-

231 4615 420 4670 cordis
447 4615 711 4669 munditia
740 4615 1063 4669 delectatur.
1096 4634 1114 4666 ι

311 4707 494 4762 XVIII.
537 4707 662 4762 Haec
715 4708 1083 4761 sincerissima
1135 4706 1357 4761 Patrum
1407 4715 1630 4773 statuta,
1678 4708 1828 4763 omni

230 4797 516 4868 diligentia
545 4806 600 4852 et
628 4797 978 4854 veneratidne
1022 4797 1363 4852 observanda
1391 4806 1536 4852 sunt.
1567 4798 1702 4864 Quia
1731 4815 1830 4869 per

234 4890 351 4944 hoc
373 4896 427 4942 et
457 4889 579 4943 ﬁdei
606 4889 833 4958 puritas,
862 4904 927 4942 ac
961 4888 1240 4958 religionis
1266 4889 1550 4958 disciplina
1579 4889 1824 4944 saluber-

235 4980 381 5032 rime
405 4977 725 5042 custoditur,
771 4985 826 5033 et
853 4978 959 5032 duo
982 4977 1119 5031 mala
1147 4977 1318 5032 nimis
1339 4978 1526 5047 pietati
1553 4979 1826 5034 contraria

234 5067 447 5121 utiliter
469 5077 824 5134 resecantur;
857 5069 1122 5134 videlicet,
1156 5069 1282 5123 dum
1326 5077 1382 5124 et
1409 5070 1827 5126 vanissimorum

234 5158 518 5213 hominum
573 5161 943 5229 praesumptio,
996 5161 1086 5229 qui
1145 5175 1253 5214 non
1307 5161 1483 5215 solum
1524 5163 1733 5232 inepta,
1777 5170 1831 5216 et

235 5248 534 5318 superflua,
560 5251 652 5304 sed
684 5251 846 5304 etiam
870 5251 1095 5320 profana
1124 5260 1180 5305 et
1207 5252 1461 5306 haeretica
1489 5253 1543 5305 in
1571 5254 1829 5308 Ecclesiis

231 5341 532 5396 decantare
556 5341 778 5406 audent,
811 5343 1053 5397 funditus
1082 5342 1414 5406 excluditur;
1444 5351 1497 5397 et
1519 5345 1831 5400 adolescen-

301 5429 387 5495 lis,
442 5440 602 5500 atque
656 5432 907 5488 omnibus
956 5433 1283 5504 generaliter
1323 5433 1517 5504 quibus
1573 5436 1830 5490 cantandi

1933 4612 2065 4676 bita,
2089 4627 2184 4666 eos
2225 4619 2280 4665 et
2306 4611 2503 4665 divinis
2531 4609 2782 4666 laudibus
2809 4611 3158 4670 concinendis
3191 4595 3524 4672 sufﬁcienter

1935 4711 1990 4757 et
2016 4703 2251 4772 graviter
2273 4701 2499 4757 idoneos
2525 4701 2734 4766 reddat,
2759 4711 2814 4757 et
2837 4717 2868 4756 a
2896 4702 3196 4772 potioribus
3219 4720 3284 4760 ac
3308 4706 3523 4775 spirita-

1935 4792 2075 4846 libus
2115 4792 2310 4847 studiis
2339 4807 2446 4847 non
2478 4792 2753 4863 impediat.
2785 4791 2920 4859 Quis
2944 4792 3087 4848 enim
3119 4793 3194 4848 ita
3221 4797 3523 4851 contentio-

1936 4900 2046 4951 sus,
2075 4885 2182 4939 imo
2202 4885 2444 4949 insanus,
2469 4892 2525 4940 et
2548 4885 2614 4939 ab
2635 4884 2782 4941 omni
2803 4885 3046 4941 veritatis
3073 4887 3283 4942 ratione
3299 4902 3521 4948 aversus

1936 4981 2038 5038 est,
2072 4981 2130 5026 ut
2165 4988 2274 5028 non
2304 4973 2407 5028 hoc
2445 4973 2757 5038 rectius,.et
2801 4975 3234 5042 conveniendus,
3262 4992 3336 5035 ac.
3371 4979 3522 5033 salu-

1930 5064 2082 5118 brius
2127 5063 2360 5118 fateatur
2406 5065 2460 5118 in
2516 5065 2613 5118 Dei
2663 5065 2911 5121 laudibus
2952 5066 3252 5133 decantari,
3284 5071 3428 5140 quod
3455 5087 3518 5125 ex

1931 5157 2128 5212 divinis
2154 5157 2312 5212 dictis
2354 5165 2404 5212 3t
2432 5156 2586 5218 libris
2612 5158 2792 5214 videat
2822 5159 3052 5216 fideliter
3080 5164 3317 5218 assumi?
3341 5167 3520 5234 quati-

1931 5267 2033 5305 nus
2077 5251 2218 5305 sicut
2250 5252 2304 5305 in
2335 5249 2593 5321 Symbolo
2622 5252 2888 5308 catholico
2920 5253 3080 5310 ﬁdem
3127 5265 3368 5314 nostram
3413 5275 3520 5313 non

1932 5343 2133 5395 nostris
2159 5339 2252 5394 sed
2279 5340 2590 5410 apostolicis
2617 5341 2796 5397 verbis
2820 5343 3155 5413 proﬁtemur,
3184 5348 3315 5401 etin
3338 5346 3523 5402 Domi~

1940 5434 2060 5487 nica
2090 5432 2346 5488 Oratione
2383 5448 2488 5486 non
2507 5433 2720 5486 nostris
2759 5436 2852 5490 sed
2883 5435 3052 5506 ipsius
3083 5437 3293 5492 Domini
3317 5446 3372 5493 et
3403 5438 3522 5493 Sal-

1639 5524 1910 5580 BALUZII
1947 5522 2178 5578 NOTZE.

311 5626 336 5651 ι
373 5611 584 5665 Librum
619 5611 1010 5681 Mysteriorum,
1048 5615 1101 5668 id
1136 5623 1235 5677 est,
1266 5615 1486 5670 Librum
1517 5613 1837 5668 Sacramen—

240 5691 419 5754 torum
448 5700 458 5734 :
491 5684 692 5754 dequo
724 5683 860 5738 libro
887 5701 1047 5754 supra
1074 5686 1307 5740 diximus
1332 5687 1397 5740 ad
1429 5694 1588 5754 caput
1613 5684 1681 5739 '50
1711 5685 1833 5739 libri

240 5753 306 5805 de
332 5751 679 5822 Imaginibus.

315 5823 339 5860 ι’
379 5821 637 5876 Humanis
677 5824 954 5892 ﬁgmentis.
1008 5825 1086 5879 Ad
1128 5841 1188 5880 ea
1233 5826 1478 5882 fortassis
1528 5826 1658 5896 ipsa.
1706 5840 1823 5894 quzc

1942 5613 2031 5668 hic
2057 5613 2232 5684 culpat
2253 5613 2584 5684 Agobardus,
2615 5614 2934 5684 respiciebat
2962 5616 3238 5682 Alcuiuus,
3260 5635 3380 5674 cum
3406 5621 3522 5678 haec

1943 5684 2018 5764 ad_
2057 5683 2253 5764 fratres
2288 5683 2994 5764 .Lugduncrlses’scriheret
3035 5689 3088 5742 in
3134 5690 3362 5764 epistola
3408 5691 3516 5748 69:

1948 5753 2058 5832 «"ln
2108 5753 2490 5832 ecclesiasticis
2528 5755 3024 5832 ofﬁciisinauditas
3067 5753 3264 5829 priscis
3314 5770 3521 5832 tempo-

1933 5824 2081 5882 ribus
2108 5824 2424 5879 traditioncs
2459 5825 2622 5880 nolite
2651 5825 2893 5893 diligere.
2923 5846 2941 5879 ι
