  <div class='ocr_page' id='page_1' title='image "/cluster/home/n/w/nwhite01/storage/ocr_20150623/104/uva.x000827061/177.png"; bbox 0 0 3930 6336; ppageno 0'>
   <div class='ocr_carea' id='block_1_1' title="bbox 491 331 598 390">
    <p class='ocr_par' dir='ltr' id='par_1_1' title="bbox 491 331 598 390">
     <span class='ocr_line' id='line_1_1' title="bbox 491 331 598 390; baseline 0.019 -2"><span class='ocrx_word' id='word_1_1' title='bbox 491 331 598 390; x_wconf 75' lang='lat'><strong>339</strong></span> 
     </span>
    </p>
   </div>
   <div class='ocr_carea' id='block_1_2' title="bbox 1472 348 2789 419">
    <p class='ocr_par' dir='ltr' id='par_1_2' title="bbox 1472 348 2789 419">
     <span class='ocr_line' id='line_1_2' title="bbox 1472 348 2789 419; baseline 0.013 -18"><span class='ocrx_word' id='word_1_2' title='bbox 1472 348 1530 402; x_wconf 91' lang='lat' dir='ltr'><strong>S.</strong></span> <span class='ocrx_word' id='word_1_3' title='bbox 1571 349 1921 406; x_wconf 76' lang='lat' dir='ltr'><strong>AGOBARDI</strong></span> <span class='ocrx_word' id='word_1_4' title='bbox 1961 353 2264 413; x_wconf 79' lang='lat' dir='ltr'><strong>EPISCOPI</strong></span> <span class='ocrx_word' id='word_1_5' title='bbox 2303 359 2789 419; x_wconf 73' lang='lat' dir='ltr'><strong>LUGDUNENSIS</strong></span> 
     </span>
    </p>
   </div>
   <div class='ocr_carea' id='block_1_3' title="bbox 3681 374 3785 428">
    <p class='ocr_par' dir='ltr' id='par_1_3' title="bbox 3681 374 3785 428">
     <span class='ocr_line' id='line_1_3' title="bbox 3681 374 3785 428; baseline -0.01 0"><span class='ocrx_word' id='word_1_6' title='bbox 3681 374 3785 428; x_wconf 65' lang='lat'><strong>360</strong></span> 
     </span>
    </p>
   </div>
   <div class='ocr_carea' id='block_1_4' title="bbox 487 445 3784 554">
    <p class='ocr_par' dir='ltr' id='par_1_4' title="bbox 487 445 3784 554">
     <span class='ocr_line' id='line_1_4' title="bbox 487 445 3784 554; baseline 0.012 -55"><span class='ocrx_word' id='word_1_7' title='bbox 487 445 892 554; x_wconf 48' lang='lat' dir='ltr'><strong>vatpris&#39;nos‘tri</strong></span> <span class='ocrx_word' id='word_1_8' title='bbox 918 454 1264 554; x_wconf 70' lang='lat' dir='ltr'><strong>sermonibus</strong></span> <span class='ocrx_word' id='word_1_9' title='bbox 1290 458 1690 526; x_wconf 85' lang='lat' dir='ltr'><strong>supplicamus;</strong></span> <span class='ocrx_word' id='word_1_10' title='bbox 1722 461 1798 515; x_wconf 90' lang='lat' dir='ltr'><strong>ita</strong></span> <span class='ocrx_word' id='word_1_11' title='bbox 1826 464 1992 518; x_wconf 89' lang='lat' dir='ltr'><strong>etiam</strong></span> <span class='ocrx_word' id='word_1_12' title='bbox 2021 465 2074 519; x_wconf 92' lang='lat' dir='ltr'><strong>in</strong></span> <span class='ocrx_word' id='word_1_13' title='bbox 2105 475 2155 534; x_wconf 80' lang='grc' dir='ltr'><strong>Α</strong></span> <span class='ocrx_word' id='word_1_14' title='bbox 2181 472 2407 527; x_wconf 89' lang='lat' dir='ltr'><strong>canticis</strong></span> <span class='ocrx_word' id='word_1_15' title='bbox 2432 488 2806 543; x_wconf 90' lang='lat' dir='ltr'><strong>personemus.</strong></span> <span class='ocrx_word' id='word_1_16' title='bbox 2836 476 3119 546; x_wconf 86' lang='lat' dir='ltr'><strong>Superlluo</strong></span> <span class='ocrx_word' id='word_1_17' title='bbox 3144 495 3380 551; x_wconf 82' lang='lat' dir='ltr'><strong>namque</strong></span> <span class='ocrx_word' id='word_1_18' title='bbox 3404 483 3514 538; x_wconf 88' lang='lat' dir='ltr'><strong>alia</strong></span> <span class='ocrx_word' id='word_1_19' title='bbox 3535 501 3784 554; x_wconf 65' lang='lat' dir='ltr'><strong>quaarun-</strong></span> 
     </span>
    </p>
   </div>
   <div class='ocr_carea' id='block_1_5' title="bbox 483 537 2082 620">
    <p class='ocr_par' dir='ltr' id='par_1_5' title="bbox 483 537 2082 620">
     <span class='ocr_line' id='line_1_5' title="bbox 483 537 2082 620; baseline 0.011 -29"><span class='ocrx_word' id='word_1_20' title='bbox 483 537 680 593; x_wconf 68' lang='lat' dir='ltr'><strong>divina</strong></span> <span class='ocrx_word' id='word_1_21' title='bbox 703 537 877 596; x_wconf 84' lang='lat' dir='ltr'><strong>laudis</strong></span> <span class='ocrx_word' id='word_1_22' title='bbox 918 541 1145 610; x_wconf 81' lang='lat' dir='ltr'><strong>honore,</strong></span> <span class='ocrx_word' id='word_1_23' title='bbox 1184 561 1293 602; x_wconf 91' lang='lat' dir='ltr'><strong>non</strong></span> <span class='ocrx_word' id='word_1_24' title='bbox 1322 548 1598 616; x_wconf 87' lang='lat' dir='ltr'><strong>humanis,</strong></span> <span class='ocrx_word' id='word_1_25' title='bbox 1631 552 1727 606; x_wconf 88' lang='lat' dir='ltr'><strong>sed</strong></span> <span class='ocrx_word' id='word_1_26' title='bbox 1765 553 1984 620; x_wconf 79' lang='lat' dir='ltr'><strong>divinis,</strong></span> <span class='ocrx_word' id='word_1_27' title='bbox 2028 563 2082 609; x_wconf 91' lang='lat' dir='ltr'><strong>et</strong></span> 
     </span>
    </p>
   </div>
   <div class='ocr_carea' id='block_1_6' title="bbox 480 630 2079 717">
    <p class='ocr_par' dir='ltr' id='par_1_6' title="bbox 480 630 2079 717">
     <span class='ocr_line' id='line_1_6' title="bbox 480 630 2079 717; baseline 0.009 -32"><span class='ocrx_word' id='word_1_28' title='bbox 480 630 838 701; x_wconf 73' lang='lat' dir='ltr'><strong>spiritalibus,</strong></span> <span class='ocrx_word' id='word_1_29' title='bbox 876 633 1030 704; x_wconf 75' lang='lat' dir='ltr'><strong>juxta</strong></span> <span class='ocrx_word' id='word_1_30' title='bbox 1070 637 1408 708; x_wconf 83' lang='lat' dir='ltr'><strong>Apostolum,</strong></span> <span class='ocrx_word' id='word_1_31' title='bbox 1455 643 1700 712; x_wconf 86' lang='lat' dir='ltr'><strong>psalmis,</strong></span> <span class='ocrx_word' id='word_1_32' title='bbox 1758 646 1990 717; x_wconf 87' lang='lat' dir='ltr'><strong>hymnis,</strong></span> <span class='ocrx_word' id='word_1_33' title='bbox 2023 655 2079 701; x_wconf 89' lang='lat' dir='ltr'><strong>et</strong></span> 
     </span>
    </p>
   </div>
   <div class='ocr_carea' id='block_1_7' title="bbox 501 771 2302 801">
    <p class='ocr_par' dir='ltr' id='par_1_7' title="bbox 501 771 2302 801">
     <span class='ocr_line' id='line_1_7' title="bbox 501 771 2302 801; baseline 0.012 -19"><span class='ocrx_word' id='word_1_34' title='bbox 501 771 2302 801; x_wconf 50' lang='grc' dir='ltr'>Μ</span> 
     </span>
    </p>
   </div>
   <div class='ocr_carea' id='block_1_8' title="bbox 2190 563 3778 640">
    <p class='ocr_par' dir='ltr' id='par_1_8' title="bbox 2190 563 3778 640">
     <span class='ocr_line' id='line_1_8' title="bbox 2190 563 3778 640; baseline 0.012 -24"><span class='ocrx_word' id='word_1_35' title='bbox 2190 572 2296 629; x_wconf 88' lang='lat' dir='ltr'><strong>tur,</strong></span> <span class='ocrx_word' id='word_1_36' title='bbox 2325 563 2417 619; x_wconf 92' lang='lat' dir='ltr'><strong>ubi</strong></span> <span class='ocrx_word' id='word_1_37' title='bbox 2460 565 2562 619; x_wconf 87' lang='lat' dir='ltr'><strong>ista</strong></span> <span class='ocrx_word' id='word_1_38' title='bbox 2595 565 2846 624; x_wconf 79' lang='lat' dir='ltr'><strong>sufficere</strong></span> <span class='ocrx_word' id='word_1_39' title='bbox 2895 577 2951 623; x_wconf 91' lang='lat' dir='ltr'><strong>et</strong></span> <span class='ocrx_word' id='word_1_40' title='bbox 2985 571 3424 640; x_wconf 87' lang='lat' dir='ltr'><strong>superabundare</strong></span> <span class='ocrx_word' id='word_1_41' title='bbox 3456 585 3778 635; x_wconf 86' lang='lat' dir='ltr'><strong>noscuntur.</strong></span> 
     </span>
    </p>
   </div>
   <div class='ocr_carea' id='block_1_9' title="bbox 2583 790 3745 819">
    <p class='ocr_par' dir='ltr' id='par_1_9' title="bbox 2583 790 3745 819">
     <span class='ocr_line' id='line_1_9' title="bbox 2583 790 3745 819; baseline 0.003 -17"><span class='ocrx_word' id='word_1_42' title='bbox 2583 790 3745 819; x_wconf 38' lang='lat' dir='ltr'><strong>hu“—</strong></span> 
     </span>
    </p>
   </div>
   <div class='ocr_carea' id='block_1_10' title="bbox 894 873 3390 973">
    <p class='ocr_par' dir='ltr' id='par_1_10' title="bbox 894 873 3390 973">
     <span class='ocr_line' id='line_1_10' title="bbox 894 873 3390 973; baseline 0.007 -17"><span class='ocrx_word' id='word_1_43' title='bbox 894 873 1350 960; x_wconf 86' lang='lat' dir='ltr'><strong>INCIPIT</strong></span> <span class='ocrx_word' id='word_1_44' title='bbox 1402 881 1433 922; x_wconf 78' lang='grc'>³</span> <span class='ocrx_word' id='word_1_45' title='bbox 1481 878 1834 964; x_wconf 84' lang='lat' dir='ltr'><strong>LIBER</strong></span> <span class='ocrx_word' id='word_1_46' title='bbox 1913 878 2696 964; x_wconf 83' lang='lat' dir='ltr'><strong>VENERABILIS</strong></span> <span class='ocrx_word' id='word_1_47' title='bbox 2771 883 3390 973; x_wconf 85' lang='lat' dir='ltr'><strong>AGOBARDI</strong></span> 
     </span>
    </p>
   </div>
   <div class='ocr_carea' id='block_1_11' title="bbox 1604 1054 2648 1114">
    <p class='ocr_par' dir='ltr' id='par_1_11' title="bbox 1604 1054 2648 1114">
     <span class='ocr_line' id='line_1_11' title="bbox 1604 1054 2648 1114; baseline 0.002 -2"><span class='ocrx_word' id='word_1_48' title='bbox 1604 1054 2128 1113; x_wconf 81' lang='lat' dir='ltr'><strong>ARCHIEPISCOPI</strong></span> <span class='ocrx_word' id='word_1_49' title='bbox 2165 1055 2648 1114; x_wconf 76' lang='lat' dir='ltr'><strong>LUGDUNENSIS</strong></span> 
     </span>
    </p>
   </div>
   <div class='ocr_carea' id='block_1_12' title="bbox 1124 1207 3121 1283">
    <p class='ocr_par' dir='ltr' id='par_1_12' title="bbox 1124 1207 3121 1283">
     <span class='ocr_line' id='line_1_12' title="bbox 1124 1207 3121 1283; baseline 0.003 -8"><span class='ocrx_word' id='word_1_50' title='bbox 1124 1207 1449 1275; x_wconf 79' lang='lat' dir='ltr'><strong>CONTRA</strong></span> <span class='ocrx_word' id='word_1_51' title='bbox 1491 1208 1776 1272; x_wconf 81' lang='lat' dir='ltr'><strong>LIBROS</strong></span> <span class='ocrx_word' id='word_1_52' title='bbox 1817 1208 2205 1283; x_wconf 78' lang='lat' dir='ltr'><strong>QUATUOR</strong></span> <span class='ocrx_word' id='word_1_53' title='bbox 2249 1211 2651 1272; x_wconf 76' lang='lat' dir='ltr'><strong>AMALARII</strong></span> <span class='ocrx_word' id='word_1_54' title='bbox 2697 1214 3036 1278; x_wconf 79' lang='lat' dir='ltr'><strong>ABBATIS</strong></span> <span class='ocrx_word' id='word_1_55' title='bbox 3072 1218 3121 1280; x_wconf 65' lang='grc' dir='ltr'><strong>δ.</strong></span> 
     </span>
    </p>
   </div>
   <div class='ocr_carea' id='block_1_13' title="bbox 534 1439 2060 1513">
    <p class='ocr_par' dir='ltr' id='par_1_13' title="bbox 534 1439 2060 1513">
     <span class='ocr_line' id='line_1_13' title="bbox 534 1439 2060 1513; baseline 0.004 -18"><span class='ocrx_word' id='word_1_56' title='bbox 534 1439 576 1496; x_wconf 77' lang='grc' dir='ltr'><strong>Ι.</strong></span> <span class='ocrx_word' id='word_1_57' title='bbox 617 1441 926 1496; x_wconf 81' lang='lat' dir='ltr'><strong>Amalarius</strong></span> <span class='ocrx_word' id='word_1_58' title='bbox 950 1442 1004 1496; x_wconf 91' lang='lat' dir='ltr'><strong>in</strong></span> <span class='ocrx_word' id='word_1_59' title='bbox 1027 1440 1167 1496; x_wconf 86' lang='lat' dir='ltr'><strong>libro</strong></span> <span class='ocrx_word' id='word_1_60' title='bbox 1190 1457 1288 1497; x_wconf 91' lang='lat' dir='ltr'><strong>suo</strong></span> <span class='ocrx_word' id='word_1_61' title='bbox 1314 1442 1765 1513; x_wconf 84' lang='lat' dir='ltr'><strong>primo,capitulo</strong></span> <span class='ocrx_word' id='word_1_62' title='bbox 1786 1445 2060 1501; x_wconf 89' lang='lat' dir='ltr'><strong>tricesimo</strong></span> 
     </span>
    </p>
   </div>
   <div class='ocr_carea' id='block_1_14' title="bbox 462 1532 2056 1602">
    <p class='ocr_par' dir='ltr' id='par_1_14' title="bbox 462 1532 2056 1602">
     <span class='ocr_line' id='line_1_14' title="bbox 462 1532 2056 1602; baseline 0.003 -17"><span class='ocrx_word' id='word_1_63' title='bbox 462 1533 717 1602; x_wconf 78' lang='lat' dir='ltr'><strong>septimo,</strong></span> <span class='ocrx_word' id='word_1_64' title='bbox 735 1533 866 1588; x_wconf 88' lang='lat' dir='ltr'><strong>dicit</strong></span> <span class='ocrx_word' id='word_1_65' title='bbox 891 1533 994 1586; x_wconf 86' lang='lat' dir='ltr'><strong>ita:</strong></span> <span class='ocrx_word' id='word_1_66' title='bbox 1026 1550 1058 1583; x_wconf 79' lang='grc'><strong>«-</strong></span> <span class='ocrx_word' id='word_1_67' title='bbox 1074 1532 1317 1587; x_wconf 82' lang='lat' dir='ltr'><strong>Romana</strong></span> <span class='ocrx_word' id='word_1_68' title='bbox 1343 1535 1679 1589; x_wconf 74' lang='lat' dir='ltr'><strong>consuetudo</strong></span> <span class='ocrx_word' id='word_1_69' title='bbox 1703 1551 1867 1589; x_wconf 89' lang='lat' dir='ltr'><strong>unum</strong></span> <span class='ocrx_word' id='word_1_70' title='bbox 1893 1536 2056 1602; x_wconf 86' lang='lat' dir='ltr'><strong>diem,</strong></span> 
     </span>
    </p>
   </div>
   <div class='ocr_carea' id='block_1_15' title="bbox 461 1622 2056 1696">
    <p class='ocr_par' dir='ltr' id='par_1_15' title="bbox 461 1622 2056 1696">
     <span class='ocr_line' id='line_1_15' title="bbox 461 1622 2056 1696; baseline 0.002 -20"><span class='ocrx_word' id='word_1_71' title='bbox 461 1622 515 1676; x_wconf 92' lang='lat' dir='ltr'><strong>id</strong></span> <span class='ocrx_word' id='word_1_72' title='bbox 545 1632 652 1690; x_wconf 90' lang='lat' dir='ltr'><strong>est,</strong></span> <span class='ocrx_word' id='word_1_73' title='bbox 682 1639 756 1680; x_wconf 86' lang='lat' dir='ltr'><strong>vn</strong></span> <span class='ocrx_word' id='word_1_74' title='bbox 792 1623 1062 1680; x_wconf 79' lang='lat' dir='ltr'><strong>Kalendas</strong></span> <span class='ocrx_word' id='word_1_75' title='bbox 1091 1624 1217 1679; x_wconf 78' lang='lat' dir='ltr'><strong>Maii</strong></span> <span class='ocrx_word' id='word_1_76' title='bbox 1261 1625 1578 1696; x_wconf 88' lang='lat' dir='ltr'><strong>interponit,</strong></span> <span class='ocrx_word' id='word_1_77' title='bbox 1615 1641 1776 1695; x_wconf 85' lang='lat' dir='ltr'><strong>quem</strong></span> <span class='ocrx_word' id='word_1_78' title='bbox 1816 1634 1974 1681; x_wconf 87' lang='lat' dir='ltr'><strong>vocat</strong></span> <span class='ocrx_word' id='word_1_79' title='bbox 2002 1626 2056 1680; x_wconf 91' lang='lat' dir='ltr'><strong>in</strong></span> 
     </span>
    </p>
   </div>
   <div class='ocr_carea' id='block_1_16' title="bbox 459 1713 2059 1786">
    <p class='ocr_par' dir='ltr' id='par_1_16' title="bbox 459 1713 2059 1786">
     <span class='ocr_line' id='line_1_16' title="bbox 459 1713 2059 1786; baseline 0.003 -19"><span class='ocrx_word' id='word_1_80' title='bbox 459 1713 673 1768; x_wconf 84' lang='lat' dir='ltr'><strong>Litania</strong></span> <span class='ocrx_word' id='word_1_81' title='bbox 720 1713 943 1784; x_wconf 86' lang='lat' dir='ltr'><strong>majore,</strong></span> <span class='ocrx_word' id='word_1_82' title='bbox 991 1731 1098 1769; x_wconf 88' lang='lat' dir='ltr'><strong>non</strong></span> <span class='ocrx_word' id='word_1_83' title='bbox 1128 1715 1182 1769; x_wconf 91' lang='lat' dir='ltr'><strong>in</strong></span> <span class='ocrx_word' id='word_1_84' title='bbox 1201 1713 1426 1784; x_wconf 82' lang='lat' dir='ltr'><strong>jejunio.</strong></span> <span class='ocrx_word' id='word_1_85' title='bbox 1457 1716 1693 1783; x_wconf 87' lang='lat' dir='ltr'><strong>Litania,</strong></span> <span class='ocrx_word' id='word_1_86' title='bbox 1720 1725 1780 1770; x_wconf 93' lang='lat' dir='ltr'><strong>ut</strong></span> <span class='ocrx_word' id='word_1_87' title='bbox 1808 1717 2059 1786; x_wconf 54' lang='lat' dir='ltr'><strong>praedixi-</strong></span> 
     </span>
    </p>
   </div>
   <div class='ocr_carea' id='block_1_17' title="bbox 458 1808 2052 1878">
    <p class='ocr_par' dir='ltr' id='par_1_17' title="bbox 458 1808 2052 1878">
     <span class='ocr_line' id='line_1_17' title="bbox 458 1808 2052 1878; baseline 0.001 -17"><span class='ocrx_word' id='word_1_88' title='bbox 458 1824 602 1874; x_wconf 88' lang='lat' dir='ltr'><strong>mus,</strong></span> <span class='ocrx_word' id='word_1_89' title='bbox 633 1809 946 1877; x_wconf 80' lang='lat' dir='ltr'><strong>deprecatio</strong></span> <span class='ocrx_word' id='word_1_90' title='bbox 980 1816 1067 1864; x_wconf 90' lang='lat' dir='ltr'><strong>est</strong></span> <span class='ocrx_word' id='word_1_91' title='bbox 1115 1808 1258 1878; x_wconf 86' lang='lat' dir='ltr'><strong>apud</strong></span> <span class='ocrx_word' id='word_1_92' title='bbox 1293 1824 1411 1864; x_wconf 87' lang='lat' dir='ltr'><strong>nos.</strong></span> <span class='ocrx_word' id='word_1_93' title='bbox 1465 1808 1650 1864; x_wconf 91' lang='lat' dir='ltr'><strong>Potest</strong></span> <span class='ocrx_word' id='word_1_94' title='bbox 1680 1810 1824 1864; x_wconf 88' lang='lat' dir='ltr'><strong>enim</strong></span> <span class='ocrx_word' id='word_1_95' title='bbox 1864 1824 2052 1864; x_wconf 88' lang='lat' dir='ltr'><strong>serena</strong></span> 
     </span>
    </p>
   </div>
   <div class='ocr_carea' id='block_1_18' title="bbox 457 1897 2050 1969">
    <p class='ocr_par' dir='ltr' id='par_1_18' title="bbox 457 1897 2050 1969">
     <span class='ocr_line' id='line_1_18' title="bbox 457 1897 2050 1969; baseline 0.001 -18"><span class='ocrx_word' id='word_1_96' title='bbox 457 1913 633 1963; x_wconf 80' lang='lat' dir='ltr'><strong>mens,</strong></span> <span class='ocrx_word' id='word_1_97' title='bbox 661 1907 716 1954; x_wconf 93' lang='lat' dir='ltr'><strong>et</strong></span> <span class='ocrx_word' id='word_1_98' title='bbox 762 1898 938 1953; x_wconf 87' lang='lat' dir='ltr'><strong>aliena</strong></span> <span class='ocrx_word' id='word_1_99' title='bbox 981 1912 1014 1952; x_wconf 84' lang='lat' dir='ltr'><strong>a</strong></span> <span class='ocrx_word' id='word_1_100' title='bbox 1063 1897 1338 1952; x_wconf 73' lang='lat' dir='ltr'><strong>voluntate</strong></span> <span class='ocrx_word' id='word_1_101' title='bbox 1386 1898 1548 1964; x_wconf 87' lang='lat' dir='ltr'><strong>mala,</strong></span> <span class='ocrx_word' id='word_1_102' title='bbox 1591 1903 1804 1969; x_wconf 86' lang='lat' dir='ltr'><strong>precari</strong></span> <span class='ocrx_word' id='word_1_103' title='bbox 1857 1897 2050 1963; x_wconf 86' lang='lat' dir='ltr'><strong>Deum,</strong></span> 
     </span>
    </p>
   </div>
   <div class='ocr_carea' id='block_1_19' title="bbox 445 1987 2048 2058">
    <p class='ocr_par' dir='ltr' id='par_1_19' title="bbox 445 1987 2048 2058">
     <span class='ocr_line' id='line_1_19' title="bbox 445 1987 2048 2058; baseline 0.001 -16"><span class='ocrx_word' id='word_1_104' title='bbox 445 1989 703 2058; x_wconf 75' lang='lat' dir='ltr'><strong>quamvis</strong></span> <span class='ocrx_word' id='word_1_105' title='bbox 733 1989 1026 2043; x_wconf 88' lang='lat' dir='ltr'><strong>manducet</strong></span> <span class='ocrx_word' id='word_1_106' title='bbox 1056 1987 1237 2044; x_wconf 85' lang='lat' dir='ltr'><strong>sobrie</strong></span> <span class='ocrx_word' id='word_1_107' title='bbox 1265 2005 1486 2045; x_wconf 86' lang='lat' dir='ltr'><strong>carnem</strong></span> <span class='ocrx_word' id='word_1_108' title='bbox 1518 1989 1744 2044; x_wconf 84' lang='lat' dir='ltr'><strong>meridie</strong></span> <span class='ocrx_word' id='word_1_109' title='bbox 1763 2029 1778 2054; x_wconf 97' lang='lat'><strong>,</strong></span> <span class='ocrx_word' id='word_1_110' title='bbox 1808 1997 1864 2044; x_wconf 90' lang='lat' dir='ltr'><strong>et</strong></span> <span class='ocrx_word' id='word_1_111' title='bbox 1898 1989 2048 2044; x_wconf 65' lang='lat' dir='ltr'><strong>laite—</strong></span> 
     </span>
    </p>
   </div>
   <div class='ocr_carea' id='block_1_20' title="bbox 453 2079 2051 2150">
    <p class='ocr_par' dir='ltr' id='par_1_20' title="bbox 453 2079 2051 2150">
     <span class='ocr_line' id='line_1_20' title="bbox 453 2079 2051 2150; baseline 0 -16"><span class='ocrx_word' id='word_1_112' title='bbox 453 2091 546 2134; x_wconf 88' lang='lat' dir='ltr'><strong>tnr</strong></span> <span class='ocrx_word' id='word_1_113' title='bbox 568 2082 635 2137; x_wconf 91' lang='lat' dir='ltr'><strong>de</strong></span> <span class='ocrx_word' id='word_1_114' title='bbox 684 2081 1086 2136; x_wconf 74' lang='lat' dir='ltr'><strong>resurrectione</strong></span> <span class='ocrx_word' id='word_1_115' title='bbox 1135 2081 1374 2136; x_wconf 86' lang='lat' dir='ltr'><strong>Domini.</strong></span> <span class='ocrx_word' id='word_1_116' title='bbox 1405 2081 1607 2136; x_wconf 88' lang='lat' dir='ltr'><strong>Tamen</strong></span> <span class='ocrx_word' id='word_1_117' title='bbox 1653 2079 1920 2150; x_wconf 82' lang='lat' dir='ltr'><strong>majorum</strong></span> <span class='ocrx_word' id='word_1_118' title='bbox 1951 2080 2051 2136; x_wconf 83' lang='lat' dir='ltr'><strong>Pa-</strong></span> 
     </span>
    </p>
   </div>
   <div class='ocr_carea' id='block_1_21' title="bbox 452 2173 2049 2243">
    <p class='ocr_par' dir='ltr' id='par_1_21' title="bbox 452 2173 2049 2243">
     <span class='ocr_line' id='line_1_21' title="bbox 452 2173 2049 2243; baseline 0.001 -17"><span class='ocrx_word' id='word_1_119' title='bbox 452 2183 620 2238; x_wconf 87' lang='lat' dir='ltr'><strong>trum,</strong></span> <span class='ocrx_word' id='word_1_120' title='bbox 648 2174 703 2229; x_wconf 88' lang='lat' dir='ltr'><strong>id</strong></span> <span class='ocrx_word' id='word_1_121' title='bbox 726 2181 826 2240; x_wconf 89' lang='lat' dir='ltr'><strong>est,</strong></span> <span class='ocrx_word' id='word_1_122' title='bbox 853 2174 1275 2243; x_wconf 84' lang='lat' dir='ltr'><strong>apostolicorum</strong></span> <span class='ocrx_word' id='word_1_123' title='bbox 1302 2189 1433 2229; x_wconf 91' lang='lat' dir='ltr'><strong>usus</strong></span> <span class='ocrx_word' id='word_1_124' title='bbox 1448 2174 1762 2243; x_wconf 84' lang='lat' dir='ltr'><strong>sequendus</strong></span> <span class='ocrx_word' id='word_1_125' title='bbox 1788 2181 1889 2228; x_wconf 89' lang='lat' dir='ltr'><strong>est.</strong></span> <span class='ocrx_word' id='word_1_126' title='bbox 1916 2173 2049 2229; x_wconf 90' lang='lat' dir='ltr'><strong>For-</strong></span> 
     </span>
    </p>
   </div>
   <div class='ocr_carea' id='block_1_22' title="bbox 2165 1445 3769 1524">
    <p class='ocr_par' dir='ltr' id='par_1_22' title="bbox 2165 1445 3769 1524">
     <span class='ocr_line' id='line_1_22' title="bbox 2165 1445 3769 1524; baseline 0.012 -27"><span class='ocrx_word' id='word_1_127' title='bbox 2165 1453 2285 1499; x_wconf 89' lang='lat' dir='ltr'><strong>rato</strong></span> <span class='ocrx_word' id='word_1_128' title='bbox 2318 1454 2561 1515; x_wconf 86' lang='lat' dir='ltr'><strong>tempore</strong></span> <span class='ocrx_word' id='word_1_129' title='bbox 2593 1445 2645 1498; x_wconf 91' lang='lat' dir='ltr'><strong>in</strong></span> <span class='ocrx_word' id='word_1_130' title='bbox 2679 1445 2860 1514; x_wconf 85' lang='lat' dir='ltr'><strong>aliquo</strong></span> <span class='ocrx_word' id='word_1_131' title='bbox 2883 1447 3128 1516; x_wconf 79' lang='lat' dir='ltr'><strong>profectu</strong></span> <span class='ocrx_word' id='word_1_132' title='bbox 3158 1460 3283 1506; x_wconf 89' lang='lat' dir='ltr'><strong>sunt</strong></span> <span class='ocrx_word' id='word_1_133' title='bbox 3309 1472 3320 1506; x_wconf 88' lang='lat'><strong><em>:</em></strong></span> <span class='ocrx_word' id='word_1_134' title='bbox 3347 1458 3595 1524; x_wconf 74' lang='lat' dir='ltr'><strong>germina</strong></span> <span class='ocrx_word' id='word_1_135' title='bbox 3624 1477 3769 1516; x_wconf 73' lang='lat' dir='ltr'><strong>mes-</strong></span> 
     </span>
    </p>
   </div>
   <div class='ocr_carea' id='block_1_23' title="bbox 2161 1536 3765 1618">
    <p class='ocr_par' dir='ltr' id='par_1_23' title="bbox 2161 1536 3765 1618">
     <span class='ocr_line' id='line_1_23' title="bbox 2161 1536 3765 1618; baseline 0.011 -29"><span class='ocrx_word' id='word_1_136' title='bbox 2161 1536 2238 1591; x_wconf 92' lang='lat' dir='ltr'><strong>sis</strong></span> <span class='ocrx_word' id='word_1_137' title='bbox 2265 1537 2550 1606; x_wconf 85' lang='lat' dir='ltr'><strong>pullulant,</strong></span> <span class='ocrx_word' id='word_1_138' title='bbox 2594 1537 2849 1592; x_wconf 82' lang='lat' dir='ltr'><strong>arborum</strong></span> <span class='ocrx_word' id='word_1_139' title='bbox 2901 1538 3108 1595; x_wconf 83' lang='lat' dir='ltr'><strong>fructus</strong></span> <span class='ocrx_word' id='word_1_140' title='bbox 3166 1557 3231 1596; x_wconf 79' lang='lat' dir='ltr'><strong>ex</strong></span> <span class='ocrx_word' id='word_1_141' title='bbox 3289 1544 3420 1601; x_wconf 84' lang='lat' dir='ltr'><strong>ﬂore</strong></span> <span class='ocrx_word' id='word_1_142' title='bbox 3471 1553 3765 1618; x_wconf 83' lang='lat' dir='ltr'><strong>prodeunt,</strong></span> 
     </span>
    </p>
   </div>
   <div class='ocr_carea' id='block_1_24' title="bbox 2159 1624 3765 1710">
    <p class='ocr_par' dir='ltr' id='par_1_24' title="bbox 2159 1624 3765 1710">
     <span class='ocr_line' id='line_1_24' title="bbox 2159 1624 3765 1710; baseline 0.011 -34"><span class='ocrx_word' id='word_1_143' title='bbox 2159 1624 2330 1680; x_wconf 77' lang='lat' dir='ltr'><strong>vinem</strong></span> <span class='ocrx_word' id='word_1_144' title='bbox 2359 1635 2522 1696; x_wconf 90' lang='lat' dir='ltr'><strong>atque</strong></span> <span class='ocrx_word' id='word_1_145' title='bbox 2558 1627 2663 1681; x_wconf 89' lang='lat' dir='ltr'><strong>olei</strong></span> <span class='ocrx_word' id='word_1_146' title='bbox 2699 1626 2877 1696; x_wconf 89' lang='lat' dir='ltr'><strong>liquor</strong></span> <span class='ocrx_word' id='word_1_147' title='bbox 2905 1630 3018 1683; x_wconf 91' lang='lat' dir='ltr'><strong>suis</strong></span> <span class='ocrx_word' id='word_1_148' title='bbox 3055 1632 3342 1689; x_wconf 82' lang='lat' dir='ltr'><strong>arboribus</strong></span> <span class='ocrx_word' id='word_1_149' title='bbox 3391 1653 3450 1692; x_wconf 90' lang='lat' dir='ltr'><strong>se</strong></span> <span class='ocrx_word' id='word_1_150' title='bbox 3499 1645 3765 1710; x_wconf 82' lang='lat' dir='ltr'><strong>erumpit,</strong></span> 
     </span>
    </p>
   </div>
   <div class='ocr_carea' id='block_1_25' title="bbox 2159 1714 3764 1794">
    <p class='ocr_par' dir='ltr' id='par_1_25' title="bbox 2159 1714 3764 1794">
     <span class='ocr_line' id='line_1_25' title="bbox 2159 1714 3764 1794; baseline 0.015 -30"><span class='ocrx_word' id='word_1_151' title='bbox 2159 1714 2426 1782; x_wconf 91' lang='lat' dir='ltr'><strong>pullorum</strong></span> <span class='ocrx_word' id='word_1_152' title='bbox 2463 1717 2760 1770; x_wconf 86' lang='lat' dir='ltr'><strong>animantia</strong></span> <span class='ocrx_word' id='word_1_153' title='bbox 2804 1733 3027 1787; x_wconf 89' lang='lat' dir='ltr'><strong>campos</strong></span> <span class='ocrx_word' id='word_1_154' title='bbox 3059 1723 3306 1780; x_wconf 90' lang='lat' dir='ltr'><strong>tundunt.</strong></span> <span class='ocrx_word' id='word_1_155' title='bbox 3339 1727 3608 1794; x_wconf 85' lang='lat' dir='ltr'><strong>Quoniam</strong></span> <span class='ocrx_word' id='word_1_156' title='bbox 3647 1735 3764 1788; x_wconf 61' lang='lat' dir='ltr'><strong>bri:</strong></span> 
     </span>
    </p>
   </div>
   <div class='ocr_carea' id='block_1_26' title="bbox 2159 1807 3759 1877">
    <p class='ocr_par' dir='ltr' id='par_1_26' title="bbox 2159 1807 3759 1877">
     <span class='ocr_line' id='line_1_26' title="bbox 2159 1807 3759 1877; baseline 0.013 -20"><span class='ocrx_word' id='word_1_157' title='bbox 2159 1807 2464 1860; x_wconf 85' lang='lat' dir='ltr'><strong>necessaria</strong></span> <span class='ocrx_word' id='word_1_158' title='bbox 2495 1815 2620 1860; x_wconf 90' lang='lat' dir='ltr'><strong>sunt</strong></span> <span class='ocrx_word' id='word_1_159' title='bbox 2650 1808 2854 1862; x_wconf 86' lang='lat' dir='ltr'><strong>nostris</strong></span> <span class='ocrx_word' id='word_1_160' title='bbox 2889 1810 3098 1876; x_wconf 86' lang='lat' dir='ltr'><strong>usibus,</strong></span> <span class='ocrx_word' id='word_1_161' title='bbox 3145 1817 3376 1876; x_wconf 80' lang='lat' dir='ltr'><strong>petenda</strong></span> <span class='ocrx_word' id='word_1_162' title='bbox 3409 1830 3536 1873; x_wconf 92' lang='lat' dir='ltr'><strong>sunt</strong></span> <span class='ocrx_word' id='word_1_163' title='bbox 3577 1837 3609 1874; x_wconf 92' lang='lat' dir='ltr'><strong>a</strong></span> <span class='ocrx_word' id='word_1_164' title='bbox 3647 1822 3759 1877; x_wconf 81' lang='lat' dir='ltr'><strong>Do-</strong></span> 
     </span>
    </p>
   </div>
   <div class='ocr_carea' id='block_1_27' title="bbox 2157 1894 2876 1950">
    <p class='ocr_par' dir='ltr' id='par_1_27' title="bbox 2157 1894 2876 1950">
     <span class='ocr_line' id='line_1_27' title="bbox 2157 1894 2876 1950; baseline 0.003 -2"><span class='ocrx_word' id='word_1_165' title='bbox 2157 1894 2304 1950; x_wconf 91' lang='lat' dir='ltr'><strong>mino</strong></span> <span class='ocrx_word' id='word_1_166' title='bbox 2331 1903 2388 1948; x_wconf 92' lang='lat' dir='ltr'><strong>ut</strong></span> <span class='ocrx_word' id='word_1_167' title='bbox 2413 1905 2825 1950; x_wconf 86' lang='lat' dir='ltr'><strong>conserventur.</strong></span> <span class='ocrx_word' id='word_1_168' title='bbox 2859 1917 2876 1950; x_wconf 75' lang='grc' dir='ltr'><strong>ι</strong></span> 
     </span>
    </p>
   </div>
   <div class='ocr_carea' id='block_1_28' title="bbox 2221 1984 3760 2067">
    <p class='ocr_par' dir='ltr' id='par_1_28' title="bbox 2221 1984 3760 2067">
     <span class='ocr_line' id='line_1_28' title="bbox 2221 1984 3760 2067; baseline 0.012 -29"><span class='ocrx_word' id='word_1_169' title='bbox 2221 1984 2285 2038; x_wconf 89' lang='lat' dir='ltr'><strong>ll.</strong></span> <span class='ocrx_word' id='word_1_170' title='bbox 2319 1985 2376 2038; x_wconf 85' lang='lat' dir='ltr'><strong>In</strong></span> <span class='ocrx_word' id='word_1_171' title='bbox 2405 1985 2492 2040; x_wconf 86' lang='lat' dir='ltr'><strong>his</strong></span> <span class='ocrx_word' id='word_1_172' title='bbox 2520 1986 2700 2041; x_wconf 82' lang='lat' dir='ltr'><strong>verbis</strong></span> <span class='ocrx_word' id='word_1_173' title='bbox 2729 1987 2990 2044; x_wconf 77' lang='lat' dir='ltr'><strong>Amalarii</strong></span> <span class='ocrx_word' id='word_1_174' title='bbox 3020 1991 3176 2047; x_wconf 79' lang='lat' dir='ltr'><strong>facile</strong></span> <span class='ocrx_word' id='word_1_175' title='bbox 3203 1996 3430 2064; x_wconf 90' lang='lat' dir='ltr'><strong>quilibet</strong></span> <span class='ocrx_word' id='word_1_176' title='bbox 3458 2013 3640 2067; x_wconf 84' lang='lat' dir='ltr'><strong>p0test</strong></span> <span class='ocrx_word' id='word_1_177' title='bbox 3662 2012 3760 2056; x_wconf 84' lang='lat' dir='ltr'><strong>de-</strong></span> 
     </span>
    </p>
   </div>
   <div class='ocr_carea' id='block_1_29' title="bbox 2151 2080 3758 2156">
    <p class='ocr_par' dir='ltr' id='par_1_29' title="bbox 2151 2080 3758 2156">
     <span class='ocr_line' id='line_1_29' title="bbox 2151 2080 3758 2156; baseline 0.007 -23"><span class='ocrx_word' id='word_1_178' title='bbox 2151 2080 2490 2149; x_wconf 89' lang='lat' dir='ltr'><strong>prehendere</strong></span> <span class='ocrx_word' id='word_1_179' title='bbox 2536 2097 2657 2150; x_wconf 65' lang='lat' dir='ltr'><strong>quae</strong></span> <span class='ocrx_word' id='word_1_180' title='bbox 2706 2083 2814 2136; x_wconf 90' lang='lat' dir='ltr'><strong>sint</strong></span> <span class='ocrx_word' id='word_1_181' title='bbox 2865 2083 3099 2150; x_wconf 88' lang='lat' dir='ltr'><strong>inutilia,</strong></span> <span class='ocrx_word' id='word_1_182' title='bbox 3142 2093 3198 2140; x_wconf 90' lang='lat' dir='ltr'><strong>et</strong></span> <span class='ocrx_word' id='word_1_183' title='bbox 3243 2103 3362 2156; x_wconf 65' lang='lat' dir='ltr'><strong>qua:</strong></span> <span class='ocrx_word' id='word_1_184' title='bbox 3399 2090 3581 2142; x_wconf 83' lang='lat' dir='ltr'><strong>noxia.</strong></span> <span class='ocrx_word' id='word_1_185' title='bbox 3613 2090 3758 2146; x_wconf 87' lang='lat' dir='ltr'><strong>Dicit</strong></span> 
     </span>
    </p>
   </div>
   <div class='ocr_carea' id='block_1_30' title="bbox 2150 2170 3758 2248">
    <p class='ocr_par' dir='ltr' id='par_1_30' title="bbox 2150 2170 3758 2248">
     <span class='ocr_line' id='line_1_30' title="bbox 2150 2170 3758 2248; baseline 0.009 -26"><span class='ocrx_word' id='word_1_186' title='bbox 2150 2184 2385 2239; x_wconf 88' lang='lat' dir='ltr'><strong>namque</strong></span> <span class='ocrx_word' id='word_1_187' title='bbox 2410 2185 2568 2241; x_wconf 90' lang='lat' dir='ltr'><strong>posse</strong></span> <span class='ocrx_word' id='word_1_188' title='bbox 2594 2170 2712 2226; x_wconf 83' lang='lat' dir='ltr'><strong>ﬁeri</strong></span> <span class='ocrx_word' id='word_1_189' title='bbox 2740 2171 3005 2239; x_wconf 89' lang='lat' dir='ltr'><strong>Litanias,</strong></span> <span class='ocrx_word' id='word_1_190' title='bbox 3036 2175 3088 2230; x_wconf 84' lang='lat' dir='ltr'><strong>id</strong></span> <span class='ocrx_word' id='word_1_191' title='bbox 3115 2187 3221 2241; x_wconf 92' lang='lat' dir='ltr'><strong>est,</strong></span> <span class='ocrx_word' id='word_1_192' title='bbox 3247 2177 3600 2248; x_wconf 78' lang='lat' dir='ltr'><strong>Rogationcs,</strong></span> <span class='ocrx_word' id='word_1_193' title='bbox 3635 2182 3758 2237; x_wconf 87' lang='lat' dir='ltr'><strong>sine</strong></span> 
     </span>
    </p>
   </div>
   <div class='ocr_carea' id='block_1_31' title="bbox 449 2257 3756 2337">
    <p class='ocr_par' dir='ltr' id='par_1_31' title="bbox 449 2257 3756 2337">
     <span class='ocr_line' id='line_1_31' title="bbox 449 2257 3756 2337; baseline 0.001 -17"><span class='ocrx_word' id='word_1_194' title='bbox 449 2265 590 2319; x_wconf 78' lang='lat' dir='ltr'><strong>sitan</strong></span> <span class='ocrx_word' id='word_1_195' title='bbox 614 2280 683 2320; x_wconf 74' lang='lat' dir='ltr'><strong>ex</strong></span> <span class='ocrx_word' id='word_1_196' title='bbox 711 2266 829 2335; x_wconf 91' lang='lat' dir='ltr'><strong>ipso</strong></span> <span class='ocrx_word' id='word_1_197' title='bbox 851 2265 1033 2321; x_wconf 78' lang='lat' dir='ltr'><strong>ofﬁcio</strong></span> <span class='ocrx_word' id='word_1_198' title='bbox 1059 2266 1358 2337; x_wconf 88' lang='lat' dir='ltr'><strong>poterimus</strong></span> <span class='ocrx_word' id='word_1_199' title='bbox 1383 2265 1683 2336; x_wconf 74' lang='lat' dir='ltr'><strong>intelligere</strong></span> <span class='ocrx_word' id='word_1_200' title='bbox 1708 2266 1836 2334; x_wconf 86' lang='lat' dir='ltr'><strong>quid</strong></span> <span class='ocrx_word' id='word_1_201' title='bbox 1859 2266 2050 2335; x_wconf 83' lang='lat' dir='ltr'><strong>depre-</strong></span> <span class='ocrx_word' id='word_1_202' title='bbox 2142 2257 2347 2328; x_wconf 80' lang='lat' dir='ltr'><strong>Jejunio</strong></span> <span class='ocrx_word' id='word_1_203' title='bbox 2376 2269 2432 2316; x_wconf 89' lang='lat' dir='ltr'><strong>et</strong></span> <span class='ocrx_word' id='word_1_204' title='bbox 2454 2262 2637 2318; x_wconf 88' lang='lat' dir='ltr'><strong>carnis</strong></span> <span class='ocrx_word' id='word_1_205' title='bbox 2662 2263 2990 2318; x_wconf 85' lang='lat' dir='ltr'><strong>abstinentia</strong></span> <span class='ocrx_word' id='word_1_206' title='bbox 3027 2282 3040 2318; x_wconf 89' lang='lat'>:</span> <span class='ocrx_word' id='word_1_207' title='bbox 3062 2266 3213 2334; x_wconf 81' lang='lat' dir='ltr'><strong>quod</strong></span> <span class='ocrx_word' id='word_1_208' title='bbox 3238 2283 3513 2337; x_wconf 77' lang='lat' dir='ltr'><strong>nunquam</strong></span> <span class='ocrx_word' id='word_1_209' title='bbox 3543 2269 3756 2324; x_wconf 86' lang='lat' dir='ltr'><strong>dictum</strong></span> 
     </span>
    </p>
   </div>
   <div class='ocr_carea' id='block_1_32' title="bbox 447 2355 2045 2428">
    <p class='ocr_par' dir='ltr' id='par_1_32' title="bbox 447 2355 2045 2428">
     <span class='ocr_line' id='line_1_32' title="bbox 447 2355 2045 2428; baseline 0.001 -18"><span class='ocrx_word' id='word_1_210' title='bbox 447 2356 684 2410; x_wconf 89' lang='lat' dir='ltr'><strong>candum</strong></span> <span class='ocrx_word' id='word_1_211' title='bbox 712 2356 785 2411; x_wconf 87' lang='lat' dir='ltr'><strong>sit</strong></span> <span class='ocrx_word' id='word_1_212' title='bbox 807 2355 902 2410; x_wconf 86' lang='lat' dir='ltr'><strong>tali</strong></span> <span class='ocrx_word' id='word_1_213' title='bbox 931 2355 986 2410; x_wconf 94' lang='lat' dir='ltr'><strong>in</strong></span> <span class='ocrx_word' id='word_1_214' title='bbox 1017 2365 1281 2428; x_wconf 91' lang='lat' dir='ltr'><strong>tempore.</strong></span> <span class='ocrx_word' id='word_1_215' title='bbox 1312 2357 1496 2412; x_wconf 90' lang='lat' dir='ltr'><strong>Prima</strong></span> <span class='ocrx_word' id='word_1_216' title='bbox 1527 2357 1703 2412; x_wconf 91' lang='lat' dir='ltr'><strong>oratio</strong></span> <span class='ocrx_word' id='word_1_217' title='bbox 1729 2358 1796 2411; x_wconf 89' lang='lat' dir='ltr'><strong>ad</strong></span> <span class='ocrx_word' id='word_1_218' title='bbox 1828 2357 2045 2413; x_wconf 80' lang='lat' dir='ltr'><strong>Missam</strong></span> 
     </span>
    </p>
   </div>
   <div class='ocr_carea' id='block_1_33' title="bbox 447 2445 2046 2519">
    <p class='ocr_par' dir='ltr' id='par_1_33' title="bbox 447 2445 2046 2519">
     <span class='ocr_line' id='line_1_33' title="bbox 447 2445 2046 2519; baseline 0.001 -19"><span class='ocrx_word' id='word_1_219' title='bbox 447 2446 621 2501; x_wconf 83' lang='lat' dir='ltr'><strong>dicit:</strong></span> <span class='ocrx_word' id='word_1_220' title='bbox 652 2445 884 2512; x_wconf 70' lang='lat' dir='ltr'><strong>Presta,</strong></span> <span class='ocrx_word' id='word_1_221' title='bbox 926 2463 1248 2518; x_wconf 74' lang='lat' dir='ltr'><strong>quwsumus,</strong></span> <span class='ocrx_word' id='word_1_222' title='bbox 1294 2448 1620 2518; x_wconf 85' lang='lat' dir='ltr'><strong>omnipotens</strong></span> <span class='ocrx_word' id='word_1_223' title='bbox 1659 2447 1826 2513; x_wconf 87' lang='lat' dir='ltr'><strong>Deus,</strong></span> <span class='ocrx_word' id='word_1_224' title='bbox 1873 2459 1927 2501; x_wconf 93' lang='lat' dir='ltr'><strong>ut</strong></span> <span class='ocrx_word' id='word_1_225' title='bbox 1957 2450 2046 2519; x_wconf 93' lang='lat' dir='ltr'><strong>qui</strong></span> 
     </span>
    </p>
   </div>
   <div class='ocr_carea' id='block_1_34' title="bbox 444 2538 2044 2610">
    <p class='ocr_par' dir='ltr' id='par_1_34' title="bbox 444 2538 2044 2610">
     <span class='ocr_line' id='line_1_34' title="bbox 444 2538 2044 2610; baseline 0.002 -20"><span class='ocrx_word' id='word_1_226' title='bbox 444 2539 502 2591; x_wconf 89' lang='lat' dir='ltr'><strong>in</strong></span> <span class='ocrx_word' id='word_1_227' title='bbox 531 2538 809 2610; x_wconf 72' lang='lat' dir='ltr'><strong>aﬂlictionc</strong></span> <span class='ocrx_word' id='word_1_228' title='bbox 837 2547 1019 2592; x_wconf 89' lang='lat' dir='ltr'><strong>nostra</strong></span> <span class='ocrx_word' id='word_1_229' title='bbox 1048 2538 1114 2594; x_wconf 80' lang='lat' dir='ltr'><strong>de</strong></span> <span class='ocrx_word' id='word_1_230' title='bbox 1142 2549 1234 2593; x_wconf 87' lang='lat' dir='ltr'><strong>tua</strong></span> <span class='ocrx_word' id='word_1_231' title='bbox 1258 2541 1450 2610; x_wconf 80' lang='lat' dir='ltr'><strong>pietate</strong></span> <span class='ocrx_word' id='word_1_232' title='bbox 1487 2539 1825 2609; x_wconf 76' lang='lat' dir='ltr'><strong>conﬁdimus,</strong></span> <span class='ocrx_word' id='word_1_233' title='bbox 1860 2548 2044 2593; x_wconf 85' lang='lat' dir='ltr'><strong>contra</strong></span> 
     </span>
    </p>
   </div>
   <div class='ocr_carea' id='block_1_35' title="bbox 445 2629 2039 2701">
    <p class='ocr_par' dir='ltr' id='par_1_35' title="bbox 445 2629 2039 2701">
     <span class='ocr_line' id='line_1_35' title="bbox 445 2629 2039 2701; baseline 0 -19"><span class='ocrx_word' id='word_1_234' title='bbox 445 2629 666 2683; x_wconf 75' lang='lat' dir='ltr'><strong>adversa</strong></span> <span class='ocrx_word' id='word_1_235' title='bbox 715 2629 894 2683; x_wconf 82' lang='lat' dir='ltr'><strong>omnia</strong></span> <span class='ocrx_word' id='word_1_236' title='bbox 938 2638 1032 2683; x_wconf 85' lang='lat' dir='ltr'><strong>tua</strong></span> <span class='ocrx_word' id='word_1_237' title='bbox 1083 2646 1287 2700; x_wconf 79' lang='lat' dir='ltr'><strong>semper</strong></span> <span class='ocrx_word' id='word_1_238' title='bbox 1347 2631 1666 2701; x_wconf 83' lang='lat' dir='ltr'><strong>protectidne</strong></span> <span class='ocrx_word' id='word_1_239' title='bbox 1717 2632 2039 2684; x_wconf 87' lang='lat' dir='ltr'><strong>muniamur.</strong></span> 
     </span>
    </p>
   </div>
   <div class='ocr_carea' id='block_1_36' title="bbox 445 2719 2042 2792">
    <p class='ocr_par' dir='ltr' id='par_1_36' title="bbox 445 2719 2042 2792">
     <span class='ocr_line' id='line_1_36' title="bbox 445 2719 2042 2792; baseline 0.003 -19"><span class='ocrx_word' id='word_1_240' title='bbox 445 2719 581 2775; x_wconf 82' lang='lat' dir='ltr'><strong>Huic</strong></span> <span class='ocrx_word' id='word_1_241' title='bbox 606 2721 904 2776; x_wconf 85' lang='lat' dir='ltr'><strong>concordat</strong></span> <span class='ocrx_word' id='word_1_242' title='bbox 930 2721 1294 2789; x_wconf 79' lang='lat' dir='ltr'><strong>oﬂ&#39;ertorium,</strong></span> <span class='ocrx_word' id='word_1_243' title='bbox 1317 2722 1508 2779; x_wconf 89' lang='lat' dir='ltr'><strong>dicens</strong></span> <span class='ocrx_word' id='word_1_244' title='bbox 1531 2742 1542 2775; x_wconf 89' lang='lat'><strong>:</strong></span> <span class='ocrx_word' id='word_1_245' title='bbox 1570 2723 1780 2792; x_wconf 85' lang='lat' dir='ltr'><strong>Adjuva</strong></span> <span class='ocrx_word' id='word_1_246' title='bbox 1805 2741 1902 2786; x_wconf 91' lang='lat' dir='ltr'><strong>me,</strong></span> <span class='ocrx_word' id='word_1_247' title='bbox 1934 2724 2042 2777; x_wconf 83' lang='lat' dir='ltr'><strong>Do-</strong></span> 
     </span>
    </p>
   </div>
   <div class='ocr_carea' id='block_1_37' title="bbox 441 2814 2041 2888">
    <p class='ocr_par' dir='ltr' id='par_1_37' title="bbox 441 2814 2041 2888">
     <span class='ocr_line' id='line_1_37' title="bbox 441 2814 2041 2888; baseline 0.003 -22"><span class='ocrx_word' id='word_1_248' title='bbox 441 2816 580 2868; x_wconf 84' lang='lat' dir='ltr'><strong>mine</strong></span> <span class='ocrx_word' id='word_1_249' title='bbox 609 2814 754 2871; x_wconf 75' lang='lat' dir='ltr'><strong>Deus</strong></span> <span class='ocrx_word' id='word_1_250' title='bbox 785 2833 955 2884; x_wconf 88' lang='lat' dir='ltr'><strong>meus,</strong></span> <span class='ocrx_word' id='word_1_251' title='bbox 995 2816 1199 2872; x_wconf 72' lang='lat' dir='ltr'><strong>salvum</strong></span> <span class='ocrx_word' id='word_1_252' title='bbox 1234 2834 1314 2872; x_wconf 89' lang='lat' dir='ltr'><strong>me</strong></span> <span class='ocrx_word' id='word_1_253' title='bbox 1360 2817 1448 2887; x_wconf 84' lang='lat' dir='ltr'><strong>fac</strong></span> <span class='ocrx_word' id='word_1_254' title='bbox 1489 2827 1701 2888; x_wconf 79' lang='lat' dir='ltr'><strong>propter</strong></span> <span class='ocrx_word' id='word_1_255' title='bbox 1745 2818 2041 2871; x_wconf 80' lang='lat' dir='ltr'><strong>misericor-</strong></span> 
     </span>
    </p>
   </div>
   <div class='ocr_carea' id='block_1_38' title="bbox 439 2903 2039 2978">
    <p class='ocr_par' dir='ltr' id='par_1_38' title="bbox 439 2903 2039 2978">
     <span class='ocr_line' id='line_1_38' title="bbox 439 2903 2039 2978; baseline 0.006 -23"><span class='ocrx_word' id='word_1_256' title='bbox 439 2903 586 2957; x_wconf 85' lang='lat' dir='ltr'><strong>diam</strong></span> <span class='ocrx_word' id='word_1_257' title='bbox 619 2913 786 2960; x_wconf 85' lang='lat' dir='ltr'><strong>tuam.</strong></span> <span class='ocrx_word' id='word_1_258' title='bbox 829 2904 935 2972; x_wconf 81' lang='lat' dir='ltr'><strong>Qui</strong></span> <span class='ocrx_word' id='word_1_259' title='bbox 971 2909 1250 2978; x_wconf 73' lang='lat' dir='ltr'><strong>insurgunt</strong></span> <span class='ocrx_word' id='word_1_260' title='bbox 1280 2909 1334 2961; x_wconf 89' lang='lat' dir='ltr'><strong>in</strong></span> <span class='ocrx_word' id='word_1_261' title='bbox 1377 2925 1486 2970; x_wconf 87' lang='lat' dir='ltr'><strong>me,</strong></span> <span class='ocrx_word' id='word_1_262' title='bbox 1519 2908 1932 2977; x_wconf 77' lang='lat' dir='ltr'><strong>confundantur.</strong></span> <span class='ocrx_word' id='word_1_263' title='bbox 1961 2909 2039 2964; x_wconf 88' lang='lat' dir='ltr'><strong>Eo</strong></span> 
     </span>
    </p>
   </div>
   <div class='ocr_carea' id='block_1_39' title="bbox 441 2999 2036 3070">
    <p class='ocr_par' dir='ltr' id='par_1_39' title="bbox 441 2999 2036 3070">
     <span class='ocr_line' id='line_1_39' title="bbox 441 2999 2036 3070; baseline 0.003 -21"><span class='ocrx_word' id='word_1_264' title='bbox 441 3006 701 3066; x_wconf 85' lang='lat' dir='ltr'><strong>tempore,</strong></span> <span class='ocrx_word' id='word_1_265' title='bbox 738 3000 792 3053; x_wconf 90' lang='lat' dir='ltr'><strong>id</strong></span> <span class='ocrx_word' id='word_1_266' title='bbox 819 3009 923 3064; x_wconf 89' lang='lat' dir='ltr'><strong>est,</strong></span> <span class='ocrx_word' id='word_1_267' title='bbox 953 3015 1029 3054; x_wconf 86' lang='lat' dir='ltr'><strong>vn</strong></span> <span class='ocrx_word' id='word_1_268' title='bbox 1056 2999 1326 3056; x_wconf 77' lang='lat' dir='ltr'><strong>Kalendas</strong></span> <span class='ocrx_word' id='word_1_269' title='bbox 1360 2999 1506 3065; x_wconf 77' lang='lat' dir='ltr'><strong>Maii,</strong></span> <span class='ocrx_word' id='word_1_270' title='bbox 1558 3008 1782 3070; x_wconf 91' lang='lat' dir='ltr'><strong>possunt</strong></span> <span class='ocrx_word' id='word_1_271' title='bbox 1833 3001 2036 3056; x_wconf 87' lang='lat' dir='ltr'><strong>inimici</strong></span> 
     </span>
    </p>
   </div>
   <div class='ocr_carea' id='block_1_40' title="bbox 2148 2356 3752 2429">
    <p class='ocr_par' dir='ltr' id='par_1_40' title="bbox 2148 2356 3752 2429">
     <span class='ocr_line' id='line_1_40' title="bbox 2148 2356 3752 2429; baseline 0.005 -21"><span class='ocrx_word' id='word_1_272' title='bbox 2148 2362 2232 2408; x_wconf 90' lang='lat' dir='ltr'><strong>est</strong></span> <span class='ocrx_word' id='word_1_273' title='bbox 2270 2369 2444 2424; x_wconf 90' lang='lat' dir='ltr'><strong>neque</strong></span> <span class='ocrx_word' id='word_1_274' title='bbox 2493 2370 2522 2408; x_wconf 89' lang='lat' dir='ltr'><strong>a</strong></span> <span class='ocrx_word' id='word_1_275' title='bbox 2577 2369 2766 2423; x_wconf 89' lang='lat' dir='ltr'><strong>parum</strong></span> <span class='ocrx_word' id='word_1_276' title='bbox 2815 2356 3170 2425; x_wconf 83' lang='lat' dir='ltr'><strong>sapientibus.</strong></span> <span class='ocrx_word' id='word_1_277' title='bbox 3217 2357 3424 2429; x_wconf 83' lang='lat' dir='ltr'><strong>Nempe</strong></span> <span class='ocrx_word' id='word_1_278' title='bbox 3472 2360 3752 2427; x_wconf 72' lang='lat' dir='ltr'><strong>Niniviue,</strong></span> 
     </span>
    </p>
   </div>
   <div class='ocr_carea' id='block_1_41' title="bbox 2147 2443 3753 2521">
    <p class='ocr_par' dir='ltr' id='par_1_41' title="bbox 2147 2443 3753 2521">
     <span class='ocr_line' id='line_1_41' title="bbox 2147 2443 3753 2521; baseline 0.006 -24"><span class='ocrx_word' id='word_1_279' title='bbox 2147 2443 2363 2511; x_wconf 86' lang='lat' dir='ltr'><strong>quando</strong></span> <span class='ocrx_word' id='word_1_280' title='bbox 2417 2444 2665 2498; x_wconf 90' lang='lat' dir='ltr'><strong>conversi</strong></span> <span class='ocrx_word' id='word_1_281' title='bbox 2714 2453 2838 2499; x_wconf 90' lang='lat' dir='ltr'><strong>sunt</strong></span> <span class='ocrx_word' id='word_1_282' title='bbox 2868 2445 2935 2500; x_wconf 88' lang='lat' dir='ltr'><strong>ad</strong></span> <span class='ocrx_word' id='word_1_283' title='bbox 2964 2446 3401 2516; x_wconf 64' lang='lat' dir='ltr'><strong>praedicationem</strong></span> <span class='ocrx_word' id='word_1_284' title='bbox 3431 2450 3581 2505; x_wconf 69' lang='grc' dir='ltr'>Ιοιιω</span> <span class='ocrx_word' id='word_1_285' title='bbox 3617 2468 3753 2521; x_wconf 88' lang='lat' dir='ltr'><strong>pro-</strong></span> 
     </span>
    </p>
   </div>
   <div class='ocr_carea' id='block_1_42' title="bbox 2145 2534 3754 2611">
    <p class='ocr_par' dir='ltr' id='par_1_42' title="bbox 2145 2534 3754 2611">
     <span class='ocr_line' id='line_1_42' title="bbox 2145 2534 3754 2611; baseline 0.006 -23"><span class='ocrx_word' id='word_1_286' title='bbox 2145 2535 2341 2611; x_wconf 71' lang='lat' dir='ltr'><strong>phetm,</strong></span> <span class='ocrx_word' id='word_1_287' title='bbox 2373 2550 2480 2588; x_wconf 92' lang='lat' dir='ltr'><strong>non</strong></span> <span class='ocrx_word' id='word_1_288' title='bbox 2506 2534 2780 2590; x_wconf 84' lang='lat' dir='ltr'><strong>habebant</strong></span> <span class='ocrx_word' id='word_1_289' title='bbox 2813 2535 3096 2602; x_wconf 91' lang='lat' dir='ltr'><strong>doctores,</strong></span> <span class='ocrx_word' id='word_1_290' title='bbox 3128 2539 3219 2607; x_wconf 90' lang='lat' dir='ltr'><strong>qui</strong></span> <span class='ocrx_word' id='word_1_291' title='bbox 3249 2554 3344 2594; x_wconf 91' lang='lat' dir='ltr'><strong>eos</strong></span> <span class='ocrx_word' id='word_1_292' title='bbox 3373 2541 3634 2596; x_wconf 86' lang='lat' dir='ltr'><strong>docerent</strong></span> <span class='ocrx_word' id='word_1_293' title='bbox 3662 2558 3754 2598; x_wconf 74' lang='lat' dir='ltr'><strong>sa~</strong></span> 
     </span>
    </p>
   </div>
   <div class='ocr_carea' id='block_1_43' title="bbox 2145 2626 3753 2697">
    <p class='ocr_par' dir='ltr' id='par_1_43' title="bbox 2145 2626 3753 2697">
     <span class='ocr_line' id='line_1_43' title="bbox 2145 2626 3753 2697; baseline 0.006 -18"><span class='ocrx_word' id='word_1_294' title='bbox 2145 2626 2413 2680; x_wconf 83' lang='lat' dir='ltr'><strong>criﬁcium</strong></span> <span class='ocrx_word' id='word_1_295' title='bbox 2441 2627 2550 2681; x_wconf 87' lang='lat' dir='ltr'><strong>Deo</strong></span> <span class='ocrx_word' id='word_1_296' title='bbox 2582 2641 2702 2682; x_wconf 87' lang='lat' dir='ltr'><strong>esse</strong></span> <span class='ocrx_word' id='word_1_297' title='bbox 2729 2628 2979 2697; x_wconf 78' lang='lat' dir='ltr'><strong>spiritum</strong></span> <span class='ocrx_word' id='word_1_298' title='bbox 3014 2629 3462 2696; x_wconf 84' lang='lat' dir='ltr'><strong>contribulatum,</strong></span> <span class='ocrx_word' id='word_1_299' title='bbox 3489 2649 3586 2688; x_wconf 85' lang='lat' dir='ltr'><strong>cor</strong></span> <span class='ocrx_word' id='word_1_300' title='bbox 3617 2650 3753 2690; x_wconf 87' lang='lat' dir='ltr'><strong>con-</strong></span> 
     </span>
    </p>
   </div>
   <div class='ocr_carea' id='block_1_44' title="bbox 2145 2717 3750 2786">
    <p class='ocr_par' dir='ltr' id='par_1_44' title="bbox 2145 2717 3750 2786">
     <span class='ocr_line' id='line_1_44' title="bbox 2145 2717 3750 2786; baseline 0.006 -16"><span class='ocrx_word' id='word_1_301' title='bbox 2145 2717 2333 2771; x_wconf 87' lang='lat' dir='ltr'><strong>tritum</strong></span> <span class='ocrx_word' id='word_1_302' title='bbox 2373 2726 2430 2771; x_wconf 90' lang='lat' dir='ltr'><strong>et</strong></span> <span class='ocrx_word' id='word_1_303' title='bbox 2477 2718 2840 2772; x_wconf 90' lang='lat' dir='ltr'><strong>humiliatum.</strong></span> <span class='ocrx_word' id='word_1_304' title='bbox 2897 2719 2964 2773; x_wconf 86' lang='lat' dir='ltr'><strong>Et</strong></span> <span class='ocrx_word' id='word_1_305' title='bbox 3011 2729 3190 2775; x_wconf 90' lang='lat' dir='ltr'><strong>tamen</strong></span> <span class='ocrx_word' id='word_1_306' title='bbox 3234 2723 3445 2777; x_wconf 86' lang='lat' dir='ltr'><strong>ratione</strong></span> <span class='ocrx_word' id='word_1_307' title='bbox 3508 2727 3750 2786; x_wconf 81' lang='lat' dir='ltr'><strong>naturali</strong></span> 
     </span>
    </p>
   </div>
   <div class='ocr_carea' id='block_1_45' title="bbox 2143 2807 3743 2882">
    <p class='ocr_par' dir='ltr' id='par_1_45' title="bbox 2143 2807 3743 2882">
     <span class='ocr_line' id='line_1_45' title="bbox 2143 2807 3743 2882; baseline 0.005 -20"><span class='ocrx_word' id='word_1_308' title='bbox 2143 2807 2504 2878; x_wconf 81' lang='lat' dir='ltr'><strong>intelligentes</strong></span> <span class='ocrx_word' id='word_1_309' title='bbox 2527 2823 2626 2878; x_wconf 90' lang='lat' dir='ltr'><strong>per</strong></span> <span class='ocrx_word' id='word_1_310' title='bbox 2649 2809 2764 2864; x_wconf 66' lang='lat' dir='ltr'><strong>haec</strong></span> <span class='ocrx_word' id='word_1_311' title='bbox 2783 2808 3104 2864; x_wconf 82' lang='lat' dir='ltr'><strong>ﬂectendam</strong></span> <span class='ocrx_word' id='word_1_312' title='bbox 3131 2810 3225 2865; x_wconf 87' lang='lat' dir='ltr'><strong>Dei</strong></span> <span class='ocrx_word' id='word_1_313' title='bbox 3242 2812 3520 2882; x_wconf 88' lang='lat' dir='ltr'><strong>pietatem,</strong></span> <span class='ocrx_word' id='word_1_314' title='bbox 3542 2825 3743 2872; x_wconf 87' lang='lat' dir='ltr'><strong>contra</strong></span> 
     </span>
    </p>
   </div>
   <div class='ocr_carea' id='block_1_46' title="bbox 2141 2899 3750 2972">
    <p class='ocr_par' dir='ltr' id='par_1_46' title="bbox 2141 2899 3750 2972">
     <span class='ocr_line' id='line_1_46' title="bbox 2141 2899 3750 2972; baseline 0.004 -19"><span class='ocrx_word' id='word_1_315' title='bbox 2141 2899 2548 2955; x_wconf 85' lang='lat' dir='ltr'><strong>subversionem</strong></span> <span class='ocrx_word' id='word_1_316' title='bbox 2579 2901 2682 2955; x_wconf 88' lang='lat' dir='ltr'><strong>sibi</strong></span> <span class='ocrx_word' id='word_1_317' title='bbox 2710 2902 3081 2957; x_wconf 88' lang='lat' dir='ltr'><strong>imminentem</strong></span> <span class='ocrx_word' id='word_1_318' title='bbox 3107 2902 3175 2958; x_wconf 90' lang='lat' dir='ltr'><strong>ad</strong></span> <span class='ocrx_word' id='word_1_319' title='bbox 3196 2918 3316 2972; x_wconf 73' lang='lat' dir='ltr'><strong>qum</strong></span> <span class='ocrx_word' id='word_1_320' title='bbox 3338 2919 3488 2958; x_wconf 86' lang='lat' dir='ltr'><strong>arma</strong></span> <span class='ocrx_word' id='word_1_321' title='bbox 3512 2921 3750 2962; x_wconf 78' lang='lat' dir='ltr'><strong>concur-</strong></span> 
     </span>
    </p>
   </div>
   <div class='ocr_carea' id='block_1_47' title="bbox 2140 2989 3745 3065">
    <p class='ocr_par' dir='ltr' id='par_1_47' title="bbox 2140 2989 3745 3065">
     <span class='ocr_line' id='line_1_47' title="bbox 2140 2989 3745 3065; baseline 0.006 -23"><span class='ocrx_word' id='word_1_322' title='bbox 2140 2989 2330 3056; x_wconf 87' lang='lat' dir='ltr'><strong>rerint,</strong></span> <span class='ocrx_word' id='word_1_323' title='bbox 2379 2990 2510 3045; x_wconf 89' lang='lat' dir='ltr'><strong>dicit</strong></span> <span class='ocrx_word' id='word_1_324' title='bbox 2559 2992 2634 3044; x_wconf 91' lang='lat' dir='ltr'><strong>ita</strong></span> <span class='ocrx_word' id='word_1_325' title='bbox 2679 2993 2869 3047; x_wconf 87' lang='lat' dir='ltr'><strong>eadem</strong></span> <span class='ocrx_word' id='word_1_326' title='bbox 2921 2992 3201 3063; x_wconf 89' lang='lat' dir='ltr'><strong>Scriptura</strong></span> <span class='ocrx_word' id='word_1_327' title='bbox 3232 3011 3246 3048; x_wconf 91' lang='lat'><strong>:</strong></span> <span class='ocrx_word' id='word_1_328' title='bbox 3277 2994 3347 3048; x_wconf 90' lang='lat' dir='ltr'><strong>Et</strong></span> <span class='ocrx_word' id='word_1_329' title='bbox 3387 2996 3538 3065; x_wconf 76' lang='lat' dir='ltr'><strong>cazpit</strong></span> <span class='ocrx_word' id='word_1_330' title='bbox 3566 2995 3745 3052; x_wconf 83' lang='lat' dir='ltr'><strong>Jonas</strong></span> 
     </span>
    </p>
   </div>
   <div class='ocr_carea' id='block_1_48' title="bbox 437 3080 3744 3163">
    <p class='ocr_par' dir='ltr' id='par_1_48' title="bbox 437 3080 3744 3163">
     <span class='ocr_line' id='line_1_48' title="bbox 437 3080 3744 3163; baseline 0.005 -38"><span class='ocrx_word' id='word_1_331' title='bbox 437 3103 782 3146; x_wconf 59' lang='lat' dir='ltr'><strong>commovere</strong></span> <span class='ocrx_word' id='word_1_332' title='bbox 834 3091 974 3146; x_wconf 67' lang='lat' dir='ltr'><strong>bella</strong></span> <span class='ocrx_word' id='word_1_333' title='bbox 1027 3092 1506 3152; x_wconf 23' lang='lat' dir='ltr'><strong>ndwrsusﬁvicina</strong></span> <span class='ocrx_word' id='word_1_334' title='bbox 1558 3107 1742 3163; x_wconf 51' lang='lat' dir='ltr'><strong>regna.</strong></span> <span class='ocrx_word' id='word_1_335' title='bbox 1785 3093 1858 3148; x_wconf 74' lang='grc' dir='ltr'><strong>υι</strong></span> <span class='ocrx_word' id='word_1_336' title='bbox 1891 3109 2033 3160; x_wconf 59' lang='grc' dir='ltr'><strong>τερον,</strong></span> <span class='ocrx_word' id='word_1_337' title='bbox 2137 3080 2355 3134; x_wconf 81' lang='lat' dir='ltr'><strong>introire</strong></span> <span class='ocrx_word' id='word_1_338' title='bbox 2403 3081 2458 3135; x_wconf 91' lang='lat' dir='ltr'><strong>in</strong></span> <span class='ocrx_word' id='word_1_339' title='bbox 2488 3082 2744 3135; x_wconf 81' lang='lat' dir='ltr'><strong>civitatem</strong></span> <span class='ocrx_word' id='word_1_340' title='bbox 2795 3085 2979 3136; x_wconf 86' lang='lat' dir='ltr'><strong>itinere</strong></span> <span class='ocrx_word' id='word_1_341' title='bbox 3014 3084 3118 3137; x_wconf 85' lang='lat' dir='ltr'><strong>diei</strong></span> <span class='ocrx_word' id='word_1_342' title='bbox 3163 3084 3338 3148; x_wconf 86' lang='lat' dir='ltr'><strong>unius,</strong></span> <span class='ocrx_word' id='word_1_343' title='bbox 3372 3095 3420 3138; x_wconf 91' lang='lat' dir='ltr'><strong>et</strong></span> <span class='ocrx_word' id='word_1_344' title='bbox 3468 3087 3744 3152; x_wconf 68' lang='lat' dir='ltr'><strong>clamavit,</strong></span> 
     </span>
    </p>
   </div>
   <div class='ocr_carea' id='block_1_49' title="bbox 435 3167 3742 3262">
    <p class='ocr_par' dir='ltr' id='par_1_49' title="bbox 435 3167 3742 3262">
     <span class='ocr_line' id='line_1_49' title="bbox 435 3167 3742 3262; baseline 0.004 -30"><span class='ocrx_word' id='word_1_345' title='bbox 435 3187 593 3233; x_wconf 87' lang='lat' dir='ltr'><strong>caute</strong></span> <span class='ocrx_word' id='word_1_346' title='bbox 622 3181 855 3250; x_wconf 82' lang='lat' dir='ltr'><strong>providit</strong></span> <span class='ocrx_word' id='word_1_347' title='bbox 884 3189 1071 3236; x_wconf 87' lang='lat' dir='ltr'><strong>sancta</strong></span> <span class='ocrx_word' id='word_1_348' title='bbox 1103 3178 1349 3248; x_wconf 82' lang='lat' dir='ltr'><strong>Ecclesia</strong></span> <span class='ocrx_word' id='word_1_349' title='bbox 1392 3183 1561 3237; x_wconf 91' lang='lat' dir='ltr'><strong>Deum</strong></span> <span class='ocrx_word' id='word_1_350' title='bbox 1602 3199 1817 3253; x_wconf 77' lang='lat' dir='ltr'><strong>rogare,</strong></span> <span class='ocrx_word' id='word_1_351' title='bbox 1851 3191 1907 3237; x_wconf 93' lang='lat' dir='ltr'><strong>ut</strong></span> <span class='ocrx_word' id='word_1_352' title='bbox 1942 3184 2033 3252; x_wconf 89' lang='lat' dir='ltr'><strong>qui</strong></span> <span class='ocrx_word' id='word_1_353' title='bbox 2062 3202 2105 3262; x_wconf 71' lang='grc' dir='ltr'>ρ</span> <span class='ocrx_word' id='word_1_354' title='bbox 2137 3178 2184 3221; x_wconf 76' lang='grc' dir='ltr'><strong>ει</strong></span> <span class='ocrx_word' id='word_1_355' title='bbox 2213 3167 2390 3262; x_wconf 52' lang='lat' dir='ltr'><strong>die}:</strong></span> <span class='ocrx_word' id='word_1_356' title='bbox 2426 3168 2612 3262; x_wconf 56' lang='grc' dir='ltr'><strong>Αιζξιξιο</strong></span> <span class='ocrx_word' id='word_1_357' title='bbox 2639 3168 3220 3262; x_wconf 48' lang='lat' dir='ltr'><strong>quad_&quot;‘_19_5§“{45€320‘</strong></span> <span class='ocrx_word' id='word_1_358' title='bbox 3243 3172 3445 3262; x_wconf 13' lang='lat' dir='ltr'><strong>fNim&#39;ve</strong></span> <span class='ocrx_word' id='word_1_359' title='bbox 3472 3174 3742 3230; x_wconf 67' lang='lat' dir='ltr'><strong>subverte-</strong></span> 
     </span>
    </p>
   </div>
   <div class='ocr_carea' id='block_1_50' title="bbox 435 3256 3741 3341">
    <p class='ocr_par' dir='ltr' id='par_1_50' title="bbox 435 3256 3741 3341">
     <span class='ocr_line' id='line_1_50' title="bbox 435 3256 3741 3341; baseline -0.002 -16"><span class='ocrx_word' id='word_1_360' title='bbox 435 3268 705 3322; x_wconf 63' lang='lat' dir='ltr'><strong>tlestruxjt</strong></span> <span class='ocrx_word' id='word_1_361' title='bbox 739 3269 870 3324; x_wconf 84' lang='lat' dir='ltr'><strong>olim</strong></span> <span class='ocrx_word' id='word_1_362' title='bbox 904 3271 1203 3325; x_wconf 82' lang='lat' dir='ltr'><strong>&#39;eonsilium</strong></span> <span class='ocrx_word' id='word_1_363' title='bbox 1229 3271 1553 3341; x_wconf 78' lang='lat' dir='ltr'><strong>.Acliitopel,</strong></span> <span class='ocrx_word' id='word_1_364' title='bbox 1605 3288 1746 3326; x_wconf 81' lang='lat' dir='ltr'><strong>nunc</strong></span> <span class='ocrx_word' id='word_1_365' title='bbox 1789 3273 2036 3327; x_wconf 51' lang='lat' dir='ltr'><strong>destruat</strong></span> <span class='ocrx_word' id='word_1_366' title='bbox 2070 3256 2104 3262; x_wconf 73' lang='grc'><strong><em>“</em></strong></span> <span class='ocrx_word' id='word_1_367' title='bbox 2136 3266 2241 3309; x_wconf 89' lang='lat' dir='ltr'><strong>tur.</strong></span> <span class='ocrx_word' id='word_1_368' title='bbox 2276 3256 2340 3312; x_wconf 84' lang='lat' dir='ltr'><strong>Et</strong></span> <span class='ocrx_word' id='word_1_369' title='bbox 2378 3257 2709 3311; x_wconf 85' lang='lat' dir='ltr'><strong>crediderunt</strong></span> <span class='ocrx_word' id='word_1_370' title='bbox 2741 3259 2837 3312; x_wconf 87' lang='lat' dir='ltr'><strong>viri</strong></span> <span class='ocrx_word' id='word_1_371' title='bbox 2867 3258 3116 3313; x_wconf 70' lang='lat' dir='ltr'><strong>Ninivitae</strong></span> <span class='ocrx_word' id='word_1_372' title='bbox 3146 3261 3200 3314; x_wconf 87' lang='lat' dir='ltr'><strong>in</strong></span> <span class='ocrx_word' id='word_1_373' title='bbox 3230 3261 3487 3329; x_wconf 79' lang='lat' dir='ltr'><strong>Domino,</strong></span> <span class='ocrx_word' id='word_1_374' title='bbox 3517 3274 3565 3318; x_wconf 88' lang='lat' dir='ltr'><strong>et</strong></span> <span class='ocrx_word' id='word_1_375' title='bbox 3595 3276 3741 3335; x_wconf 71' lang='lat' dir='ltr'><strong>prm-</strong></span> 
     </span>
    </p>
   </div>
   <div class='ocr_carea' id='block_1_51' title="bbox 434 3346 3739 3433">
    <p class='ocr_par' dir='ltr' id='par_1_51' title="bbox 434 3346 3739 3433">
     <span class='ocr_line' id='line_1_51' title="bbox 434 3346 3739 3433; baseline 0.007 -44"><span class='ocrx_word' id='word_1_376' title='bbox 434 3357 660 3411; x_wconf 51' lang='lat' dir='ltr'><strong>consum</strong></span> <span class='ocrx_word' id='word_1_377' title='bbox 695 3373 888 3414; x_wconf 56' lang='lat' dir='ltr'><strong>eorum</strong></span> <span class='ocrx_word' id='word_1_378' title='bbox 912 3360 1003 3428; x_wconf 67' lang='lat' dir='ltr'><strong>qui</strong></span> <span class='ocrx_word' id='word_1_379' title='bbox 1034 3359 1222 3416; x_wconf 64' lang='lat' dir='ltr'><strong>mlum</strong></span> <span class='ocrx_word' id='word_1_380' title='bbox 1249 3361 1456 3416; x_wconf 54' lang='lat' dir='ltr'><strong>iuuere</strong></span> <span class='ocrx_word' id='word_1_381' title='bbox 1489 3378 1652 3432; x_wconf 65' lang='lat' dir='ltr'><strong>super</strong></span> <span class='ocrx_word' id='word_1_382' title='bbox 1681 3378 1867 3433; x_wconf 44' lang='lat' dir='ltr'><strong>pacem</strong></span> <span class='ocrx_word' id='word_1_383' title='bbox 1893 3364 2030 3433; x_wconf 48' lang='lat' dir='ltr'>eius.</span> <span class='ocrx_word' id='word_1_384' title='bbox 2135 3346 2438 3400; x_wconf 75' lang='lat' dir='ltr'><strong>dicaverunt</strong></span> <span class='ocrx_word' id='word_1_385' title='bbox 2461 3347 2751 3416; x_wconf 84' lang='lat' dir='ltr'><strong>jejunium,</strong></span> <span class='ocrx_word' id='word_1_386' title='bbox 2783 3359 2829 3402; x_wconf 90' lang='lat' dir='ltr'><strong>et</strong></span> <span class='ocrx_word' id='word_1_387' title='bbox 2861 3350 3028 3403; x_wconf 84' lang='lat' dir='ltr'><strong>vestiti</strong></span> <span class='ocrx_word' id='word_1_388' title='bbox 3067 3360 3188 3404; x_wconf 82' lang='lat' dir='ltr'><strong>sunt</strong></span> <span class='ocrx_word' id='word_1_389' title='bbox 3229 3355 3397 3406; x_wconf 87' lang='lat' dir='ltr'><strong>saccis</strong></span> <span class='ocrx_word' id='word_1_390' title='bbox 3444 3373 3475 3408; x_wconf 94' lang='lat' dir='ltr'><strong>a</strong></span> <span class='ocrx_word' id='word_1_391' title='bbox 3530 3357 3739 3427; x_wconf 84' lang='lat' dir='ltr'><strong>majore</strong></span> 
     </span>
    </p>
   </div>
   <div class='ocr_carea' id='block_1_52' title="bbox 433 3449 2030 3523">
    <p class='ocr_par' dir='ltr' id='par_1_52' title="bbox 433 3449 2030 3523">
     <span class='ocr_line' id='line_1_52' title="bbox 433 3449 2030 3523; baseline 0.003 -19"><span class='ocrx_word' id='word_1_392' title='bbox 433 3449 667 3504; x_wconf 72' lang='lat' dir='ltr'><strong>intendit</strong></span> <span class='ocrx_word' id='word_1_393' title='bbox 710 3459 770 3506; x_wconf 81' lang='lat' dir='ltr'><strong>et</strong></span> <span class='ocrx_word' id='word_1_394' title='bbox 814 3451 939 3518; x_wconf 81' lang='lat' dir='ltr'><strong>hoc,</strong></span> <span class='ocrx_word' id='word_1_395' title='bbox 971 3453 1114 3522; x_wconf 86' lang='lat' dir='ltr'><strong>quod</strong></span> <span class='ocrx_word' id='word_1_396' title='bbox 1157 3453 1288 3509; x_wconf 84' lang='lat' dir='ltr'><strong>dicit</strong></span> <span class='ocrx_word' id='word_1_397' title='bbox 1317 3454 1557 3523; x_wconf 80' lang='lat' dir='ltr'><strong>Epistola</strong></span> <span class='ocrx_word' id='word_1_398' title='bbox 1593 3473 1605 3508; x_wconf 91' lang='lat'>:</span> <span class='ocrx_word' id='word_1_399' title='bbox 1637 3454 1864 3508; x_wconf 77' lang='lat' dir='ltr'><strong>Multum</strong></span> <span class='ocrx_word' id='word_1_400' title='bbox 1894 3455 2030 3509; x_wconf 85' lang='lat' dir='ltr'><strong>enim</strong></span> 
     </span>
    </p>
   </div>
   <div class='ocr_carea' id='block_1_53' title="bbox 431 3538 2030 3614">
    <p class='ocr_par' dir='ltr' id='par_1_53' title="bbox 431 3538 2030 3614">
     <span class='ocr_line' id='line_1_53' title="bbox 431 3538 2030 3614; baseline 0.003 -22"><span class='ocrx_word' id='word_1_401' title='bbox 431 3538 570 3593; x_wconf 75' lang='lat' dir='ltr'><strong>valet</strong></span> <span class='ocrx_word' id='word_1_402' title='bbox 607 3541 908 3612; x_wconf 76' lang='lat' dir='ltr'><strong>deprecatio</strong></span> <span class='ocrx_word' id='word_1_403' title='bbox 940 3543 1078 3613; x_wconf 76' lang='lat' dir='ltr'><strong>justi</strong></span> <span class='ocrx_word' id='word_1_404' title='bbox 1117 3543 1357 3598; x_wconf 81' lang='lat' dir='ltr'><strong>assidua.</strong></span> <span class='ocrx_word' id='word_1_405' title='bbox 1405 3544 1756 3614; x_wconf 80' lang='lat' dir='ltr'><strong>Evangelium</strong></span> <span class='ocrx_word' id='word_1_406' title='bbox 1801 3543 2030 3600; x_wconf 88' lang='lat' dir='ltr'><strong>alteram</strong></span> 
     </span>
    </p>
   </div>
   <div class='ocr_carea' id='block_1_54' title="bbox 430 3629 2029 3702">
    <p class='ocr_par' dir='ltr' id='par_1_54' title="bbox 430 3629 2029 3702">
     <span class='ocr_line' id='line_1_54' title="bbox 430 3629 2029 3702; baseline 0.002 -19"><span class='ocrx_word' id='word_1_407' title='bbox 430 3629 748 3698; x_wconf 81' lang='lat' dir='ltr'><strong>petitionem</strong></span> <span class='ocrx_word' id='word_1_408' title='bbox 768 3639 949 3697; x_wconf 78' lang='lat' dir='ltr'><strong>sonat,</strong></span> <span class='ocrx_word' id='word_1_409' title='bbox 971 3633 1161 3688; x_wconf 80' lang='lat' dir='ltr'><strong>dicens</strong></span> <span class='ocrx_word' id='word_1_410' title='bbox 1185 3651 1198 3686; x_wconf 92' lang='lat'><strong>:</strong></span> <span class='ocrx_word' id='word_1_411' title='bbox 1229 3632 1360 3699; x_wconf 80' lang='lat' dir='ltr'><strong>Quis</strong></span> <span class='ocrx_word' id='word_1_412' title='bbox 1381 3643 1554 3688; x_wconf 80' lang='lat' dir='ltr'><strong>autem</strong></span> <span class='ocrx_word' id='word_1_413' title='bbox 1578 3649 1643 3686; x_wconf 77' lang='lat' dir='ltr'><strong>ea:</strong></span> <span class='ocrx_word' id='word_1_414' title='bbox 1668 3632 1806 3686; x_wconf 79' lang='lat' dir='ltr'><strong>vobis</strong></span> <span class='ocrx_word' id='word_1_415' title='bbox 1829 3641 2029 3702; x_wconf 78' lang='lat' dir='ltr'><strong>patrem</strong></span> 
     </span>
    </p>
   </div>
   <div class='ocr_carea' id='block_1_55' title="bbox 428 3720 2030 3794">
    <p class='ocr_par' dir='ltr' id='par_1_55' title="bbox 428 3720 2030 3794">
     <span class='ocr_line' id='line_1_55' title="bbox 428 3720 2030 3794; baseline 0.002 -22"><span class='ocrx_word' id='word_1_416' title='bbox 428 3720 555 3788; x_wconf 89' lang='lat' dir='ltr'><strong>petit</strong></span> <span class='ocrx_word' id='word_1_417' title='bbox 579 3737 792 3790; x_wconf 74' lang='lat' dir='ltr'><strong>panem,</strong></span> <span class='ocrx_word' id='word_1_418' title='bbox 822 3731 879 3777; x_wconf 90' lang='lat' dir='ltr'><strong>et</strong></span> <span class='ocrx_word' id='word_1_419' title='bbox 906 3721 1125 3787; x_wconf 81' lang='lat' dir='ltr'><strong>iterum,</strong></span> <span class='ocrx_word' id='word_1_420' title='bbox 1157 3731 1251 3776; x_wconf 85' lang='lat' dir='ltr'><strong>aut</strong></span> <span class='ocrx_word' id='word_1_421' title='bbox 1279 3724 1490 3794; x_wconf 85' lang='lat' dir='ltr'><strong>piscem,</strong></span> <span class='ocrx_word' id='word_1_422' title='bbox 1521 3732 1576 3777; x_wconf 95' lang='lat' dir='ltr'><strong>et</strong></span> <span class='ocrx_word' id='word_1_423' title='bbox 1606 3723 1827 3788; x_wconf 90' lang='lat' dir='ltr'><strong>iterum,</strong></span> <span class='ocrx_word' id='word_1_424' title='bbox 1869 3733 1960 3776; x_wconf 90' lang='lat' dir='ltr'><strong>aut</strong></span> <span class='ocrx_word' id='word_1_425' title='bbox 1984 3725 2030 3777; x_wconf 87' lang='lat' dir='ltr'><strong>si</strong></span> 
     </span>
    </p>
   </div>
   <div class='ocr_carea' id='block_1_56' title="bbox 427 3810 2031 3883">
    <p class='ocr_par' dir='ltr' id='par_1_56' title="bbox 427 3810 2031 3883">
     <span class='ocr_line' id='line_1_56' title="bbox 427 3810 2031 3883; baseline 0.002 -20"><span class='ocrx_word' id='word_1_426' title='bbox 427 3810 632 3878; x_wconf 80' lang='lat' dir='ltr'><strong>petierit</strong></span> <span class='ocrx_word' id='word_1_427' title='bbox 657 3827 830 3866; x_wconf 85' lang='lat' dir='ltr'><strong>ovum.</strong></span> <span class='ocrx_word' id='word_1_428' title='bbox 859 3811 918 3866; x_wconf 77' lang='lat' dir='ltr'><strong>in</strong></span> <span class='ocrx_word' id='word_1_429' title='bbox 947 3811 1068 3868; x_wconf 89' lang='lat' dir='ltr'><strong>istis</strong></span> <span class='ocrx_word' id='word_1_430' title='bbox 1095 3813 1270 3868; x_wconf 91' lang='lat' dir='ltr'><strong>tribus</strong></span> <span class='ocrx_word' id='word_1_431' title='bbox 1299 3813 1619 3883; x_wconf 88' lang='lat' dir='ltr'><strong>temporalia</strong></span> <span class='ocrx_word' id='word_1_432' title='bbox 1650 3812 1877 3882; x_wconf 90' lang='lat' dir='ltr'><strong>petenda</strong></span> <span class='ocrx_word' id='word_1_433' title='bbox 1907 3827 2031 3882; x_wconf 81' lang='lat' dir='ltr'><strong>pos-</strong></span> 
     </span>
    </p>
   </div>
   <div class='ocr_carea' id='block_1_57' title="bbox 428 3900 2030 3974">
    <p class='ocr_par' dir='ltr' id='par_1_57' title="bbox 428 3900 2030 3974">
     <span class='ocr_line' id='line_1_57' title="bbox 428 3900 2030 3974; baseline 0.004 -21"><span class='ocrx_word' id='word_1_434' title='bbox 428 3915 616 3956; x_wconf 90' lang='lat' dir='ltr'><strong>sumus</strong></span> <span class='ocrx_word' id='word_1_435' title='bbox 646 3900 953 3973; x_wconf 77' lang='lat' dir='ltr'><strong>intelligere</strong></span> <span class='ocrx_word' id='word_1_436' title='bbox 983 3921 994 3956; x_wconf 97' lang='lat'>:</span> <span class='ocrx_word' id='word_1_437' title='bbox 1022 3917 1126 3971; x_wconf 86' lang='lat' dir='ltr'><strong>per</strong></span> <span class='ocrx_word' id='word_1_438' title='bbox 1152 3918 1387 3973; x_wconf 83' lang='lat' dir='ltr'><strong>panem,</strong></span> <span class='ocrx_word' id='word_1_439' title='bbox 1417 3905 1602 3959; x_wconf 91' lang='lat' dir='ltr'><strong>omnia</strong></span> <span class='ocrx_word' id='word_1_440' title='bbox 1631 3905 1773 3959; x_wconf 90' lang='lat' dir='ltr'><strong>bona</strong></span> <span class='ocrx_word' id='word_1_441' title='bbox 1812 3920 1935 3974; x_wconf 84' lang='lat' dir='ltr'><strong>quae</strong></span> <span class='ocrx_word' id='word_1_442' title='bbox 1965 3905 2030 3959; x_wconf 93' lang='lat' dir='ltr'><strong>de</strong></span> 
     </span>
    </p>
   </div>
   <div class='ocr_carea' id='block_1_58' title="bbox 429 3995 2032 4066">
    <p class='ocr_par' dir='ltr' id='par_1_58' title="bbox 429 3995 2032 4066">
     <span class='ocr_line' id='line_1_58' title="bbox 429 3995 2032 4066; baseline 0 -18"><span class='ocrx_word' id='word_1_443' title='bbox 429 4005 574 4048; x_wconf 85' lang='lat' dir='ltr'><strong>terra</strong></span> <span class='ocrx_word' id='word_1_444' title='bbox 624 4001 954 4062; x_wconf 88' lang='lat' dir='ltr'><strong>nascuntur;</strong></span> <span class='ocrx_word' id='word_1_445' title='bbox 1007 4010 1107 4065; x_wconf 88' lang='lat' dir='ltr'><strong>per</strong></span> <span class='ocrx_word' id='word_1_446' title='bbox 1150 3996 1393 4065; x_wconf 88' lang='lat' dir='ltr'><strong>piscem,</strong></span> <span class='ocrx_word' id='word_1_447' title='bbox 1445 4011 1566 4066; x_wconf 81' lang='lat' dir='ltr'><strong>quae</strong></span> <span class='ocrx_word' id='word_1_448' title='bbox 1614 3996 1682 4050; x_wconf 93' lang='lat' dir='ltr'><strong>de</strong></span> <span class='ocrx_word' id='word_1_449' title='bbox 1726 3995 1902 4065; x_wconf 81' lang='lat' dir='ltr'><strong>agris;</strong></span> <span class='ocrx_word' id='word_1_450' title='bbox 1934 4011 2032 4064; x_wconf 84' lang='lat' dir='ltr'><strong>per</strong></span> 
     </span>
    </p>
   </div>
   <div class='ocr_carea' id='block_1_59' title="bbox 429 4084 2027 4156">
    <p class='ocr_par' dir='ltr' id='par_1_59' title="bbox 429 4084 2027 4156">
     <span class='ocr_line' id='line_1_59' title="bbox 429 4084 2027 4156; baseline -0.001 -16"><span class='ocrx_word' id='word_1_451' title='bbox 429 4098 622 4152; x_wconf 83' lang='lat' dir='ltr'><strong>ovum,</strong></span> <span class='ocrx_word' id='word_1_452' title='bbox 647 4084 905 4144; x_wconf 85' lang='lat' dir='ltr'><strong>animalia</strong></span> <span class='ocrx_word' id='word_1_453' title='bbox 929 4101 1050 4156; x_wconf 67' lang='lat' dir='ltr'><strong>quae</strong></span> <span class='ocrx_word' id='word_1_454' title='bbox 1070 4093 1270 4142; x_wconf 84' lang='lat' dir='ltr'><strong>coeunt</strong></span> <span class='ocrx_word' id='word_1_455' title='bbox 1292 4085 1474 4140; x_wconf 83' lang='lat' dir='ltr'><strong>simul.</strong></span> <span class='ocrx_word' id='word_1_456' title='bbox 1508 4084 1634 4140; x_wconf 69' lang='lat' dir='ltr'><strong>Hmc</strong></span> <span class='ocrx_word' id='word_1_457' title='bbox 1657 4085 1799 4140; x_wconf 87' lang='lat' dir='ltr'><strong>enim</strong></span> <span class='ocrx_word' id='word_1_458' title='bbox 1829 4099 2027 4139; x_wconf 87' lang='lat' dir='ltr'><strong>memo-</strong></span> 
     </span>
    </p>
   </div>
   <div class='ocr_carea' id='block_1_60' title="bbox 2137 3437 3733 3517">
    <p class='ocr_par' dir='ltr' id='par_1_60' title="bbox 2137 3437 3733 3517">
     <span class='ocr_line' id='line_1_60' title="bbox 2137 3437 3733 3517; baseline 0.009 -30"><span class='ocrx_word' id='word_1_459' title='bbox 2137 3452 2296 3506; x_wconf 88' lang='lat' dir='ltr'><strong>usque</strong></span> <span class='ocrx_word' id='word_1_460' title='bbox 2336 3437 2404 3489; x_wconf 84' lang='lat' dir='ltr'><strong>ad</strong></span> <span class='ocrx_word' id='word_1_461' title='bbox 2434 3439 2706 3492; x_wconf 88' lang='lat' dir='ltr'><strong>minorem.</strong></span> <span class='ocrx_word' id='word_1_462' title='bbox 2759 3437 3022 3494; x_wconf 82' lang='lat' dir='ltr'><strong>Videlicet</strong></span> <span class='ocrx_word' id='word_1_463' title='bbox 3078 3457 3248 3517; x_wconf 74' lang='lat' dir='ltr'><strong>usque</strong></span> <span class='ocrx_word' id='word_1_464' title='bbox 3294 3445 3362 3498; x_wconf 87' lang='lat' dir='ltr'><strong>ad</strong></span> <span class='ocrx_word' id='word_1_465' title='bbox 3413 3444 3733 3513; x_wconf 84' lang='lat' dir='ltr'><strong>lactentem,</strong></span> 
     </span>
    </p>
   </div>
   <div class='ocr_carea' id='block_1_61' title="bbox 2134 3527 3734 3603">
    <p class='ocr_par' dir='ltr' id='par_1_61' title="bbox 2134 3527 3734 3603">
     <span class='ocr_line' id='line_1_61' title="bbox 2134 3527 3734 3603; baseline 0.009 -24"><span class='ocrx_word' id='word_1_466' title='bbox 2134 3527 2275 3580; x_wconf 86' lang='lat' dir='ltr'><strong>sicut</strong></span> <span class='ocrx_word' id='word_1_467' title='bbox 2303 3537 2590 3582; x_wconf 87' lang='lat' dir='ltr'><strong>senserunt</strong></span> <span class='ocrx_word' id='word_1_468' title='bbox 2623 3530 2714 3599; x_wconf 88' lang='lat' dir='ltr'><strong>qui</strong></span> <span class='ocrx_word' id='word_1_469' title='bbox 2746 3529 2811 3584; x_wconf 93' lang='lat' dir='ltr'><strong>de</strong></span> <span class='ocrx_word' id='word_1_470' title='bbox 2838 3531 2941 3585; x_wconf 87' lang='lat' dir='ltr'><strong>hac</strong></span> <span class='ocrx_word' id='word_1_471' title='bbox 2969 3531 3224 3588; x_wconf 87' lang='lat' dir='ltr'><strong>laudabili</strong></span> <span class='ocrx_word' id='word_1_472' title='bbox 3255 3535 3573 3603; x_wconf 75' lang='lat' dir='ltr'><strong>pmnitentia</strong></span> <span class='ocrx_word' id='word_1_473' title='bbox 3599 3540 3734 3593; x_wconf 85' lang='lat' dir='ltr'><strong>scri-</strong></span> 
     </span>
    </p>
   </div>
   <div class='ocr_carea' id='block_1_62' title="bbox 2133 3619 3734 3694">
    <p class='ocr_par' dir='ltr' id='par_1_62' title="bbox 2133 3619 3734 3694">
     <span class='ocr_line' id='line_1_62' title="bbox 2133 3619 3734 3694; baseline 0.006 -21"><span class='ocrx_word' id='word_1_474' title='bbox 2133 3619 2262 3674; x_wconf 89' lang='lat' dir='ltr'><strong>bere</strong></span> <span class='ocrx_word' id='word_1_475' title='bbox 2297 3620 2613 3686; x_wconf 86' lang='lat' dir='ltr'><strong>voluerunt;</strong></span> <span class='ocrx_word' id='word_1_476' title='bbox 2654 3635 2721 3674; x_wconf 80' lang='lat' dir='ltr'><strong>ex</strong></span> <span class='ocrx_word' id='word_1_477' title='bbox 2770 3623 2967 3690; x_wconf 90' lang='lat' dir='ltr'><strong>quibus</strong></span> <span class='ocrx_word' id='word_1_478' title='bbox 3020 3639 3196 3689; x_wconf 88' lang='lat' dir='ltr'><strong>unus,</strong></span> <span class='ocrx_word' id='word_1_479' title='bbox 3242 3624 3601 3694; x_wconf 82' lang='lat' dir='ltr'><strong>Prudentius,</strong></span> <span class='ocrx_word' id='word_1_480' title='bbox 3650 3629 3734 3683; x_wconf 87' lang='lat' dir='ltr'><strong>vir</strong></span> 
     </span>
    </p>
   </div>
   <div class='ocr_carea' id='block_1_63' title="bbox 2135 3711 2569 3780">
    <p class='ocr_par' dir='ltr' id='par_1_63' title="bbox 2135 3711 2569 3780">
     <span class='ocr_line' id='line_1_63' title="bbox 2135 3711 2569 3780; baseline -0.007 -14"><span class='ocrx_word' id='word_1_481' title='bbox 2135 3711 2327 3766; x_wconf 88' lang='lat' dir='ltr'><strong>doctus</strong></span> <span class='ocrx_word' id='word_1_482' title='bbox 2356 3711 2530 3780; x_wconf 90' lang='lat' dir='ltr'><strong>inquit</strong></span> <span class='ocrx_word' id='word_1_483' title='bbox 2558 3728 2569 3763; x_wconf 93' lang='lat'>:</span> 
     </span>
    </p>
   </div>
   <div class='ocr_carea' id='block_1_64' title="bbox 2258 3820 3352 3881">
    <p class='ocr_par' dir='ltr' id='par_1_64' title="bbox 2258 3820 3352 3881">
     <span class='ocr_line' id='line_1_64' title="bbox 2258 3820 3352 3881; baseline 0.006 -12"><span class='ocrx_word' id='word_1_484' title='bbox 2258 3820 2431 3870; x_wconf 76' lang='lat' dir='ltr'><strong>Nullus</strong></span> <span class='ocrx_word' id='word_1_485' title='bbox 2466 3821 2686 3881; x_wconf 87' lang='lat' dir='ltr'><strong>bibendi,</strong></span> <span class='ocrx_word' id='word_1_486' title='bbox 2719 3834 2864 3871; x_wconf 88' lang='lat' dir='ltr'><strong>nemo</strong></span> <span class='ocrx_word' id='word_1_487' title='bbox 2888 3825 3123 3874; x_wconf 84' lang='lat' dir='ltr'><strong>vescendi</strong></span> <span class='ocrx_word' id='word_1_488' title='bbox 3151 3839 3352 3876; x_wconf 85' lang='lat' dir='ltr'><strong>memor.</strong></span> 
     </span>
    </p>
   </div>
   <div class='ocr_carea' id='block_1_65' title="bbox 2261 3882 3301 3947">
    <p class='ocr_par' dir='ltr' id='par_1_65' title="bbox 2261 3882 3301 3947">
     <span class='ocr_line' id='line_1_65' title="bbox 2261 3882 3301 3947; baseline 0.006 -17"><span class='ocrx_word' id='word_1_489' title='bbox 2261 3882 2438 3944; x_wconf 56' lang='lat' dir='ltr'><strong>Jejtltla</strong></span> <span class='ocrx_word' id='word_1_490' title='bbox 2471 3895 2665 3931; x_wconf 87' lang='lat' dir='ltr'><strong>mensas</strong></span> <span class='ocrx_word' id='word_1_491' title='bbox 2691 3886 2846 3944; x_wconf 88' lang='lat' dir='ltr'><strong>pubes</strong></span> <span class='ocrx_word' id='word_1_492' title='bbox 2869 3897 3043 3934; x_wconf 84' lang='lat' dir='ltr'><strong>omnes</strong></span> <span class='ocrx_word' id='word_1_493' title='bbox 3069 3887 3301 3947; x_wconf 81' lang='lat' dir='ltr'><strong>liquerat.</strong></span> 
     </span>
    </p>
   </div>
   <div class='ocr_carea' id='block_1_66' title="bbox 2259 3947 3175 4005">
    <p class='ocr_par' dir='ltr' id='par_1_66' title="bbox 2259 3947 3175 4005">
     <span class='ocr_line' id='line_1_66' title="bbox 2259 3947 3175 4005; baseline 0.005 -14"><span class='ocrx_word' id='word_1_494' title='bbox 2259 3947 2386 4002; x_wconf 79' lang='lat' dir='ltr'><strong>Quin</strong></span> <span class='ocrx_word' id='word_1_495' title='bbox 2411 3950 2462 3993; x_wconf 87' lang='lat' dir='ltr'><strong>et</strong></span> <span class='ocrx_word' id='word_1_496' title='bbox 2486 3953 2664 4004; x_wconf 79' lang='lat' dir='ltr'><strong>negato</strong></span> <span class='ocrx_word' id='word_1_497' title='bbox 2691 3950 2815 3994; x_wconf 88' lang='lat' dir='ltr'><strong>lacte</strong></span> <span class='ocrx_word' id='word_1_498' title='bbox 2839 3984 2851 4004; x_wconf 87' lang='lat'><strong>,</strong></span> <span class='ocrx_word' id='word_1_499' title='bbox 2876 3948 3175 4005; x_wconf 78' lang='lat' dir='ltr'><strong>vagientium</strong></span> 
     </span>
    </p>
   </div>
   <div class='ocr_carea' id='block_1_67' title="bbox 2261 4005 3276 4067">
    <p class='ocr_par' dir='ltr' id='par_1_67' title="bbox 2261 4005 3276 4067">
     <span class='ocr_line' id='line_1_67' title="bbox 2261 4005 3276 4067; baseline 0.007 -15"><span class='ocrx_word' id='word_1_500' title='bbox 2261 4005 2402 4054; x_wconf 74' lang='lat' dir='ltr'><strong>Fletu</strong></span> <span class='ocrx_word' id='word_1_501' title='bbox 2433 4007 2718 4067; x_wconf 66' lang='lat' dir='ltr'><strong>madescunt</strong></span> <span class='ocrx_word' id='word_1_502' title='bbox 2743 4007 3050 4067; x_wconf 76' lang='lat' dir='ltr'><strong>parvulorum</strong></span> <span class='ocrx_word' id='word_1_503' title='bbox 3072 4009 3276 4059; x_wconf 63' lang='lat' dir='ltr'><strong>runulae.</strong></span> 
     </span>
    </p>
   </div>
   <div class='ocr_carea' id='block_1_68' title="bbox 2259 4065 3274 4133">
    <p class='ocr_par' dir='ltr' id='par_1_68' title="bbox 2259 4065 3274 4133">
     <span class='ocr_line' id='line_1_68' title="bbox 2259 4065 3274 4133; baseline 0.005 -17"><span class='ocrx_word' id='word_1_504' title='bbox 2259 4068 2466 4116; x_wconf 86' lang='lat' dir='ltr'><strong>Succum</strong></span> <span class='ocrx_word' id='word_1_505' title='bbox 2491 4065 2681 4125; x_wconf 76' lang='lat' dir='ltr'><strong>papilla:</strong></span> <span class='ocrx_word' id='word_1_506' title='bbox 2705 4065 2844 4124; x_wconf 78' lang='lat' dir='ltr'><strong>parca</strong></span> <span class='ocrx_word' id='word_1_507' title='bbox 2869 4071 3029 4118; x_wconf 79' lang='lat' dir='ltr'><strong>nutrix</strong></span> <span class='ocrx_word' id='word_1_508' title='bbox 3053 4072 3274 4133; x_wconf 73' lang='lat' dir='ltr'><strong>derogat.</strong></span> 
     </span>
    </p>
   </div>
   <div class='ocr_carea' id='block_1_69' title="bbox 1818 4191 2358 4249">
    <p class='ocr_par' dir='ltr' id='par_1_69' title="bbox 1818 4191 2358 4249">
     <span class='ocr_line' id='line_1_69' title="bbox 1818 4191 2358 4249; baseline -0.004 -1"><span class='ocrx_word' id='word_1_509' title='bbox 1818 4193 2088 4249; x_wconf 81' lang='lat' dir='ltr'><strong>BALUZII</strong></span> <span class='ocrx_word' id='word_1_510' title='bbox 2127 4191 2358 4248; x_wconf 68' lang='grc' dir='ltr'><strong>ΝΟΤλΕ.</strong></span> 
     </span>
    </p>
   </div>
   <div class='ocr_carea' id='block_1_70' title="bbox 497 4279 2016 4368">
    <p class='ocr_par' dir='ltr' id='par_1_70' title="bbox 497 4279 2016 4368">
     <span class='ocr_line' id='line_1_70' title="bbox 497 4279 2016 4368; baseline -0.005 -15"><span class='ocrx_word' id='word_1_511' title='bbox 497 4311 522 4337; x_wconf 76' lang='grc' dir='ltr'>ι</span> <span class='ocrx_word' id='word_1_512' title='bbox 552 4297 857 4352; x_wconf 82' lang='lat' dir='ltr'><strong>Monuimus</strong></span> <span class='ocrx_word' id='word_1_513' title='bbox 890 4279 1001 4368; x_wconf 77' lang='lat' dir='ltr'><strong>jam</strong></span> <span class='ocrx_word' id='word_1_514' title='bbox 1031 4298 1100 4353; x_wconf 82' lang='lat' dir='ltr'><strong>ad</strong></span> <span class='ocrx_word' id='word_1_515' title='bbox 1131 4296 1331 4368; x_wconf 78' lang='lat' dir='ltr'><strong>librum</strong></span> <span class='ocrx_word' id='word_1_516' title='bbox 1358 4297 1425 4352; x_wconf 92' lang='lat' dir='ltr'><strong>de</strong></span> <span class='ocrx_word' id='word_1_517' title='bbox 1453 4296 1645 4368; x_wconf 88' lang='lat' dir='ltr'><strong>Divina</strong></span> <span class='ocrx_word' id='word_1_518' title='bbox 1670 4293 2016 4368; x_wconf 71' lang='lat' dir='ltr'><strong>Psalmodia,</strong></span> 
     </span>
    </p>
   </div>
   <div class='ocr_carea' id='block_1_71' title="bbox 423 4365 2009 4438">
    <p class='ocr_par' dir='ltr' id='par_1_71' title="bbox 423 4365 2009 4438">
     <span class='ocr_line' id='line_1_71' title="bbox 423 4365 2009 4438; baseline -0.005 -16"><span class='ocrx_word' id='word_1_519' title='bbox 423 4367 562 4425; x_wconf 74' lang='lat' dir='ltr'><strong>iibro</strong></span> <span class='ocrx_word' id='word_1_520' title='bbox 584 4369 688 4423; x_wconf 89' lang='lat' dir='ltr'><strong>isto</strong></span> <span class='ocrx_word' id='word_1_521' title='bbox 713 4365 1063 4438; x_wconf 75' lang='lat' dir='ltr'><strong>Agobardum</strong></span> <span class='ocrx_word' id='word_1_522' title='bbox 1093 4367 1291 4438; x_wconf 69' lang='lat' dir='ltr'><strong>talione</strong></span> <span class='ocrx_word' id='word_1_523' title='bbox 1320 4365 2009 4438; x_wconf 76' lang='lat' dir='ltr'><strong>remordereAmalarium.</strong></span> 
     </span>
    </p>
   </div>
   <div class='ocr_carea' id='block_1_72' title="bbox 2119 4361 3223 4436">
    <p class='ocr_par' dir='ltr' id='par_1_72' title="bbox 2119 4361 3223 4436">
     <span class='ocr_line' id='line_1_72' title="bbox 2119 4361 3223 4436; baseline 0.005 -22"><span class='ocrx_word' id='word_1_524' title='bbox 2119 4362 2261 4436; x_wconf 28' lang='lat' dir='ltr'><strong>lib-ri,</strong></span> <span class='ocrx_word' id='word_1_525' title='bbox 2306 4361 2384 4436; x_wconf 80' lang='lat' dir='ltr'><strong>ad</strong></span> <span class='ocrx_word' id='word_1_526' title='bbox 2430 4361 2785 4436; x_wconf 64' lang='lat' dir='ltr'><strong>[Iludovicum</strong></span> <span class='ocrx_word' id='word_1_527' title='bbox 2840 4361 3223 4436; x_wconf 82' lang='lat' dir='ltr'><strong>imperatorem.</strong></span> 
     </span>
    </p>
   </div>
   <div class='ocr_carea' id='block_1_73' title="bbox 2127 4291 3720 4421">
    <p class='ocr_par' dir='ltr' id='par_1_73' title="bbox 2127 4291 3720 4421">
     <span class='ocr_line' id='line_1_73' title="bbox 2127 4291 3720 4421; baseline 0.01 -78"><span class='ocrx_word' id='word_1_528' title='bbox 2127 4303 2224 4356; x_wconf 81' lang='lat' dir='ltr'><strong>est,</strong></span> <span class='ocrx_word' id='word_1_529' title='bbox 2249 4291 2314 4345; x_wconf 84' lang='lat' dir='ltr'><strong>de</strong></span> <span class='ocrx_word' id='word_1_530' title='bbox 2335 4291 2684 4346; x_wconf 83' lang='lat' dir='ltr'><strong>ecclesiastico</strong></span> <span class='ocrx_word' id='word_1_531' title='bbox 2709 4294 2892 4348; x_wconf 88' lang='lat' dir='ltr'><strong>ordine</strong></span> <span class='ocrx_word' id='word_1_532' title='bbox 2918 4299 3220 4367; x_wconf 67' lang='lat' dir='ltr'><strong>ueterisque</strong></span> <span class='ocrx_word' id='word_1_533' title='bbox 3257 4298 3459 4421; x_wconf 55' lang='lat' dir='ltr'><strong>ogiciis,</strong></span> <span class='ocrx_word' id='word_1_534' title='bbox 3487 4312 3720 4372; x_wconf 86' lang='lat' dir='ltr'><strong>quatuor</strong></span> 
     </span>
     <span class='ocr_line' id='line_1_74' title="bbox 2127 4361 3720 4421; baseline 0.005 -8"><span class='ocrx_word' id='word_1_535' title='bbox 2127 4362 2261 4421; x_wconf 80' lang='lat' dir='ltr'><strong>libri,</strong></span> <span class='ocrx_word' id='word_1_536' title='bbox 2317 4361 2384 4415; x_wconf 87' lang='lat' dir='ltr'><strong>ad</strong></span> <span class='ocrx_word' id='word_1_537' title='bbox 2436 4361 2785 4416; x_wconf 81' lang='lat' dir='ltr'><strong>Illudovicum</strong></span> <span class='ocrx_word' id='word_1_538' title='bbox 2840 4365 3223 4421; x_wconf 73' lang='lat' dir='ltr'><strong>imperatorem.</strong></span> <span class='ocrx_word' id='word_1_539' title='bbox 3322 4384 3467 4421; x_wconf 87' lang='lat' dir='ltr'><strong>orm.</strong></span> <span class='ocrx_word' id='word_1_540' title='bbox 3517 4383 3720 4421; x_wconf 62' lang='lat' dir='ltr'><strong>ﬁrmi!!!</strong></span> 
     </span>
    </p>
   </div>
   <div class='ocr_carea' id='block_1_74' title="bbox 3322 4383 3720 4442">
    <p class='ocr_par' dir='ltr' id='par_1_74' title="bbox 3322 4383 3720 4442">
     <span class='ocr_line' id='line_1_75' title="bbox 3322 4383 3720 4442; baseline 0.015 -18"><span class='ocrx_word' id='word_1_541' title='bbox 3322 4384 3467 4442; x_wconf 75' lang='lat' dir='ltr'><strong>orro,</strong></span> <span class='ocrx_word' id='word_1_542' title='bbox 3517 4383 3720 4442; x_wconf 67' lang='lat' dir='ltr'><strong>praeter</strong></span> 
     </span>
    </p>
   </div>
   <div class='ocr_carea' id='block_1_75' title="bbox 423 4431 3717 4566">
    <p class='ocr_par' dir='ltr' id='par_1_75' title="bbox 423 4431 3717 4566">
     <span class='ocr_line' id='line_1_76' title="bbox 423 4431 3717 4510; baseline 0.002 -17"><span class='ocrx_word' id='word_1_543' title='bbox 423 4438 608 4508; x_wconf 84' lang='lat' dir='ltr'><strong>Neque</strong></span> <span class='ocrx_word' id='word_1_544' title='bbox 632 4431 956 4493; x_wconf 73' lang='lat' dir='ltr'><strong>senténtiam</strong></span> <span class='ocrx_word' id='word_1_545' title='bbox 1003 4447 1174 4494; x_wconf 87' lang='lat' dir='ltr'><strong>muto.</strong></span> <span class='ocrx_word' id='word_1_546' title='bbox 1202 4436 1374 4492; x_wconf 86' lang='lat' dir='ltr'><strong>Porro</strong></span> <span class='ocrx_word' id='word_1_547' title='bbox 1409 4452 1552 4491; x_wconf 89' lang='lat' dir='ltr'><strong>nunc</strong></span> <span class='ocrx_word' id='word_1_548' title='bbox 1577 4436 1810 4504; x_wconf 88' lang='lat' dir='ltr'><strong>primum</strong></span> <span class='ocrx_word' id='word_1_549' title='bbox 1838 4433 2016 4488; x_wconf 89' lang='lat' dir='ltr'><strong>editus</strong></span> <span class='ocrx_word' id='word_1_550' title='bbox 2042 4451 2092 4510; x_wconf 85' lang='lat' dir='ltr'><strong>D</strong></span> <span class='ocrx_word' id='word_1_551' title='bbox 2119 4433 2261 4488; x_wconf 89' lang='lat' dir='ltr'><strong>edita</strong></span> <span class='ocrx_word' id='word_1_552' title='bbox 2290 4431 2550 4485; x_wconf 87' lang='lat' dir='ltr'><strong>Amalarii</strong></span> <span class='ocrx_word' id='word_1_553' title='bbox 2575 4448 2758 4502; x_wconf 87' lang='lat' dir='ltr'><strong>opera,</strong></span> <span class='ocrx_word' id='word_1_554' title='bbox 2788 4431 3004 4489; x_wconf 80' lang='lat' dir='ltr'><strong>exstant</strong></span> <span class='ocrx_word' id='word_1_555' title='bbox 3029 4436 3254 4492; x_wconf 69' lang='lat' dir='ltr'><strong>Lutetiae</strong></span> <span class='ocrx_word' id='word_1_556' title='bbox 3283 4439 3334 4492; x_wconf 91' lang='lat' dir='ltr'><strong>in</strong></span> <span class='ocrx_word' id='word_1_557' title='bbox 3364 4431 3573 4496; x_wconf 76' lang='lat' dir='ltr'><strong>duobus</strong></span> <span class='ocrx_word' id='word_1_558' title='bbox 3669 4457 3717 4500; x_wconf 80' lang='lat' dir='ltr'><strong>r-</strong></span> 
     </span>
     <span class='ocr_line' id='line_1_77' title="bbox 423 4460 3716 4566; baseline 0.001 -3"><span class='ocrx_word' id='word_1_559' title='bbox 423 4517 507 4563; x_wconf 87' lang='lat' dir='ltr'><strong>est</strong></span> <span class='ocrx_word' id='word_1_560' title='bbox 534 4509 621 4563; x_wconf 84' lang='lat' dir='ltr'><strong>hie</strong></span> <span class='ocrx_word' id='word_1_561' title='bbox 649 4509 785 4562; x_wconf 87' lang='lat' dir='ltr'><strong>liber</strong></span> <span class='ocrx_word' id='word_1_562' title='bbox 811 4522 880 4562; x_wconf 73' lang='lat' dir='ltr'><strong>ex</strong></span> <span class='ocrx_word' id='word_1_563' title='bbox 912 4509 1086 4562; x_wconf 83' lang='lat' dir='ltr'><strong>veteri</strong></span> <span class='ocrx_word' id='word_1_564' title='bbox 1113 4507 1298 4562; x_wconf 88' lang='lat' dir='ltr'><strong>codice</strong></span> <span class='ocrx_word' id='word_1_565' title='bbox 1324 4522 1426 4566; x_wconf 90' lang='lat' dir='ltr'><strong>ms.</strong></span> <span class='ocrx_word' id='word_1_566' title='bbox 1469 4507 1571 4560; x_wconf 89' lang='lat' dir='ltr'><strong>viri</strong></span> <span class='ocrx_word' id='word_1_567' title='bbox 1601 4503 1887 4559; x_wconf 88' lang='lat' dir='ltr'><strong>clarissimi</strong></span> <span class='ocrx_word' id='word_1_568' title='bbox 1918 4502 2016 4557; x_wconf 81' lang='lat' dir='ltr'><strong>Pe-</strong></span> <span class='ocrx_word' id='word_1_569' title='bbox 2120 4503 2347 4558; x_wconf 87' lang='lat' dir='ltr'><strong>vetustis</strong></span> <span class='ocrx_word' id='word_1_570' title='bbox 2375 4502 2654 4557; x_wconf 85' lang='lat' dir='ltr'><strong>codicibus</strong></span> <span class='ocrx_word' id='word_1_571' title='bbox 2684 4504 3026 4560; x_wconf 67' lang='lat' dir='ltr'><strong>bibliotheca:</strong></span> <span class='ocrx_word' id='word_1_572' title='bbox 3048 4508 3220 4562; x_wconf 85' lang='lat' dir='ltr'><strong>sancti</strong></span> <span class='ocrx_word' id='word_1_573' title='bbox 3242 4506 3498 4564; x_wconf 87' lang='lat' dir='ltr'><strong>Germani</strong></span> <span class='ocrx_word' id='word_1_574' title='bbox 3530 4529 3559 4566; x_wconf 91' lang='lat' dir='ltr'><strong>a</strong></span> <span class='ocrx_word' id='word_1_575' title='bbox 3581 4460 3716 4566; x_wconf 50' lang='lat' dir='ltr'><strong>ggn-</strong></span> 
     </span>
    </p>
   </div>
   <div class='ocr_carea' id='block_1_76' title="bbox 3634 4530 3716 4568">
    <p class='ocr_par' dir='ltr' id='par_1_76' title="bbox 3634 4530 3716 4568">
     <span class='ocr_line' id='line_1_78' title="bbox 3634 4530 3716 4568; baseline 0.012 -1"><span class='ocrx_word' id='word_1_576' title='bbox 3634 4530 3716 4568; x_wconf 79' lang='lat' dir='ltr'><strong>ra-</strong></span> 
     </span>
    </p>
   </div>
   <div class='ocr_carea' id='block_1_77' title="bbox 421 4502 2016 4583">
    <p class='ocr_par' dir='ltr' id='par_1_77' title="bbox 421 4502 2016 4583">
     <span class='ocr_line' id='line_1_79' title="bbox 421 4502 2016 4583; baseline -0.004 -20"><span class='ocrx_word' id='word_1_577' title='bbox 421 4502 621 4583; x_wconf 63' lang='lat' dir='ltr'><strong>es_t&#39;_h_ie</strong></span> <span class='ocrx_word' id='word_1_578' title='bbox 649 4509 788 4583; x_wconf 84' lang='lat' dir='ltr'><strong>libc_r_</strong></span> <span class='ocrx_word' id='word_1_579' title='bbox 811 4522 880 4562; x_wconf 73' lang='lat' dir='ltr'><strong>ex</strong></span> <span class='ocrx_word' id='word_1_580' title='bbox 912 4509 1086 4583; x_wconf 79' lang='lat' dir='ltr'><strong>veteri</strong></span> <span class='ocrx_word' id='word_1_581' title='bbox 1113 4507 1298 4583; x_wconf 67' lang='lat' dir='ltr'><strong>cgdice</strong></span> <span class='ocrx_word' id='word_1_582' title='bbox 1324 4522 1426 4566; x_wconf 90' lang='lat' dir='ltr'><strong>ms.</strong></span> <span class='ocrx_word' id='word_1_583' title='bbox 1464 4502 1887 4583; x_wconf 44' lang='lat' dir='ltr'><strong>viri—clarissimi</strong></span> <span class='ocrx_word' id='word_1_584' title='bbox 1907 4502 2016 4583; x_wconf 69' lang='grc' dir='ltr'><strong>ΔΡο-</strong></span> 
     </span>
    </p>
   </div>
   <div class='ocr_carea' id='block_1_78' title="bbox 421 4573 2014 4646">
    <p class='ocr_par' dir='ltr' id='par_1_78' title="bbox 421 4573 2014 4646">
     <span class='ocr_line' id='line_1_80' title="bbox 421 4573 2014 4646; baseline -0.004 -15"><span class='ocrx_word' id='word_1_585' title='bbox 421 4579 493 4633; x_wconf 87' lang='lat' dir='ltr'><strong>tri</strong></span> <span class='ocrx_word' id='word_1_586' title='bbox 523 4577 791 4632; x_wconf 64' lang='lat' dir='ltr'><strong>Mammsii</strong></span> <span class='ocrx_word' id='word_1_587' title='bbox 819 4577 1087 4644; x_wconf 84' lang='lat' dir='ltr'><strong>senatoris</strong></span> <span class='ocrx_word' id='word_1_588' title='bbox 1127 4575 1635 4646; x_wconf 82' lang='lat' dir='ltr'><strong>Gratianopolitani,</strong></span> <span class='ocrx_word' id='word_1_589' title='bbox 1668 4590 1766 4646; x_wconf 83' lang='lat' dir='ltr'><strong>ceu</strong></span> <span class='ocrx_word' id='word_1_590' title='bbox 1809 4573 2014 4646; x_wconf 75' lang='lat' dir='ltr'><strong>dictum</strong></span> 
     </span>
    </p>
   </div>
   <div class='ocr_carea' id='block_1_79' title="bbox 419 4643 2017 4772">
    <p class='ocr_par' dir='ltr' id='par_1_79' title="bbox 419 4643 2017 4772">
     <span class='ocr_line' id='line_1_81' title="bbox 419 4643 2017 4772; baseline -0.005 -69"><span class='ocrx_word' id='word_1_591' title='bbox 419 4658 506 4772; x_wconf 44' lang='grc' dir='ltr'><strong>ξεῖ</strong></span> <span class='ocrx_word' id='word_1_592' title='bbox 525 4647 945 4772; x_wconf 73' lang='lat' dir='ltr'><strong>indpraztatitme.</strong></span> <span class='ocrx_word' id='word_1_593' title='bbox 979 4646 1164 4716; x_wconf 81' lang='lat' dir='ltr'><strong>Neque</strong></span> <span class='ocrx_word' id='word_1_594' title='bbox 1203 4655 1289 4702; x_wconf 85' lang='lat' dir='ltr'><strong>est</strong></span> <span class='ocrx_word' id='word_1_595' title='bbox 1328 4643 1482 4702; x_wconf 65' lang='lat' dir='ltr'><strong>ideo</strong></span> <span class='ocrx_word' id='word_1_596' title='bbox 1512 4645 1716 4714; x_wconf 85' lang='lat' dir='ltr'><strong>aliquid</strong></span> <span class='ocrx_word' id='word_1_597' title='bbox 1745 4643 1901 4698; x_wconf 85' lang='lat' dir='ltr'><strong>valde</strong></span> <span class='ocrx_word' id='word_1_598' title='bbox 1924 4657 2017 4696; x_wconf 86' lang='lat' dir='ltr'><strong>no-</strong></span> 
     </span>
     <span class='ocr_line' id='line_1_82' title="bbox 446 4733 808 4772; baseline -0.003 0"><span class='ocrx_word' id='word_1_599' title='bbox 446 4735 477 4772; x_wconf 87' lang='lat' dir='ltr'><strong>a</strong></span> <span class='ocrx_word' id='word_1_600' title='bbox 505 4735 539 4772; x_wconf 92' lang='lat' dir='ltr'><strong>u</strong></span> <span class='ocrx_word' id='word_1_601' title='bbox 607 4733 808 4772; x_wconf 75' lang='lat' dir='ltr'><strong>ianum.</strong></span> 
     </span>
    </p>
   </div>
   <div class='ocr_carea' id='block_1_80' title="bbox 423 4728 808 4775">
    <p class='ocr_par' dir='ltr' id='par_1_80' title="bbox 423 4728 808 4775">
     <span class='ocr_line' id='line_1_83' title="bbox 423 4728 808 4775; baseline -0.003 -3"><span class='ocrx_word' id='word_1_602' title='bbox 423 4728 539 4775; x_wconf 86' lang='lat' dir='ltr'><strong>tatu</strong></span> <span class='ocrx_word' id='word_1_603' title='bbox 564 4728 808 4775; x_wconf 76' lang='lat' dir='ltr'><strong>auruum.</strong></span> 
     </span>
    </p>
   </div>
   <div class='ocr_carea' id='block_1_81' title="bbox 493 4735 2014 4850">
    <p class='ocr_par' dir='ltr' id='par_1_81' title="bbox 493 4735 2014 4850">
     <span class='ocr_line' id='line_1_84' title="bbox 493 4735 2014 4850; baseline 0 -10"><span class='ocrx_word' id='word_1_604' title='bbox 493 4735 813 4842; x_wconf 44' lang='lat' dir='ltr'><strong>“3333‘s</strong></span> <span class='ocrx_word' id='word_1_605' title='bbox 843 4786 1067 4841; x_wconf 86' lang='lat' dir='ltr'><strong>abbatis.</strong></span> <span class='ocrx_word' id='word_1_606' title='bbox 1094 4786 1172 4842; x_wconf 85' lang='lat' dir='ltr'><strong>Ita</strong></span> <span class='ocrx_word' id='word_1_607' title='bbox 1215 4787 1417 4843; x_wconf 87' lang='lat' dir='ltr'><strong>diserte</strong></span> <span class='ocrx_word' id='word_1_608' title='bbox 1441 4787 1607 4843; x_wconf 81' lang='lat' dir='ltr'><strong>codex</strong></span> <span class='ocrx_word' id='word_1_609' title='bbox 1638 4792 1814 4839; x_wconf 87' lang='lat' dir='ltr'><strong>vetus.</strong></span> <span class='ocrx_word' id='word_1_610' title='bbox 1861 4783 2014 4850; x_wconf 81' lang='lat' dir='ltr'><strong>Quod</strong></span> 
     </span>
    </p>
   </div>
   <div class='ocr_carea' id='block_1_82' title="bbox 420 4854 2012 4936">
    <p class='ocr_par' dir='ltr' id='par_1_82' title="bbox 420 4854 2012 4936">
     <span class='ocr_line' id='line_1_85' title="bbox 420 4854 2012 4936; baseline -0.004 -24"><span class='ocrx_word' id='word_1_611' title='bbox 420 4857 1434 4936; x_wconf 54' lang='lat' dir='ltr'><strong>continuaturauctoritatcﬁperantiqui</strong></span> <span class='ocrx_word' id='word_1_612' title='bbox 1457 4854 2012 4936; x_wconf 44' lang='lat' dir='ltr'><strong>codicisbibliotlie‘ca}</strong></span> 
     </span>
    </p>
   </div>
   <div class='ocr_carea' id='block_1_83' title="bbox 419 4923 2009 4998">
    <p class='ocr_par' dir='ltr' id='par_1_83' title="bbox 419 4923 2009 4998">
     <span class='ocr_line' id='line_1_86' title="bbox 419 4923 2009 4998; baseline -0.003 -16"><span class='ocrx_word' id='word_1_613' title='bbox 419 4929 679 4998; x_wconf 63' lang='lat' dir='ltr'><strong>Thoante,</strong></span> <span class='ocrx_word' id='word_1_614' title='bbox 703 4927 904 4998; x_wconf 79' lang='lat' dir='ltr'><strong>inquo</strong></span> <span class='ocrx_word' id='word_1_615' title='bbox 947 4923 1296 4983; x_wconf 79' lang='lat' dir='ltr'><strong>continentur</strong></span> <span class='ocrx_word' id='word_1_616' title='bbox 1325 4923 1579 4998; x_wconf 79' lang='lat' dir='ltr'><strong>ejusdem</strong></span> <span class='ocrx_word' id='word_1_617' title='bbox 1599 4924 1870 4998; x_wconf 11' lang='lat' dir='ltr'><strong>Am‘alarii</strong></span> <span class='ocrx_word' id='word_1_618' title='bbox 1887 4923 2009 4978; x_wconf 87' lang='lat' dir='ltr'><strong>libri</strong></span> 
     </span>
    </p>
   </div>
   <div class='ocr_carea' id='block_1_84' title="bbox 419 4992 2004 5068">
    <p class='ocr_par' dir='ltr' id='par_1_84' title="bbox 419 4992 2004 5068">
     <span class='ocr_line' id='line_1_87' title="bbox 419 4992 2004 5068; baseline -0.004 -14"><span class='ocrx_word' id='word_1_619' title='bbox 419 5001 485 5054; x_wconf 90' lang='lat' dir='ltr'><strong>de</strong></span> <span class='ocrx_word' id='word_1_620' title='bbox 509 4992 721 5067; x_wconf 87' lang='lat' dir='ltr'><strong>Divinis</strong></span> <span class='ocrx_word' id='word_1_621' title='bbox 751 4992 973 5068; x_wconf 70' lang='lat' dir='ltr'><strong>Officiis.</strong></span> <span class='ocrx_word' id='word_1_622' title='bbox 1014 4998 1077 5068; x_wconf 78' lang='lat' dir='ltr'><strong>In</strong></span> <span class='ocrx_word' id='word_1_623' title='bbox 1101 4999 1287 5068; x_wconf 82' lang='lat' dir='ltr'><strong>codice</strong></span> <span class='ocrx_word' id='word_1_624' title='bbox 1331 4992 1518 5068; x_wconf 72' lang='lat' dir='ltr'><strong>iiaque</strong></span> <span class='ocrx_word' id='word_1_625' title='bbox 1547 4995 1640 5052; x_wconf 91' lang='lat' dir='ltr'><strong>illo</strong></span> <span class='ocrx_word' id='word_1_626' title='bbox 1664 4996 1743 5068; x_wconf 78' lang='lat' dir='ltr'><strong>sic</strong></span> <span class='ocrx_word' id='word_1_627' title='bbox 1771 4993 1968 5068; x_wconf 71' lang='lat' dir='ltr'><strong>legitur</strong></span> <span class='ocrx_word' id='word_1_628' title='bbox 1992 5013 2004 5048; x_wconf 92' lang='lat'>:</span> 
     </span>
    </p>
   </div>
   <div class='ocr_carea' id='block_1_85' title="bbox 422 5065 2003 5137">
    <p class='ocr_par' dir='ltr' id='par_1_85' title="bbox 422 5065 2003 5137">
     <span class='ocr_line' id='line_1_88' title="bbox 422 5065 2003 5137; baseline -0.003 -15"><span class='ocrx_word' id='word_1_629' title='bbox 422 5065 654 5122; x_wconf 78' lang='lat' dir='ltr'><strong>Thomas</strong></span> <span class='ocrx_word' id='word_1_630' title='bbox 698 5066 976 5120; x_wconf 83' lang='lat' dir='ltr'><strong>Amaltarii</strong></span> <span class='ocrx_word' id='word_1_631' title='bbox 1025 5066 1230 5122; x_wconf 86' lang='lat' dir='ltr'><strong>abbatis</strong></span> <span class='ocrx_word' id='word_1_632' title='bbox 1267 5069 1330 5122; x_wconf 87' lang='lat' dir='ltr'><strong>de</strong></span> <span class='ocrx_word' id='word_1_633' title='bbox 1365 5065 1551 5123; x_wconf 64' lang='lat' dir='ltr'><strong>diuinis</strong></span> <span class='ocrx_word' id='word_1_634' title='bbox 1590 5065 1808 5137; x_wconf 13' lang='lat' dir='ltr'><strong>officiis.‘</strong></span> <span class='ocrx_word' id='word_1_635' title='bbox 1833 5065 2003 5137; x_wconf 82' lang='lat' dir='ltr'><strong>Item:</strong></span> 
     </span>
    </p>
   </div>
   <div class='ocr_carea' id='block_1_86' title="bbox 419 5133 2006 5193">
    <p class='ocr_par' dir='ltr' id='par_1_86' title="bbox 419 5133 2006 5193">
     <span class='ocr_line' id='line_1_89' title="bbox 419 5133 2006 5193; baseline -0.004 0"><span class='ocrx_word' id='word_1_636' title='bbox 419 5137 750 5193; x_wconf 84' lang='lat' dir='ltr'><strong>Continentia</strong></span> <span class='ocrx_word' id='word_1_637' title='bbox 793 5147 1052 5191; x_wconf 77' lang='lat' dir='ltr'><strong>secutura:</strong></span> <span class='ocrx_word' id='word_1_638' title='bbox 1096 5154 1270 5192; x_wconf 60' lang='lat' dir='ltr'><strong>causa</strong></span> <span class='ocrx_word' id='word_1_639' title='bbox 1308 5133 1834 5191; x_wconf 52' lang='lat' dir='ltr'><strong>Amalharii&#39;abbatis</strong></span> <span class='ocrx_word' id='word_1_640' title='bbox 1872 5136 2006 5187; x_wconf 86' lang='lat' dir='ltr'><strong>scri-</strong></span> 
     </span>
    </p>
   </div>
   <div class='ocr_carea' id='block_1_87' title="bbox 419 5205 2003 5279">
    <p class='ocr_par' dir='ltr' id='par_1_87' title="bbox 419 5205 2003 5279">
     <span class='ocr_line' id='line_1_90' title="bbox 419 5205 2003 5279; baseline -0.002 -18"><span class='ocrx_word' id='word_1_641' title='bbox 419 5208 614 5276; x_wconf 81' lang='lat' dir='ltr'><strong>ptionis</strong></span> <span class='ocrx_word' id='word_1_642' title='bbox 643 5207 723 5279; x_wconf 65' lang='lat' dir='ltr'><strong>de</strong></span> <span class='ocrx_word' id='word_1_643' title='bbox 752 5208 939 5277; x_wconf 44' lang='lat' dir='ltr'><strong>&#39;oﬂiciis</strong></span> <span class='ocrx_word' id='word_1_644' title='bbox 968 5207 1161 5279; x_wconf 80' lang='lat' dir='ltr'><strong>divinis</strong></span> <span class='ocrx_word' id='word_1_645' title='bbox 1191 5209 1394 5279; x_wconf 76' lang='lat' dir='ltr'><strong>incipit.</strong></span> <span class='ocrx_word' id='word_1_646' title='bbox 1439 5207 1629 5279; x_wconf 81' lang='lat' dir='ltr'><strong>Itaque</strong></span> <span class='ocrx_word' id='word_1_647' title='bbox 1643 5205 2003 5279; x_wconf 62' lang='lat' dir='ltr'><strong>quarendum</strong></span> 
     </span>
    </p>
   </div>
   <div class='ocr_carea' id='block_1_88' title="bbox 418 5275 2007 5354">
    <p class='ocr_par' dir='ltr' id='par_1_88' title="bbox 418 5275 2007 5354">
     <span class='ocr_line' id='line_1_91' title="bbox 418 5275 2007 5354; baseline -0.003 -22"><span class='ocrx_word' id='word_1_648' title='bbox 418 5275 517 5354; x_wconf 76' lang='lat' dir='ltr'><strong>est,</strong></span> <span class='ocrx_word' id='word_1_649' title='bbox 570 5277 724 5354; x_wconf 83' lang='lat' dir='ltr'><strong>cujus</strong></span> <span class='ocrx_word' id='word_1_650' title='bbox 775 5275 1088 5354; x_wconf 68' lang='lat' dir='ltr'><strong>monasterii</strong></span> <span class='ocrx_word' id='word_1_651' title='bbox 1141 5275 1312 5354; x_wconf 76' lang='lat' dir='ltr'><strong>abbas</strong></span> <span class='ocrx_word' id='word_1_652' title='bbox 1342 5275 1555 5354; x_wconf 32' lang='lat' dir='ltr'><strong>tuerit.’</strong></span> <span class='ocrx_word' id='word_1_653' title='bbox 1593 5275 1738 5332; x_wconf 78' lang='lat' dir='ltr'><strong>Alibi</strong></span> <span class='ocrx_word' id='word_1_654' title='bbox 1780 5283 2007 5354; x_wconf 64' lang='lat' dir='ltr'><strong>vocatur</strong></span> 
     </span>
    </p>
   </div>
   <div class='ocr_carea' id='block_1_89' title="bbox 417 5345 2005 5417">
    <p class='ocr_par' dir='ltr' id='par_1_89' title="bbox 417 5345 2005 5417">
     <span class='ocr_line' id='line_1_92' title="bbox 417 5345 2005 5417; baseline -0.003 -16"><span class='ocrx_word' id='word_1_655' title='bbox 417 5345 857 5417; x_wconf 82' lang='lat' dir='ltr'><strong>chorepiseopus.</strong></span> <span class='ocrx_word' id='word_1_656' title='bbox 886 5347 1077 5417; x_wconf 79' lang='lat' dir='ltr'><strong>Exstat</strong></span> <span class='ocrx_word' id='word_1_657' title='bbox 1095 5349 1240 5403; x_wconf 90' lang='lat' dir='ltr'><strong>enim</strong></span> <span class='ocrx_word' id='word_1_658' title='bbox 1265 5349 1320 5402; x_wconf 91' lang='lat' dir='ltr'><strong>in</strong></span> <span class='ocrx_word' id='word_1_659' title='bbox 1342 5348 1668 5403; x_wconf 90' lang='lat' dir='ltr'><strong>bibliotheca</strong></span> <span class='ocrx_word' id='word_1_660' title='bbox 1691 5345 2005 5417; x_wconf 82' lang='lat' dir='ltr'><strong>monasterii</strong></span> 
     </span>
    </p>
   </div>
   <div class='ocr_carea' id='block_1_90' title="bbox 419 5413 2000 5496">
    <p class='ocr_par' dir='ltr' id='par_1_90' title="bbox 419 5413 2000 5496">
     <span class='ocr_line' id='line_1_93' title="bbox 419 5413 2000 5496; baseline -0.004 -24"><span class='ocrx_word' id='word_1_661' title='bbox 419 5413 836 5496; x_wconf 67' lang='lat' dir='ltr'><strong>Epteriiacensis</strong></span> <span class='ocrx_word' id='word_1_662' title='bbox 865 5416 1154 5496; x_wconf 67' lang='lat' dir='ltr'><strong>inDucatu</strong></span> <span class='ocrx_word' id='word_1_663' title='bbox 1201 5418 1633 5496; x_wconf 77' lang='lat' dir='ltr'><strong>Luxemburgico</strong></span> <span class='ocrx_word' id='word_1_664' title='bbox 1655 5424 1808 5471; x_wconf 85' lang='lat' dir='ltr'><strong>vetus</strong></span> <span class='ocrx_word' id='word_1_665' title='bbox 1833 5413 2000 5496; x_wconf 78' lang='lat' dir='ltr'><strong>codex</strong></span> 
     </span>
    </p>
   </div>
   <div class='ocr_carea' id='block_1_91' title="bbox 419 5487 2003 5558">
    <p class='ocr_par' dir='ltr' id='par_1_91' title="bbox 419 5487 2003 5558">
     <span class='ocr_line' id='line_1_94' title="bbox 419 5487 2003 5558; baseline -0.003 -17"><span class='ocrx_word' id='word_1_666' title='bbox 419 5504 518 5542; x_wconf 87' lang='lat' dir='ltr'><strong>ms.</strong></span> <span class='ocrx_word' id='word_1_667' title='bbox 566 5487 652 5542; x_wconf 84' lang='lat' dir='ltr'><strong>his</strong></span> <span class='ocrx_word' id='word_1_668' title='bbox 695 5487 967 5558; x_wconf 77' lang='lat' dir='ltr'><strong>sexcentis</strong></span> <span class='ocrx_word' id='word_1_669' title='bbox 1005 5490 1160 5543; x_wconf 92' lang='lat' dir='ltr'><strong>annis</strong></span> <span class='ocrx_word' id='word_1_670' title='bbox 1207 5503 1312 5542; x_wconf 86' lang='lat' dir='ltr'><strong>non</strong></span> <span class='ocrx_word' id='word_1_671' title='bbox 1348 5489 1600 5558; x_wconf 88' lang='lat' dir='ltr'><strong>scriptus,</strong></span> <span class='ocrx_word' id='word_1_672' title='bbox 1634 5502 1725 5558; x_wconf 17' lang='lat' dir='ltr'><strong>ex;</strong></span> <span class='ocrx_word' id='word_1_673' title='bbox 1747 5501 1877 5558; x_wconf 90' lang='lat' dir='ltr'><strong>quo_</strong></span> <span class='ocrx_word' id='word_1_674' title='bbox 1899 5487 2003 5538; x_wconf 88' lang='lat' dir='ltr'><strong>ista</strong></span> 
     </span>
    </p>
   </div>
   <div class='ocr_carea' id='block_1_92' title="bbox 416 5553 2002 5627">
    <p class='ocr_par' dir='ltr' id='par_1_92' title="bbox 416 5553 2002 5627">
     <span class='ocr_line' id='line_1_95' title="bbox 416 5553 2002 5627; baseline -0.002 -16"><span class='ocrx_word' id='word_1_675' title='bbox 416 5558 704 5627; x_wconf 78' lang='lat' dir='ltr'><strong>descripsit</strong></span> <span class='ocrx_word' id='word_1_676' title='bbox 726 5557 793 5612; x_wconf 73' lang='lat' dir='ltr'><strong>Ii.</strong></span> <span class='ocrx_word' id='word_1_677' title='bbox 819 5557 880 5612; x_wconf 89' lang='lat' dir='ltr'><strong>P.</strong></span> <span class='ocrx_word' id='word_1_678' title='bbox 925 5557 1232 5615; x_wconf 73' lang='lat' dir='ltr'><strong>Alexander</strong></span> <span class='ocrx_word' id='word_1_679' title='bbox 1271 5553 1611 5626; x_wconf 69' lang='lat' dir='ltr'><strong>Wilthemius</strong></span> <span class='ocrx_word' id='word_1_680' title='bbox 1641 5573 1670 5610; x_wconf 90' lang='lat' dir='ltr'><strong>e</strong></span> <span class='ocrx_word' id='word_1_681' title='bbox 1696 5553 1819 5627; x_wconf 80' lang='lat' dir='ltr'><strong>Soc.</strong></span> <span class='ocrx_word' id='word_1_682' title='bbox 1852 5553 2002 5618; x_wconf 87' lang='lat' dir='ltr'><strong>Jcsu,</strong></span> 
     </span>
    </p>
   </div>
   <div class='ocr_carea' id='block_1_93' title="bbox 419 5626 1998 5700">
    <p class='ocr_par' dir='ltr' id='par_1_93' title="bbox 419 5626 1998 5700">
     <span class='ocr_line' id='line_1_96' title="bbox 419 5626 1998 5700; baseline -0.003 -18"><span class='ocrx_word' id='word_1_683' title='bbox 419 5626 806 5700; x_wconf 80' lang='lat' dir='ltr'><strong>Lutetiatnque</strong></span> <span class='ocrx_word' id='word_1_684' title='bbox 836 5629 980 5700; x_wconf 84' lang='lat' dir='ltr'><strong>misit</strong></span> <span class='ocrx_word' id='word_1_685' title='bbox 1025 5631 1091 5684; x_wconf 90' lang='lat' dir='ltr'><strong>ad</strong></span> <span class='ocrx_word' id='word_1_686' title='bbox 1134 5630 1198 5684; x_wconf 71' lang='grc' dir='ltr'><strong>Β.</strong></span> <span class='ocrx_word' id='word_1_687' title='bbox 1245 5629 1305 5684; x_wconf 87' lang='grc' dir='ltr'><strong>Ρ.</strong></span> <span class='ocrx_word' id='word_1_688' title='bbox 1355 5629 1662 5698; x_wconf 85' lang='lat' dir='ltr'><strong>Philippum</strong></span> <span class='ocrx_word' id='word_1_689' title='bbox 1704 5626 1998 5700; x_wconf 84' lang='lat' dir='ltr'><strong>Labbcum,</strong></span> 
     </span>
    </p>
   </div>
   <div class='ocr_carea' id='block_1_94' title="bbox 417 5696 2002 5770">
    <p class='ocr_par' dir='ltr' id='par_1_94' title="bbox 417 5696 2002 5770">
     <span class='ocr_line' id='line_1_97' title="bbox 417 5696 2002 5770; baseline -0.001 -20"><span class='ocrx_word' id='word_1_690' title='bbox 417 5696 748 5770; x_wconf 70' lang='lat' dir='ltr'><strong>quimecum</strong></span> <span class='ocrx_word' id='word_1_691' title='bbox 782 5699 1043 5770; x_wconf 77' lang='lat' dir='ltr'><strong>lubenter</strong></span> <span class='ocrx_word' id='word_1_692' title='bbox 1084 5699 1446 5770; x_wconf 84' lang='lat' dir='ltr'><strong>proamicitia</strong></span> <span class='ocrx_word' id='word_1_693' title='bbox 1495 5696 1680 5770; x_wconf 77' lang='lat' dir='ltr'><strong>nostra</strong></span> <span class='ocrx_word' id='word_1_694' title='bbox 1709 5696 2002 5770; x_wconf 55' lang='lat' dir='ltr'><strong>communij</strong></span> 
     </span>
    </p>
   </div>
   <div class='ocr_carea' id='block_1_95' title="bbox 419 5767 1998 5841">
    <p class='ocr_par' dir='ltr' id='par_1_95' title="bbox 419 5767 1998 5841">
     <span class='ocr_line' id='line_1_98' title="bbox 419 5767 1998 5841; baseline -0.003 -19"><span class='ocrx_word' id='word_1_695' title='bbox 419 5768 578 5822; x_wconf 71' lang='lat' dir='ltr'><strong>cavit.</strong></span> <span class='ocrx_word' id='word_1_696' title='bbox 623 5767 809 5836; x_wconf 78' lang='lat' dir='ltr'><strong>Incipit</strong></span> <span class='ocrx_word' id='word_1_697' title='bbox 856 5769 983 5823; x_wconf 75' lang='lat' dir='ltr'><strong>liber</strong></span> <span class='ocrx_word' id='word_1_698' title='bbox 1014 5767 1244 5841; x_wconf 63' lang='lat' dir='ltr'><strong>ofﬁcialis</strong></span> <span class='ocrx_word' id='word_1_699' title='bbox 1287 5768 1538 5823; x_wconf 77' lang='lat' dir='ltr'><strong>Amelarii</strong></span> <span class='ocrx_word' id='word_1_700' title='bbox 1581 5767 1918 5837; x_wconf 70' lang='lat' dir='ltr'><strong>corepiswpi,</strong></span> <span class='ocrx_word' id='word_1_701' title='bbox 1949 5767 1998 5818; x_wconf 84' lang='lat' dir='ltr'><strong>id</strong></span> 
     </span>
    </p>
   </div>
   <div class='ocr_carea' id='block_1_96' title="bbox 2120 4502 3559 4566">
    <p class='ocr_par' dir='ltr' id='par_1_96' title="bbox 2120 4502 3559 4566">
     <span class='ocr_line' id='line_1_99' title="bbox 2120 4502 3559 4566; baseline 0.008 -11"><span class='ocrx_word' id='word_1_702' title='bbox 2120 4503 2347 4558; x_wconf 88' lang='lat' dir='ltr'><strong>vetustis</strong></span> <span class='ocrx_word' id='word_1_703' title='bbox 2375 4502 2654 4557; x_wconf 91' lang='lat' dir='ltr'><strong>codicibus</strong></span> <span class='ocrx_word' id='word_1_704' title='bbox 2684 4504 3026 4560; x_wconf 68' lang='lat' dir='ltr'><strong>bibliotheca:</strong></span> <span class='ocrx_word' id='word_1_705' title='bbox 3048 4508 3220 4562; x_wconf 86' lang='lat' dir='ltr'><strong>sancti</strong></span> <span class='ocrx_word' id='word_1_706' title='bbox 3242 4506 3498 4564; x_wconf 88' lang='lat' dir='ltr'><strong>Germani</strong></span> <span class='ocrx_word' id='word_1_707' title='bbox 3530 4529 3559 4566; x_wconf 92' lang='lat' dir='ltr'><strong>a</strong></span> 
     </span>
    </p>
   </div>
   <div class='ocr_carea' id='block_1_97' title="bbox 2119 4571 3710 4648">
    <p class='ocr_par' dir='ltr' id='par_1_97' title="bbox 2119 4571 3710 4648">
     <span class='ocr_line' id='line_1_100' title="bbox 2119 4571 3710 4648; baseline 0.009 -23"><span class='ocrx_word' id='word_1_708' title='bbox 2119 4574 2188 4648; x_wconf 75' lang='lat' dir='ltr'><strong>tis</strong></span> <span class='ocrx_word' id='word_1_709' title='bbox 2228 4573 2466 4648; x_wconf 81' lang='lat' dir='ltr'><strong>quinque</strong></span> <span class='ocrx_word' id='word_1_710' title='bbox 2497 4571 3097 4648; x_wconf 68' lang='lat' dir='ltr'><strong>illiu_s__epis_tolze,_qu:e</strong></span> <span class='ocrx_word' id='word_1_711' title='bbox 3141 4578 3289 4648; x_wconf 84' lang='lat' dir='ltr'><strong>brevi</strong></span> <span class='ocrx_word' id='word_1_712' title='bbox 3324 4581 3617 4648; x_wconf 80' lang='lat' dir='ltr'><strong>prodibant</strong></span> <span class='ocrx_word' id='word_1_713' title='bbox 3653 4585 3710 4641; x_wconf 89' lang='lat' dir='ltr'><strong>in</strong></span> 
     </span>
    </p>
   </div>
   <div class='ocr_carea' id='block_1_98' title="bbox 2117 4642 2666 4698">
    <p class='ocr_par' dir='ltr' id='par_1_98' title="bbox 2117 4642 2666 4698">
     <span class='ocr_line' id='line_1_101' title="bbox 2117 4642 2666 4698; baseline 0.002 -3"><span class='ocrx_word' id='word_1_714' title='bbox 2117 4642 2292 4697; x_wconf 90' lang='lat' dir='ltr'><strong>lucem</strong></span> <span class='ocrx_word' id='word_1_715' title='bbox 2321 4643 2374 4696; x_wconf 92' lang='lat' dir='ltr'><strong>in</strong></span> <span class='ocrx_word' id='word_1_716' title='bbox 2402 4652 2546 4696; x_wconf 91' lang='lat' dir='ltr'><strong>tomo</strong></span> <span class='ocrx_word' id='word_1_717' title='bbox 2581 4643 2666 4698; x_wconf 84' lang='lat' dir='ltr'><strong>Vll</strong></span> 
     </span>
    </p>
   </div>
   <div class='ocr_carea' id='block_1_99' title="bbox 2115 4712 3707 4790">
    <p class='ocr_par' dir='ltr' id='par_1_99' title="bbox 2115 4712 3707 4790">
     <span class='ocr_line' id='line_1_102' title="bbox 2115 4712 3707 4790; baseline 0.008 -25"><span class='ocrx_word' id='word_1_718' title='bbox 2115 4712 2294 4790; x_wconf 54' lang='lat' dir='ltr'><strong>Prima</strong></span> <span class='ocrx_word' id='word_1_719' title='bbox 2318 4721 2400 4790; x_wconf 82' lang='lat' dir='ltr'><strong>est</strong></span> <span class='ocrx_word' id='word_1_720' title='bbox 2419 4712 2796 4790; x_wconf 84' lang='lat' dir='ltr'><strong>ad_Jeremiam</strong></span> <span class='ocrx_word' id='word_1_721' title='bbox 2817 4712 3284 4790; x_wconf 78' lang='lat' dir='ltr'><strong>archiepiscopum</strong></span> <span class='ocrx_word' id='word_1_722' title='bbox 3312 4718 3707 4790; x_wconf 82' lang='lat' dir='ltr'><strong>Senonenscm,</strong></span> 
     </span>
    </p>
   </div>
   <div class='ocr_carea' id='block_1_100' title="bbox 2114 4781 3710 4852">
    <p class='ocr_par' dir='ltr' id='par_1_100' title="bbox 2114 4781 3710 4852">
     <span class='ocr_line' id='line_1_103' title="bbox 2114 4781 3710 4852; baseline 0.008 -17"><span class='ocrx_word' id='word_1_723' title='bbox 2114 4782 2180 4836; x_wconf 90' lang='lat' dir='ltr'><strong>de</strong></span> <span class='ocrx_word' id='word_1_724' title='bbox 2211 4783 2427 4852; x_wconf 81' lang='lat' dir='ltr'><strong>nomine</strong></span> <span class='ocrx_word' id='word_1_725' title='bbox 2472 4781 2618 4846; x_wconf 85' lang='lat' dir='ltr'><strong>Jesu,</strong></span> <span class='ocrx_word' id='word_1_726' title='bbox 2667 4787 2936 4852; x_wconf 89' lang='lat' dir='ltr'><strong>quomodo</strong></span> <span class='ocrx_word' id='word_1_727' title='bbox 2975 4781 3136 4840; x_wconf 79' lang='lat' dir='ltr'><strong>scribi</strong></span> <span class='ocrx_word' id='word_1_728' title='bbox 3157 4781 3394 4842; x_wconf 62' lang='lat' dir='ltr'><strong>&#39;deheat.</strong></span> <span class='ocrx_word' id='word_1_729' title='bbox 3447 4791 3576 4844; x_wconf 89' lang='lat' dir='ltr'><strong>Item</strong></span> <span class='ocrx_word' id='word_1_730' title='bbox 3620 4781 3710 4848; x_wconf 52' lang='lat' dir='ltr'><strong>re;</strong></span> 
     </span>
    </p>
   </div>
   <div class='ocr_carea' id='block_1_101' title="bbox 2115 4850 3707 4932">
    <p class='ocr_par' dir='ltr' id='par_1_101' title="bbox 2115 4850 3707 4932">
     <span class='ocr_line' id='line_1_104' title="bbox 2115 4850 3707 4932; baseline 0.008 -26"><span class='ocrx_word' id='word_1_731' title='bbox 2115 4854 2333 4932; x_wconf 80' lang='lat' dir='ltr'><strong>sponsio</strong></span> <span class='ocrx_word' id='word_1_732' title='bbox 2360 4850 3050 4932; x_wconf 57' lang='lat' dir='ltr'><strong>Ieremitearchiepiscopi.</strong></span> <span class='ocrx_word' id='word_1_733' title='bbox 3101 4856 3371 4932; x_wconf 82' lang='lat' dir='ltr'><strong>Secunda,</strong></span> <span class='ocrx_word' id='word_1_734' title='bbox 3408 4861 3476 4914; x_wconf 90' lang='lat' dir='ltr'><strong>ad</strong></span> <span class='ocrx_word' id='word_1_735' title='bbox 3508 4860 3707 4932; x_wconf 87' lang='lat' dir='ltr'><strong>Jonam</strong></span> 
     </span>
    </p>
   </div>
   <div class='ocr_carea' id='block_1_102' title="bbox 2740 4645 3706 4716">
    <p class='ocr_par' dir='ltr' id='par_1_102' title="bbox 2740 4645 3706 4716">
     <span class='ocr_line' id='line_1_105' title="bbox 2740 4645 3706 4716; baseline 0.011 -18"><span class='ocrx_word' id='word_1_736' title='bbox 2740 4645 2971 4716; x_wconf 83' lang='lat' dir='ltr'><strong>picilegii</strong></span> <span class='ocrx_word' id='word_1_737' title='bbox 3016 4647 3198 4701; x_wconf 90' lang='lat' dir='ltr'><strong>domni</strong></span> <span class='ocrx_word' id='word_1_738' title='bbox 3226 4645 3384 4702; x_wconf 77' lang='lat' dir='ltr'><strong>Luca:</strong></span> <span class='ocrx_word' id='word_1_739' title='bbox 3428 4649 3706 4709; x_wconf 90' lang='lat' dir='ltr'><strong>Dacherii.</strong></span> 
     </span>
    </p>
   </div>
   <div class='ocr_carea' id='block_1_103' title="bbox 2113 4921 3705 4992">
    <p class='ocr_par' dir='ltr' id='par_1_103' title="bbox 2113 4921 3705 4992">
     <span class='ocr_line' id='line_1_106' title="bbox 2113 4921 3705 4992; baseline 0.008 -16"><span class='ocrx_word' id='word_1_740' title='bbox 2113 4922 2422 4992; x_wconf 85' lang='lat' dir='ltr'><strong>episcopum</strong></span> <span class='ocrx_word' id='word_1_741' title='bbox 2471 4921 2938 4990; x_wconf 78' lang='lat' dir='ltr'><strong>Aurelianensem,</strong></span> <span class='ocrx_word' id='word_1_742' title='bbox 2977 4921 3048 4980; x_wconf 69' lang='lat' dir='ltr'><strong>ile</strong></span> <span class='ocrx_word' id='word_1_743' title='bbox 3092 4928 3279 4982; x_wconf 88' lang='lat' dir='ltr'><strong>eadem</strong></span> <span class='ocrx_word' id='word_1_744' title='bbox 3327 4944 3511 4984; x_wconf 88' lang='lat' dir='ltr'><strong>causa.</strong></span> <span class='ocrx_word' id='word_1_745' title='bbox 3565 4931 3705 4988; x_wconf 88' lang='lat' dir='ltr'><strong>Item</strong></span> 
     </span>
    </p>
   </div>
   <div class='ocr_carea' id='block_1_104' title="bbox 2113 4992 3706 5081">
    <p class='ocr_par' dir='ltr' id='par_1_104' title="bbox 2113 4992 3706 5081">
     <span class='ocr_line' id='line_1_107' title="bbox 2113 4992 3706 5081; baseline 0.008 -36"><span class='ocrx_word' id='word_1_746' title='bbox 2113 4995 2389 5081; x_wconf 65' lang='lat' dir='ltr'><strong>responsio</strong></span> <span class='ocrx_word' id='word_1_747' title='bbox 2432 4992 2600 5048; x_wconf 73' lang='lat' dir='ltr'><strong>Jonas.</strong></span> <span class='ocrx_word' id='word_1_748' title='bbox 2657 4995 2837 5081; x_wconf 75' lang='lat' dir='ltr'><strong>Tertia</strong></span> <span class='ocrx_word' id='word_1_749' title='bbox 2883 4997 3339 5081; x_wconf 35' lang='lat' dir='ltr'><strong>a‘d‘R‘antgarium</strong></span> <span class='ocrx_word' id='word_1_750' title='bbox 3389 5001 3706 5081; x_wconf 75' lang='lat' dir='ltr'><strong>episc0pu_m</strong></span> 
     </span>
    </p>
   </div>
   <div class='ocr_carea' id='block_1_105' title="bbox 2110 5060 3704 5187">
    <p class='ocr_par' dir='ltr' id='par_1_105' title="bbox 2110 5060 3704 5187">
     <span class='ocr_line' id='line_1_108' title="bbox 2110 5060 3704 5187; baseline 0.008 -71"><span class='ocrx_word' id='word_1_751' title='bbox 2110 5060 2546 5137; x_wconf 81' lang='lat' dir='ltr'><strong>Noviomensem,</strong></span> <span class='ocrx_word' id='word_1_752' title='bbox 2593 5067 2861 5187; x_wconf 83' lang='lat' dir='ltr'><strong>quomodo</strong></span> <span class='ocrx_word' id='word_1_753' title='bbox 2905 5060 3246 5137; x_wconf 64' lang='lat' dir='ltr'><strong>intelligenda</strong></span> <span class='ocrx_word' id='word_1_754' title='bbox 3279 5069 3386 5122; x_wconf 89' lang='lat' dir='ltr'><strong>sint</strong></span> <span class='ocrx_word' id='word_1_755' title='bbox 3416 5060 3503 5123; x_wconf 82' lang='lat' dir='ltr'><strong>illa</strong></span> <span class='ocrx_word' id='word_1_756' title='bbox 3532 5060 3704 5128; x_wconf 69' lang='lat' dir='ltr'><strong>vcrba</strong></span> 
     </span>
     <span class='ocr_line' id='line_1_109' title="bbox 2110 5133 3703 5187; baseline 0 0"><span class='ocrx_word' id='word_1_757' title='bbox 2110 5147 2178 5187; x_wconf 76' lang='lat' dir='ltr'><strong>ex</strong></span> <span class='ocrx_word' id='word_1_758' title='bbox 2221 5133 2546 5187; x_wconf 68' lang='lat' dir='ltr'><strong>Evanuelio:</strong></span> <span class='ocrx_word' id='word_1_759' title='bbox 2619 5135 2696 5187; x_wconf 83' lang='lat' dir='ltr'><strong>lic</strong></span> <span class='ocrx_word' id='word_1_760' title='bbox 2742 5147 2816 5187; x_wconf 88' lang='lat' dir='ltr'><strong>est</strong></span> <span class='ocrx_word' id='word_1_761' title='bbox 2863 5136 3002 5187; x_wconf 69' lang='lat' dir='ltr'><strong>calix</strong></span> <span class='ocrx_word' id='word_1_762' title='bbox 3039 5138 3309 5187; x_wconf 73' lang='lat' dir='ltr'><strong>sanguinis</strong></span> <span class='ocrx_word' id='word_1_763' title='bbox 3343 5140 3443 5187; x_wconf 75' lang='lat' dir='ltr'><strong>mei</strong></span> <span class='ocrx_word' id='word_1_764' title='bbox 3486 5143 3600 5187; x_wconf 78' lang='lat' dir='ltr'><strong>navi</strong></span> <span class='ocrx_word' id='word_1_765' title='bbox 3653 5154 3703 5187; x_wconf 78' lang='grc' dir='ltr'><strong>ρι</strong></span> 
     </span>
    </p>
   </div>
   <div class='ocr_carea' id='block_1_106' title="bbox 2109 5133 3703 5208">
    <p class='ocr_par' dir='ltr' id='par_1_106' title="bbox 2109 5133 3703 5208">
     <span class='ocr_line' id='line_1_110' title="bbox 2109 5133 3703 5208; baseline 0.006 -21"><span class='ocrx_word' id='word_1_766' title='bbox 2109 5147 2178 5187; x_wconf 77' lang='lat' dir='ltr'><strong>ex</strong></span> <span class='ocrx_word' id='word_1_767' title='bbox 2221 5133 2546 5208; x_wconf 77' lang='lat' dir='ltr'><strong>Evangelioz</strong></span> <span class='ocrx_word' id='word_1_768' title='bbox 2596 5133 2696 5208; x_wconf 65' lang='lat' dir='ltr'><strong>ilic</strong></span> <span class='ocrx_word' id='word_1_769' title='bbox 2742 5136 3002 5208; x_wconf 77' lang='lat' dir='ltr'><strong>est_cali.r</strong></span> <span class='ocrx_word' id='word_1_770' title='bbox 3039 5133 3309 5208; x_wconf 72' lang='lat' dir='ltr'><strong>sanguinis</strong></span> <span class='ocrx_word' id='word_1_771' title='bbox 3343 5140 3443 5193; x_wconf 84' lang='lat' dir='ltr'><strong>mei</strong></span> <span class='ocrx_word' id='word_1_772' title='bbox 3485 5143 3600 5194; x_wconf 81' lang='lat' dir='ltr'><strong>novi</strong></span> <span class='ocrx_word' id='word_1_773' title='bbox 3653 5154 3703 5197; x_wconf 87' lang='lat' dir='ltr'><strong>et</strong></span> 
     </span>
    </p>
   </div>
   <div class='ocr_carea' id='block_1_107' title="bbox 2110 5204 3699 5273">
    <p class='ocr_par' dir='ltr' id='par_1_107' title="bbox 2110 5204 3699 5273">
     <span class='ocr_line' id='line_1_111' title="bbox 2110 5204 3699 5273; baseline 0.005 -16"><span class='ocrx_word' id='word_1_774' title='bbox 2110 5204 2292 5257; x_wconf 70' lang='lat' dir='ltr'><strong>aeterni</strong></span> <span class='ocrx_word' id='word_1_775' title='bbox 2313 5206 2629 5269; x_wconf 85' lang='lat' dir='ltr'><strong>testamenti,</strong></span> <span class='ocrx_word' id='word_1_776' title='bbox 2660 5213 2764 5260; x_wconf 91' lang='lat' dir='ltr'><strong>etc.</strong></span> <span class='ocrx_word' id='word_1_777' title='bbox 2815 5206 3039 5273; x_wconf 86' lang='lat' dir='ltr'><strong>Quarta,</strong></span> <span class='ocrx_word' id='word_1_778' title='bbox 3069 5204 3153 5262; x_wconf 50' lang='lat' dir='ltr'><strong>ad&#39;</strong></span> <span class='ocrx_word' id='word_1_779' title='bbox 3174 5207 3460 5263; x_wconf 82' lang='lat' dir='ltr'><strong>Hettonetn</strong></span> <span class='ocrx_word' id='word_1_780' title='bbox 3501 5227 3699 5264; x_wconf 89' lang='lat' dir='ltr'><strong>mona-</strong></span> 
     </span>
    </p>
   </div>
   <div class='ocr_carea' id='block_1_108' title="bbox 2110 5273 3703 5348">
    <p class='ocr_par' dir='ltr' id='par_1_108' title="bbox 2110 5273 3703 5348">
     <span class='ocr_line' id='line_1_112' title="bbox 2110 5273 3703 5348; baseline 0.006 -22"><span class='ocrx_word' id='word_1_781' title='bbox 2110 5274 2293 5348; x_wconf 69' lang='lat' dir='ltr'><strong>chum,</strong></span> <span class='ocrx_word' id='word_1_782' title='bbox 2325 5273 2531 5348; x_wconf 67' lang='lat' dir='ltr'><strong>(illum,</strong></span> <span class='ocrx_word' id='word_1_783' title='bbox 2551 5275 2761 5348; x_wconf 84' lang='lat' dir='ltr'><strong>opinor,</strong></span> <span class='ocrx_word' id='word_1_784' title='bbox 2794 5278 2905 5348; x_wconf 86' lang='lat' dir='ltr'><strong>qui_</strong></span> <span class='ocrx_word' id='word_1_785' title='bbox 2937 5277 3220 5332; x_wconf 86' lang='lat' dir='ltr'><strong>Fuldensis</strong></span> <span class='ocrx_word' id='word_1_786' title='bbox 3247 5279 3413 5334; x_wconf 90' lang='lat' dir='ltr'><strong>abbas</strong></span> <span class='ocrx_word' id='word_1_787' title='bbox 3449 5279 3548 5334; x_wconf 83' lang='lat' dir='ltr'><strong>fuit</strong></span> <span class='ocrx_word' id='word_1_788' title='bbox 3572 5285 3703 5348; x_wconf 86' lang='lat' dir='ltr'><strong>post</strong></span> 
     </span>
    </p>
   </div>
   <div class='ocr_carea' id='block_1_109' title="bbox 2108 5342 3704 5424">
    <p class='ocr_par' dir='ltr' id='par_1_109' title="bbox 2108 5342 3704 5424">
     <span class='ocr_line' id='line_1_113' title="bbox 2108 5342 3704 5424; baseline 0.006 -29"><span class='ocrx_word' id='word_1_789' title='bbox 2108 5342 2454 5424; x_wconf 68' lang='lat' dir='ltr'><strong>thabanum)</strong></span> <span class='ocrx_word' id='word_1_790' title='bbox 2501 5342 2826 5424; x_wconf 68' lang='lat' dir='ltr'><strong>denominé</strong></span> <span class='ocrx_word' id='word_1_791' title='bbox 2874 5346 3172 5424; x_wconf 63' lang='lat' dir='ltr'><strong>Serapliint,</strong></span> <span class='ocrx_word' id='word_1_792' title='bbox 3221 5350 3436 5424; x_wconf 74' lang='lat' dir='ltr'><strong>quando</strong></span> <span class='ocrx_word' id='word_1_793' title='bbox 3461 5351 3530 5404; x_wconf 91' lang='lat' dir='ltr'><strong>sit</strong></span> <span class='ocrx_word' id='word_1_794' title='bbox 3570 5342 3704 5424; x_wconf 44' lang='lat' dir='ltr'><strong>neu:</strong></span> 
     </span>
    </p>
   </div>
   <div class='ocr_carea' id='block_1_110' title="bbox 2109 5413 3700 5484">
    <p class='ocr_par' dir='ltr' id='par_1_110' title="bbox 2109 5413 3700 5484">
     <span class='ocr_line' id='line_1_114' title="bbox 2109 5413 3700 5484; baseline 0.006 -19"><span class='ocrx_word' id='word_1_795' title='bbox 2109 5413 2244 5484; x_wconf 75' lang='lat' dir='ltr'><strong>t_rius</strong></span> <span class='ocrx_word' id='word_1_796' title='bbox 2269 5413 2501 5484; x_wconf 82' lang='lat' dir='ltr'><strong>generis,</strong></span> <span class='ocrx_word' id='word_1_797' title='bbox 2547 5415 2762 5484; x_wconf 89' lang='lat' dir='ltr'><strong>quando</strong></span> <span class='ocrx_word' id='word_1_798' title='bbox 2793 5413 3098 5471; x_wconf 85' lang='lat' dir='ltr'><strong>masculini.</strong></span> <span class='ocrx_word' id='word_1_799' title='bbox 3137 5413 3336 5483; x_wconf 78' lang='lat' dir='ltr'><strong>Quinta</strong></span> <span class='ocrx_word' id='word_1_800' title='bbox 3383 5421 3596 5473; x_wconf 73' lang='lat' dir='ltr'><strong>demum</strong></span> <span class='ocrx_word' id='word_1_801' title='bbox 3628 5421 3700 5476; x_wconf 84' lang='lat' dir='ltr'><strong>ad</strong></span> 
     </span>
    </p>
   </div>
   <div class='ocr_carea' id='block_1_111' title="bbox 2107 5482 3700 5559">
    <p class='ocr_par' dir='ltr' id='par_1_111' title="bbox 2107 5482 3700 5559">
     <span class='ocr_line' id='line_1_115' title="bbox 2107 5482 3700 5559; baseline 0.005 -23"><span class='ocrx_word' id='word_1_802' title='bbox 2107 5482 2478 5559; x_wconf 25' lang='lat' dir='ltr'><strong>Gunta’rdumd:</strong></span> <span class='ocrx_word' id='word_1_803' title='bbox 2505 5482 2924 5559; x_wconf 76' lang='lat' dir='ltr'><strong>_Ut1’un_t_spuere</strong></span> <span class='ocrx_word' id='word_1_804' title='bbox 2953 5487 3111 5541; x_wconf 84' lang='lat' dir='ltr'><strong>liceat</strong></span> <span class='ocrx_word' id='word_1_805' title='bbox 3135 5482 3276 5559; x_wconf 83' lang='lat' dir='ltr'><strong>illico</strong></span> <span class='ocrx_word' id='word_1_806' title='bbox 3301 5498 3422 5559; x_wconf 74' lang='lat' dir='ltr'><strong>past</strong></span> <span class='ocrx_word' id='word_1_807' title='bbox 3449 5505 3700 5544; x_wconf 85' lang='lat' dir='ltr'><strong>consum-</strong></span> 
     </span>
    </p>
   </div>
   <div class='ocr_carea' id='block_1_112' title="bbox 2106 5554 3696 5628">
    <p class='ocr_par' dir='ltr' id='par_1_112' title="bbox 2106 5554 3696 5628">
     <span class='ocr_line' id='line_1_116' title="bbox 2106 5554 3696 5628; baseline 0.005 -22"><span class='ocrx_word' id='word_1_808' title='bbox 2106 5554 2636 5628; x_wconf 26' lang='lat' dir='ltr'><strong>ptum‘sacriticium.</strong></span> <span class='ocrx_word' id='word_1_809' title='bbox 2687 5554 3007 5628; x_wconf 30' lang='lat' dir='ltr'><strong>Et’priores</strong></span> <span class='ocrx_word' id='word_1_810' title='bbox 3054 5554 3575 5628; x_wconf 58' lang='lat' dir='ltr'><strong>quidem,&#39;itemque</strong></span> <span class='ocrx_word' id='word_1_811' title='bbox 3602 5575 3696 5614; x_wconf 83' lang='lat' dir='ltr'><strong>re-</strong></span> 
     </span>
    </p>
   </div>
   <div class='ocr_carea' id='block_1_113' title="bbox 2107 5623 3698 5694">
    <p class='ocr_par' dir='ltr' id='par_1_113' title="bbox 2107 5623 3698 5694">
     <span class='ocr_line' id='line_1_117' title="bbox 2107 5623 3698 5694; baseline 0.004 -17"><span class='ocrx_word' id='word_1_812' title='bbox 2107 5624 2421 5694; x_wconf 82' lang='lat' dir='ltr'><strong>sponsiones</strong></span> <span class='ocrx_word' id='word_1_813' title='bbox 2443 5623 2688 5679; x_wconf 74' lang='lat' dir='ltr'><strong>Jeremize</strong></span> <span class='ocrx_word' id='word_1_814' title='bbox 2718 5635 2771 5680; x_wconf 93' lang='lat' dir='ltr'><strong>et</strong></span> <span class='ocrx_word' id='word_1_815' title='bbox 2796 5623 2964 5691; x_wconf 62' lang='lat' dir='ltr'><strong>Jonas,</strong></span> <span class='ocrx_word' id='word_1_816' title='bbox 2994 5623 3207 5681; x_wconf 76' lang='lat' dir='ltr'><strong>exstant</strong></span> <span class='ocrx_word' id='word_1_817' title='bbox 3242 5631 3403 5683; x_wconf 90' lang='lat' dir='ltr'><strong>etiam</strong></span> <span class='ocrx_word' id='word_1_818' title='bbox 3434 5623 3698 5684; x_wconf 47' lang='lat' dir='ltr'><strong>in‘codice</strong></span> 
     </span>
    </p>
   </div>
   <div class='ocr_carea' id='block_1_114' title="bbox 2107 5694 3699 5767">
    <p class='ocr_par' dir='ltr' id='par_1_114' title="bbox 2107 5694 3699 5767">
     <span class='ocr_line' id='line_1_118' title="bbox 2107 5694 3699 5767; baseline 0.006 -23"><span class='ocrx_word' id='word_1_819' title='bbox 2107 5694 2887 5767; x_wconf 28' lang='lat' dir='ltr'><strong>monasteriihEpternacensis,</strong></span> <span class='ocrx_word' id='word_1_820' title='bbox 2921 5708 2972 5751; x_wconf 89' lang='lat' dir='ltr'><strong>et</strong></span> <span class='ocrx_word' id='word_1_821' title='bbox 3022 5698 3144 5752; x_wconf 66' lang='lat' dir='ltr'><strong>inde</strong></span> <span class='ocrx_word' id='word_1_822' title='bbox 3189 5714 3354 5767; x_wconf 85' lang='lat' dir='ltr'><strong>pcncs</strong></span> <span class='ocrx_word' id='word_1_823' title='bbox 3380 5700 3555 5753; x_wconf 82' lang='lat' dir='ltr'><strong>virum</strong></span> <span class='ocrx_word' id='word_1_824' title='bbox 3585 5699 3699 5754; x_wconf 79' lang='lat' dir='ltr'><strong>cla-</strong></span> 
     </span>
    </p>
   </div>
   <div class='ocr_carea' id='block_1_115' title="bbox 2107 5764 3052 5836">
    <p class='ocr_par' dir='ltr' id='par_1_115' title="bbox 2107 5764 3052 5836">
     <span class='ocr_line' id='line_1_119' title="bbox 2107 5764 3052 5836; baseline 0.002 -18"><span class='ocrx_word' id='word_1_825' title='bbox 2107 5765 2381 5821; x_wconf 83' lang='lat' dir='ltr'><strong>rissimum</strong></span> <span class='ocrx_word' id='word_1_826' title='bbox 2419 5764 2723 5836; x_wconf 83' lang='lat' dir='ltr'><strong>Philippum</strong></span> <span class='ocrx_word' id='word_1_827' title='bbox 2758 5765 3052 5822; x_wconf 82' lang='lat' dir='ltr'><strong>Labbcum.</strong></span> 
     </span>
    </p>
   </div>
  </div>
