3930 6322
193 362 297 419 διι

1303 361 1428 416 LIB.
1473 358 1850 414 ADVERSL'S
1890 359 1926 409 Α
1943 356 2322 416 διλωιιιωι.

3357 370 3464 426 542

195 480 460 549 Sequitur
508 478 560 532 in
606 477 794 532 eadem
841 477 1124 547 Scriptura
1161 495 1171 530 :
1208 476 1274 530 Et
1317 479 1542 547 pervenit
1575 478 1780 532 verbum
1811 476 1863 536 Α
1888 475 1983 543 git,
2019 477 2163 533 illius
2190 479 2421 535 forsitan
2445 496 2598 536 error
2648 492 2730 538 est
2764 485 2854 553 qui
2909 485 3143 556 scripsit.
3195 489 3250 543 Si
3284 499 3464 545 autem

197 573 266 624 ad
301 586 470 639 regem
519 567 727 634 Ninive,
772 578 819 622 et
866 568 1091 622 surrexit
1141 580 1204 621 ae
1241 568 1371 621 solio
1399 585 1526 633 suo,
1558 578 1604 622 et
1635 568 1782 637 ejecit

201 658 556 712 uestimentum
589 673 744 710 suum
767 673 799 708 a
827 672 902 721 se,
934 665 980 709 el
1011 655 1226 710 indutus
1255 668 1328 710 est
1360 673 1531 721 sacco,
1577 665 1623 710 et
1653 656 1784 709 sedit

199 751 252 802 in
294 749 486 814 cinere,
526 758 576 804 et
608 748 871 812 clamavit,
901 757 950 802 et
977 747 1110 802 dixit
1142 749 1199 803 in
1227 748 1419 802 Ninive
1448 764 1512 802 e1:
1538 764 1626 801 ore
1653 747 1785 817 regis

197 850 245 893 et
281 841 578 911 principum
613 855 751 908 ejus,
780 838 1001 893 dicens:
1038 835 1312 901 Homines,
1353 848 1400 891 et
1438 838 1701 908 jumenta,
1740 849 1788 892 et

201 932 370 996 boves,
403 939 452 984 et
475 946 663 1001 pecora
691 946 793 983 non
815 937 1020 999 gustent
1041 928 1346 999 quidquam,
1373 944 1465 982 nec
1482 937 1785 998 pascantur,

199 1034 248 1078 et
284 1040 477 1094 aquam
518 1039 621 1076 non
659 1019 854 1079 bibant.
885 1020 956 1074 Et
999 1020 1304 1091 operiuntur
1331 1021 1497 1074 saccis
1530 1020 1788 1087 homines,

201 1125 250 1168 et
273 1115 546 1183 jumenta,
588 1121 638 1166 et
687 1110 910 1166 clament
942 1111 1011 1164 ad
1053 1109 1221 1166 Deum
1253 1112 1308 1164 in
1356 1110 1662 1179 fortitudine
1693 1124 1711 1162 :
1742 1121 1790 1165 et

201 1214 536 1260 convertatur
567 1203 644 1259 vir
669 1222 701 1258 a
736 1205 820 1258 via
850 1220 947 1258 sua
980 1186 1143 1267 mala,
1172 1213 1219 1256 et
1259 1203 1323 1256 ab
1369 1204 1645 1274 iniquitate
1671 1221 1790 1275 qua:

201 1307 276 1350 est
303 1297 357 1352 in
382 1294 621 1349 manibus
646 1303 846 1349 eorum.
875 1292 1008 1358 Quis
1031 1295 1126 1346 scit
1148 1291 1194 1346 si
1231 1281 1563 1347 convertatur
1582 1303 1630 1348 et
1651 1295 1793 1364 igno-

201 1399 315 1442 scat
339 1387 506 1456 Deus,
540 1395 588 1439 et
617 1393 906 1439 revertatur
931 1401 962 1438 a
1003 1383 1181 1453 furore
1208 1385 1303 1437 irw
1335 1401 1463 1449 sum,
1498 1393 1547 1438 et
1581 1401 1681 1438 non
1708 1401 1794 1454 pe-

203 1477 463 1532 ribimus?
490 1475 558 1529 Et
590 1476 714 1530 vidit
762 1475 904 1530 Deus
949 1491 1105 1544 opera
1152 1491 1356 1539 eorum,
1404 1475 1528 1545 quia
1565 1475 1794 1528 conversi

201 1582 324 1624 sunt
352 1570 417 1624 de
455 1571 540 1623 via
569 1584 668 1623 sua
700 1567 840 1620 mala
876 1584 893 1620 :
928 1575 975 1620 et
1021 1568 1264 1620 misertus
1298 1575 1371 1624 est
1401 1583 1557 1636 super
1590 1565 1795 1620 malitia

201 1677 361 1729 quam
406 1658 612 1713 locutus
651 1659 823 1728 fuerat
854 1667 909 1710 ut
939 1657 1130 1726 faceret
1171 1656 1266 1720 eis,
1285 1666 1342 1710 et
1363 1658 1477 1710 non
1507 1657 1648 1726 fecit.
1688 1656 1794 1712 Sed

203 1769 302 1823 per
329 1751 443 1807 Joel
473 1752 788 1821 prophetam
817 1750 931 1818 ipse
958 1749 1219 1804 Dominus
1249 1750 1582 1804 demonstrat
1603 1750 1792 1819 quales

1888 581 1954 618 cx
2001 567 2292 638 semetipso
2338 572 2688 641 excogitavit,
2741 574 2906 628 nimia
2960 579 3311 646 prazsumptio
3362 591 3463 634 est.

1887 654 2025 721 Quid
2074 673 2303 728 namque
2354 660 2660 730 ingemiscit
2697 668 2986 734 gravatus?
3026 665 3186 722 Certe
3225 683 3298 723 eo
3327 672 3467 738 quod

1887 762 1992 800 non
2033 748 2146 803 vult
2194 749 2434 818 spoliari,
2466 751 2561 806 sed
2618 756 2986 822 supervestiri.
3027 756 3096 811 Et
3119 758 3164 812 si
3191 774 3300 814 non
3354 761 3472 813 vult

1889 839 2108 908 spoliari
2147 842 2470 897 vestimento
2517 841 2753 914 Spiritus
2789 849 2982 914 sancti,
3008 892 3014 898 .
3041 849 3171 918 quid
3214 849 3330 904 vult
3379 865 3472 905 ve-

1886 928 2020 982 stirc
2042 943 2205 999 super
2237 929 2499 1002 Spiritum
2533 933 2665 989 Dei?
2694 933 2804 990 Sed
2834 939 3089 1006 quoniam
3128 938 3467 997 laboriosum

1888 1026 1971 1072 est
1991 1018 2232 1075 refutare
2253 1036 2471 1078 sensum
2496 1022 2632 1092 eius,
2666 1024 2770 1081 hoe
2803 1026 2959 1081 nobis
2983 1028 3185 1086 dixisse
3215 1031 3467 1096 sufficiat,

1889 1109 2032 1177 quod
2052 1108 2240 1165 doctor
2260 1112 2772 1170 catholicus-beatus
2810 1115 3143 1186 Augustinus
3171 1121 3276 1176 hoc
3297 1123 3462 1177 vesti-

1893 1209 2136 1256 mentum
2202 1204 2589 1260 mortalitatem
2657 1206 2838 1261 carnis
2896 1201 3030 1262 esse
3078 1210 3245 1276 dicit,
3306 1228 3470 1282 quam

1895 1300 2168 1362 gestamus
2206 1293 2260 1346 in
2291 1294 2392 1348 hoc
2422 1309 2650 1364 corpore
2677 1296 2938 1352 viventes.
2977 1297 3045 1351 Et
3068 1310 3350 1368 propterea
3393 1305 3477 1358 in-

1893 1380 2236 1449 gemiscimus
2272 1384 2503 1453 gravati,
2533 1384 2659 1453 quia
2688 1384 2942 1439 timemus
2968 1402 3064 1456 per
3087 1398 3315 1443 mortem
3341 1399 3475 1447 tcm-

1893 1469 2129 1536 poralem
2157 1471 2379 1540 spoliari
2425 1473 2746 1528 vestimento
2775 1475 2956 1529 carnis
2983 1494 2994 1529 :
3028 1485 3100 1542 et,
3131 1477 3174 1532 si
3200 1478 3317 1533 fieri
3353 1496 3475 1550 pos-

1897 1567 2000 1623 set,
2032 1559 2292 1615 vellemus
2330 1563 2682 1632 supervestiri
2713 1564 3003 1620 immortali
3052 1568 3200 1633 vita;
3252 1585 3359 1623 non
3384 1571 3476 1625 de-

1895 1650 2067 1718 posita
2119 1667 2215 1720 per
2274 1660 2505 1707 mortem
2557 1654 2670 1722 ipsa
2725 1656 3092 1722 mortalitate,
3138 1659 3231 1714 sed
3297 1662 3476 1730 potius

1899 1742 2150 1811 absorpta
2188 1759 2218 1797 a
2247 1745 2379 1799 vita.

205 1822 516 1912 rogationes
558 1843 687 1897 velit
724 1841 826 1896 sibi
866 1841 1131 1905 exhiberi,
1165 1841 1390 1896 dicens:
1425 1837 1796 1895 Convertimini
1825 1822 1874 1880 Β
1971 1831 2034 1885 V-
2064 1832 2203 1887 DiCil
2248 1833 2442 1889 iterum
2479 1834 2784 1897 Amalarius
2811 1838 2866 1891 in
2908 1837 3046 1895 ω)Γο
3092 1840 3288 1910 Primo»
3334 1845 3478 1914 capi‘

204 1934 276 1986 ad
304 1950 384 1987 me
418 1933 474 1986 in
503 1941 610 1986 toto
641 1931 796 1985 corde
843 1939 1028 1996 vestro,
1075 1932 1129 1984 in
1180 1930 1407 2000 jejunio,
1465 1939 1513 1984 et
1554 1932 1704 2000 ﬂetu,
1751 1938 1797 1983 et

205 2022 463 2093 planctu;
510 2032 557 2076 et
593 2021 812 2076 scindite
845 2020 1008 2074 corda
1039 2031 1232 2085 vestra,
1282 2030 1332 2074 et
1364 2037 1468 2073 non
1499 2021 1799 2073 vestimenta

206 2123 378 2167 restra
398 2130 416 2176 ;
445 2121 490 2166 et
524 2111 881 2165 convertimini
917 2111 984 2163 ad
1017 2109 1301 2164 Dominum
1339 2109 1505 2162 Deum
1550 2121 1797 2172 vestrum,

205 2203 331 2272 quia
356 2201 606 2271 benignus
632 2208 680 2254 et
710 2200 1006 2253 misericors
1036 2207 1134 2264 est,
1163 2199 1388 2269 patiens,
1411 2209 1458 2253 et
1491 2199 1687 2254 multus
1712 2200 1802 2252 mi-

206 2293 520 2354 sericordia,
552 2300 598 2344 et
634 2287 972 2360 deprecabilis
1002 2305 1158 2359 super
1192 2289 1418 2343 malitia.
1460 2289 1593 2344 Illud
1636 2289 1799 2344 etiam

207 2384 354 2452 quod
409 2380 702 2450 subjungit,
749 2388 1037 2449 propterea
1088 2381 1321 2450 septimo
1361 2382 1629 2437 Kalendas
1676 2382 1800 2436 Maii

211 2472 496 2542 legendam
544 2471 827 2525 lectionem
857 2471 1152 2541 Evangelii,
1190 2472 1242 2524 in
1277 2487 1380 2542 qua
1420 2473 1577 2527 datur
1617 2488 1800 2528 exem-

211 2563 360 2634 plum
394 2564 459 2619 de
483 2579 645 2633 pane,
675 2579 799 2629 ovo,
829 2571 883 2618 et
914 2564 1074 2634 pisce,
1118 2564 1246 2633 quia
1275 2579 1340 2618 eo
1372 2572 1612 2635 tempore
1641 2567 1805 2635 proti~

211 2657 384 2718 ciunt,
418 2663 473 2710 et
502 2669 600 2725 pro
629 2655 732 2709 illis
758 2669 822 2709 eo
858 2658 1100 2725 tempore
1125 2655 1385 2711 Dominus
1431 2657 1802 2725 deprecandus

211 2746 305 2808 sit,
345 2752 404 2798 ut
439 2744 636 2798 nostris
659 2745 847 2800 usibus
875 2754 1280 2810 conserventur,
1312 2747 1435 2816 quis
1475 2762 1583 2802 non
1626 2747 1805 2804 videat

211 2845 420 2905 quanto
458 2835 570 2890 risu
598 2834 814 2903 dignum
843 2835 934 2899 sit,
966 2849 1030 2890 eo
1059 2837 1204 2904 quod
1235 2852 1511 2906 nunquam
1541 2836 1804 2893 Dominus

210 2941 314 2995 pro
340 2926 423 2980 his
446 2927 722 2980 orationes
748 2927 990 2995 publicas
1037 2926 1152 2982 ﬁeri
1176 2926 1431 2996 jusserit;
1465 2945 1588 2983 cum
1615 2944 1645 2984 e
1676 2945 1803 2984 con-

211 3018 386 3071 trario
414 3017 733 3086 praeceperit
761 3032 776 3070 :
819 3017 996 3072 Nolite
1037 3034 1268 3089 quwrere
1297 3019 1422 3089 quid
1450 3020 1800 3084 manducetis,

1902 1925 2012 1980 tulo
2065 1927 2525 1999 quadragesimo:
2565 1948 2582 1980 ι
2630 1929 2777 1986 Solet
2825 1933 2994 2000 quaeri
3040 1933 3182 1989 inter
3229 1936 3478 2005 vulgares

1901 2024 2104 2085 quanto
2144 2025 2382 2088 tempore
2413 2019 2642 2074 debeant
2677 2022 2984 2076 unctionem
3028 2022 3340 2079 chrismatis
3381 2026 3477 2079 ob-

1905 2121 2126 2161 servare
2157 2107 2211 2161 in
2241 2109 2450 2178 capite,
2498 2118 2559 2163 ut
2601 2125 2709 2164 non
2758 2110 3007 2166 laventur
3055 2113 3146 2181 qui
3210 2115 3481 2183 accipiunt

1902 2209 2095 2251 manus
2147 2197 2568 2267 impositiouem,
2619 2200 2824 2270 absque
2864 2207 3107 2271 tempore
3154 2201 3477 2272 baptisterii.

1901 2286 2108 2353 Quibus
2153 2298 2332 2358 potest
2367 2275 2709 2359 responderi,
2741 2301 2945 2361 quanto
2972 2303 3212 2363 tempore
3259 2310 3485 2364 genera-

1904 2379 2028 2441 liter
2059 2378 2128 2435 ab
2152 2379 2394 2436 Ecclesia
2424 2382 2731 2438 celebratur
2757 2384 3017 2440 adventus
3040 2384 3272 2454 Spiritus
3309 2389 3479 2442 sancti

1904 2483 2066 2538 super
2115 2469 2429 2538 apostolos,
2487 2480 2636 2528 tanto
2690 2479 2930 2542 tempore
2981 2474 3285 2530 celebretur
3343 2479 3484 2548 apud

1905 2575 2343 2630 unumquemque
2391 2562 2484 2631 qui
2529 2577 2651 2618 eum
2704 2565 2922 2635 accipit,
2972 2567 3076 2620 hoc
3117 2575 3221 2633 est,
3272 2577 3478 2637 septem

1904 2647 2116 2704 diebus.
2153 2650 2220 2703 Et
2247 2666 2354 2705 non
2404 2652 2693 2708 immerito.
2742 2653 3008 2720 Quoniam
3039 2657 3091 2710 in
3122 2667 3328 2729 septem
3367 2676 3484 2713 mu-

1902 2741 2126 2797 lieribus
2154 2742 2300 2797 venit
2325 2744 2394 2798 ad
2427 2744 2694 2814 hospitem
2720 2762 2902 2813 suum,
2931 2747 3015 2804 fas
3042 2758 3125 2804 est
3156 2757 3214 2804 ut
3271 2752 3482 2806 unicui-

1901 2846 2005 2900 que
2042 2831 2255 2891 mulieri
2295 2833 2601 2890 convivium
2645 2851 2802 2892 suum
2850 2847 3074 2908 paretur
3121 2855 3218 2910 per
3246 2840 3484 2912 singulos

1902 2923 2017 2979 dies
2047 2941 2059 2976 :
2088 2923 2153 2978 de
2197 2923 2395 2994 quibus
2419 2924 2736 2981 mulieribus
2781 2926 2912 2981 dicit
2947 2927 3113 2982 Isaias
3147 2947 3158 2981 ε
3188 2928 3487 2999 Apprelten-

1903 3013 2031 3067 dent
2069 3023 2263 3084 septem
2287 3013 2531 3070 mulieres
2574 3017 2744 3074 virum
2772 3034 2955 3072 unum.
3010 3017 3327 3074 Convivium
3368 3022 3487 3076 illa-

211 3119 310 3161 aut
340 3108 465 3178 quid
504 3108 710 3173 bibatis,
749 3117 797 3161 et
827 3107 985 3163 nolite
1019 3109 1075 3162 in
1107 3108 1327 3162 sublime
1350 3108 1481 3166 tolli.
1510 3107 1640 3162 Hinc
1666 3111 1805 3163 enim
1842 3175 1875 3184 κ
1907 3118 2028 3156 rum
2057 3103 2346 3158 mulierum
2376 3111 2479 3171 est,
2504 3104 2718 3174 quando
2746 3106 2880 3184 ipsa?
2907 3106 2973 3161 de
2995 3122 3052 3162 se
3078 3107 3280 3164 satiant
3306 3110 3487 3180 hospi-

211 3175 393 3255 omnia
417 3210 593 3272 gentes
621 3203 800 3256 mundi
825 3210 1086 3273 quaerunt.
1121 3201 1283 3255 Pater
1314 3211 1488 3255 autem
1514 3209 1680 3256 vester
1708 3202 1805 3255 scit
1834 3175 1878 3237 Ο
1911 3203 2020 3251 tem
2051 3211 2230 3251 suum.
2257 3197 2409 3254 Talia
2437 3200 2686 3256 convivia
2729 3178 3018 3257 exercebat
3051 3201 3299 3259 Christus
3344 3208 3486 3275 apud

210 3295 466 3364 quoniam
507 3293 588 3355 bis
624 3293 887 3361 indigetis.
940 3291 1311 3346 Verumtamen
1346 3293 1562 3363 quarrite
1591 3308 1808 3362 regnum

218 3385 338 3449 Dei,
373 3394 419 3439 et
463 3386 574 3440 lucc
604 3385 780 3438 omnia
836 3384 1156 3453 adjicientur
1200 3384 1361 3438 vobis.
1394 3383 1529 3438 Nam
1572 3384 1674 3439 etsi
1707 3399 1806 3453 pro

213 3476 463 3547 frugibus
487 3483 644 3530 terra:
667 3484 719 3529 et
739 3490 835 3545 pro
859 3475 1223 3529 animantibus
1244 3475 1547 3544 quibusque
1569 3474 1804 3528 orandus

214 3566 392 3628 Deus;
425 3564 665 3633 nunquid
698 3570 754 3616 et
800 3578 896 3633 pro
940 3563 1178 3632 piscibus
1207 3563 1515 3632 rogationes
1546 3562 1804 3617 facienda:

213 3663 366 3721 sunt,
396 3664 455 3710 ut
483 3662 875 3710 conserventur
899 3661 1122 3725 propter
1149 3654 1280 3708 nos?

292 3746 379 3802 Ill.
408 3747 552 3801 Dicit
592 3747 788 3817 iterum
839 3746 1150 3800 Amalarius
1185 3747 1241 3799 in
1297 3745 1440 3802 libro
1486 3747 1679 3816 primo,
1712 3761 1804 3799 ca-

214 3841 396 3911 pitul‘o
445 3840 707 3894 vicesimo
755 3838 1028 3906 septimo:
1079 3855 1098 3887 ι
1147 3837 1284 3890 Eum
1341 3852 1502 3906 quem
1552 3836 1801 3905 superius

217 3939 475 4002 precatus
497 3938 580 3983 est
604 3926 848 3998 pontifex
872 3934 933 3980 ut
959 3927 1202 3980 mitteret
1231 3924 1494 3995 Spiritum
1534 3933 1801 3988 sanctum,

218 4023 274 4076 in
310 4020 656 4089 sequentibus
693 4018 829 4087 petit
869 4025 927 4072 ut
957 4017 1338 4087 suscipientem
1372 4017 1624 4086 dignetur
1678 4030 1806 4069 con-

216 4112 441 4178 signare
494 4110 547 4163 in
580 4108 747 4162 vitam
775 4118 1034 4161 mternam
1063 4124 1075 4171 ;
1111 4106 1164 4160 id
1192 4116 1295 4171 est,
1346 4107 1593 4160 eumdem
1627 4103 1802 4174 Spiri-

219 4212 337 4254 tum
397 4216 504 4254 nou
558 4198 774 4252 amittat
805 4196 1124 4267 suscipiens,
1178 4212 1348 4265 usque
1391 4197 1516 4251 dum
1547 4198 1808 4267 perducat

220 4291 492 4360 hospitem
516 4305 672 4344 suum
703 4289 770 4342 ad
793 4288 961 4342 vitam
985 4295 1264 4341 mternam.
1307 4308 1324 4341 ι
1361 4288 1425 4342 Et
1448 4297 1570 4358 post
1599 4297 1800 4358 pauca:

225 4405 246 4437 ι
310 4383 437 4439 Sine
485 4384 591 4439 isto
621 4381 899 4453 signaculo
938 4397 1048 4436 non
1088 4390 1303 4451 oportet
1352 4398 1450 4436 nos
1486 4384 1802 4455 praesentari

1907 3288 2167 3342 convivas
2218 3303 2366 3355 suos,
2421 3289 2550 3343 talia
2595 3299 2652 3344 et
2693 3289 2928 3359 Spiritus
2977 3303 3197 3348 sanctus
3248 3305 3484 3353 exercet.

1907 3378 2112 3448 Hospes
2137 3379 2371 3448 Spiritus
2394 3381 2588 3448 sancti,
2615 3396 2768 3437 mens
2793 3391 2878 3438 est
2908 3385 3162 3441 hominis.
3193 3374 3345 3443 Mens
3369 3395 3484 3442 tan-

1907 3481 1960 3529 to
1982 3474 2213 3543 amplius
2237 3474 2471 3528 satiatur
2514 3489 2546 3528 a
2573 3475 2761 3547 sagina
2809 3473 3045 3545 Spiritus
3089 3479 3282 3545 sancti,
3319 3495 3482 3550 quan-

1909 3569 1964 3618 to
1996 3563 2174 3618 minus
2214 3563 2379 3618 fuerit
2440 3565 2620 3620 dedita
2670 3566 2981 3622 carnalibus
3019 3568 3483 3627 delectationibus.

1905 3653 1984 3707 lta
2005 3655 2256 3708 observet
2283 3655 2553 3724 accipiens
2580 3663 2789 3725 tempus
2815 3657 3078 3713 adventus
3097 3658 3331 3728 Spiritus
3359 3677 3484 3717 san-

1907 3748 2002 3812 cti,
2051 3753 2111 3800 ut
2146 3746 2284 3803 solet
2333 3748 2529 3802 charus
2562 3747 2770 3806 amicus
2794 3748 2941 3804 circa
2989 3752 3217 3806 charum
3246 3753 3480 3810 amicum

1906 3838 2217 3891 observare.
2235 3836 2460 3902 Quando
2480 3837 2676 3905 aliquis
2695 3838 2895 3894 charus
2916 3840 2981 3893 ad
3004 3841 3237 3896 amicum
3259 3844 3485 3898 charum

1907 3925 2073 3989 venit,
2106 3925 2159 3977 in
2199 3923 2347 3978 nullo
2382 3924 2497 3979 vult
2527 3924 2616 3980 ille
2644 3926 2737 3996 qui
2781 3928 3027 3996 suscipit,
3053 3929 3221 4000 .illum
3248 3931 3488 3987 ‘oll'ende-

1908 4030 1987 4080 re,
2016 4016 2108 4070 sed
2135 4015 2396 4085 quidquid
2422 4016 2573 4070 novit
2591 4017 2641 4072 ei
2666 4017 2924 4088 placitum
2946 4033 3088 4086 esse,
3111 4021 3217 4077 hoc
3242 4038 3306 4076 ex
3329 4024 3490 4078 corde

1908 4107 2141 4177 benigno
2189 4106 2240 4160 ei
2297 4100 2642 4161 adhibet.'lta
2669 4109 2931 4178 quidquid
2953 4113 3268 4182 cognoverit
3321 4116 3492 4168 susci-

1908 4198 2064 4267 piens
2094 4195 2357 4266 Spiritum
2396 4198 2965 4267 sanctum,.placitum
2993 4201 3042 4254 ei
3081 4217 3221 4268 esse,
3262 4204 3365 4258 hoc
3413 4205 3489 4258 illi

1906 4289 2160 4343 exhibeat
2178 4288 2417 4358 quandiu
2440 4304 2560 4343 cum
2581 4289 2671 4345 illo
2693 4298 2794 4345 est.
2825 4289 2882 4345 Si
2903 4291 3006 4347 hoc
3025 4292 3237 4359 fecerit,
3267 4293 3490 4349 forsitan

1909 4381 2070 4435 citius
2113 4380 2315 4450 poterit
2343 4381 2393 4435 ei
2444 4381 2757 4448 conciliari,
2796 4383 3014 4452 quando
3063 4383 3244 4453 aliqua
3289 4383 3487 4439 oﬁ‘ensa

221 4483 351 4531 ante
381 4477 567 4530 Deum.
599 4475 676 4530 De
705 4489 811 4542 quo
837 4472 992 4542 quasi
1049 4474 1114 4528 de
1145 4473 1325 4542 aliquo
1371 4474 1695 4529 vestimento
1725 4475 1805 4528 di-
1835 4483 1894 4569 D’
1913 4473 2198 4527 recesserit
2216 4473 2284 4526 ab
2303 4487 2403 4555 eo._
2422 4472 2650 4538 Quando
2672 4472 2921 4529 Christus
2941 4475 3262 4530 recordatur
3282 4471 3501 4530 unctio-'

221 4569 386 4623 cebat
414 4565 611 4620 Paulus
639 4560 707 4619 ad
741 4563 1049 4620 Corinthios
1079 4582 1091 4618 :
1133 4559 1344 4618 Etenim
1400 4564 1489 4634 qui
1531 4582 1711 4620 sumus
1755 4567 1808 4620 in

220 4663 327 4716 ista
351 4676 584 4730 corpore,
609 4659 994 4728 ingemiscimus
1039 4659 1276 4729 gravati;
1306 4658 1366 4712 eo
1392 4660 1532 4729 quod
1567 4659 1810 4714 nolumus

223 4749 473 4821 spoliari,
516 4747 606 4802 sed
648 4749 1016 4818 supervestiri;
1057 4756 1116 4801 ut
1163 4747 1507 4802 absorbeatur
1533 4749 1753 4804 mortale
1777 4768 1810 4804 a

222 4824 369 4895 vita:
392 4840 466 4894 De
493 4854 601 4909 quo
640 4839 963 4894 vestimento
989 4838 1152 4903 dicat,
1185 4837 1241 4892 in
1271 4839 1621 4909 sequentibus
1657 4855 1810 4895 mon-

224 4939 368 4984 strat
402 4949 414 4982 :
452 4929 559 4994 Qui
588 4939 766 4984 autem
791 4929 991 4999 perﬁcit
1016 4945 1108 4983 nos
1127 4927 1195 4982 'in
1217 4929 1314 4982 hoc
1336 4930 1506 4998 ipsum
1533 4929 1695 4995 Deus,
1720 4931 1810 5000 qui

224 5020 372 5074 dedit
420 5020 565 5072 nobis
584 5021 769 5088 pignus
796 5017 1044 5089 Spiritus.
1080 5037 1100 5070 ι

303 5107 386 5162 IV.
442 5107 569 5162 Haec
594 5107 756 5162 verba
787 5100 1045 5186 Amalarii
1087 5108 1266 5177 qualia
1317 5110 1446 5175 sint,
1499 5111 1674 5166 omnis
1720 5111 1809 5180 qui

227 5216 359 5270 erga
391 5199 762 5255 sinceritatem
785 5199 910 5254 fidei
943 5200 1205 5255 sollicitus
1250 5208 1354 5263 est,
1390 5202 1688 5271 diiudicare
1718 5217 1812 5272 po-

229 5299 357 5346 test.
422 5290 624 5344 Tamen
659 5289 763 5344 hoc
808 5289 952 5358 quod
986 5288 1276 5361 subiungit
1323 5290 1509 5345 dicens
1545 5291 1663 5346 :De
1710 5309 1812 5361 quo

225 5378 504 5450 signaculo
533 5379 685 5450 quasi
713 5378 778 5432 de
820 5365 997 5448 aliquo
1031 5380 1331 5433 vestimento
1376 5380 1579 5434 dicebat
1605 5379 1811 5436 Paulus

227 5469 303 5524 ad
344 5466 686 5522 Corinthios:
729 5467 937 5521 Etenim
986 5468 1075 5539 qui
1121 5485 1302 5523 sumus
1343 5470 1398 5521 in
1440 5469 1538 5522 isto
1578 5488 1812 5540 corpore,

228 5558 618 5630 ingemiscimus
653 5559 876 5628 gravati,
903 5573 962 5611 eo
989 5558 1128 5627 quod
1169 5557 1412 5613 nolumus
1457 5559 1695 5629 spoliari,
1726 5563 1814 5614 sed

233 5651 603 5722 supervestiri,
639 5660 694 5704 ut
743 5647 1082 5704 absorbeatur
1132 5650 1350 5704 mortale
1379 5668 1410 5703 a
1455 5652 1590 5711 vita,
1654 5652 1813 5706 talem

233 5759 461 5800 sensum
496 5742 699 5798 habere
744 5741 954 5814 qualem
985 5740 1071 5795 illc
1100 5740 1410 5795 intromittit
1436 5742 1479 5796 si
1511 5743 1705 5798 alicubi
1743 5745 1814 5798 lc-

1913 4577 2036 4616 nem
2062 4562 2374 4616 chrismatis
2399 4562 2502 4617 sibi
2532 4562 2742 4626 adesse,
2773 4572 2899 4619 tunc
2936 4564 3276 4634 potissimum
3303 4567 3493 4621 recolit

1911 4654 2109 4709 debere
2133 4669 2190 4708 se
2217 4669 2338 4708 esse
2359 4654 2459 4708 sub
2481 4653 2762 4724 disciplina
2803 4653 3040 4724 Spiritus
3067 4657 3258 4710 sancti.
3295 4655 3507 4715 Unctio.

1914 4743 2002 4795 illa
2057 4741 2177 4796 ideo
2207 4742 2288 4808 lit,
2319 4743 2649 4798 utsciamus
2679 4744 2823 4813 quod
2868 4742 3214 4800 invisibiliter
3239 4756 3494 4816 operetur

1915 4835 2148 4905 Spiritus
2211 4842 2430 4889 sanctus
2479 4835 2532 4888 in
2572 4835 2746 4890 nobis.
2807 4825 2995 4890 Oleum
3041 4837 3179 4892 solet
3224 4837 3492 4893 fessorum

1917 4927 2160 4981 membra
2220 4926 2422 4980 fovere.
2472 4925 2757 4980 Balsamus
2810 4927 2947 4982 solet
3004 4927 3268 4982 redolere.
3328 4927 3497 4983 Fessa

1917 5026 2043 5072 sunt
2069 5016 2306 5073 membra
2332 5017 2524 5070 animae
2543 5022 2758 5079 nostrae,
2784 5017 3000 5086 quando
3025 5016 3254 5087 penitet
3268 5032 3335 5072 se
3361 5017 3496 5087 egis-

1920 5123 1977 5162 se
2008 5108 2150 5175 quod
2182 5117 2372 5160 contra
2395 5106 2488 5159 Dei
2536 5105 2870 5160 voluntatem
2897 5115 2980 5162 est
3005 5125 3017 5161 :
3047 5107 3115 5162 ad
3144 5104 3305 5178 quam
3360 5109 3495 5164 solet

1919 5197 2154 5266 Spiritus
2171 5205 2393 5251 sanctus
2414 5196 2620 5262 venire,
2645 5196 2778 5251 etei
2799 5205 3102 5252 monstrare
3121 5197 3343 5254 dimissa
3373 5214 3491 5268 pec-

1918 5296 2060 5352 cata,
2087 5287 2199 5340 sive
2224 5286 2565 5341 dimittenda.
2599 5285 2752 5342 Unde
2798 5295 2852 5341 et
2880 5287 2997 5354 ipse
3025 5285 3258 5354 Spiritus
3305 5302 3494 5344 conso-

1922 5378 2062 5432 lator
2083 5377 2300 5432 dicitur.
2342 5396 2360 5429 ι

1993 5467 2117 5522 llaec
2176 5465 2340 5521 verba
2380 5466 2639 5520 Amalarii
2694 5465 2917 5521 confusa
2969 5475 3025 5521 et
3075 5467 3282 5522 inutilia
3335 5483 3495 5520 unus-

1923 5563 2152 5630 quisque
2175 5561 2263 5630 qui
2297 5559 2463 5622 audit,
2491 5558 2670 5612 videat
2693 5559 2961 5627 quomodo
2983 5561 3236 5628 corrigat,
3265 5559 3495 5626 qualiter

1922 5653 2163 5707 derideat
2192 5671 2201 5703 :
2234 5651 2357 5721 quia
2390 5665 2492 5703 non
2517 5648 2782 5704 aedificant
2827 5649 3008 5714 fidem,
3040 5650 3132 5704 sed
3177 5650 3492 5707 destruunt:

1926 5757 2020 5797 nec
2049 5742 2291 5810 plantam
2332 5740 2558 5793 virtutes
2593 5739 2642 5792 in
2695 5738 2963 5793 mentibus
3011 5738 3358 5802 audientium,
3403 5741 3494 5794 sed
