3930 6314
488 337 598 398 845

1457 349 1512 404 S.
1554 347 1903 407 AGOBARDI
1942 347 2250 405 EPISCOPI
2290 350 2776 409 LUGDUNENSIS

3667 362 3773 419 δη

489 454 762 513 evellunt:
808 456 1043 513 maxime
1078 457 1165 514 ubi
1199 460 1253 514 in
1309 463 1604 530 postremis
1644 464 1816 519 dicit:
1849 463 2074 529 Quando
2105 462 2234 522 Ain
2282 463 2538 520 cordibus
2599 467 2929 535 auditorum,
2979 473 3154 527 verba
3210 473 3425 530 Domini
3486 477 3670 545 potius
3720 479 3772 531 it'

488 545 725 627 Christus
750 548 1059 602 recordatur
1082 551 1380 605 unctionem
1415 554 1712 608 chrismatis
1732 555 1831 609 sibi
1871 555 2071 619 adesse,

487 647 611 691 tunc
638 639 969 708 potissimum
1010 640 1190 695 recolit
1216 642 1403 699 debere
1435 663 1490 700 se
1508 663 1635 701 esse
1660 650 1755 703 sub
1792 649 2071 721 disciplina

485 725 714 795 Spiritus
734 732 925 784 sancti.

553 817 639 872 Vi.
686 819 820 874 item
870 821 1178 880 Amalarius
1220 826 1273 880 in
1316 828 1511 883 eodem
1557 830 1832 901 capitulo:
1873 849 1891 883 ι
1951 831 2069 888 Νοη

480 906 627 962 enim
660 905 866 969 frustra
884 911 1120 982 Spiritus
1166 926 1387 973 sanctus
1412 932 1576 989 super
1605 923 1879 992 apostolos
1923 925 2071 979 venit

480 999 537 1053 in
556 999 1030 1059 .diePentecostes
1056 1003 1113 1060 in
1147 1014 1310 1066 vento
1339 1016 1393 1065 et
1412 1009 1586 1082 igneis
1620 1012 1840 1083 linguis.
1884 1010 2070 1070 Voluit

478 1094 673 1151 futurae
720 1096 977 1153 Ecclesia:
1006 1099 1382 1160 demonstrare
1440 1105 1572 1175 quid
1618 1115 1878 1176 operatus
1922 1116 2067 1164 esset

471 1184 529 1238 in
582 1185 842 1256 apostolis
886 1202 986 1258 per
1030 1190 1323 1247 adventum
1370 1207 1548 1249 suum.
1594 1194 1765 1253 Venit
1811 1199 1866 1253 in
1894 1206 2065 1254 vento

474 1278 804 1346 vehementi,
870 1287 933 1335 ut
958 1283 1273 1339 ostenderet
1322 1300 1383 1341 se
1426 1301 1783 1343 excussurum
1821 1303 1942 1345 esse
1993 1291 2063 1345 ab

472 1368 842 1437 apostolorum
899 1373 1158 1430 cordibus
1208 1390 1427 1433 omnem
1487 1379 1837 1449 cupiditatem
1892 1390 2062 1438 terre-

471 1476 617 1514 nam.
668 1459 822 1517 Sicut
838 1463 985 1519 enim
1008 1473 1203 1520 ventus
1233 1466 1526 1523 vehemens
1546 1468 1763 1538 projicit
1783 1471 2059 1540 pulverem

467 1568 495 1605 a
520 1550 657 1608 facie
677 1560 861 1620 terrae,
892 1555 973 1612 sic
1013 1555 1279 1613 adventus
1307 1556 1545 1629 Spiritus
1572 1558 1767 1617 sancti
1817 1577 1849 1617 a
1897 1564 2062 1621 corde

467 1642 703 1698 hominis
754 1642 906 1712 ejicit
962 1656 1181 1701 omnem
1241 1654 1515 1704 terrenam
1562 1650 1937 1720 cupiditatem.
1997 1652 2057 1707 In

469 1736 641 1806 igneis
662 1736 863 1807 linguis
901 1740 1182 1809 apparuit,
1212 1750 1273 1796 ut
1303 1742 1706 1800 demonstraret
1758 1748 1947 1817 quales
1977 1748 2056 1802 fa-

2177 550 2433 608 fecissent
2458 553 2513 606 in
2546 555 2800 611 cordibus
2844 556 3176 615 Judrcorum.
3232 562 3337 618 Sed
3380 550 3508 633 quia
3548 581 3656 619 non
3690 576 3770 621 est

2174 642 2278 698 hoc
2332 658 2467 713 opus
2509 646 2823 707 verborum.
2866 651 2962 705 sed
3016 652 3182 707 divini
3236 654 3439 710 interni
3501 659 3768 722 muneris,

2174 736 2253 791 sic
2309 736 2474 792 debet
2525 738 2763 794 intimari
2817 742 2909 812 qui
2967 745 3128 805 docet
3172 747 3227 800 in
3280 748 3547 804 doctrina.
3599 750 3711 806 Sed
3741 767 3772 806 c

2172 834 2362 881 contra
2418 827 2729 885 Amalarius
2759 831 2960 888 docens
3014 852 3121 890 non
3175 837 3228 891 in
3261 837 3534 905 doctrina,
3559 842 3771 896 sentire

2171 917 2535 988 cognoscitur,
2571 920 2713 989 quod
2768 923 2909 977 sicut
2947 924 3209 992 Charitas,
3255 928 3311 983 id
3361 936 3466 995 est,
3525 928 3770 999 Spiritus

2169 1018 2407 1075 sanctus,
2439 1011 2602 1067 corda
2631 1013 2867 1069 ﬁdelium
2908 1032 3009 1086 per
3036 1019 3267 1089 gratiam
3316 1020 3448 1076 facit
3484 1038 3650 1076 unum
3683 1038 3770 1078 es-

2168 1115 2246 1167 se,
2284 1110 2339 1156 et
2397 1118 2565 1159 unum
2627 1105 2785 1173 velle,
2832 1107 2906 1162 ita
2962 1109 3015 1163 in
3058 1119 3244 1167 sancta
3288 1111 3555 1168 Trinitate
3579 1114 3764 1185 gratia

2166 1190 2408 1261 ejusdem
2454 1192 2889 1266 Spiritustipsam
2936 1209 3183 1255 sanctam
3222 1200 3546 1257 Trinitatem
3598 1204 3769 1259 faciat

2164 1298 2332 1337 unum
2384 1299 2525 1351 esse,
2580 1294 2635 1341 et
2658 1303 2825 1342 unum
2869 1290 3036 1357 velle,
3091 1291 3233 1346 sicut
3267 1290 3457 1346 Ariani
3493 1293 3765 1364 dogmati-

2166 1388 2293 1427 zare
2324 1369 2588 1429 solebant.

2240 1461 2367 1518 VIH.
2425 1463 2559 1519 Item
2609 1466 2926 1524 Amalarius
2968 1469 3024 1523 in
3074 1469 3213 1525 libro
3262 1472 3461 1540 primo,
3491 1470 3761 1540 capitulo

2164 1552 2328 1607 tertio
2376 1553 2607 1622 decimo,
2656 1556 2825 1612 dicit:
2864 1576 2883 1609 t
2938 1558 3200 1614 Dominus
3237 1538 3541 1615 noster-est
3561 1538 3758 1631 agnus,

2162 1641 2256 1710 qui
2306 1642 2600 1712 incipiente
2655 1645 3059 1715 quintadecima
3106 1647 3235 1702 luna
3290 1649 3525 1704 traditus
3551 1658 3763 1713 est;'et

2161 1745 2381 1786 crucem
2416 1734 2663 1788 ascendit
2708 1733 3029 1791 Parasceve.
3073 1734 3337 1808 Sequitur
3377 1740 3761 1808 respousorius

464 1838 652 1884 cturus
684 1837 806 1885 erat
829 1829 1042 1903 linguas
1069 1833 1469 1902 apostolorum;
1503 1837 1607 1893 hoc
1637 1845 1721 1893 est
1748 1813 2052 1909 loquentes,
2086 1813 2134 1873 Β
2161 1842 2286 1882 cum
2320 1836 2551 1897 quatuor
2580 1830 2849 1885 versibus.
2885 1829 3136 1900 Nullique
3165 1832 3389 1888 dubium
3419 1832 3552 1902 quin
3587 1832 3753 1888 Chri-

463 1928 511 1973 et
541 1920 706 1990 ignita
724 1920 890 1975 verba
910 1919 1258 1978 infundentes
1278 1923 1333 1977 in
1348 1926 1516 1981 corda
1537 1927 1899 1985 credentium.
1927 1930 2055 1987 Haec

462 2012 605 2066 extim
626 2012 789 2070 verba
816 2012 985 2083 ignita
1012 2024 1338 2071 consumunt
1363 2028 1588 2088 peccata
1608 2059 1623 2086 ,
1672 2028 1727 2075 et
1753 2021 2055 2079 accendunt

460 2104 625 2159 corda
657 2105 724 2160 ad
755 2119 997 2159 amorem
1018 2112 1237 2161 aeternae
1263 2107 1473 2177 patrias.
1525 2109 1645 2181 Ipsa
1673 2119 1758 2166 est
1812 2108 2052 2169 charitas

458 2217 579 2271 nuce
615 2200 935 2259 diffunditur
967 2202 1024 2258 in
1070 2203 1235 2258 corda
1292 2192 1652 2270 credentium,
1704 2212 1759 2259 et
1804 2203 1934 2259 facit
1986 2220 2053 2261 ea

460 2308 626 2347 unum
652 2307 753 2349 cor
781 2307 900 2349 esse
925 2294 995 2350 ad
1024 2293 1383 2349 imitationem
1408 2309 1521 2349 sua:
1542 2294 1781 2364 proprite
1802 2296 2055 2351 substan-

459 2386 576 2450 the;
608 2383 713 2439 hoc
750 2393 853 2452 est,
886 2392 947 2439 ut
983 2400 1151 2439 unum
1202 2384 1391 2450 velint,
1414 2386 1553 2441 sicut
1575 2394 1761 2441 sancta
1812 2385 2052 2443 Trinitas

461 2489 627 2528 unum
650 2473 784 2529 vult.
825 2494 844 2528 ι

528 2566 637 2623 γη.
672 2566 747 2621 Dc
796 2564 891 2623 bis
929 2552 1111 2623 verbis
1140 2566 1400 2623 Amalarii
1427 2569 1763 2640 perpendam
1812 2570 2048 2642 pruden-

455 2668 539 2715 tes
583 2660 713 2729 quid
761 2658 1029 2728 judicent.
1066 2659 1409 2717 Manifestum
1447 2669 1629 2717 tamen
1655 2660 1761 2729 est,
1811 2664 1955 2734 quod
1989 2664 2046 2718 in

454 2768 517 2804 νυ
562 2749 705 2819 quod
746 2750 918 2805 dicit:
971 2749 1120 2805 Venit
1150 2751 1204 2804 in
1246 2760 1400 2810 vento
1434 2752 1723 2806 vehementi
1767 2760 1827 2805 ut
1868 2758 2045 2807 osten~

454 2842 597 2898 deret
631 2856 742 2895 sese
780 2846 1125 2895 excussurinn
1150 2857 1260 2895 esse
1298 2840 1363 2895 ab
1395 2840 1752 2912 apostatarum
1800 2840 2045 2896 cordibus

453 2945 657 2983 o-nnem
697 2929 1037 3000 cupiditatem
1089 2939 1379 2995 terrenam,
1423 2928 1785 2999 obiiciendum
1831 2931 1908 2985 illi
1954 2932 2042 2986 sit.

454 3016 511 3073 Si
543 3020 735 3075 eadem
782 3019 917 3075 hora
964 3020 1182 3091 quando
1213 3021 1406 3092 repleti
1436 3030 1564 3076 sunt
1592 3020 1801 3091 Spiritu
1828 3030 2040 3086 sancto,

453 3112 629 3168 albuc
675 3113 1027 3169 discutienda:
1075 3116 1233 3168 erant
1281 3112 1760 3192 ab‘apostolorum
1791 3114 2045 3169 cordibus

2162 1926 2280 1974 stus
2315 1918 2479 1976 homo
2514 1934 2579 1975 ex
2610 1928 2845 1990 quatuor
2870 1921 3154 1978 elementis
3188 1923 3534 1979 consisteret.
3585 1922 3757 1977 Natu—

2160 2011 2275 2066 rale
2321 2019 2404 2067 est
2458 2012 2665 2067 homini
2693 2021 2754 2067 ut
2782 2027 2849 2068 ex
2882 2022 3053 2078 terra,
3104 2024 3161 2069 et
3196 2030 3359 2085 aqua,
3398 2022 3453 2070 et
3502 2029 3654 2079 aere,
3698 2026 3755 2069 ct

2157 2102 2283 2172 igne
2307 2102 2593 2157 consistat.
2624 2102 2851 2170 Quando
2890 2110 3139 2158 naturam
3172 2104 3410 2160 hominis
3435 2106 3753 2174 assumpsit,

2157 2192 2275 2247 ι]ωο
2295 2200 2529 2263 quatuor
2555 2193 2824 2249 elementa
2857 2196 3170 2265 assumpsit.
3213 2195 3307 2251 Illa
3337 2197 3647 2266 pendebant
3694 2199 3752 2252 in

2156 2297 2318 2337 cruce
2349 2282 2493 2337 inter
2518 2284 2727 2339 medios
2751 2284 2889 2340 duos
2933 2284 3194 2340 latrones.
3232 2284 3388 2341 Unde
3429 2302 3575 2342 unus
3625 2302 3753 2343 ver-

2155 2386 2249 2426 sus
2284 2389 2296 2425 :
2326 2368 2393 2424 In
2417 2366 2590 2425 medio
2619 2372 2847 2427 duorum
2871 2373 3187 2428 animalium
3211 2376 3538 2446 cognosceris
3563 2391 3581 2429 :
3608 2378 3757 2446 quod

2153 2462 2229 2516 ita
2253 2461 2606 2532 Hieronymus
2627 2464 2681 2517 in
2708 2463 2978 2517 Habacuc.

2225 2553 2317 2611 IX.
2350 2554 2409 2610 lu
2435 2555 2521 2611 bis
2544 2557 2727 2611 verbis
2752 2556 3062 2611 Amalarius
3089 2565 3292 2626 quanta
3324 2559 3616 2630 vagatione
3639 2560 3753 2615 dis-

2152 2653 2355 2709 currat,
2389 2647 2482 2717 qui
2504 2647 2783 2702 erroribus
2816 2646 3019 2702 insanae
3048 2649 3246 2703 mentis
3267 2650 3469 2704 mederi
3496 2665 3605 2719 per
3624 2651 3753 2707 cha-

2151 2736 2369 2792 ritatem
2432 2736 2568 2803 vult,
2629 2736 2923 2807 prudenter
2978 2740 3295 2809 perpendat.
3342 2740 3603 2798 Homines
3650 2746 3750 2813 qui

2151 2836 2378 2883 cantum
2430 2837 2853 2898 composuerunt
2875 2844 2943 2884 ex
2966 2829 3146 2884 verbis
3192 2829 3627 2901 Scripturarum,
3658 2848 3755 2887 ar-

2150 2920 2314 2976 bitrio
2366 2936 2486 2985 suo,
2526 2929 2689 2991 prout
2741 2920 2849 2975 illis
2878 2934 3176 2991 congruum
3232 2905 3407 2976 visum
3453 2932 3557 2987 est,
3597 2922 3750 2979 fece-

2151 3022 2297 3068 runt.
2328 3014 2396 3068 Et
2425 3029 2522 3084 per
2550 3014 2797 3069 diversas
2827 3011 3077 3084 regiones
3112 3015 3342 3071 diversis
3394 3018 3590 3072 modis.
3624 3017 3748 3073 Non

2154 3104 2358 3175 Spiritu
2393 3095 2490 3161 Dei
2538 3106 2667 3170 acti,
2719 3106 2863 3161 sicut
2894 3106 3085 3163 beatus
3116 3105 3311 3161 Petrus
3356 3107 3423 3162 de
3448 3108 3747 3178 prOphctis

451 3219 641 3285 omnes
660 3204 989 3273 cupiditates
1014 3213 1272 3270 terrenae,
1296 3189 1431 3275 quid
1462 3213 1720 3274 operatus
1758 3205 1814 3260 in
1855 3204 1935 3261 eis
1960 3212 2043 3260 est
2071 3186 2116 3249 C
2149 3207 2203 3254 et
2248 3199 2531 3269 praphetia
2578 3198 2881 3252 futurarum
2939 3214 3120 3253 rerum
3174 3198 3441 3268 loquitur,
3503 3200 3693 3254 dicens
3727 3220 3741 3253 :

452 3309 549 3362 per
603 3300 713 3350 tres
760 3309 933 3350 annos
973 3293 1241 3351 mediator
1281 3292 1377 3350 Dei
1433 3304 1487 3351 et
1534 3294 1838 3367 hominum,
1881 3296 2046 3351 homo

363 3396 369 3402 '
450 3386 700 3440 Christus
719 3384 913 3441 Iesus?
942 3386 1008 3441 Et
1029 3401 1197 3456 quare
1236 3386 1342 3441 illis
1368 3385 1500 3441 dicit
1524 3403 1538 3440 :
1565 3384 1692 3439 Jam
1744 3402 1831 3439 vos
1861 3386 2045 3440 mundi

450 3478 593 3543 estis,
646 3486 858 3547 propter
908 3492 1203 3531 sermonem
1254 3482 1407 3548 quem
1451 3475 1657 3531 locutus
1694 3492 1813 3530 sum
1858 3476 2046 3531 vobis?

453 3572 518 3625 lit
569 3571 767 3625 iterum
811 3586 829 3626 :
885 3570 954 3625 Et
986 3588 1085 3626 -vos
1117 3572 1302 3626 mundi
1352 3572 1499 3638 estis,
1548 3572 1639 3627 sed
1681 3588 1787 3626 non
1826 3570 2046 3625 omnes?

453 3662 703 3732 Nunquid
736 3675 847 3718 non
878 3670 1036 3717 erant
1058 3661 1173 3732 Iam
1201 3672 1352 3719 utres
1368 3665 1527 3730 novi,
1558 3664 1737 3733 parati
1780 3671 1837 3717 et
1885 3674 2045 3731 capa-

448 3770 540 3808 ces
588 3753 653 3808 ad
706 3754 1074 3824 recipiendum
1121 3756 1306 3809 vinum
1357 3768 1577 3821 novum,
1630 3755 1683 3810 id
1725 3763 1826 3818 est,
1863 3754 2037 3825 Spiri-

451 3858 563 3900 tum
592 3855 865 3912 sanctum,
916 3846 1009 3916 qui
1064 3860 1159 3902 eos
1189 3848 1472 3903 induceret
1508 3843 1562 3902 in
1594 3862 1811 3902 onmem
1842 3846 2043 3900 verita-

450 3939 593 3992 tem?
618 3936 675 3992 in
716 3951 781 3992 eo
810 3942 990 3991 autem
1021 3938 1165 4008 quod
1198 3937 1486 4006 subinfert,
1518 3939 1741 3995 dicens:
1776 3936 1844 3991 In
1876 3937 2041 4007 igneis

449 4031 642 4101 linguis
674 4030 941 4101 apparuit,
965 4037 1022 4082 ut
1053 4029 1436 4084 demonstraret
1461 4028 1643 4103 quales
1666 4027 1905 4098 facturus
1931 4037 2043 4081 erat

450 4123 657 4192 linguas
678 4119 1052 4190 apostolorum,
1081 4120 1177 4173 hoc
1200 4129 1297 4185 est,
1340 4119 1604 4191 loquentes
1636 4126 1684 4171 et
1716 4118 1885 4188 ignita
1933 4131 2044 4169 ver-

453 4213 514 4265 ba
537 4210 872 4281 infundentes
901 4208 957 4263 in
991 4210 1152 4264 corda
1184 4210 1526 4265 credentium.
1562 4207 1692 4263 Haec
1723 4208 1863 4262 enim
1890 4206 2041 4261 verba

450 4301 615 4370 ignita
642 4308 955 4354 consumunt
990 4310 1205 4370 peccata
1235 4316 1253 4355 :
1290 4299 1407 4356 Non
1444 4300 1577 4360 satis
1622 4300 1854 4354 attendit
1903 4312 2037 4367 quo-

449 4392 610 4447 modo
639 4391 803 4447 dicat.
832 4390 966 4445 Nam
992 4392 1220 4460 apostoli
1235 4391 1555 4461 jamdudum
1580 4390 1793 4446 fuerant
1818 4390 2041 4460 loquen-

451 4492 553 4542 tes.
574 4480 688 4551 jam
718 4485 1171 4554 praedicaverunt,
1209 4485 1322 4556 jam
1353 4485 1521 4540 multa
1547 4493 1603 4539 et
1633 4500 1828 4554 magna
1886 4483 2035 4553 signa

451 4568 726 4643 fecerant;
754 4576 829 4631 ita
859 4587 926 4632 ut
961 4578 1206 4633 dicerent
1240 4577 1473 4633 Domino
1504 4596 1519 4632 :
1554 4574 1734 4632 Etiam
1777 4576 2038 4632 daemonia

448 4662 802 4736 subjiciuntur
820 4668 969 4724 nobis
1023 4662 1079 4723 in
1116 4670 1323 4724 nomine
1352 4678 1463 4722 tuo.
1495 4667 1613 4723 Non
1645 4676 1852 4733 autem,
1900 4668 2040 4722 sicut

451 4762 553 4815 iste
584 4759 739 4825 dicit,
763 4763 924 4817 verba
964 4768 1293 4818 consumunt
1316 4768 1571 4830 peccata;
1600 4758 1695 4814 scd
1726 4760 1886 4814 fidem
1933 4759 2037 4812 mi-

450 4857 683 4910 nistt‘ant
713 4895 727 4919 ,
780 4844 936 4907 iidem
967 4852 1262 4917 aedificant,
1299 4866 1421 4921 qua:
1453 4849 1736 4904 audientes
1760 4856 1911 4916 aptat
1967 4847 2032 4901 ad

451 4947 680 5015 gratiam
711 4944 984 5014 baptismi,
1021 4960 1084 5000 ex
1111 4953 1237 4999 tunc
1268 4952 1322 4998 et
1346 4944 1621 5013 deinceps.
1657 4941 1811 5009 Quod
1852 4949 2035 4997 autem

450 5035 750 5107 subjungit,
808 5033 996 5090 dicens
1047 5036 1191 5106 quod
1239 5035 1403 5090 verba
1455 5034 1623 5106 ignita
1671 5034 2036 5103 apostolorum

450 5127 750 5183 accendant
790 5126 954 5180 corda
988 5127 1053 5180 ad
1109 5141 1349 5190 amorem
1382 5133 1598 5179 aeterna:
1644 5124 1853 5192 patriae.
1911 5123 2039 5193 Ipsa

448 5228 527 5273 est
558 5218 793 5273 Charitas
830 5233 949 5289 qua:
994 5216 1313 5287 diffunditur
1357 5219 1410 5269 in
1474 5215 1634 5269 corda
1692 5214 2035 5275 credentium,

446 5320 493 5364 et
519 5305 646 5379 fa'cit
674 5326 736 5364 ea
758 5308 922 5362 unum
948 5324 1039 5361 cor
1065 5324 1174 5361 esse
1207 5308 1275 5360 ad
1298 5307 1642 5360 imitationem
1670 5322 1781 5360 sua:
1810 5304 2036 5374 prOpriw

446 5401 793 5465 substantiae;
847 5399 944 5453 hoc
988 5410 1085 5463 est,
1147 5409 1203 5453 ut
1254 5416 1415 5457 unum
1452 5398 1625 5463 velint,
1669 5400 1804 5450 sicut
1854 5404 2035 5449 sancta

453 5492 681 5545 Trinitas
722 5507 883 5545 unum
908 5490 1012 5543 vult
1044 5506 1059 5543 :
1092 5489 1137 5544 si
1170 5491 1305 5543 bene
1329 5488 1515 5553 sentit,
1550 5488 1749 5542 bonum
1772 5486 1908 5539 bene
1930 5498 2035 5537 non

451 5582 705 5653 loquitur.
736 5573 869 5636 Nam
896 5579 1123 5635 multum
1155 5578 1332 5633 diil'crt
1364 5578 1510 5633 inter
1540 5578 1704 5632 verba
1735 5574 2037 5644 [medican-

451 5675 605 5737 tium,
630 5683 685 5728 et
717 5672 1026 5729 unctionem
1077 5670 1313 5740 Spiritus
1367 5668 1560 5723 sancti.
1600 5666 1657 5720 Si
1696 5666 1837 5721 enim
1870 5662 2033 5717 verba

451 5764 813 5837 apostolorum
875 5762 1052 5819 facere
1106 5762 1403 5832 patuissent
1456 5758 1597 5827 quod
1649 5755 1749 5810 iste
1804 5753 2036 5809 somniat

2152 3288 2275 3343 Non
2298 3289 2436 3343 enim
2461 3288 2722 3352 voluntate
2751 3292 2985 3343 humana
3020 3288 3187 3342 allata
3213 3298 3288 3343 est
3311 3288 3601 3360 aliquando
3624 3308 3750 3361 pro-

2148 3384 2344 3452 phetia,
2381 3382 2471 3436 sed
2496 3382 2701 3451 Spiritu
2738 3389 2921 3435 sancto
2946 3383 3192 3451 inspirati
3231 3381 3394 3436 locuti
3422 3392 3544 3436 sunt
3574 3383 3754 3437 sancti

2147 3470 2247 3528 Dei
2279 3475 2535 3529 homines.
2577 3475 2645 3528 Et
2666 3475 2789 3529 ideo
2834 3475 2881 3528 si
2925 3476 3087 3529 homo
3115 3476 3206 3529 uni
3234 3476 3583 3545 responsorio
3610 3492 3749 3546 qua-

2145 3570 2269 3617 tuor
2289 3567 2477 3618 versus
2506 3562 2767 3633 adiungit,
2816 3573 3042 3617 non'est
3085 3564 3277 3617 umbra
3304 3562 3533 3631 alicujus
3570 3564 3745 3633 aenig-

2146 3654 2330 3718 matis,
2360 3654 2501 3707 sicut
2527 3655 2629 3707 iste
2655 3660 2828 3723 putat,
2870 3662 2925 3707 et
2968 3653 3387 3708 men‘dacissime
3430 3654 3609 3722 putari
3646 3669 3744 3708 co-

2146 3746 2241 3815 git.
2272 3745 2328 3798 ln
2358 3747 2458 3801 hoc
2488 3753 2669 3799 autem
2694 3751 2877 3798 autem
2904 3742 3047 3811 quod
3074 3742 3223 3807 dicit,
3250 3740 3500 3813 Sequitur
3524 3759 3745 3811 respon-

2143 3838 2316 3890 sorius
2356 3853 2476 3889 cum
2509 3844 2737 3905 quatuor
2765 3834 3015 3888 versibus.
3072 3832 3325 3905 Nullique
3354 3832 3572 3885 dubium
3613 3835 3745 3903 quin

2146 3925 2385 3979 Christus
2416 3926 2571 3979 homo
2595 3941 2660 3978 ex
2692 3934 2923 3995 quatuor
2950 3922 3217 3977 elementis
3250 3924 3591 3978 consisteret.
3626 3924 3746 3979 Na-

2144 4010 2417 4071 turale‘est
2444 4018 2643 4070 homini
2669 4025 2727 4069 ut
2756 4033 2820 4069 ea:
2843 4026 3003 4080 terra,
3034 4024 3081 4069 et
3103 4033 3264 4086 aqua,
3292 4023 3341 4069 et
3368 4032 3510 4079 aere,
3542 4024 3589 4069 et
3617 4016 3739 4086 igne

2144 4108 2415 4161 consistat.
2469 4105 2692 4171 Quando
2734 4116 2979 4159 naturam
3027 4105 3252 4158 hominis
3281 4107 3586 4175 assumpsit,
3624 4107 3739 4159 Iure

2142 4203 2371 4265 quatuor
2418 4192 2671 4248 elementa
2723 4194 3005 4263 assumpsit
3056 4209 3075 4247 :
3133 4194 3454 4262 opponenda
3501 4202 3585 4247 est
3612 4209 3743 4249 seu-

2143 4285 2312 4339 tentia
2339 4283 2580 4354 Apostoli
2610 4284 2695 4339 his
2722 4284 3061 4339 stultissimis
3088 4292 3143 4337 et
3172 4283 3504 4352 blasphemis
3528 4298 3739 4337 sermo-

2143 4379 2321 4441 nibus,
2374 4394 2479 4447 qua
2528 4377 2697 4431 dicit:
2738 4375 2919 4429 Videte
2962 4392 3025 4429 ne
3060 4377 3176 4445 quis
3228 4392 3313 4429 vos
3370 4374 3598 4443 decipiat
3647 4390 3742 4443 per

2144 4469 2550 4541 philosophiam,
2583 4478 2629 4521 et
2650 4469 2859 4521 inanem
2902 4464 3197 4535 fallaciam,
3236 4463 3524 4518 secundum
3578 4463 3742 4516 tradi-

2143 4563 2333 4616 tionem
2357 4560 2646 4622 hominum,
2675 4557 2960 4611 secundum
2987 4554 3243 4609 elementa
3274 4554 3480 4616 mundi,
3532 4562 3579 4605 et
3633 4568 3738 4606 non

2143 4650 2427 4705 secundum
2452 4647 2736 4702 Christum.
2771 4646 2928 4700 Dicat
2949 4644 3256 4699 Amalarius
3288 4643 3561 4713 quomodo
3581 4641 3741 4696 Chri-

2144 4728 2259 4793 stus
2290 4740 2450 4792 homo
2495 4752 2559 4791 ex
2588 4743 2822 4805 quatuor
2861 4734 3145 4790 elementis
3193 4733 3470 4788 consistat.
3526 4731 3735 4801 Nempe

2141 4829 2255 4882 veri
2280 4828 2483 4891 ﬁdeles,
2515 4828 2567 4882 id
2595 4837 2705 4891 est,
2760 4825 3036 4891 catholici,
3081 4824 3358 4879 Christum
3401 4824 3476 4877 ita
3522 4830 3735 4887 tenent,

2140 4922 2282 4976 sicut
2300 4936 2423 4975 eum
2436 4920 2625 4974 beatus
2641 4918 2978 4989 Augustinus
2999 4916 3307 4980 confitetur,
3329 4916 3513 4971 dicens
3537 4911 3734 4984 (Serm.

2145 5012 2178 5066 8
2210 5012 2273 5063 de
2293 5009 2531 5079 diversis)
2560 5028 2571 5062 :
2614 5028 2632 5060 (
2666 5009 3043 5075 Agnoscamus
3072 5006 3342 5078 geminam
3367 5004 3747 5075 substantiam

2146 5102 2375 5165 Christi,
2409 5100 2644 5155 divinam
2672 5099 2900 5164 scilicet,
2926 5113 3032 5169 qua
3053 5098 3279 5167 aequalis
3303 5104 3387 5151 est
3416 5094 3598 5159 Patri;
3629 5096 3733 5149 hu-

2146 5206 2363 5245 manam
2388 5232 2402 5253 ,
2436 5205 2539 5259 qua
2568 5189 2741 5258 major
2791 5198 2875 5244 est
2900 5197 3076 5258 pater.
3106 5189 3407 5258 Utrumque
3433 5197 3614 5243 autem
3664 5189 3739 5243 si—

2147 5289 2278 5351 mul,
2308 5304 2415 5343 non
2436 5289 2561 5350 duo,
2589 5288 2680 5341 sed
2704 5302 2843 5340 unus
2862 5285 3111 5341 Christus
3136 5303 3149 5351 ;
3174 5302 3243 5340 ne
3276 5285 3348 5340 sit
3368 5284 3735 5353 quaternitas,

2147 5396 2250 5433 non
2270 5379 2493 5433 trinitas
2522 5378 2681 5431 Deus.
2726 5376 2878 5431 Sicut
2905 5377 3049 5430 enim
3095 5392 3234 5430 unus
3264 5382 3348 5430 est
3376 5376 3562 5439 homo,
3610 5373 3735 5429 ani-

2141 5487 2227 5524 ma
2274 5468 2572 5532 rationalis,
2605 5478 2659 5523 et
2685 5484 2844 5533 caro;
2876 5470 2955 5523 sic
2982 5483 3120 5522 unus
3147 5476 3230 5521 est
3282 5465 3551 5529 Christus,
3582 5464 3735 5521 Deus

2140 5572 2193 5617 et
2231 5565 2413 5617 homo.
2442 5561 2518 5615 Ac
2553 5561 2795 5631 pcrhoc,
2839 5560 3091 5615 Christus
3135 5568 3217 5614 est
3246 5558 3409 5623 Deus,
3440 5564 3496 5611 et
3544 5556 3733 5609 anima

2142 5653 2442 5717 rationalis,
2470 5660 2521 5705 et
2544 5669 2691 5707 caro.
2726 5672 2744 5703 ι
2778 5652 3054 5706 Christum
3081 5652 3133 5705 iu
3157 5650 3242 5704 his
3271 5650 3545 5710 omnibus,
3570 5645 3739 5700 Chri-

2141 5758 2283 5803 stum
2319 5747 2371 5801 in
2397 5746 2623 5817 singulés
2653 5744 2991 5800 conﬁtemur.
3024 5742 3155 5810 Quis
3191 5750 3271 5797 est
3299 5755 3425 5810 ergo
3455 5754 3551 5808 per
3567 5752 3732 5808 quem
