3930 6354
193 434 306 493 545

1303 437 1433 493 LIB.
1478 437 1846 495 ADVERSUS
1882 439 2316 499 AMALARIUM.

3372 455 3478 514 546

196 552 380 608 factus
425 560 509 606 est
544 551 811 607 mundus?
859 551 1110 606 Christus
1166 550 1346 616 Jesus,
1379 554 1473 608 sed
1518 555 1573 607 in
1613 553 1788 608 forma
1816 556 1870 615 Α
1894 555 2129 612 medium
2160 557 2392 613 duorum
2420 558 2735 617 animalium
2758 572 3160 635 cognoscentur
3206 567 3474 627 elementa

194 642 315 696 Dei.
349 642 588 709 Quisest
615 643 716 697 sub
744 641 937 697 Pontio
963 642 1139 697 Pilato
1179 643 1504 698 cruciﬁxus?
1542 642 1790 698 Christus

193 731 390 800 Jesus,‘
432 735 526 790 sed
563 734 618 789 in
645 734 821 790 forma
860 736 1024 790 servi.
1053 734 1186 790 Item
1236 734 1304 790 de
1340 735 1566 807 singulis
1593 735 1791 805 quibus

194 830 364 882 homo
406 835 639 881 constat.
689 826 822 894 Quis
869 842 979 882 non
1018 834 1103 883 est
1127 827 1426 893 derelictus,
1458 828 1515 883 in
1547 826 1791 883 inferno?

191 918 449 974 Christus
482 916 661 983 Iesus,
697 918 792 973 sed
820 918 876 973 in
919 920 1100 973 anima
1136 919 1273 975 sola.
1300 919 1433 986 Quis
1456 928 1790 975 resurrectu-

194 1026 313 1075 rus,
377 1010 556 1064 triduo
580 1008 755 1077 jacuit
791 1009 847 1063 in
876 1011 1164 1081 sepulcro?
1190 1011 1443 1067 Christus
1483 1010 1663 1077 Jesus,
1696 1011 1788 1066 sed

193 1102 251 1155 in
310 1116 475 1156 carne
523 1100 656 1156 sola.
689 1100 970 1157 Subinfert
998 1103 1163 1157 etiam
1203 1102 1531 1168 Amalarius,
1561 1103 1785 1157 dicens:

201 1194 465 1249 Naturale
501 1203 576 1249 est
604 1195 828 1260 homini,
876 1203 934 1248 ut
978 1212 1043 1250 ea:
1069 1204 1233 1261 terra,
1276 1205 1322 1249 et
1349 1212 1507 1266 aqua,
1550 1204 1598 1249 et
1646 1210 1784 1260 aere,

192 1295 245 1337 et
290 1287 409 1355 igne
433 1286 705 1340 consistat.
754 1285 909 1352 Quod
949 1285 1410 1355 'multumapura:
1463 1285 1663 1347 mentis
1712 1285 1791 1339 in-

192 1376 499 1446 telligentia
563 1376 853 1446 discrepat.
923 1376 1039 1432 Hoc
1087 1376 1231 1431 enim
1283 1384 1647 1432 commentum
1708 1384 1789 1431 est

191 1465 676 1535 philosophorum;
709 1466 853 1535 quod
879 1466 1004 1521 licet
1040 1466 1398 1522 ecclesiastici
1441 1466 1693 1522 doctores
1721 1482 1787 1521 ex

195 1568 313 1612 toto
344 1572 448 1611 non
496 1565 779 1623 evacuent,
824 1573 931 1613 non
977 1559 1057 1613 eis
1103 1567 1286 1614 tamen
1338 1574 1405 1614 ex
1448 1559 1594 1614 omni
1635 1566 1788 1629 parte

192 1655 522 1712 consonant,
573 1663 674 1703 nec
705 1647 892 1704 dicunt
915 1649 1018 1703 hoc
1046 1648 1297 1703 naturale
1320 1664 1441 1704 esse
1485 1649 1538 1702 in
1563 1648 1787 1703 exordio

190 1735 444 1806 originis.
502 1736 578 1790 De
622 1751 726 1805 qua
778 1752 837 1792 re
897 1753 1043 1792 nunc
1091 1737 1304 1808 longius
1353 1737 1556 1807 aliquid
1607 1738 1786 1793 dicere

187 1826 442 1896 ineptum
466 1834 592 1881 est:
629 1827 885 1897 quoniam
932 1829 1232 1884 auctoritas
1281 1828 1578 1899 Scriptura
1628 1830 1787 1884 aliter

1961 648 2161 702 ndere?

1961 660 2161 702 tmere?

1894 660 2032 790 pex.
2062 737 2194 793 Item
2208 738 2515 797 Amalarius
2533 747 2585 797 in
2599 746 2736 800 libro
2750 746 2943 815 primo,
2962 748 3202 817 capitqu
3220 749 3478 808 duodeci-

1893 841 1982 882 mo
2009 846 2020 881 :
2044 846 2062 879 ι
2085 827 2142 883 Si
2158 829 2543 897 seexinanivit,
2555 832 2711 902 juxta
2721 833 3054 904 Apostolum,
3071 847 3358 909 postquam
3373 839 3483 897 lor-

1892 933 2035 973 mam
2059 920 2201 974 servi
2215 921 2444 991 accepit,
2461 930 2665 991 quanto
2686 924 2859 994 magis
2880 942 3002 981 cum
3018 926 3193 985 lactus
3217 937 3302 985 est
3316 930 3478 986 Patri

1891 1008 2149 1063 obediens
2173 1025 2342 1078 usque
2373 1012 2442 1066 ad
2466 1008 2724 1079 mortem,
2756 1022 2985 1083 mortem
3007 1025 3189 1072 autem
3206 1015 3471 1074 ‘crucisls

1961 1097 2256 1154 Dicendum
2285 1108 2369 1156 est
2418 1102 2715 1169 Amalario,
2761 1119 2871 1159 non
2911 1106 2999 1165 sic.
3025 1107 3208 1165 dicere
3247 1109 3476 1180 Aposto-

1890 1186 2002 1241 lum
2044 1196 2104 1241 ut
2145 1189 2235 1243 ille
2289 1191 2395 1255 ait;
2430 1192 2482 1246 id
2534 1200 2639 1259 est,
2689 1193 2983 1264 Postquam
3042 1195 3277 1254 formam
3328 1200 3477 1256 servi

1892 1280 2123 1350 accepit,
2168 1282 2405 1352 seipsum
2440 1284 2767 1352 exinanivit;
2819 1289 2936 1353 sed,
2982 1290 3319 1362 semetipsum
3363 1293 3479 1348 exi—

1890 1369 2087 1425 nanivit
2132 1370 2357 1457 formam
2393 1376 2537 1427 servi»
2557 1376 2857 1446 accipiens;
2889 1376 2945 1432 id
2986 1387 3089 1444 est,
3119 1380 3176 1434 in
3215 1382 3333 1450 ipsa
3386 1397 3479 1457 ao-

1889 1449 2214 1529 ceptatione'
2239 1463 2425 1518 formae
2477 1467 2710 1533 servilis,
2753 1476 2945 1524 etnon
2965 1478 3153 1540 postea
3197 1449 3375 1529 factus
3393 1452 3485 1529 est

1888 1552 2145 1607 obediens
2172 1568 2341 1622 usque
2375 1554 2443 1609 ad
2474 1564 2726 1612 mortem.

1960 1641 2049 1695 XI.
2088 1642 2230 1699 Dicit
2255 1644 2386 1700 item
2416 1645 2721 1703 Amalarius
2755 1648 2810 1703 in
2844 1648 2983 1706 libro
3023 1650 3211 1717 tertio,
3240 1652 3483 1723 capitqu

1886 1734 2145 1790 vicesimo
2167 1735 2327 1790 tertio
2350 1754 2362 1789 :
2392 1754 2411 1786 ‹
2433 1736 2588 1791 Nunc
2606 1736 2676 1793 de
2694 1737 2764 1793 Te
2776 1740 2937 1809 igitur
2956 1740 3241 1796 dicendum
3262 1750 3367 1799 est.
3393 1742 3479 1800 Ab

1888 1824 2042 1880 initio
2081 1827 2345 1881 orationis
2381 1840 2553 1896 usque
2592 1827 2660 1883 ad
2699 1829 2879 1885 locum
2915 1831 3005 1887 ubi
3039 1830 3275 1887 dicitur:
3305 1831 3377 1887 Et
3420 1834 3478 1889 in

190 1916 542 1971 sentiendum
590 1917 928 1973 demonstrat
958 1936 973 1984 ;
1027 1918 1119 1975 illo
1168 1919 1454 1979 videlicet,
1487 1919 1606 1974 loco
1629 1961 1661 1985 ,.
1692 1920 1785 1973 ubi
1814 1909 1860 1969 Β
1888 1914 2168 1994 electorum
2195 1925 2407 1971 tuorum
2428 1918 2617 1988 jubeas
2645 1936 2798 1991 grege
2837 1924 3135 1989 numerari,
3172 1923 3484 1981 celebratur

190 2008 544 2078 omnipotens
588 2006 818 2064 Creator
855 2010 1111 2074 hominis,
1154 2010 1361 2065 homini
1408 2026 1570 2081 quem
1610 2012 1676 2065 de
1724 2008 1787 2064 lii

190 2116 286 2154 mo
321 2107 495 2155 terrae
546 2099 909 2165 formaverat,
962 2101 1103 2173 (vel,
1156 2103 1298 2158 sicut
1350 2102 1453 2158 alia
1501 2103 1787 2158 translatio

191 2191 385 2253 habet,
443 2190 509 2244 de
552 2190 792 2263 pulvere)
853 2192 974 2246 ait:
1009 2190 1192 2247 Pulvis
1240 2210 1311 2258 es,
1356 2202 1402 2247 et
1430 2194 1485 2247 in
1524 2192 1785 2275 pulverem

191 2284 530 2337 reverteris:
584 2284 729 2353 quod
783 2300 891 2340 non
932 2293 1163 2354 possunt
1210 2286 1391 2341 facere
1444 2301 1614 2356 aqua,
1668 2301 1783 2352 aer,

191 2373 362 2442 ignis,
425 2375 519 2428 sed
564 2389 669 2429 nec
710 2376 889 2430 anima
939 2391 1101 2445 quam
1143 2375 1368 2432 Creator
1401 2376 1688 2446 inspiravit
1730 2377 1805 2430 in'

192 2465 396 2521 faciem
444 2465 651 2520 homini
701 2465 932 2522 formato
955 2467 1021 2522 de
1062 2467 1284 2537 pulvere
1328 2467 1462 2536 :sed
1506 2468 1580 2521 ita
1619 2466 1697 2521 ﬁt'
1728 2475 1788 2521 ut

191 2559 303 2611 alio
358 2557 480 2612 loco
533 2559 814 2629 Scriptura
867 2560 1127 2635 loquitur,
1188 2560 1427 2615 dicens:
1478 2558 1789 2613 Revertatur

188 2644 365 2713 pulvis
400 2646 454 2699 in
502 2654 696 2700 terram
726 2664 877 2700 suam
912 2647 1049 2701 unde
1080 2656 1192 2701 erat
1233 2662 1252 2699 :
1281 2658 1328 2701 et
1368 2648 1581 2717 spiritus
1612 2647 1789 2701 redeat

188 2733 264 2786 ad
312 2733 483 2787 Deum
536 2736 626 2806 qui
681 2736 824 2790 dedit
876 2735 1047 2790 illum.
1122 2737 1179 2792 Si
1227 2747 1406 2793 autem
1460 2738 1527 2793 de
1570 2739 1788 2793 homine

190 2824 442 2893 quolibet
502 2825 666 2880 nimis
694 2825 899 2881 insulse
950 2827 1151 2882 dicitur
1197 2830 1341 2897 quod
1389 2844 1455 2892 ex
1502 2828 1787 2884 elementis

190 2915 523 2971 naturaliter
556 2916 832 2981 subsistat,
867 2926 1069 2988 quanto
1107 2917 1294 2990 magis'
1311 2920 1377 2975 de
1411 2920 1629 2975 Christo
1674 2920 1786 2975 Do-

191 3006 377 3072 mino,
414 3006 567 3075 cujus
596 3016 726 3063 ca'ro
766 3009 967 3064 nullam
997 3012 1163 3065 habet
1187 3011 1475 3079 originem,
1504 3008 1614 3066 nisi
1656 3026 1786 3082 ope-

193 3100 468 3155 rationem
495 3100 676 3155 Patris
718 3109 775 3156 et
810 3100 932 3156 Filii
962 3111 1017 3156 et
1046 3102 1281 3172 Spiritus
1307 3104 1502 3169 sancti,
1526 3115 1582 3159 et
1605 3119 1787 3159 susce-

189 3191 436 3259 ptionem
484 3193 652 3248 setius
699 3193 898 3249 Verbi?
937 3194 1174 3251 Verbum
1225 3196 1370 3250 enim
1419 3211 1547 3251 caro
1578 3195 1781 3251 factum

188 3291 275 3336 cst
322 3290 387 3337 ut
443 3284 715 3339 habitaret
740 3287 794 3341 in
850 3287 1025 3343 nobis.
1068 3288 1222 3343 Sicut
1244 3303 1375 3359 ergo
1422 3289 1552 3345 dicit
1589 3290 1784 3344 beatus

185 3373 545 3442 Augustinus,
586 3372 836 3431 Christus
866 3386 949 3431 est
998 3376 1161 3441 Deus,
1201 3386 1257 3433 et
1300 3378 1502 3444 anima,
1529 3386 1584 3432 ct
1612 3394 1780 3434 caro:

186 3464 286 3518 sed
338 3462 483 3533 Deus
519 3479 626 3520 non
654 3473 739 3520 est
777 3482 844 3520 ex
874 3468 1178 3533 elementis,
1210 3475 1410 3536 'neque
1440 3468 1639 3522 anima.
1676 3468 1784 3522 Ve-

186 3556 330 3610 ritas
353 3564 535 3611 autem
566 3558 767 3622 carnis,
798 3560 863 3613 de
895 3574 1123 3629 corpore
1159 3569 1373 3631 sumpta
1412 3570 1495 3616 est
1518 3561 1780 3632 Virginis,

185 3646 306 3700 sine
358 3645 468 3701 ullo
490 3644 655 3717 opere
680 3649 919 3704 humano
944 3651 1027 3705 vel
1055 3651 1318 3721 angelico,
1371 3653 1465 3707 sed
1492 3668 1683 3724 Opere;
1724 3662 1787 3708 ut

185 3739 399 3791 dictum
425 3746 527 3803 est,
567 3745 776 3792 tantum
809 3740 1008 3795 divino.
1044 3739 1198 3807 Quod
1244 3750 1423 3796 autem
1467 3743 1597 3797 dicit
1618 3743 1782 3797 Ama-

187 3829 383 3893 larius,
419 3828 643 3894 Quando
670 3828 912 3886 Christus
946 3842 1188 3886 naturam
1211 3834 1436 3887 hominis
1479 3836 1784 3905 assumpsit,

185 3924 298 3975 hrec
320 3921 825 3993 qualuorelemenla
870 3927 1183 3995 assumpsit;
1217 3927 1654 3995 respondendum
1699 3937 1783 3982 est

185 4011 285 4075 illi,
326 4011 473 4081 Quod
511 4026 615 4066 non
652 4003 807 4068 erant
860 4014 1171 4070 redimenda
1200 4016 1465 4071 elementa
1518 4033 1560 4070 a
1602 4026 1775 4073 morte

183 4104 426 4171 peccati,
483 4103 624 4158 sicut
670 4105 832 4159 homo
879 4105 970 4173 qui
1000 4120 1100 4174 per
1141 4108 1643 4175 prmvaricationem
1681 4100 1780 4162 sub

184 4194 404 4249 diabolo
454 4196 699 4266 captivus
752 4199 1055 4253 tenebatur.
1110 4201 1403 4255 Erraverat
1446 4203 1590 4256 enim
1642 4202 1782 4257 sicut

182 4283 303 4337 ovis
359 4299 480 4353 qua:
508 4286 673 4353 periit
704 4304 717 4339 :
755 4296 1166 4358 propter,quem
1200 4291 1349 4345 venit
1372 4300 1558 4361 pastor
1581 4293 1777 4359 bonus,

186 4387 247 4431 ut
272 4386 548 4448 qumreret
573 4387 629 4435 et
663 4380 953 4448 inveniret,
979 4390 1035 4438 et
1063 4385 1346 4439 reduceret
1370 4386 1437 4439 ad
1485 4400 1777 4454 supernam

185 4469 476 4537 patriam;
528 4471 620 4525 ubi
682 4472 800 4526 sine
856 4472 1328 4537 administratione
1384 4475 1778 4531 elementorum

1887 2004 2216 2061 sacriﬁcium
2241 2006 2557 2074 electorum,
2588 2009 2681 2077 qui
2702 2025 2810 2064 non
2836 2010 3039 2066 habent
3064 2010 3119 2066 in
3144 2026 3311 2068 carne
3334 2010 3480 2084 quod

1887 2102 1965 2159 eis
1996 2112 2278 2173 repugnet,
2310 2118 2486 2174 neque
2522 2104 2579 2158 In
2617 2106 2948 2162 conscientia
2986 2107 3130 2177 quod
3166 2107 3475 2163 conturbet.

1888 2192 2040 2249 Sicut
2074 2194 2216 2249 enim
2253 2194 2361 2249 duo
2390 2194 2581 2249 altaria
2616 2202 2775 2250 erant
2812 2196 2867 2250 in
2903 2195 3250 2252 tabernaculo
3282 2196 3477 2267 Moysi,

1886 2268 2001 2341 sive
2033 2286 2086 2342 in
2116 2285 2313 2357 templo
2352 2285 2681 2353 Salomonis,
2714 2302 2882 2342 unum
2911 2287 3304 2358 thymiamatis,
3335 2286 3478 2342 alte-

1886 2390 2006 2428 rum
2040 2375 2341 2430 holocausti
2368 2390 2381 2429 :
2410 2375 2486 2429 ita
2528 2383 2655 2430 sunt
2690 2376 2795 2431 duo
2829 2375 3100 2455 sacriﬁcia
3133 2385 3337 2433 sanctae
3372 2376 3479 2432 Ec-

1886 2464 2081 2520 clesiae.
2107 2485 2127 2517 ι
2168 2465 2237 2521 Ει
2276 2472 2397 2536 post
2435 2480 2608 2535 pauca
2630 2508 2644 2533 ,
2691 2466 2890 2521 iterum
2934 2467 3171 2538 capitqu
3218 2465 3482 2523 vicesimo

1886 2564 2081 2625 quarto
2110 2554 2398 2621 subinlert,
2439 2554 2625 2610 dicens
2650 2570 2665 2609 :
2696 2574 2713 2607 ‹
2734 2556 3017 2612 lmmolato
3038 2558 3240 2629 priore
3271 2552 3481 2612 sacriﬁ-

1887 2644 1973 2700 cio
1990 2644 2135 2715 quod
2146 2651 2360 2703 constat
2386 2644 2724 2701 orationibus
2746 2644 3134 2720 periectorum,
3160 2656 3217 2702 et
3241 2652 3324 2701 est
3353 2657 3481 2699 con-

1880 2732 2127 2803 junctum
2149 2732 2419 2789 sacriﬁcio
2444 2733 2780 2803 angelorum,
2809 2733 3153 2791 descenditur
3171 2736 3241 2792 ad
3262 2738 3482 2797 univer-

1887 2825 1998 2880 sale
2018 2824 2370 2891 sacriﬁcium,
2400 2823 2825 2880 immolationem
2852 2826 3061 2882 scilicet
3078 2825 3305 2894 Christi,
3330 2831 3477 2900 quod

1885 2915 2188 2971 celebratur
2216 2923 2342 2970 ante
2374 2912 2542 2969 Nobis
2562 2931 2766 2987 quoque
2785 2916 3165 2989 peccatoribus.
3197 2937 3217 2971 ι
3260 2918 3328 2973 Ει
3354 2927 3478 2989 post

1884 3007 2103 3076 paulum
2147 3006 2425 3078 subjungit
2458 3025 2471 3060 :
2503 3024 2521 3058 ο
2548 3007 2817 3074 Quoniam
2862 3023 2971 3063 una
3012 3008 3188 3063 hostia
3226 3010 3478 3069 Christus

1885 3094 2063 3155 oblata
2089 3103 2171 3150 est
2191 3110 2290 3165 pro
2307 3096 2473 3166 justis
2493 3105 2549 3151 et
2575 3096 2813 3165 injustis.
2839 3116 2858 3149 ι

1956 3186 2069 3240 ΧΠ.
2109 3186 2311 3242 Contra
2333 3188 2450 3244 haec
2474 3191 2641 3245 verba
2666 3190 2931 3246 Amalarii
2954 3193 3175 3249 confusa
3204 3204 3261 3250 et
3287 3195 3477 3251 turbu-

1810 3252 1856 3315 (ἶ
1886 3277 2063 3332 lentos
2087 3293 2278 3333 sensus
2303 3280 2737 3368 respondendum
2776 3290 2881 3348 est,
2922 3283 3065 3353 quod
3090 3300 3191 3340 nec
3228 3284 3477 3356 Pelagius

1886 3383 1986 3424 nec
2011 3368 2296 3426 Caelestius
2322 3372 2445 3426 ausi
2477 3381 2602 3426 sunt
2630 3382 2738 3428 tam
2774 3375 3139 3441 irreverenter
3174 3393 3329 3434 suam
3359 3381 3475 3437 ha:-

1883 3460 2049 3513 resim
2099 3460 2441 3528 prmdicarev
2479 3460 2616 3516 Nam
2663 3464 2738 3517 illi
2793 3466 3208 3534 possibilitatem
3262 3477 3473 3526 tantum

1883 3550 2217 3615 astruehant,
2246 3550 2475 3607 dicendo
2502 3567 2663 3621 posse
2691 3569 2812 3610 esse
2837 3556 3113 3612 hominem
3138 3558 3255 3614 sine
3281 3575 3473 3629 pecca-

1883 3650 1939 3695 to
1967 3641 2012 3695 si
2041 3640 2172 3695 velit
2200 3656 2213 3695 :
2242 3657 2350 3696 non
2380 3650 2562 3697 tamen
2584 3645 2858 3699 audebant
2885 3645 3091 3713 dicere,
3123 3662 3182 3702 se
3209 3649 3326 3704 sine
3348 3665 3477 3719 pec-

1885 3741 2005 3787 cato
2023 3748 2161 3788 esse.
2190 3731 2496 3788 Amalarius
2522 3742 2702 3790 autem
2724 3736 2892 3792 multo
2912 3737 3064 3807 pejus
3086 3739 3268 3811 dicere
3288 3743 3470 3809 audet,

1884 3825 1977 3894 qui
2021 3825 2217 3880 asserit
2252 3825 2438 3894 plures
2476 3842 2597 3882 esse
2632 3828 2723 3897 qui
2764 3844 2866 3884 nec
2903 3830 2958 3884 in
3006 3846 3233 3902 corpore
3272 3834 3478 3891 habent

1883 3913 2026 3981 quod
2046 3922 2326 3982 repugnet,
2352 3929 2451 3968 nec
2472 3915 2526 3968 in
2548 3916 2877 3972 conscientia
2892 3919 3042 3990 quod
3065 3924 3371 3978 conturbet.
3406 3925 3474 3981 Et

1882 4000 2009 4055 licet
2035 3999 2187 4070 pejus
2222 4002 2326 4057 istc
2364 4018 2528 4072 quam
2566 4005 2663 4071 illi,
2698 4015 2879 4063 tamen
2917 4010 2975 4065 in
3023 4027 3309 4071 commune
3342 4031 3474 4071 con-

1882 4091 2155 4146 tradicunt
2182 4094 2425 4161 apostolo
2444 4093 2659 4163 Joanni,
2690 4098 2888 4155 dicenti
2911 4116 2925 4155 :
2950 4101 3009 4157 Si
3036 4105 3323 4160 dixerimus
3347 4109 3471 4179 quia

1879 4190 2149 4249 peccatum
2187 4199 2291 4235 non
2320 4184 2589 4251 habemus,
2623 4187 2723 4257 ipsi
2752 4206 2845 4243 nos
2869 4190 3177 4262 decipimus,
3206 4205 3255 4250 et
3282 4199 3471 4252 veritas

1880 4272 1935 4326 in
1966 4272 2113 4327 nobis
2142 4290 2245 4327 non
2272 4283 2367 4328 est.
2419 4276 2486 4329 Et
2515 4280 2760 4347 apostolo
2788 4280 2977 4348 Paulo,
3017 4286 3107 4354 qui
3144 4286 3221 4340 ait
3252 4305 3265 4341 :
3306 4286 3471 4344 Video

1882 4361 2044 4415 aliam
2071 4362 2233 4433 legem
2263 4365 2319 4419 in
2344 4367 2587 4422 membris
2618 4370 2768 4435 meis,
2797 4383 3165 4443 repugnantem
3197 4375 3299 4447 legi
3326 4393 3470 4433 men-

1882 4454 1949 4508 tis
1980 4471 2129 4519 mete,
2160 4464 2207 4509 et
2239 4458 2497 4527 captivum
2535 4474 2617 4512 me
2652 4460 2925 4523 ducentem
2956 4464 3012 4517 in
3046 4464 3210 4535 legem
3246 4469 3464 4537 peccati,

185 4562 559 4630 corporalium
606 4564 769 4628 vivat,
823 4564 1051 4621 fruendo
1095 4567 1205 4621 Deo
1237 4583 1335 4637 per
1382 4570 1631 4623 eumdem
1674 4571 1780 4625 Re-
1806 4546 2185 4653 Βεξῖλξξξδίξη
2205 4546 2627 4653 ξ”ξωθτίδξηείι
2654 4549 2783 4653 ,υδξ
2811 4562 2866 4607 ει
2894 4554 3469 4653 ιιξτῇτιιυξιβιξδὶυηςίι»

182 4649 547 4719 demptorem,
596 4652 738 4707 sicut
776 4654 1038 4723 scriptum
1070 4663 1152 4710 cst
1184 4680 1196 4708 :
1238 4656 1309 4710 Et
1348 4658 1513 4711 simus
1567 4658 1620 4713 in
1660 4675 1779 4714 vero

183 4740 329 4796 Filio
357 4741 490 4811 ejus.
515 4742 642 4798 Iesu
667 4743 897 4800 Christo.
948 4744 1053 4799 Hic
1090 4755 1166 4800 est
1188 4764 1337 4803 verus
1384 4748 1547 4813 Deus,
1586 4758 1635 4804 et
1676 4752 1781 4804 vita

184 4841 407 4885 (eterna.
439 4831 574 4885 Nam
606 4834 672 4906 de
690 4834 974 4891 elementis
1006 4837 1136 4893 illud
1176 4840 1503 4895 credendum
1533 4849 1617 4896 est
1639 4842 1781 4912 quod

183 4920 441 4990 princeps
472 4923 835 4991 apostolorum
891 4926 1085 4981 beatus
1129 4927 1323 4983 Petrus
1368 4929 1488 4983 ait:
1529 4931 1778 4984 Adveniet

183 5017 360 5062 autem
414 5009 525 5062 dies
572 5010 787 5065 Domini
827 5021 884 5066 ut
913 5012 1001 5082 fur
1027 5028 1045 5065 .'
1084 5014 1139 5069 in
1164 5032 1267 5087 qua
1313 5016 1428 5070 caeli
1472 5034 1661 5087 magno
1685 5017 1778 5071 im-

181 5107 302 5166 petu
361 5100 641 5164 transient,
669 5101 919 5156 elementa
968 5121 1084 5158 vero
1122 5104 1295 5159 calore
1326 5105 1610 5160 solventur.
1637 5106 1777 5160 Sub-

178 5186 361 5257 jnugit
420 5204 637 5260 quoque
689 5190 998 5248 Amalarius
1046 5212 1057 5247 :
1103 5194 1231 5260 Illa,
1285 5196 1340 5250 id
1401 5203 1486 5251 est
1536 5197 1772 5251 elemen-

186 5287 257 5340 ta,
289 5278 587 5345 pendebant
634 5281 690 5336 in
732 5284 1043 5348 cruceinter
1091 5286 1289 5340 medios
1338 5286 1471 5341 duos
1521 5287 1769 5341 latrones.

187 5364 335 5419 Unde
379 5372 517 5421 unus
559 5386 739 5425 versus
759 5370 875 5426 {In
901 5374 1071 5427 medio
1098 5375 1325 5429 duorum
1348 5376 1657 5430 animalium
1687 5394 1773 5429 co-

182 5454 470 5521 gnosceris.
511 5453 653 5521 Quid
694 5458 1037 5515 ridiculosius
1069 5462 1251 5517 dicere
1275 5464 1470 5533 potuit,
1504 5480 1666 5534 quam
1715 5473 1776 5518 ut

184 5559 279 5597 acr
325 5552 382 5598 et
437 5546 577 5616 ignis
623 5547 690 5603 de
734 5565 896 5607 cruce
944 5552 1268 5621 penderent,
1301 5570 1533 5625 quorum
1579 5564 1771 5610 natura

186 5642 287 5696 cst,
318 5643 382 5687 ut
424 5651 642 5691 sursum
692 5654 894 5695 versus
924 5641 1203 5697 ferantur?
1253 5644 1318 5698 Et
1370 5646 1644 5716 subjungit
1692 5646 1773 5699 di-

187 5738 331 5791 cens,
372 5729 513 5797 quod
559 5728 635 5782 ita
671 5728 1021 5801 Hieronymus
1041 5734 1107 5786 “in
1154 5733 1427 5789 llabacuc.
1464 5737 1578 5800 Dic,
1616 5752 1767 5807 rogo,

187 5816 309 5883 quid
369 5817 734 5892 Hieronymus
777 5832 831 5877 ct
870 5821 1156 5879 Ilahacuc?
1208 5824 1458 5895 Nunquid
1510 5826 1660 5890 dicit,
1712 5827 1764 5880 in

1884 4633 2069 4689 dicens
2092 4652 2104 4688 :
2129 4634 2327 4705 Infelix
2353 4642 2445 4707 ego
2469 4637 2622 4693 homo
2646 4640 2667 4693 .'
2693 4641 2808 4711 quis
2830 4659 2912 4697 me
2936 4643 3177 4700 liberabit
3198 4648 3263 4701 de
3293 4666 3474 4720 corpo-

1870 4740 1939 4778 tre
1974 4726 2154 4785 mortis
2192 4726 2399 4797 hujus?
2434 4727 2726 4786 Psalmista
2762 4748 2978 4803 quoque
3010 4750 3079 4790 ex
3101 4736 3250 4793 voce
3294 4740 3472 4811 perfe-

1883 4824 2118 4881 ctorum,
2144 4819 2236 4887 qui
2260 4819 2440 4874 dicere
2468 4830 2715 4889 possunt,
2747 4822 2893 4878 Sicut
2919 4842 3096 4881 cervus
3118 4826 3379 4884 desiderat
3400 4833 3469 4885 ad

1881 4909 2049 4978 fontes
2072 4925 2351 4980 aquarum,
2376 4911 2451 4963 ita
2476 4910 2740 4967 desiderat
2761 4915 2940 4969 anima
2963 4933 3079 4972 mea
3105 4919 3175 4973 ad
3206 4927 3275 4985 te,
3304 4919 3467 4987 Deus,

1882 5000 2211 5072 subjungens
2238 5002 2313 5055 ait
2337 5018 2349 5054 :
2374 5001 2455 5055 Ad
2487 5019 2567 5057 me
2599 5004 2770 5073 ipsum
2798 5006 2977 5061 anima
3006 5025 3123 5063 mea
3156 5010 3468 5066 conturbata

1881 5102 1977 5146 est.
2019 5093 2087 5147 Et
2124 5094 2317 5147 iterum
2344 5110 2357 5145 :
2384 5091 2561 5157 Quare
2584 5094 2749 5149 tristis
2776 5112 2832 5151 es
2866 5097 3042 5152 anima
3063 5115 3200 5167 mea,
3228 5110 3278 5154 et
3303 5117 3468 5171 quare

1881 5185 2160 5239 conturbas
2183 5201 2263 5238 me
2282 5185 2306 5237 3’

1952 5271 2083 5325 XIII.
2126 5273 2267 5328 Dicit
2288 5274 2465 5328 adhuc
2491 5273 2630 5329 idem
2655 5266 2959 5333 Amalarius
2984 5297 2995 5332 :
3025 5277 3171 5335 Sicut
3199 5283 3338 5336 enim
3359 5284 3464 5338 duo

1880 5360 2074 5417 altaria
2098 5372 2247 5417 erant
2278 5364 2333 5416 in
2357 5363 2693 5419 tabernaculo
2720 5366 2916 5437 Moysi,
2942 5369 3049 5423 sive
3071 5371 3127 5425 in
3147 5370 3338 5441 ternplo
3368 5372 3471 5427 Sa-

1879 5450 2121 5517 lomonis,
2148 5469 2311 5507 unum
2350 5454 2723 5524 thymiamatis,
2766 5456 2990 5513 alterum
3024 5458 3314 5514 holocauin
3342 5475 3360 5513 :
3388 5462 3468 5516 ita

1875 5553 1993 5597 sunt
2014 5543 2118 5597 duo
2140 5544 2406 5612 sacriﬁcia
2435 5555 2631 5600 sancta:
2656 5546 2930 5601 Ecclesia.
2975 5548 3059 5603 Ad
3084 5564 3203 5618 qua:
3238 5564 3461 5621 respon-

1828 5641 1837 5651 '
1874 5635 2106 5691 dendum
2137 5645 2223 5690 est
2252 5636 2347 5690 illi.
2397 5636 2639 5692 Ecclesia
2674 5638 2939 5694 catholica
2974 5634 3119 5695 sicut
3150 5654 3257 5695 non
3297 5641 3464 5698 habet

1874 5730 2007 5785 duas
2066 5731 2215 5793 ﬁdes,
2270 5736 2363 5783 aut
2423 5730 2528 5784 duo
2582 5730 2949 5801 baptismata;
3008 5730 3087 5786 sic
3135 5748 3242 5789 non
3292 5734 3460 5789 habet

1872 5822 1976 5877 duo
2010 5821 2223 5889 altaria,
2246 5828 2337 5875 aut
2367 5820 2472 5876 duo
2495 5821 2779 5878 sacriﬁcia.
2820 5822 2897 5878 Ita
2928 5839 3161 5895 namque
3183 5833 3238 5881 et
3267 5828 3467 5884 beatus
