3930 6338
496 364 603 420 587

1465 362 1522 419 S.
1560 360 1913 419 AGOBARDI
1952 355 2257 417 EPISCOPI
2295 359 2788 418 LUGDUNENSIS

3687 364 3785 423 3J8

497 476 858 547 Hieronymus
884 474 938 529 in
959 476 1296 546 expositione
1324 476 1478 530 Isaiae
1502 477 1804 546 prephetce,
1836 477 1928 530 ubi
1956 476 2089 529 dici-
2117 471 2168 532 Α
2194 483 2277 530 est
2323 459 2671 546 conjunctum
2715 476 2982 532 sacriﬁcio
3017 479 3350 547 angelorum,
3390 487 3446 535 et
3487 488 3667 535 tamen
3709 494 3789 537 est

499 576 623 624 tur:
652 566 718 620 In
753 566 836 620 die
871 564 965 620 illo
1004 566 1102 620 erit
1135 565 1301 620 altare
1330 565 1543 620 Domini
1576 567 1630 620 in
1667 576 1808 620 terra
1847 566 2086 636 zEgypti,

497 657 905 722 docetdicens:
937 656 1055 711 «Ita
1092 664 1272 709 autem
1300 672 1470 710 unum
1513 656 1685 733 altare
1723 657 1924 711 dicitur
1959 671 2092 724 quo-

498 749 660 826 modo
676 764 785 803 una
813 748 969 814 ﬁdes,
991 757 1048 803 et
1071 751 1240 803 unum
1269 749 1556 819 baptisma,
1578 756 1633 804 et
1655 765 1755 802 una
1779 748 2040 803 Ecclesia.
2065 768 2084 800 ι

497 840 565 897 Et
605 842 850 896 iterum:
879 840 1098 897 «Unum
1136 847 1320 895 autem
1363 839 1535 895 altare
1575 839 1818 911 1Egypti,
1869 840 1924 894 id
1974 847 2084 901 est,

496 931 682 988 mundi
718 932 895 998 istius,
931 930 1164 997 dicitur;
1196 939 1258 986 ut
1289 940 1482 986 cuncta
1510 930 1726 996 altaria,
1758 945 1878 1002 qua:
1901 939 2088 985 contra

495 1024 755 1081 Ecclesia
786 1024 1072 1096 eriguntur
1103 1023 1294 1090 altare,
1333 1025 1569 1080 sciamus
1603 1039 1711 1079 non
1753 1038 1875 1079 esse
1910 1023 2090 1079 Domi-

495 1119 573 1175 ni.
603 1139 623 1172 ι
676 1119 876 1175 Audiat
909 1120 1074 1175 etiam
1101 1120 1207 1175 hoc
1235 1118 1562 1184 Amalarius,
1597 1118 1724 1188 quia
1753 1118 1892 1174 sicut
1920 1129 2089 1171 unum

494 1213 666 1268 altare
703 1211 980 1278 Eechsizn,
1017 1211 1094 1264 ita
1130 1225 1268 1264 unus
1298 1211 1457 1280 panis
1493 1209 1737 1279 corporis
1773 1207 1997 1273 Christi,
2035 1215 2091 1263 et

496 1315 648 1360 unus
664 1303 806 1360 calix
834 1302 1115 1375 sanguinis
1153 1301 1286 1370 ejus.
1323 1301 1420 1370 ,Sic
1451 1303 1594 1357 enim
1621 1301 1909 1372 Apostolus
1937 1317 2091 1356 acce-

495 1388 625 1464 pit'a
653 1393 904 1458 Domine,
928 1400 982 1448 et
1010 1392 1235 1447 tradidit
1258 1392 1551 1447 Ecclesiae:
1581 1410 1599 1443 ι
1622 1391 1885 1457 Quoniam
1909 1391 2090 1446 Domi-

496 1501 594 1539 nus
631 1494 808 1538 noster
838 1484 994 1538 Iesus
1031 1477 1294 1547 Christus,
1331 1483 1386 1535 in
1427 1498 1532 1553 qua
1574 1490 1722 1535 nocte
1764 1480 2086 1544 tradebatur,

493 1571 694 1645 accepit
725 1589 937 1644 panem,
969 1581 1019 1626 et
1047 1573 1245 1642 gratias
1286 1589 1463 1642 agens,
1496 1571 1672 1640 fregit,
1699 1578 1745 1623 et
1776 1570 1907 1623 dixit
1933 1586 1949 1622 :
1973 1562 2089 1623 Hoc

490 1674 565 1719 est
596 1681 784 1734 corpus
813 1679 1010 1728 meum,
1029 1663 1173 1733 quod
1200 1679 1293 1732 pro
1321 1660 1461 1716 vobis
1490 1657 1746 1715 tradetur.
1790 1659 1905 1715 Hoc
1930 1661 2089 1730 facile

490 1757 549 1810 iis
564 1770 732 1808 meam
748 1754 1312 1808 commemorationem.
1339 1750 1595 1806 Similiter
1619 1760 1667 1804 et
1684 1745 1918 1815 calicem,
1944 1762 2088 1820 post-

2193 565 2498 633 universale
2513 567 2874 622 etimmolatio
2891 566 3132 622 Christi?
3159 569 3294 635 Quis
3316 571 3523 624 audivit
3538 588 3788 642 unquam

2194 650 2342 709 tale?
2367 654 2476 708 Aut
2497 672 2616 726 quae
2636 672 2874 726 unquam
2897 658 3121 715 haeresis
3144 660 3200 714 in
3222 670 3330 715 tam
3354 661 3786 718 irrationabilem

2192 759 2250 800 se
2276 744 2534 801 demersit
2559 745 2972 806 confusionem?

2262 835 2379 890 XV.
2418 835 2709 908 Subjungit
2746 847 2926 895 autem
2971 840 3146 895 adhuc
3185 841 3269 897 his
3306 843 3510 907 verbis,
3551 845 3782 901 dicens:

2199 945 2218 978 t
2247 926 2512 992 Quoniam
2548 944 2654 982 una
2683 930 2856 984 hostia
2891 929 3141 986 Christus
3169 930 3350 986 oblata
3375 940 3460 987 est
3497 947 3592 1003 pro
3619 935 3786 1005 justis

2192 1027 2245 1073 et
2270 1016 2504 1086 iniustis.
2537 1039 2555 1072 ι
2599 1017 2716 1074 Non
2742 1019 2817 1074 ita
2842 1021 3029 1076 dicunt
3047 1022 3210 1091 primi
3240 1023 3490 1092 apostoli,
3515 1023 3717 1079 Petrus
3737 1022 3790 1080 et

2192 1109 2410 1174 Paulus,
2449 1125 2685 1179 quorum
2713 1111 2900 1180 prior:
2928 1110 3190 1176 Christus,
3222 1113 3316 1178 ait,
3348 1113 3508 1167 semel
3529 1131 3623 1180 pro
3660 1131 3787 1184 pec-

2193 1201 2320 1255 catis
2359 1203 2553 1256 nostris
2591 1212 2829 1257 mortuus
2865 1212 2961 1268 est,
2999 1203 3180 1273 justus
3221 1221 3315 1274 pro
3361 1206 3591 1275 injustts.
3630 1206 3789 1261 Alter

2193 1307 2320 1346 vero
2347 1310 2357 1345 :
2389 1291 2455 1345 Ut
2480 1293 2606 1363 quid
2628 1295 2766 1348 enim
2789 1292 3052 1360 Christus,
3081 1312 3202 1363 cum
3227 1297 3400 1349 adhuc
3425 1298 3619 1366 inﬁrmi
3647 1315 3791 1352 esse-

2191 1399 2331 1445 mus,
2372 1383 2658 1436 secundum
2704 1393 2907 1454 tempus
2951 1403 3044 1456 pro
3086 1386 3259 1456 impiis
3299 1397 3534 1442 mortuus
3573 1399 3672 1442 est.
3726 1389 3790 1443 Et

2191 1483 2314 1542 post
2339 1489 2511 1543 pauca
2543 1492 2554 1527 :
2587 1473 2849 1539 Quoniam
2884 1478 2928 1531 si
2959 1494 3076 1556 cupi
3108 1477 3279 1532 adhuc
3315 1490 3608 1548 peccatores
3646 1498 3790 1534 esse-

2193 1580 2327 1628 mus,
2353 1561 2592 1619 Christus
2613 1581 2707 1636 pro
2731 1567 2876 1620 nobis
2898 1573 3138 1622 mortuus
3163 1579 3238 1622 est
3261 1585 3279 1633 ;
3309 1569 3472 1623 multo
3494 1571 3656 1640 igitur
3679 1589 3790 1625 mae

2191 1654 2267 1724 gis
2290 1654 2571 1723 justiﬁcati
2601 1653 2737 1710 nunc
2766 1657 2821 1710 in
2848 1658 3103 1727 sanguine
3124 1659 3309 1728 ipsius,
3341 1659 3473 1713 salvi
3497 1661 3699 1715 erimus
3723 1663 3786 1715 ab

2191 1747 2272 1798 ira
2301 1762 2393 1815 per
2411 1747 2601 1817 ipsum.
2641 1747 2700 1803 Si
2735 1749 2870 1802 enim
2902 1766 3020 1802 cum
3049 1750 3248 1804 inimici
3275 1767 3524 1816 essemus,
3551 1758 3789 1808 reconci-

487 1838 647 1917 quh'm
679 1846 917 1910 ctenavit,
948 1846 1166 1899 dicens:
1192 1844 1295 1898 Hic
1316 1828 1456 1898 calix
1497 1861 1685 1898 novum
1719 1853 2083 1898 testamentum

2191 1833 2305 1888 liati
2335 1853 2515 1891 sumus
2543 1836 2652 1891 Deo
2682 1855 2772 1908 per
2798 1850 3015 1893 mortem
3056 1838 3184 1894 Filii
3225 1842 3362 1910 ejus,
3405 1844 3577 1897 multo
3613 1847 3788 1914 magis

488 1946 564 1992 est
580 1938 637 1990 in
650 1954 760 1991 meo
778 1938 1056 2007 sanguine.
1079 1935 1195 1990 Hoc
1220 1935 1379 2005 facite
1391 1936 1796 2007 quotiescunque
1811 1938 2017 1990 sumitis
2034 1939 2088 1991 in

488 2044 657 2082 meam
673 2028 1248 2103 commemorationem.‘
1267 2027 1422 2082 Unde
1436 2035 1491 2081 et
1505 2026 1758 2104 Ecclesia;
1769 2043 1834 2082 ex
1850 2030 2089 2084 traditio-

489 2131 558 2171 ne
569 2117 939 2187 apostolorum
955 2118 1040 2172 his
1053 2118 1230 2173 verbis
1245 2132 1576 2173 consecrans
1603 2119 1920 2187 mysterium
1945 2121 2086 2174 sacri

486 2207 734 2277 corporis
763 2216 820 2263 et
850 2209 1400 2277 sanguinisvanini,
1436 2208 1788 2278 designanter
1824 2211 1958 2266 dicit
1990 2211 2092 2266 Do-

487 2296 696 2350 minum
710 2297 912 2352 dixisse
937 2297 1193 2367 apostolis
1209 2312 1223 2351 :
1239 2297 1468 2368 Accipite
1495 2308 1543 2351 et
1570 2297 1882 2354 manducate
1899 2317 1970 2354 ex
1991 2301 2088 2374 hoc

486 2404 684 2442 omnes.
703 2388 819 2442 Hoc
831 2399 907 2443 est
921 2392 1058 2446 enim
1075 2407 1262 2462 corpus
1277 2406 1466 2444 meum.
1497 2387 1670 2444 Simili
1685 2391 1838 2445 modo
1851 2402 1898 2445 et
1911 2403 2088 2463 postea

485 2495 644 2548 quam
659 2488 915 2534 comatum
930 2489 1025 2544 est,
1042 2481 1300 2549 accipiens
1314 2489 1361 2534 et
1374 2481 1510 2534 hunc
1522 2478 1835 2548 prwclarum
1849 2481 2084 2536 calicem.

486 2569 747 2625 Attendat
760 2569 933 2627 ﬁdelis
947 2572 1178 2642 quisque
1194 2573 1326 2640 quid
1338 2581 1422 2627 est
1443 2568 1584 2641 quod
1605 2570 1737 2624 dicit
1756 2573 1912 2636 hunc.
1935 2575 2090 2629 Vide-

486 2659 614 2716 licet
638 2661 764 2730 quia
793 2661 934 2715 calix
959 2661 1121 2732 quem
1137 2660 1394 2716 sacerdos
1421 2665 1838 2729 sacriﬁcat,non
1853 2670 1936 2718 est
1951 2663 2088 2717 alius

486 2751 592 2806 nisi
609 2752 723 2822 ipse
744 2767 906 2822 quem
929 2753 1187 2809 Dominus
1214 2754 1473 2823 apostolis
1501 2756 1743 2811 tradidit.
1775 2755 1926 2810 Sicut
1958 2771 2088 2826 ergo

487 2839 554 2897 de
581 2842 846 2912 sanguine
866 2883 880 2907 ,
919 2844 999 2898 sic
1020 2859 1238 2912 quoque
1261 2845 1327 2900 de
1352 2861 1581 2916 corpore
1604 2848 1948 2903 sentiendum
1979 2853 2082 2901 est.

561 2930 701 2986 XIV.
749 2931 956 2987 Deinde
1002 2932 1280 3006 subjungit
1315 2934 1646 3003 Amalarius,
1683 2938 1909 2992 dicens:
1941 2955 1958 2987 ‹
1982 2935 2088 2990 Im-

489 3020 691 3075 molato
735 3022 917 3091 priore
958 3023 1230 3079 sacriﬁcio
1255 3063 1270 3091 ,
1311 3026 1456 3096 quod
1495 3035 1710 3083 constat
1748 3028 2084 3083 orationibus

486 3118 819 3178 sanctorum,
852 3120 908 3167 et
943 3122 1028 3168 est
1062 3112 1408 3182 coniunctum
1441 3117 1716 3174 sacriﬁcio
1741 3118 2075 3186 angelorum,

2190 1927 2513 1981 reconciliati
2550 1928 2680 1983 salvi
2717 1931 2912 1984 erimus
2960 1932 3014 1984 in
3051 1932 3155 1984 vita
3195 1933 3379 2002 ipsius.
3420 1934 3488 1988 Et
3521 1935 3789 1991 Dominus

2191 2015 2241 2069 in
2273 2016 2565 2088 Evangelio
2596 2037 2607 2072 :
2637 2018 2759 2072 Non
2784 2021 2896 2074 veni
2924 2037 3109 2075 vocare
3126 2022 3324 2091 justas,
3363 2021 3457 2077 sed
3485 2038 3788 2094 peccatores

2188 2107 2242 2159 in
2266 2110 2642 2176 paenitentiam.
2673 2109 2808 2164 Nam
2835 2113 2937 2166 etsi
2961 2121 3086 2166 ante
3106 2115 3414 2181 passionem
3431 2116 3641 2170 Domini
3671 2117 3788 2171 fue-

2189 2205 2316 2253 runt
2332 2201 2482 2254 multi
2497 2200 2664 2268 justi;
2698 2203 2785 2257 illa
2803 2203 2904 2258 ﬁde
2923 2205 3113 2259 salvati
3141 2216 3286 2273 sunt,
3311 2223 3415 2277 qua
3439 2209 3791 2265 crediderunt

2189 2289 2814 2368 Christummoriturum
2848 2311 2948 2366 pro
2979 2296 3194 2365 iniustis
3228 2308 3283 2353 et
3322 2300 3523 2369 impiis,
3568 2310 3624 2356 et
3667 2302 3787 2373 ipsa

2191 2379 2325 2435 ﬁdes
2358 2382 2607 2438 liberavit
2636 2401 2730 2440 eos
2751 2385 2819 2440 ab
2848 2386 3110 2456 iniustitia
3139 2397 3195 2443 et
3221 2391 3516 2460 impietate.

2259 2474 2399 2529 XVI.
2453 2474 2595 2530 Dicit
2623 2477 2818 2532 iterum
2846 2478 3152 2535 Amalarius
3194 2482 3248 2535 in
3276 2491 3468 2552 quarto
3503 2483 3661 2550 libro,
3698 2501 3793 2539 ca-

2189 2565 2358 2635 pitulo
2396 2576 2630 2635 quarto:
2662 2587 2680 2618 ‹
2705 2569 2802 2625 Est
2836 2561 3089 2628 sacerdos
3127 2573 3180 2626 in
3215 2571 3383 2640 térra,
3421 2577 3507 2630 cui
3543 2579 3790 2647 quotidie

2190 2665 2519 2735 necesseest
2545 2673 2645 2727 pro
2671 2675 2730 2715 se
2753 2669 2807 2715 et
2831 2677 2930 2730 pro
2957 2663 3152 2732 populo
3175 2663 3271 2718 Dei
3294 2665 3646 2721 intercedere.
3683 2667 3791 2722 Est

2189 2747 2442 2802 sacerdos
2475 2748 2530 2801 in
2574 2748 2732 2814 coelo,
2775 2749 2860 2804 cui
2898 2766 3004 2805 non
3045 2759 3130 2806 est
3162 2768 3384 2809 necesse
3426 2755 3787 2820 intercedere,

2189 2837 2282 2891 sed
2308 2845 2488 2892 tamen
2517 2838 2651 2906 vult,
2679 2849 2732 2894 et
2755 2841 3058 2910 interpellat
3082 2843 3324 2911 quotidie
3347 2860 3448 2914 pro
3470 2846 3646 2900 nobis.
3689 2845 3790 2902 Sa-

2189 2935 2382 2989 cerdos
2405 2931 2496 3001 qui
2521 2941 2603 2986 est
2627 2932 2683 2986 in
2709 2940 2876 2998 terra,
2905 2949 3010 2988 non
3043 2933 3359 3005 vultneque
3383 2946 3566 3007 potest
3600 2940 3788 2995 dicere

2187 3024 2331 3093 quod
2360 3024 2565 3091 absque
2600 3031 2822 3092 peccato
2848 3024 2939 3088 sit,
2969 3025 3178 3080 dicente
3207 3025 3413 3082 Joanne
3447 3047 3460 3081 :
3499 3027 3557 3083 Si
3587 3031 3792 3085 dixeri-

2188 3131 2304 3169 mus
2329 3115 2577 3184 quoniam
2608 3122 2878 3182 peccatum
2908 3131 3013 3168 non
3039 3115 3308 3180 habemus,
3341 3134 3435 3172 nos
3460 3119 3600 3187 ipsos
3629 3122 3792 3174 sedu-

489 3202 836 3258 descenditur
872 3204 942 3259 ad
973 3205 1283 3260 universale
1315 3208 1660 3263 sacrificium.
1686 3229 1704 3261 ι
1746 3208 1875 3263 Haec
1914 3209 2080 3263 verba
2110 3172 2156 3236 Ο
2188 3207 2375 3270 cimus,
2404 3212 2450 3258 et
2480 3205 2667 3257 veritas
2694 3205 2750 3256 in
2771 3204 2916 3263 nobis
2939 3221 3043 3258 non
3067 3215 3163 3260 est.
3203 3206 3304 3273 Qui
3327 3196 3510 3264 tamen
3534 3212 3789 3280 quamvis

491 3292 751 3348 Amalarii
783 3310 891 3349 non
931 3303 1231 3354 consonant
1264 3296 1565 3353 sinceritati
1601 3297 1901 3354 catholicae.
1946 3296 2082 3352 Cum

488 3385 636 3439 enim
661 3386 795 3441 dicit
827 3387 1004 3455 priora
1039 3387 1323 3454 sacriﬁcio,
1350 3372 1589 3443 ostendit
1617 3404 1674 3445 se
1701 3388 1845 3443 aliud
1872 3389 2082 3443 sacriﬁ-

488 3461 633 3529 cium
667 3490 880 3545 sapere,
917 3476 1062 3545 quod
1096 3476 1171 3531 sit
1197 3477 1485 3548 posterius.
1526 3463 1662 3534 Cum
1696 3470 1827 3533 vero
1860 3478 2083 3547 subjun-

490 3566 584 3634 git,
626 3566 765 3637 quod
797 3575 999 3620 constat
1024 3567 1350 3635 orationibus
1388 3568 1762 3638 perfectorum,
1782 3579 1840 3623 et
1863 3578 1937 3623 est
1959 3586 2083 3623 con-

484 3658 730 3729 junctusn
762 3658 1024 3727 sacriﬁcio
1050 3657 1393 3728 angelorum;
1427 3661 1624 3714 mirum
1653 3663 1699 3714 si
1730 3660 1817 3715 vel
1844 3661 1960 3730 ipse
1999 3661 2083 3714 in-

492 3746 685 3817 telligit
713 3747 842 3817 quid
867 3747 1138 3817 loquatur.
1189 3746 1322 3802 Nam
1351 3749 1620 3816 quomodo
1640 3757 1852 3804 constat
1875 3750 2084 3805 sacriﬁ-

493 3836 639 3892 cium
674 3825 1011 3891 orationibus
1040 3836 1450 3907 perfectorumt
1489 3838 1742 3911 Nunquid
1773 3840 1916 3895 aliud
1954 3856 2084 3896 con-

489 3934 598 3980 stat
623 3925 963 3980 orationibus
980 3928 1372 3996 peccatorum?
1409 3929 1479 3984 Et
1509 3929 1561 3984 si
1580 3931 1913 3986 sacriﬁcium
1940 3933 2083 4001 qubd

487 4023 700 4070 constat
727 4015 1073 4071 orationibus
1091 4015 1478 4085 perfectorum,
1511 4015 1858 4094 coniunctum
1885 4028 1969 4074 est
1995 4035 2084 4074 sa-

488 4096 694 4163 criﬁcio
719 4107 1056 4178 angelorum,
1085 4108 1230 4177 quod
1274 4116 1490 4163 constat
1527 4110 1863 4164 orationibus
1888 4126 2082 4179 pecca-

491 4209 690 4288 torum,
719 4198 961 4293 nunquid
985 4199 1329 4271 coniungitur
1355 4199 1621 4255 sacriﬁcio
1651 4202 2083 4286 daemoniorum?

492 4289 700 4346 Deinde
731 4290 897 4346 infert
923 4289 1110 4346 dicens
1134 4309 1147 4344 :
1171 4289 1518 4345 Descenditur
1541 4292 1624 4345 ’ad
1663 4293 1954 4349 universale
1987 4311 2078 4349 sa.

487 4369 745 4452 criﬁcium
773 4426 789 4452 ,
839 4384 1488 4441 immolationem’scilicet
1541 4386 1758 4463 Christi.
1807 4388 1950 4456 Quid
1996 4397 2080 4443 est

488 4474 934 4545 quod‘loquiturt
974 4475 1129 4532 Unde
1153 4477 1540 4532 descenditur?
1577 4478 1645 4533 Et
1665 4494 1772 4547 quo
1798 4481 2079 4534 descendi-
2101 4515 2154 4573 Β

492 4568 619 4621 tur?
650 4565 853 4636 Aperte
878 4566 1009 4622 dicit
1035 4585 1046 4620 :
1072 4566 1421 4638 Descenditur
1448 4570 1517 4622 ad
1555 4568 1846 4624 universale
1877 4570 2078 4638 sacrifi-

488 4658 650 4710 cium.
694 4655 754 4712 Si
782 4656 1131 4714 descenditur
1167 4657 1235 4711 ad
1260 4658 1583 4730 universale,
1622 4659 1677 4713 id
1712 4669 1815 4725 est,
1851 4661 2078 4716 catholi-

490 4761 614 4801 cum
662 4743 830 4816 (quod
847 4745 995 4801 enim
1017 4745 1210 4801 Latine
1230 4747 1428 4802 dicitur
1448 4747 1777 4813 universale,
1802 4749 1905 4804 hoc
1929 4748 2078 4804 Grae-

489 4849 554 4889 ce
567 4833 941 4904 catholicum),
957 4833 1307 4891 descenditur
1336 4849 1466 4905 ergo
1490 4835 1557 4890 de
1581 4837 1984 4892 non~catholico
2008 4837 2077 4891 ad

491 4913 840 4988 catholicum,
869 4922 1295 4988 immolationem
1322 4924 1531 4980 scilicet
1555 4923 1775 4980 Christi.
1808 4925 1865 4981 Si
1892 4932 2074 4995 poste-

491 5014 607 5069 rius
635 5011 983 5086 sacriﬁcium,
1013 5015 1191 5084 ipsum
1219 5023 1304 5071 est
1333 5015 1659 5081 universale,
1696 5023 1751 5070 et
1779 5016 2077 5072 immolatio

490 5102 712 5158 Christi.
744 5102 887 5172 Ergo
923 5103 1094 5172 prius‘
1108 5097 1455 5171 sacriﬁcium,
1496 5119 1599 5162 nec
1635 5106 1938 5162 universale
1970 5115 2075 5173 est,

493 5208 595 5248 nec
615 5193 911 5250 immolatio
929 5193 1156 5250 Christi.
1194 5195 1263 5252 Et
1291 5188 1561 5265 quomodo
1585 5199 1857 5254 constabit
1874 5198 2080 5253 oratio-

492 5285 651 5340 nibus
700 5282 1063 5355 perfectorum
1091 5326 1108 5351 ,
1155 5294 1211 5342 et
1262 5287 1369 5342 erit
1413 5288 1759 5358 coniunctum
1810 5289 2078 5346 sacriﬁcio

492 5375 828 5446 angelorum,
853 5377 900 5432 si
926 5391 1034 5433 non
1066 5386 1149 5433 est
1174 5378 1477 5434 universale
1505 5387 1560 5433 et
1595 5378 1892 5435 immolatio
1919 5379 2076 5442 Chri-

492 5468 604 5522 sti?
639 5468 758 5534 Dic,
781 5483 934 5542 ergo,
962 5470 1122 5540 quale
1161 5470 1489 5526 sacriﬁcium
1525 5480 1608 5527 est
1647 5471 1858 5538 melius,
1895 5480 2072 5548 utrum

492 5559 620 5615 illud
645 5560 817 5629 prius,
847 5560 1104 5617 constans
1137 5562 1471 5618 orationibus
1508 5560 1898 5632 perfecturum,
1929 5563 2077 5633 quod

493 5657 674 5704 tamen
703 5665 808 5706 non
835 5657 922 5706 est
939 5651 1262 5717 universale,
1286 5665 1387 5718 nec
1409 5651 1703 5708 immolatio
1724 5651 1967 5706 Christi?
1992 5652 2074 5705 An

492 5743 785 5813 posterius,
811 5744 955 5815 quod
981 5734 1194 5802 constat
1216 5746 1548 5803 orationibus
1573 5753 1945 5816 peccatorum,
1977 5761 2075 5802 nec

2185 3296 2257 3350 sit
2283 3301 2559 3364 peccator,
2599 3310 2705 3348 non
2733 3294 2892 3349 debet
2921 3310 2952 3348 a
2979 3297 3309 3352 conscientia
3335 3313 3432 3352 sua
3456 3301 3699 3355 morderi
3729 3313 3787 3355 ut

2190 3381 2395 3440 tantum
2435 3385 2506 3441 sit
2538 3392 2810 3454 peccator,
2843 3393 3105 3454 quantum
3137 3387 3334 3461 multos
3360 3391 3640 3459 cognoscit
3660 3405 3785 3446 esse

2185 3478 2241 3530 in
2265 3476 2462 3546 populo
2489 3485 2664 3530 terra}.
2692 3495 2710 3528 ι

2254 3567 2416 3622 XVII.
2458 3567 2515 3621 In
2540 3567 2623 3621 bis
2639 3568 2818 3624 verbis
2838 3565 3096 3623 Amalarii
3121 3571 3271 3640 vagis
3295 3579 3348 3625 et
3374 3570 3704 3638 furibundis,
3731 3583 3787 3628 et

2183 3658 2331 3712 omni
2360 3657 2703 3724 despectione
2744 3656 2940 3726 dignis,
2988 3658 3078 3712 illa
3121 3661 3356 3728 pessima
3401 3673 3530 3716 sunt
3575 3664 3780 3732 quibus

2183 3748 2298 3817 ait:
2327 3747 2430 3812 Qui
2458 3757 2641 3824 tamen
2662 3747 2738 3817 (id
2768 3756 2869 3813 est,
2901 3750 3195 3824 sacerdos),
3221 3754 3459 3822 quamvis
3492 3755 3560 3806 sit
3592 3771 3784 3823 pecca-

2184 3849 2286 3903 tor,
2312 3855 2416 3892 non
2444 3837 2588 3891 debet
2616 3821 2648 3890 ἁ
2679 3840 2996 3894 conscientia
3015 3858 3113 3894 sua
3135 3821 3386 3907 morderi,
3413 3851 3468 3896 ut
3489 3821 3697 3898 tantum
3716 3848 3784 3899 sit

2181 3936 2444 3998 peccator,
2491 3934 2745 3997 quantum
2789 3927 2980 3984 multos
3026 3933 3290 4000 cognoscit
3340 3949 3450 3986 esse
3496 3933 3553 3985 in
3590 3933 3786 4004 populo

2185 4028 2359 4072 te‘rrw.
2401 4015 2711 4085 Haecverba
2735 4030 2842 4069 non
2867 4014 3076 4090 tantum
3102 4019 3312 4073 inutilia
3341 4027 3498 4086 sunt;
3526 4021 3620 4075 sed
3649 4021 3782 4075 mul-

2184 4119 2298 4165 tum
2331 4111 2510 4174 nosia,
2553 4117 2608 4162 et
2645 4111 2860 4165 veritati
2894 4111 3189 4165 contraria.
3231 4112 3509 4167 Catholica
3543 4130 3782 4184 namque

2182 4200 2318 4255 ﬁdes
2353 4200 2432 4255 sic
2462 4217 2520 4255 se
2549 4203 2730 4266 habet,
2768 4208 2828 4254 ut
2858 4199 3057 4254 nullius
3091 4200 3280 4260 credat
3310 4203 3581 4271 acceptari
3610 4219 3640 4255 a
3667 4203 3779 4256 Deo

2183 4292 2510 4365 sacriﬁcium
2549 4293 2634 4349 vel
2680 4293 3006 4357 orationem,
3041 4292 3148 4346 nisi
3186 4292 3302 4362 ejus
3338 4293 3428 4361 qui
3460 4295 3781 4363 cognoverit

2183 4384 2525 4452 iniquitatem
2556 4400 2741 4450 suam;
2773 4385 2913 4438 sicut
2939 4383 3222 4438 manifeste
3249 4385 3584 4439 demonstrat
3608 4387 3779 4440 David

2184 4475 2236 4527 in
2268 4474 2515 4529 oratione
2553 4475 2886 4543 poenitentiae
2933 4489 3062 4538 suae,
3111 4475 3298 4529 dicens
3330 4493 3341 4528 :
3375 4474 3618 4544 Amplius
3661 4474 3779 4530 lava

2183 4580 2265 4617 me
2293 4564 2356 4617 ab
2384 4565 2658 4635 iniquitate
2695 4582 2832 4630 mea,
2873 4574 2921 4633 et
2967 4584 3008 4619 ac
3029 4575 3242 4634 peccato
3283 4552 3628 4628 meoptunda
3653 4551 3774 4620 lme.

2187 4652 2448 4719 Quoniam
2471 4655 2799 4725 iniquitatem
2821 4654 2989 4709 meam
3016 4671 3108 4724 ego
3137 4671 3410 4725 cognosco,
3434 4665 3483 4708 et
3501 4641 3775 4724 peccatum

2183 4760 2355 4798 meum
2377 4754 2558 4800 contra
2587 4761 2668 4799 me
2689 4753 2763 4800 est
2789 4762 3008 4815 semper.
3052 4745 3132 4800 Ac
3165 4745 3210 4800 si
3241 4745 3446 4800 diceret
3471 4764 3483 4798 :
3510 4745 3636 4799 Ideo
3665 4760 3777 4798 me-

2185 4849 2308 4889 rear
2351 4818 2753 4910 indulgéntiaml
2783 4843 2948 4900 tuam,
2994 4837 3122 4904 quia
3171 4835 3397 4906 cognovi
3429 4835 3774 4903 iniquitatem

2183 4938 2379 4980 meam.
2426 4923 2568 4979 Nam’
2592 4924 2638 4981 si
2675 4940 2773 4997 ego
2802 4941 2911 4981 non
2939 4940 3228 4995 agnovero,
3267 4934 3323 4979 tu
3356 4940 3464 4980 non
3500 4925 3770 4995 ignosces.

2183 5013 2274 5068 Sic
2303 5024 2356 5070 et
2382 5007 2643 5072 Dominus
2665 5031 2764 5087 per
2788 5017 3007 5088 Moysen
3033 5019 3294 5088 praecipit,
3319 5019 3505 5073 dicens
3535 5036 3547 5070 :
3575 5016 3636 5072 Si
3655 5036 3772 5089 pec-

2181 5107 2374 5158 caverit
2401 5107 2670 5178 princeps,
2691 5119 2739 5161 et
2767 5107 2945 5177 fecerit
2977 5124 3140 5161 unum
3175 5125 3203 5162 e
3231 5108 3469 5178 pluribus
3501 5122 3598 5177 per
3627 5109 3772 5178 ignes

2181 5197 2408 5252 rantiam
2436 5197 2826 5272 quod‘Domini
2846 5197 2955 5269 lege
2974 5199 3297 5269 prohibetur,
3328 5181 3376 5252 et
3402 5208 3582 5268 postea
3618 5198 3771 5251 intel-

2179 5285 2362 5340 lexerit
2397 5298 2667 5356 peccatum
2705 5305 2879 5356 suum,
2915 5290 3103 5358 oﬁ‘erat
3146 5289 3371 5343 hostiam
3414 5287 3662 5342 Domino.
3702 5288 3774 5343 Et

2180 5385 2298 5445 post
2324 5392 2494 5448 pauca
2519 5393 2533 5431 :
2557 5377 2781 5448 Rogabit
2815 5395 2909 5450 pro
2948 5396 3006 5434 eo
3047 5371 3308 5445 sacerdos,
3339 5388 3387 5432 et
3421 5394 3517 5448 pro
3553 5388 3768 5448 peccato

2178 5469 2314 5538 ejus,
2339 5485 2402 5522 ac
2430 5469 2719 5523 dimittetur
2749 5470 2816 5523 ei.
2857 5470 2925 5524 Et
2955 5471 3149 5528 iterum
3178 5488 3191 5524 :
3219 5469 3410 5523 Anima
3445 5469 3490 5523 si
3522 5483 3761 5538 peccave-

2178 5562 2244 5614 rit
2273 5578 2364 5631 per
2392 5562 2766 5630 ignorantiam,
2798 5562 3074 5632 feceritque
3101 5578 3262 5616 unum
3289 5579 3353 5616 ea:
3377 5562 3459 5616 his
3497 5548 3617 5630 quat
3659 5559 3764 5614 Do-

2178 5653 2307 5705 mini
2327 5650 2436 5722 lege
2457 5652 2814 5720 prohibentur,
2836 5664 2884 5706 et
2907 5653 3104 5722 peccati
3129 5669 3214 5706 rea
3236 5649 3550 5706 intellexerit
3581 5649 3768 5718 iniqui-

2178 5753 2333 5798 tatem
2359 5759 2531 5810 suam,
2558 5745 2741 5813 offerat
2766 5747 2974 5799 arietem
3006 5742 3399 5798 immaculatum
3432 5742 3495 5797 de
3519 5741 3763 5814 gregibus
