3930 6328
145 385 246 442 349

1640 387 1968 444 CARMINA.

3305 398 3410 454 350

143 505 424 568 sacerdoti,
443 504 605 574 juxta
636 520 932 558 mensuram
961 505 1461 573 restimationemque
1489 505 1686 572 peccati
1708 519 1724 555 :
1744 498 1805 573 Ἀ
1831 524 2002 577 usque
2030 509 2154 562 dum
2185 508 2476 563 involvitur
2509 509 2647 564 calix
2675 509 2741 564 de
2771 510 2986 565 sudat";
3016 511 3244 577 diaconi,
3291 513 3412 570 vice

143 595 228 663 qui
259 593 428 646 orabit
458 611 552 664 pro
582 612 641 648 eo
665 595 804 666 quod
845 597 1077 648 nesciens
1102 594 1318 663 fecerit;
1354 603 1401 646 et
1440 593 1729 646 dimittetur

145 686 188 736 ei
209 679 306 753 qui
328 699 421 753 per
446 700 674 738 errorem
702 683 920 754 deliquit
945 684 999 736 in
1021 680 1267 737 Domino.
1309 682 1562 737 Salomon
1592 698 1727 752 quo-

143 790 245 844 que
271 775 328 844 in
347 774 684 830 dedicatione
716 773 898 842 templi
928 789 1093 828 orans
1117 772 1249 827 dicit
1275 790 1286 824 :
1315 771 1372 825 Si
1401 773 1515 838 quis
1545 787 1731 841 cogno-

144 864 272 916 verit
313 863 524 934 plagam
572 863 742 917 cordis
778 863 883 927 sui,
936 871 984 916 et
1020 861 1309 917 attenderit
1365 877 1550 914 manus
1605 877 1728 914 suas

142 957 193 1008 in
226 955 382 1009 domo
405 956 527 1020 hac,
568 964 624 1009 tu
664 954 910 1009 exaudies
941 954 995 1007 in
1025 953 1136 1007 loco
1163 951 1500 1006 habitationis
1529 961 1652 1014 tuae,
1681 961 1729 1004 et

145 1045 578 1115 repropitiaberis.
617 1045 921 1116 Perpendat
945 1043 1180 1113 prudens
1202 1040 1398 1105 ﬁdelis,
1422 1055 1586 1110 quam
1608 1055 1733 1095 con-

143 1135 369 1188 trarium
422 1135 493 1189 sit
538 1135 751 1190 veritati
794 1134 987 1189 divinae
1031 1132 1318 1188 consilium
1369 1130 1648 1196 Amalarii,
1678 1138 1731 1185 et

140 1235 397 1294 quantum
426 1236 687 1298 congruat
712 1226 948 1282 suasioni
980 1225 1198 1281 diaboli.

207 1318 391 1372 XVlll.
432 1319 491 1373 In
516 1319 654 1374 libro
676 1328 891 1389 quarto,
915 1318 1395 1388 capituloultimo,
1419 1318 1548 1374 dicit
1567 1316 1733 1372 Ama-

140 1407 306 1460 larius
339 1426 350 1460 :
391 1426 408 1458 ‹
437 1408 756 1478 Nuperrime
787 1416 1146 1464 monstratum
1179 1417 1264 1464 est
1293 1409 1445 1473 mihi,
1482 1416 1541 1462 ut
1577 1417 1726 1478 puto,

139 1498 205 1551 ab
235 1514 302 1553 eo
327 1500 417 1568 qui
449 1501 592 1569 quod
613 1501 805 1570 aperit,
831 1516 992 1566 nano
1015 1501 1242 1566 claudit,
1273 1501 1400 1570 quid
1431 1501 1728 1555 rationabi-

138 1585 261 1642 liter
302 1591 473 1658 possit
504 1591 610 1645 dici
642 1591 707 1645 de
739 1607 966 1660 corpore
997 1592 1212 1648 Domini
1242 1592 1421 1660 posito
1460 1591 1515 1645 in
1551 1591 1726 1656 altari,

137 1686 192 1730 et
220 1679 288 1732 de
319 1677 485 1734 calice
515 1695 579 1734 ex
616 1681 785 1735 latere
817 1679 954 1748 ejus,
997 1681 1144 1737 salvo
1189 1680 1502 1752 magisterio
1542 1694 1727 1733 eorum

137 1769 226 1837 qui
262 1769 396 1824 alias
433 1779 490 1824 et
518 1771 708 1825 melius
734 1771 866 1826 mihi
895 1773 1080 1827 volunt
1113 1772 1347 1842 aperire,
1379 1771 1648 1841 quomodo
1676 1777 1729 1823 et

1829 596 2048 667 Joseph,
2079 600 2169 668 qui
2202 598 2423 654 involvit
2443 614 2638 669 corpus
2662 599 2875 655 Domini
2899 601 3145 669 sindone,
3173 611 3229 657 et
3252 604 3412 658 suda-

1830 690 1930 742 rio.
1955 709 1973 739 ι
2022 688 2090 741 Et
2126 697 2247 757 post
2271 704 2442 758 pauca
2472 707 2483 742 :
2515 708 2532 740 ι
2553 688 2714 744 Panis
2737 698 2994 747 extensus
3022 706 3183 763 super
3219 692 3411 772 altare,

1829 794 2025 848 corpus
2060 779 2262 833 domini
2313 788 2579 834 monstrat
2622 789 2903 836 extensum
2947 785 3003 838 in
3041 799 3222 849 cruce,
3265 785 3412 857 quod

1829 881 1928 921 nos
1945 866 2346 924 manducamus.
2376 869 2572 924 Vinum
2598 877 2654 925 et
2682 885 2822 940 aqua
2847 871 2902 925 in
2929 872 3122 937 calice,
3139 881 3412 928 monstrat

1829 968 2190 1025 sacramenta,
2213 976 2332 1030 quae
2356 960 2423 1014 de
2448 960 2612 1016 latere
2638 961 2840 1016 Christi
2861 962 2916 1017 in
2938 977 3098 1017 cruce
3117 960 3411 1028 ﬂuxerunt,

1830 1047 1884 1102 id
1911 1058 2015 1114 est,
2043 1050 2354 1121 sanguinem
2380 1057 2434 1104 et
2461 1065 2676 1120 aquam,
2703 1052 2899 1122 quibus
2926 1067 3026 1108 nos
3051 1061 3205 1124 potat
3230 1053 3414 1110 Domi-

1830 1153 1931 1192 nus
1951 1147 2151 1194 noster.
2178 1159 2196 1192 Ι

1900 1228 2039 1282 XIX.
2089 1229 2171 1284 Ad
2200 1231 2316 1285 haec
2344 1232 2510 1286 verba
2533 1232 2794 1289 Amalarii
2821 1235 3256 1305 respondendum
3287 1243 3410 1292 est:

1832 1317 1888 1373 Si
1909 1328 2063 1390 putat
2091 1321 2158 1375 ab
2185 1335 2250 1376 eo
2280 1322 2382 1377 sibi
2409 1322 2833 1379 demonstratum
2863 1327 2955 1395 qui
2975 1328 3149 1395 aperit
3168 1334 3225 1381 et
3247 1340 3411 1382 nemo

1831 1410 2048 1474 claudit,
2083 1413 2170 1466 cui
2210 1412 2503 1483 subjungit,
2541 1410 2726 1470 dicens
2757 1433 2768 1468 :
2798 1415 2956 1470 Salvo
2993 1418 3295 1486 magisterio
3325 1433 3415 1472 eo-

1832 1521 1946 1556 rum
1979 1506 2069 1574 qui
2095 1503 2228 1559 alias
2248 1516 2294 1559 et
2318 1505 2504 1560 melius
2532 1508 2658 1560 mihi
2688 1509 2865 1562 volunt
2891 1511 3141 1580 aperire?
3186 1509 3288 1565 Ubi
3313 1510 3414 1565 ite-

1832 1614 1951 1652 rum
2007 1607 2160 1668 putat
2215 1599 2459 1654 invenire
2503 1601 2594 1668 qui
2637 1600 2832 1656 melius
2868 1601 2944 1655 illi
2986 1602 3155 1670 possit
3201 1602 3413 1672 aperire

1830 1707 1991 1760 quam
2021 1691 2298 1757 Dominus,
2329 1692 2419 1760 qui
2447 1692 2640 1758 aperit,
2674 1699 2728 1745 et
2759 1707 2916 1746 nemo
2951 1692 3192 1746 claudit?
3234 1691 3414 1757 Quare

1832 1795 1939 1833 non
1972 1788 2055 1833 est
2085 1780 2398 1834 recordatus
2422 1781 2744 1850 evangelica:
2765 1781 3063 1846 sententiae,
3094 1797 3213 1850 quae
3241 1780 3410 1834 dicit:

138 1874 307 1928 quam
344 1860 501 1914 aliter
541 1862 696 1930 Panis
738 1862 1018 1932 Ponendus
1049 1863 1117 1917 δίε
1159 1863 1214 1916 in
1256 1862 1434 1927 δίιίιΐίν
1485 1869 1542 1916 et
1587 1860 1729 1915 calix
1760 1872 1805 1928 Β
1838 1871 1918 1926 Nc
1960 1875 2207 1928 vocemiai
2244 1875 2502 1945 magistri,
2541 1876 2666 1945 quia
2702 1873 2948 1944 magister
2975 1883 3137 1927 vester
3177 1890 3310 1927 unus
3337 1883 3411 1927 est

131 1946 290 2016 juxta
331 1963 477 2003 eum.
525 1949 734 2014 Altare;
773 1966 906 2005 crux
935 1950 1138 2006 Christi
1167 1957 1269 2015 est,
1307 1951 1374 2004 ab
1404 1964 1469 2004 eo
1493 1950 1611 2004 loco
1638 1949 1729 2003 ubi

137 2040 396 2100 scriptum
444 2050 528 2096 cst
571 2042 625 2095 in
666 2057 916 2098 canone:
949 2039 1097 2097 Unde
1139 2051 1188 2099 et
1228 2058 1480 2096 memores
1527 2057 1728 2095 sumus.

1833 1962 2093 2019 Christus.

1054 2280 1143 2360 S.
1228 2275 1855 2361 AGOBARDI
1933 2271 2510 2358 CARMINA.

300 2667 325 2695 ι
367 2654 708 2725 Epitaphium
764 2651 941 2708 Caroli
971 2654 1154 2724 Magni
1203 2655 1555 2725 imperatoris.

131 2746 314 2803 Aurea
360 2745 624 2800 caelorum
676 2751 957 2813 postquam
1005 2744 1070 2799 de
1104 2745 1326 2815 Virgine
1375 2744 1624 2799 Christus

135 2835 459 2906 Sumpserat
507 2843 631 2902 apta
674 2835 777 2889 sibi
810 2834 993 2888 mundi
1019 2849 1118 2904 pro
1146 2836 1372 2890 crimine
1394 2836 1658 2902 membra,

132 2923 256 2979 1am
305 2925 549 2980 decimus
573 2933 799 2994 quartus
826 2932 947 2993 post
978 2927 1182 2979 centies
1209 2934 1331 2979 octo
1360 2926 1572 2980 volabat

134 3017 347 3081 Annus,
373 3015 646 3086 ﬂuctivagi
690 3016 887 3070 meruit
914 3030 1013 3084 per
1052 3015 1259 3071 fervida
1286 3016 1409 3071 coeli

131 3106 386 3162 Etherei
429 3105 674 3170 Carolus,
723 3105 1059 3161 Francorum
1095 3106 1264 3176 gloria
1312 3107 1505 3177 gentis,

132 3197 382 3268 quuora
408 3197 660 3263 transire,
684 3205 739 3252 et
766 3197 1034 3267 placidum
1065 3198 1457 3268 comprendere
1478 3205 1724 3266 portum.

130 3291 235 3358 Qui
273 3291 562 3360 deciesque
587 3298 779 3366 quater
813 3305 913 3359 per
953 3304 1046 3343 sex
1072 3289 1304 3344 feliciter
1333 3305 1504 3344 annos

1832 2565 1898 2619 Et
1923 2564 2124 2619 Christi
2162 2563 2391 2618 subeunt
2418 2562 2722 2615 veneranda
2746 2560 2960 2631 templa,

1831 2655 2070 2709 Cernunt
2108 2663 2166 2705 ut
2193 2661 2304 2716 tua,
2329 2649 2597 2721 Cypriane
2619 2657 2846 2719 martyr,

1831 2744 2085 2800 Servarct
2115 2742 2319 2797 loculus
2351 2740 2629 2810 neglectus
2673 2754 2815 2794 ossa.

1830 2834 1966 2890 Tum
1996 2849 2123 2888 vero
2149 2832 2318 2887 nimio
2349 2830 2535 2886 dolore
2569 2829 2723 2895 moti,

1828 2925 1894 2980 Et
1933 2938 2126 2993 magno
2161 2923 2366 2993 gemitu
2430 2919 2612 2990 polum
2649 2918 2944 2982 intuentes.

1828 3020 2066 3075 Poscunt
2114 3016 2374 3072 auxilium
2401 3015 2498 3069 Dei
2527 3015 2804 3083 perennis,

1828 3111 1935 3166 Pro
1962 3125 2068 3179 quo
2098 3116 2287 3163 sancte
2317 3106 2414 3161 tibi
2446 3113 2611 3177 caput
2649 3107 2884 3160 recisum
2917 3113 3020 3160 est.

1829 3201 1897 3257 Et
1944 3217 2067 3255 mox
2107 3199 2402 3270 poplitibus
2443 3199 2715 3268 precando
2751 3196 2931 3261 ﬂexis,

1828 3293 2078 3349 Pandunt
2101 3292 2512 3359 sarcophagum,
2543 3289 2870 3356 studentque
2890 3302 3078 3344 sacros

131 3383 367 3452 Sceptra
393 3391 580 3437 tenens
605 3383 779 3450 regni,
815 3390 867 3435 et
891 3395 1056 3452 regno
1109 3398 1204 3437 rex
1229 3397 1390 3451 regna
1420 3380 1727 3452 rejungens,
1759 3393 1802 3455 ρ
1833 3384 1997 3439 Artus
2025 3383 2290 3451 stringere
2321 3379 2498 3434 linteis
2527 3379 2753 3449 paratis,

129 3473 319 3528 Febru
351 3473 606 3541 migravit
653 3473 842 3543 quinto
863 3473 965 3527 arii
1017 3489 1083 3527 ex
1118 3474 1248 3527 orbe
1289 3472 1580 3538 Kalendas,

132 3568 496 3638 Septuaginta
539 3583 707 3622 senex
745 3564 993 3639 vitaa'qui
1024 3568 1282 3623 terminat
1303 3582 1494 3622 annos.

130 3662 480 3728 Quapropter
516 3657 721 3729 ﬂagito,
743 3659 996 3728 precibus
1031 3660 1076 3714 si
1107 3658 1339 3713 ﬂecteris
1374 3659 1516 3722 ullis,

129 3746 352 3817 Quique
391 3748 552 3817 hujus
582 3747 776 3818 relegis
807 3763 997 3803 versus
1027 3747 1422 3817 epigrammata
1447 3748 1638 3817 lector,

129 3835 462 3892 Astrileram
476 3837 654 3893 Caroli
685 3846 885 3902 teneat,
930 3838 1035 3902 dic,
1059 3838 1281 3906 spiritus
1305 3851 1509 3891 arcem.

928 3947 988 4001 ll.

131 4059 156 4096 ιι
209 4057 290 4110 De
317 4054 666 4110 translatione
694 4053 1045 4124 reliquiarum
1073 4062 1377 4108 sanctorum
1427 4063 1726 4124 martyrum

203 4125 485 4196 Cypriani,
509 4125 738 4194 Sperati,
761 4121 812 4178 et
847 4121 1194 4177 Pantaleonis
1219 4124 1287 4178 ad
1314 4123 1494 4177 urbem
1522 4121 1731 4192 Lugdu-

203 4212 444 4250 nensem.

130 4286 340 4340 ltector
363 4283 684 4355 magniﬁcus
727 4284 955 4354 piusque
989 4283 1267 4353 princeps,

128 4378 384 4447 Augusto
417 4374 644 4430 Carolus
691 4375 886 4428 decore
915 4372 1111 4437 fultus,

131 4470 429 4537 Sceptrum
485 4466 666 4520 nobile
695 4465 1026 4519 Francorum
1053 4465 1297 4534 regebat,

131 4556 431 4627 Subjectos
459 4554 684 4624 populos
717 4556 804 4625 pie
830 4554 1154 4623 gubernans.

129 4649 337 4703 Lectos
387 4660 608 4714 aequora
636 4645 874 4716 jusserat
903 4659 1088 4699 secare

129 4742 209 4796 Ac
231 4740 354 4809 jam
385 4740 619 4810 propitio
676 4739 778 4794 sibi
824 4747 1062 4803 tonante,

131 4819 265 4886 Post
288 4830 490 4885 multos
536 4829 718 4884 nimim
753 4828 854 4884 viae
880 4829 1116 4894 labores,

132 4923 394 4993 llgressu
443 4922 629 4977 reduci
670 4921 843 4975 salum
864 4929 1137 4991 petentes,

130 5014 420 5067 intrarunt
456 5011 686 5082 Libycos
713 5020 934 5080 repente
973 5013 1109 5069 ﬂues
1141 5055 1154 5067 .

131 5107 253 5170 Qua
291 5103 570 5174 Carthago
589 5104 751 5174 'gravi
778 5102 969 5172 jacens
999 5105 1155 5160 ruina

132 5195 316 5250 Deﬂet
357 5196 648 5264 praeterita
679 5195 842 5249 decus
885 5193 1128 5262 juventa:

135 5288 238 5343 llic
263 5287 397 5342 dum
424 5286 675 5341 basilicas
706 5287 816 5340 Deo
831 5285 1039 5340 dicatas

1831 3473 2291 3542 Committuntque
2344 3486 2502 3527 sacro
2543 3486 2741 3540 corpus
2764 3471 2975 3527 locello.

1832 3564 2042 3636 Sperati
2072 3578 2284 3633 quoque
2345 3563 2602 3633 martyris
2651 3563 2819 3627 beati,

1829 3655 1939 3708 Nec
1975 3670 2083 3708 non
2108 3653 2453 3708 Pantaleonis
2506 3667 2632 3707 ossa
2666 3654 2868 3721 raptim

1830 3745 2049 3799 Tullum
2076 3751 2269 3800 cuncta
2290 3743 2471 3807 simul,
2511 3743 2782 3813 ligantque
2806 3744 3020 3813 pannis.

1828 3835 2209 3894 Conscendunt
2239 3834 2442 3888 celeres
2469 3842 2641 3890 ratem
2667 3845 2936 3903 paratam,

1827 3924 1937 3979 Nec
1966 3926 2093 3980 saevi
2149 3933 2396 3978 metuunt
2423 3923 2625 3992 pericla
2648 3926 2817 3993 ponti.

1829 4016 2076 4086 Egressis
2111 4015 2304 4093 Arelas
2332 4015 2512 4084 opima
2541 4021 2700 4083 portu

1830 4106 2079 4162 Occurrit
2100 4105 2330 4176 placido,
2363 4106 2593 4174 sinuque
2629 4105 2754 4160 laeto

1829 4199 2028 4253 Fessos
2053 4198 2276 4266 excipit,
2301 4212 2366 4251 ac
2393 4196 2538 4251 fovet
2582 4197 2835 4266 benigne.

1832 4290 1976 4344 Haec
2003 4306 2130 4344 mox
2167 4305 2290 4343 cum
2313 4288 2483 4342 audiit
2507 4288 2743 4356 optimus
2766 4289 3045 4354 sacerdos,

1831 4381 2073 4451 Lugduni
2120 4379 2394 4450 placidam
2453 4389 2645 4434 tenens
2675 4380 3010 4443 cathedram,

1832 4469 2156 4525 Sanctorum
2203 4468 2402 4523 eximio
2454 4469 2634 4523 calore
2664 4468 2918 4538 ﬂagrans,

1832 4559 2225 4627 lntendensque
2250 4558 2421 4612 sacris
2455 4558 2657 4626 ubique
2693 4557 2878 4622 rebus,

1834 4647 2112 4702 Ledradus
2141 4648 2411 4716 specimen
2452 4646 2724 4716 decusque
2753 4646 2907 4710 clari,

1755 4749 1808 4806 1)
1835 4738 1985 4803 Orat,
2017 4738 2275 4808 postulat,
2308 4738 2670 4806 impetratque
2711 4737 2928 4805 raptim,

1840 4831 1909 4886 Ut
1936 4829 2278 4884 sanctissima
2319 4836 2618 4898 martyrum
2638 4828 2851 4898 piorum

1836 4920 2048 4975 Nostris
2086 4919 2357 4973 moenibus
2390 4934 2513 4974 ossa
2536 4919 2917 4981 conderentur,

1837 5011 2172 5081 Lugduniad
2197 5009 2463 5077 placidam
2517 5007 2740 5063 Joannis
2775 5022 2946 5073 aram,

1837 5103 1939 5169 Qui
1988 5102 2259 5156 Christum
2290 5101 2460 5154 vitrea
2487 5100 2684 5168 rigavit
2717 5100 2880 5154 unda.

1834 5193 1945 5248 lllic
1993 5208 2116 5247 cum
2152 5191 2316 5245 sociis
2348 5191 2554 5245 honore
2588 5189 2736 5244 claro

1844 5285 2089 5347 Florens,
2118 5281 2303 5336 inclite
2328 5280 2596 5350 Cypriane
2628 5278 2852 5333 dormis.

1541 5398 1807 5454 BALUZII
1849 5394 2079 5450 ΝΟΤΕ.

211 5525 238 5551 ιι
272 5510 620 5581 Epitaphium
645 5509 840 5564 Caroli.
868 5509 1002 5564 Huic
1031 5509 1259 5581 carmini
1289 5524 1388 5581 nos
1419 5509 1630 5581 titulum
1663 5508 1736 5581 ie-

135 5578 339 5643 cimus,
384 5578 555 5635 secuti
603 5581 977 5636 auctoritatem
1028 5578 1278 5634 Chronici
1327 5578 1727 5638 Novaliciensis,

137 5655 193 5725 in
219 5666 337 5721 quo
383 5651 651 5720 reperitur
702 5651 998 5725 insertum:
1033 5650 1523 5725 cujus__e_tiam_ope
1552 5663 1733 5725 corre-

138 5719 330 5775 ximus
363 5719 546 5779 errata
573 5736 688 5842 qua:
712 5722 1039 5788 irrepserunt
1069 5719 1120 5773 in
1141 5720 1374 5774 editione
1407 5719 1656 5774 Massoni.

213 5792 242 5831 ι)
299 5789 380 5842 De
435 5799 587 5842 trans
612 5791 800 5842 alioue.
862 5789 1094 5842 Historia
1149 5790 1308 5842 huius
1368 5790 1656 5842 translatio:

213 5792 242 5831 ι)
299 5789 380 5844 De
435 5789 800 5845 translatione.
862 5789 1094 5845 Historia
1149 5790 1308 5861 hujus
1368 5789 1730 5846 translationis

1837 5513 2014 5562 exstat
2039 5506 2091 5558 in
2121 5505 2499 5577 Martyrologio
2523 5497 2727 5577 Adonis
2748 5501 3090 5566 Viennensis,
3113 5499 3252 5554 unde
3267 5497 3420 5577 edita

1837 5586 1918 5631 est
1944 5578 2086 5630 inter
2114 5568 2316 5656 Elogi'a.
2361 5568 2466 5655 Sed
2515 5574 2842 5656 posteripijes
2873 5579 3117 5656 quatuor
3131 5579 3203 5656 .e‘ti
3230 5568 3418 5656 viginti

1836 5662 2046 5710 versus,
2072 5647 2161 5718 qui
2194 5641 2246 5700 in
2273 5641 2638 5718 superioribus
2663 5642 2990 5718 editionibus
3031 5641 3420 5718 desiderabat}:

1838 5725 1944 5780 tur,
1977 5707 2426 5784 supplcvimus'ex
2458 5715 2693 5769 editione
2719 5711 2964 5784 Pamelii,
2994 5711 3084 5784 qui
3110 5709 3228 5784 illos
3254 5707 3420 5764 edidit

1835 5789 1977 5843 inter
2005 5781 2386 5857 Prelcgomcna
2417 5785 2648 5842 Onerum
2680 5783 2851 5838 sancti
2876 5781 3146 5853 Cypriani.
