3930 6324
467 348 578 407 859

1548 341 1927 400 EGINHARDI
1966 343 2261 400 ABBATIS
2299 341 2621 400 ANNALES

3673 338 3778 402 360

467 478 713 540 queinec
743 462 812 518 ab
853 461 1081 540 historia
1130 460 1417 540 scribenda
1467 467 1772 540 iemperare
1825 459 2074 540 debuisse
2104 465 2154 523 Λ
2179 469 2328 540 certa
2360 459 2670 540 conjectura
2696 456 2967 540 ducimur)
3001 457 3068 540 ab
3099 458 3192 512 illo
3241 460 3404 540 bona:
3441 459 3779 540 _Latinita_tis

467 529 774 592 credendus
822 535 941 600 sit,
983 541 1164 586 tamen
1219 532 1273 586 in
1322 529 1608 585 annalibus
1663 545 1803 584 anno
1855 530 1962 584 806
1998 530 2066 585 de

468 605 777 674 eclipsibus,
810 603 968 674 annis
992 599 1119 674 825
1147 609 1203 674 et
1228 599 1335 657 8'25
1366 601 1434 655 de
1485 600 1661 674 puella
1700 600 2068 655 Commercia-

468 671 617 754 censi
673 675 850 754 dicta,
904 672 1036 754 ipsis
1075 671 1235 727 annis
1285 671 1586 754 composita
1649 679 2064 754 essenapparet.

470 745 732 822 Dumque
754 739 1204 822 enica—libertum
1236 739 1521 822 scripsisse
1554 755 1621 822 eo
1653 739 2023 822 intelligimus
2051 781 2065 804 ,

468 809 794 888 quod'aniio
820 811 1013 888 821'_de
1037 811 1210 888 glacie
1229 809 1613 888 ﬂuviorumjn
1649 809 1828 888 Gallia
1847 809 1902 864 et
1935 809 2071 865 Ger-

469 880 675 950 mania,
701 883 906 947 Rheni,
932 880 1185 944 Danubii,
1213 881 1366 936 Albis
1403 896 1467 935 ac
1517 880 2029 952 Sequanzeilocutus
2053 922 2068 946 ,

469 953 691 1022 adjiciat
719 971 738 1005 ι
768 952 926 1021 cuius
977 952 1236 1007 resolutio
1267 967 1376 1006 non
1415 950 1689 1022 modicum
1718 950 1861 1005 villis
1900 986 1902 989 -
1913 950 2070 1020 juxta

467 1020 875 1080 Rbeni‘ﬂuenta
903 1021 1217 1078 constitutis
1245 1022 1501 1076 damnum
1532 1020 1730 1084 intulit,
1773 1040 1790 1074 ι
1831 1022 1934 1076 hoc
1963 1024 2071 1075 n‘on

469 1095 834 1165 Soligenstadi
890 1092 1058 1165 fuisse
1085 1133 1098 1155 ,
1158 1100 1416 1165 constans
1477 1091 1558 1165 de
1577 1090 1872 1165 Germania
1915 1091 2072 1165 quasi

470 1161 627 1221 trans
653 1163 903 1218 Rhenum
938 1164 1046 1218 sita
1070 1176 1251 1232 sermo
1307 1161 1562 1232 (exempli
1590 1162 1784 1230 gratia,
1810 1177 1901 1215 an.
1936 1161 2071 1226 795,

461 1235 598 1301 εἶθ)
623 1235 782 1303 nobis
804 1233 1115 1303 persuadet.
1173 1230 1903 1303 Secundam‘igiiuroperis
1948 1246 2076 1303 par-

468 1313 578 1359 tem
608 1320 707 1375 per
741 1301 985 1375 singntos
1014 1317 1205 1375 annos,
1243 1301 1374 1375 dum
1396 1302 1512 1375 ipse
1541 1301 2075 1375 aulmiimperatorige

471 1371 797 1445 adlizereret,
827 1371 882 1428 et
935 1371 1262 1445 Aquisgrani
1325 1371 1711 1445 p_ra2cipue,_ab
1762 1371 2076 1445 Eginba‘rdo

471 1444 829 1512 compositam
868 1440 1297 1512 esse'propono.
1325 1440 1464 1496 Hinc
1490 1440 1559 1495 ‘et
1587 1440 1756 1495 altum
1792 1440 1871 1512 de
1903 1441 2074 1496 Adal-

472 1510 631 1570 hardi
658 1523 712 1568 et
763 1513 934 1568 Wala:
978 1510 1237 1567 abbatum
1294 1512 1451 1566 ruina
1477 1511 1626 1582 (nam
1673 1510 2074 1570 restitutionem
2137 1559 2142 1565 .

469 1583 761 1655 memorat)
796 1583 1088 1655 silentium,
1122 1589 1175 1636 et
1201 1597 1299 1636 cur
1345 1581 1493 1652 opus
1528 1581 1672 1636 ultra
1717 1595 1922 1639 annum
1971 1582 2076 1638 829

471 1671 578 1710 non
602 1652 935 1718 excreverit,
965 1652 1296 1708 declaratur.

545 1725 614 1780 Ut
635 1725 808 1795 igitur
841 1723 1030 1795 paucis
1085 1722 1420 1795 sententiam
1446 1728 1650 1776 “meam
1708 1721 1776 1776 de
1841 1729 2077 1795 utroque

468 1807 636 1876 opere
660 1791 977 1874 absolvam,
994 1792 1232 1872 Annales
1257 1791 1670 1876 ii'aurissenses,
1696 1807 1871 1873 usque
1889 1791 2074 1876 sitan.
2107 1817 2154 1876 Β
2182 1791 2947 1876 ξζδδῶῖιᾞξξθξᾝξέςδηξη

469 1860 575 1919 788
600 1864 652 1917 in
683 1862 1015 1916 monasterio
1044 1862 1220 1916 sancti
1257 1860 1472 1915 Nazarii
1504 1862 1855 1931 compositos,
1882 1862 2074 1916 ultimo

470 1933 656 2003 saculi
688 1933 870 1987 octavi
901 1933 1167 2003 decennio
1189 1931 1255 1986 ad
1276 1946 1484 2003 manus
1513 1931 1834 2003 Eginbardi,
1891 1935 2074 2003 magni

472 2002 1026 2058 Lauresbamensium
1048 2002 1230 2064 amici,
1258 2000 1566 2065 devenisse,
1597 2008 1654 2054 et
1681 2000 1749 2054 ab
1787 2016 1853 2055 eo
1905 2000 2077 2056 conti-

471 2074 734 2128 nuatione
763 2086 1032 2125 annorum
1061 2070 1316 2134 788-829,
1351 2069 1568 2139 qualem
1603 2070 1892 2134 Annalium
1933 2071 2076 2125 Lau-

471 2143 795 2198 rissensiutn
843 2142 1061 2196 codices
1103 2142 1387 2205 exhibent,
1432 2141 1678 2204 donatos,
1728 2155 1893 2210 opere
1946 2157 2076 2196 vero

471 2213 539 2266 ai
576 2212 740 2269 finem
768 2213 1051 2281 perducto,
1083 2212 1326 2281 priorem
1355 2211 1520 2264 etiam
1550 2218 1766 2281 partem
1805 2213 2075 2265 monacho

472 2284 733 2347 debitam,
767 2279 933 2351 quam
954 2279 1122 2351 opera
1148 2297 1249 2336 sua
1278 2279 1573 2350 plurimum
1619 2280 1861 2348 indigere
1919 2281 2077 2334 intel-

471 2351 716 2417 lexisset,
746 2351 815 2405 ab
847 2351 1158 2422 Eginhardo
1202 2351 1566 2422 recognitam,
1602 2357 1766 2418 atque
1789 2365 1909 2422 una
1951 2365 2078 2405 cum

471 2422 885 2476 continuatione
905 2421 1110 2490 paucis
1135 2421 1318 2490 verbis
1353 2421 1641 2490 immutata
1684 2434 1785 2490 suo
1833 2421 1935 2490 sub
1975 2436 2075 2474 no-

471 2492 619 2546 mine
639 2491 846 2545 editam
861 2487 984 2546 esse
1009 2505 1232 2546 censeo.
1253 2487 1388 2555 Qua
1415 2489 1462 2543 si
1492 2489 1582 2544 cui
1622 2489 1803 2543 minus
1853 2489 2076 2558 placue‘

471 2562 606 2627 rint,
639 2559 747 2614 alia
777 2575 878 2616 nos
906 2561 1102 2616 docere
1129 2575 1239 2614 non
1268 2559 1642 2629 supersedeat.

543 2631 629 2686 Ad
674 2641 990 2700 temporum
1037 2629 1306 2685 rationem
1335 2628 1508 2699 ’quod
1564 2628 1826 2700 periinet,
1875 2644 2078 2700 annum

472 2716 631 2757 suum
661 2698 1170 2755 Laureshamensis'
1199 2698 1506 2769 monachus
1546 2707 1601 2769 et
1655 2698 2001 2769 Eginhardus
2046 2716 2077 2754 a

474 2771 765 2826 nativitate
801 2770 1017 2826 Domini
1058 2770 1336 2833 inchoant,
1368 2768 1512 2839 quod
1561 2768 1627 2823 iis
1681 2768 1838 2839 annis
1881 2771 2077 2838 quibus

541 2857 570 2894 r
595 2841 830 2896 hiemem
859 2841 1024 2896 etiam
1046 2854 1145 2910 res
1160 2847 1347 2910 gestae,
1363 2847 1535 2910 sunt,
1558 2841 1800 2910 exempli
1823 2908 1833 2910 _
1858 2841 2073 2910 gratia,

511 2910 603 2970 68.
643 2910 783 2976 776,
816 2911 910 2965 781
937 2950 951 2974 ,
985 2909 1109 2973 785,
1139 2905 1264 2976 787,
1290 2905 1416 2974 800,
1474 2905 1573 2962 801
1600 2949 1615 2974 ,
1638 2905 1776 2974 8οἱ,
1810 2905 1949 2975 806,
1974 2909 2076 2964 807

474 2980 635 3035 initio
659 2988 714 3034 et
738 2979 868 3046 ﬁne,
897 2979 1023 3045 808,
1062 2989 1193 3045 etc:,
1247 2986 1402 3042 extra
1454 2978 1849 3035 dubitationem
1895 2980 2073 3046 venit;

473 3049 654 3105 hieme
687 3060 866 3130 tamen
892 3065 994 3130 per
1017 3051 1255 3130 quietem
1275 3049 1476 3130 ducta,
1523 3057 1755 3130 uterque
1792 3057 2076 3130 “geniem

471 3134 674 3190 annum
689 3117 1429 3190 nonnisipost'verisinltium
1461 3117 1740 3190 inchoare,
1753 3126 1809 3174 et
1829 3117 1908 3190 Na
1916 3119 2073 3174 talem

2180 531 2410 583 nimium
2466 529 2711 584 studioso
2767 529 3055 583 immutata
3107 545 3248 585 esse.
3301 530 3455 596 Quod
3491 540 3551 584 ut
3579 530 3782 585 clarius

2172 600 2628 723 prgdeat.‘pauca
2659 599 2907 669 exempla
2935 600 3017 653 vel
3052 615 3161 654 uno
3189 615 3334 654 anno
3368 601 3467 655 787
3486 599 3781 672 desumpta

2176 685 2237 723 su
2281 685 2420 724 ic.::n
2457 715 2470 724 .

2334 693 2439 725 Αιιι
2457 715 2470 728 ,

2250 758 2350 832 ybi
2387 759 2608 816 Codices
2640 760 2816 832 legunt
2845 775 2864 812 :

2245 830 2315 884 Et
2341 838 2474 886 tunc
2507 830 2754 886 rebellati
2813 840 2939 887 sunt

2177 901 2374 955 iterum
2402 901 2667 966 Saxones,

2253 970 2370 1038 Quo
2397 971 2582 1026 audite
2619 988 2648 1026 a
2692 972 2942 1042 supradi-

2177 1049 2266 1095 cto
2293 1042 2402 1096 tilio
2431 1043 2612 1097 domni
2638 1042 2817 1096 Caroli
2858 1057 2944 1097 re-

2183 1112 2288 1183 gis,
2318 1111 2533 1166 obviam
2558 1113 2639 1168 eis
2688 1113 2939 1180 accessit,

2251 1190 2313 1236 ut
2369 1183 2421 1236 in
2479 1183 2787 1237 Benevento
2836 1199 2943 1238 non

3147 759 3399 815 Canisius
3425 762 3595 814 edidit
3631 776 3649 813 :

3085 829 3328 886 Saxones
3392 840 3520 886 tunc
3580 833 3784 888 iterum

3011 901 3364 964 rebellarunt,

3084 972 3202 1043 Quo
3230 972 3435 1036 audito,
3495 975 3782 1043 supradic-

3019 1050 3103 1096 tus
3133 1041 3276 1097 ﬁlius
3297 1041 3680 1109 domniCaroli
3706 1059 3786 1097 re-

3015 1111 3099 1181 gis
3120 1111 3335 1175 obviam
3364 1112 3461 1166 ivit
3499 1113 3598 1174 eis,

3086 1197 3156 1237 ne
3206 1182 3581 1237 Beneventum
3611 1185 3787 1237 intra—

2183 1251 2488 1318 introisset,
2519 1261 2574 1305 et
2615 1267 2806 1308 omnes
2851 1269 2945 1308 vo-
3018 1259 3137 1316 ret,
3199 1253 3327 1321 quia
3381 1253 3541 1307 vellet
3588 1270 3786 1308 omnes

2179 1321 2419 1404 iuntates
2449 1321 2698 1405 ‘praefati
2759 1324 2944 1405 donini
3019 1322 3329 1378 voluntates
3357 1324 3500 1394 regis
3517 1325 3787 1394 adimple-

2180 1395 2327 1516 gelgits
2397 1392 2697 1464 adimplere
2761 1394 2947 1464 cupie-
3013 1407 3097 1458 re,

2256 1480 2287 1516 n
2321 1504 2335 1516 .

2220 1472 2335 1527 ant,

2253 1534 2399 1605 unde
2427 1540 2484 1590 et
2529 1534 2762 1605 domnus
2813 1550 2945 1605 apo-

2182 1603 2408 1659 stolicus
2433 1604 2662 1660 multum
2691 1620 2754 1660 se
2777 1603 2947 1660 infers

2182 1688 2390 1743 ponens
2442 1674 2762 1744 postolando
2815 1675 2947 1730 iam-

2185 1744 2329 1799 dicto
2351 1748 2551 1800 domno
2586 1760 2735 1814 rege.
2766 1745 2832 1800 Et
2862 1747 2945 1814 ip-

3089 1533 3234 1594 unde
3260 1542 3315 1590 et
3345 1536 3576 1590 domnus
3615 1551 3784 1605 apos-

3020 1603 3212 1660 tolicus
3241 1606 3470 1659 multum
3505 1621 3565 1660 se
3613 1603 3787 1660 inter-

3016 1689 3226 1744 ponens
3288 1677 3562 1745 precando
3630 1677 3760 1729 dom
3773 1708 3785 1715 -

3017 1761 3146 1816 num
3179 1760 3385 1816 regem,
3420 1746 3511 1814 qui
3556 1758 3786 1816 rcSpon-

3018 1815 3096 1870 dit
3118 1830 3176 1870 se
3210 1815 3467 1878 valuisse,

2181 1885 2483 1954 apostolico
2494 1886 2596 1942 hoc
2609 1900 2668 1941 se
2680 1885 2939 1951 voluisse,

2249 1953 2589 2028 apostolicus,
2636 1970 2766 2028 vero
2815 1971 2941 2028 cum

2176 2026 2520 2095 cognovisset
2560 2027 2625 2080 de
2674 2027 2944 2080 instabili-

2177 2102 2290 2149 tate
2317 2095 2403 2149 vel
2420 2095 2700 2150 mendacia
2729 2112 2940 2160 eorum,

2177 2165 2360 2218 statim
2385 2181 2555 2235 supra
2596 2166 2790 2221 ducem
2845 2181 2942 2220 eo-

2179 2250 2298 2288 rum
2322 2234 2406 2290 vei
2434 2234 2546 2290 suis
2563 2237 2944 2291 consentaneis

2181 2306 2471 2360 anathema
2501 2307 2700 2376 posuit,

3086 1955 3415 2026 apostolicus
3465 1971 3597 2010 vero
3654 1973 3784 2011 cum

3019 2027 3367 2095 cognovisset
3453 2028 3782 2080 instabilita-

3019 2104 3128 2150 tem
3159 2096 3397 2151 mandati
3425 2112 3637 2158 eorum,
3671 2108 3785 2151 ste.—

3015 2165 3115 2219 tim
3163 2167 3536 2236 supradictunt
3589 2167 3783 2221 ducem

3017 2249 3139 2290 cum
3220 2238 3603 2291 consentaneis
3668 2240 3787 2292 suis

3017 2307 3364 2360 anathemate
3394 2307 3561 2360 feriit.

2180 2413 2309 2479 Quae
2339 2429 2461 2467 cum
2494 2415 2568 2467 ita
2605 2414 2733 2477 sint,
2761 2414 2902 2469 hanc
2930 2414 3250 2480 editionem,
3281 2415 3351 2469 ob
3381 2416 3616 2468 nominis
3646 2416 3790 2470 Lau-

2182 2485 2550 2538 rcshamensis
2577 2485 2942 2553 reverentiam
2969 2487 3145 2554 primo
3166 2495 3320 2539 certe
3352 2485 3469 2539 loco
3495 2485 3781 2540 collocan-

2181 2553 2540 2623 damtminus
2569 2561 2752 2610 tamen
2782 2553 2982 2623 presse
2997 2562 3215 2610 secutus
3243 2571 3385 2610 sum.

2252 2623 2305 2676 2.
2340 2622 2638 2678 Plurimum
2661 2639 2690 2685 e
2706 2622 2898 2678 contra
2922 2625 3100 2679 codici
3130 2625 3474 2679 bibliothecae
3491 2624 3788 2680 Christinaz

2180 2693 2380 2764 reginae
2401 2709 2550 2748 num.
2584 2695 2687 2748 617
2715 2694 2929 2764 signato
2954 2695 3307 2764 tribuendum
3333 2706 3474 2758 erat,
3508 2712 3670 2763 quem
3717 2699 3785 2749 ab

2181 2763 2640 2819 exCellentissimo
2667 2763 2888 2820 domino
2913 2763 3084 2820 libero
3114 2765 3322 2820 barone
3363 2768 3430 2819 de
3480 2765 3639 2822 Stein
3692 2769 3786 2821 de

2181 2834 2626 2898 tectum,.Rom:e
2653 2836 2707 2889 in
2737 2851 2867 2889 usus
2893 2843 3111 2889 nostros
3137 2836 3297 2889 verti.
3322 2836 3418 2889 Est
3442 2838 3788 2891 membrana-

2179 2918 2332 2968 ceus,
2363 2904 2552 2960 ferina:
2574 2922 2735 2975 quam
2769 2905 2955 2975 dicunt
2983 2906 3035 2958 in
3061 2913 3277 2970 octavo,
3306 2906 3487 2960 saeculi
3519 2908 3672 2971 noni,
3726 2917 3784 2960 ut

2179 2983 2412 3046 ectypon
2436 2974 2798 3046 buic'paginze
2839 2974 3109 3044 adjectum
3166 2984 3420 3039 testatur,
3454 2992 3617 3030 manu
3679 2977 3784 3031 tida

2179 3051 2236 3121 et
2255 3043 2536 3121 diligenti,
2552 3043 2936 3121 quaiqneraro
2966 3060 2997 3098 a
3025 3060 3154 3121 vero
3178 3045 3479 3121 aberraret,
3497 3056 3781 3121 exaratus.

2181 3113 2399 3186 Excidit
2421 3113 2634 3170 initium
2654 3113 2836 3186 operis
2861 3129 3034 3186 usque
3063 3116 3131 3169 ad
3159 3116 3287 3169 anni
3318 3116 3418 3169 777
3449 3132 3639 3172 vocem
3669 3118 3788 3186 pln-

475 3173 786 3245 Dotnini—et
818 3173 1027 3260 Pascha
1072 3173 1227 3260 anno
1268 3173 1739 3260 proxime-elapso,
1766 3173 2075 3260 adiungere
2103 3173 2147 3236 (ἶ
2180 3184 2342 3237 citum
2363 3184 2461 3238 hoc
2481 3173 2759 3260 accubitio:
2779 3193 2894 3260 tum
2918 3173 3464 3260 ibiium‘unumanno
3518 3187 3647 3251 787,
3669 3173 3680 3186 ”
3706 3189 3784 3240 al-

472 3261 724 3325 videtur;
759 3259 905 3329 quod
939 3259 1212 3315 neminem
1252 3259 1309 3314 in
1337 3273 1581 3314 errorem
1621 3259 1821 3329 dueere
1850 3259 2070 3328 potest.

550 3328 1216 3394 Editionemita‘institui,
1276 3335 1338 3383 ut
1392 3343 1516 3383 cum
1563 3328 1786 3397 utrique
1832 3330 2075 3387 Annales

475 3399 603 3454 inde
626 3401 695 3454 ab
725 3414 870 3453 anno
885 3397 985 3454 801
1019 3400 1087 3453 ad
1102 3399 1340 3453 litteram
1365 3397 1483 3453 fere
1496 3399 1853 3462 consentiant,
1879 3401 2076 3456 exinde

475 3469 774 3524 secundam
803 3477 1013 3522 tantum
1035 3469 1352 3535 editionem,
1390 3482 1556 3538 quam
1585 3467 1833 3523 ultimam
1863 3471 2075 3524 auctori

473 3538 751 3609 placuisse
780 3538 1054 3609 existimo,
1082 3539 1231 3609 typis
1252 3539 1642 3609 exprimerem,
1678 3539 1910 3609 diversis
1941 3539 2076 3594 alte-

475 3608 592 3664 rius
620 3608 948 3664 lectionibus
983 3623 1092 3663 non
1121 3608 1294 3663 solum
1325 3608 1578 3672 servatis,
1615 3608 1711 3662 sed
1757 3615 1813 3662 et
1845 3610 2074 3663 uncina-

477 3694 602 3733 rum
627 3678 928 3748 opetcxtui
950 3677 1553 3748 iusertis.AMo_nendum
1594 3678 1877 3748 restat,_in
1906 3693 2078 3734 anno-

476 3746 778 3804 tationibus
833 3762 1103 3803 annorum
1155 3746 1404 3803 801-829
1457 3747 1639 3801 littera
1687 3747 1732 3800 A
1781 3746 2075 3804 Annalium

475 3817 795 3942 ﬂgiiilaardi,
821 3817 1005 3872 littera
1031 3817 1072 3870 Β
1097 3817 1389 3877 Annalium
1406 3817 1844 3872 Laurissensium
1861 3819 2076 3875 codices

475 3903 616 3942 siam
658 3903 799 3942 cari.

475 3903 799 3943 ειεηιυοανι.

528 3903 829 4013 88138338
857 3958 1161 4014 anteriores
1190 3973 1382 4014 omnes
1409 3957 1585 4012 codici
1614 3965 1726 4012 tum
1764 3957 2072 4014 Lauresha-

477 4027 677 4092 mensi,
704 4027 1015 4083 Loiseliano
1033 4037 1088 4083 et
1116 4028 1348 4082 Baronis
1381 4027 1448 4082 de
1477 4027 1742 4091 Crassier,
1779 4037 1894 4085 tum
1925 4029 2074 4084 Nuc-

475 4098 724 4163 nariano,
752 4097 1044 4153 cardinalis
1079 4098 1440 4163 d‘Armagnac
1484 4106 1541 4152 et
1585 4097 1880 4153 Casselano
1934 4099 2076 4154 inni-

479 4175 702 4237 tuntnr;
735 4175 938 4237 praeter
981 4182 1104 4236 quae
1139 4167 1185 4223 si
1235 4167 1387 4222 nulla
1433 4167 1674 4222 subsidia
1719 4167 1837 4222 alia
1881 4177 2074 4225 nactus

475 4236 1576 4308 fuissem,scriptores'quiposterioribus
1605 4237 1821 4308 seculis
1849 4240 2075 4308 annales

477 4317 697 4362 nostros
729 4307 782 4361 in
806 4305 969 4361 usum
990 4305 1151 4362 suum
1177 4305 1483 4371 verterunt,
1515 4308 1570 4361 in
1600 4305 1859 4361 auxilium
1874 4305 2073 4365 vocare

477 4376 694 4446 animus
724 4376 845 4441 fuit,
879 4376 975 4432 sed
992 4377 1166 4446 multo
1192 4377 1512 4432 melioribus
1540 4377 1747 4446 potitus
1771 4393 1912 4442 sum,
1949 4394 2072 4434 cum

477 4445 770 4518 §ocietatis
800 4445 1102 4518 beneficio
1154 4447 1372 4518 codices
1429 4445 1913 4518 praestantissimos
1974 4464 2073 4518 per

2179 3262 2359 3308 terum
2390 3255 2548 3310 annis
2567 3255 2822 3318 791-794,
2855 3263 2918 3325 et
2959 3254 3083 3309 ﬁnis
3135 3255 3428 3325 Annalium
3473 3268 3604 3325 post
3630 3260 3779 3312 'anni

2178 3325 2286 3381 8l3
2299 3339 2490 3381 vocem
2519 3335 2864 3380 recesserunt.
2894 3324 3042 3394 Opus
3073 3324 3288 3394 indeab
3317 3341 3458 3380 anno
3475 3324 3576 3380 7H
3613 3327 3784 3381 incce-

2178 3396 2346 3464 pisse,
2361 3411 2430 3451 ex
2456 3409 2684 3453 numero
2709 3393 3102 3466 cuilibct’anno
3131 3393 3342 3463 adjecto
3366 3405 3782 3466 apparet,cum,

2178 3468 2413 3550 exempli
2443 3466 2637 3550 gratia,
2666 3481 2840 3548 annus
2867 3465 3098 3550 778‘_pr_o
3127 3467 3367 3550 capitulo
3384 3465 3456 3550 ΞΠ
3499 3477 3783 3550 compute-

2179 3542 2300 3599 tur;
2331 3535 2494 3591 iidein
2521 3535 2736 3590 numeri
2778 3536 2833 3590 in
2879 3536 3156 3590 codicibus
3185 3535 3218 3589 5
3274 3545 3329 3590 et
3384 3538 3414 3590 7
3459 3535 3778 3592 occurrunt.

2180 3604 2258 3658 De
2277 3607 2490 3676 origine
2517 3605 2719 3660 codicis
2749 3605 2880 3660 nihil
2912 3614 3160 3676 constat;
3185 3620 3287 3676 ego
3313 3622 3436 3662 eum
3460 3623 3489 3660 a

2249 3622 2359 3659 ξονι
2404 3622 2490 3661 me
2517 3622 2719 3660 councns
2749 3622 2880 3660 nmn
2912 3622 3160 3670 consmt;
3185 3622 3287 3676 ego
3313 3622 3436 3662 eum
3460 3623 3489 3660 a

2249 3676 2304 3730 5.
2345 3622 2659 3747 ιὲειεινὴῃο,
2700 3676 2853 3747 cujus
2887 3675 3092 3744 aliquot
3127 3676 3390 3731 lectiones
3418 3675 3693 3747 Chesnius
3727 3678 3776 3731 in

2180 3746 2426 3816 margine
2468 3745 2724 3801 editionis
2767 3745 2880 3800 Suae
2921 3747 3219 3816 excerpsit,
3268 3762 3390 3810 non,
3416 3746 3582 3800 alium
3631 3763 3775 3812 esse,

2176 3829 2499 3884 persuasum
2541 3816 2675 3870 mihi
2707 3816 2915 3880 habeo;
2969 3832 3094 3870 nam
3136 3831 3326 3872 omnes
3369 3817 3634 3872 lectiones
3677 3819 3779 3872 illa:

2178 3900 2300 3940 cum
2328 3884 2608 3941 Vaticanis
2646 3886 3057 3941 accuratissime
3102 3887 3473 3952 concordant,
3526 3903 3629 3941 nec
3676 3890 3777 3943 du-

2176 3955 2327 4010 bium
2373 3970 2592 4026 movere
2633 3957 2798 4012 debet
2835 3958 2981 4026 quod
3020 3972 3162 4012 anno
3192 3957 3295 4012 778
3339 3959 3509 4013 ordiri
3555 3959 3776 4022 dicitur,

2177 4040 2302 4096 cum
2334 4025 2524 4080 ultima
2557 4040 2678 4096 qua:
2714 4025 2938 4080 exstant
2979 4027 3108 4081 anni
3150 4029 3510 4096 pracedentis
3540 4030 3704 4082 verba
3749 4047 3776 4082 a

2177 4040 2302 4079 cum
2334 4040 2524 4080 ultima
2557 4040 2678 4148 quae
2714 4040 2938 4080 exstant
2979 4041 3108 4081 anni
3150 4040 3510 4096 precedenus
3540 4040 3704 4082 verba
3749 4047 3774 4082 a

2176 4093 2414 4178 Cbesnio
2464 4111 2569 4166 neg
2591 4104 2713 4150 ecta
2763 4110 2884 4178 esse
2930 4097 3515 4178 POSEEDI'.JA19X3n(-iri
3567 4097 3774 4178 [fetavii

2175 4164 2346 4238 libros
2386 4164 2585 4238 magna
2618 4181 2687 4220 ex
2726 4174 2882 4238 parte
2928 4164 2982 4220 in
3018 4165 3320 4238 Christinze
3345 4169 3546 4238 reginae
3568 4169 3775 4238 biblio-

2177 4235 2392 4291 thecam
2418 4235 2683 4291 transisse
2710 4236 2846 4291 satis
2871 4245 3109 4302 constat,
3140 4245 3196 4291 et
3225 4235 3532 4291 codex’6l7
3566 4236 3771 4292 Petavii

2174 4306 2396 4376 nomine
2439 4307 2736 4376 inscriptus
2776 4315 2877 4360 est.
2928 4306 3149 4361 Chesnii
3185 4315 3367 4361 tamen
3408 4317 3657 4376 tempore
3689 4308 3770 4361 fo-

2175 4375 2341 4441 lium,
2388 4376 2532 4444 quod
2572 4375 2687 4447 jam
2729 4391 2823 4430 an.
2853 4376 3094 4432 791-794
3126 4377 3490 4441 desideratur,
3524 4375 3770 4432 nonduin

2177 4447 2476 4501 exciderat.

2177 4447 2476 4507 exciderat.

474 4515 828 4571 Germaniam
853 4524 910 4571 et
934 4515 1146 4574 Italiam
1177 4516 1471 4640 insEicere,
1499 4516 1839 4586 aliorumque
1887 4515 2152 4576 lectio-D
2247 4517 2300 4570 4.
2345 4515 2586 4570 Primum
2633 4517 2926 4572 Annalium
2975 4516 3326 4572 Fuldensium
3378 4527 3662 4574 auctorem
3707 4533 3766 4571 ex

477 4586 639 4640 nibus
661 4587 738 4640 uti
765 4585 900 4640 mihi
919 4586 1230 4640 contiuerit.
1286 4586 1530 4640 'ditionis
1554 4587 1720 4640 icitur
1747 4595 1949 4640 nostra!
1965 4588 2078 4640 An-
2179 4586 2366 4640 codice
2391 4588 2683 4640 Annalium
2704 4629 2718 4640 .
2759 4589 2850 4640 aui
2882 4589 3129 4640 proxime
3156 4586 3223 4640 ad
3253 4587 3497 4640 codicem
3527 4589 3562 4640 2
3593 4589 3710 4640 sive
3739 4591 3766 4640 5

477 4586 639 4658 nibus
661 4587 740 4658 uti
765 4585 900 4658 mihi
919 4586 1230 4658 contigerit.
1250 4585 1539 4658 iiditionis
1554 4587 1720 4658 igitur
1747 4585 1949 4642 nostrae
1965 4588 2078 4643 An-

477 4655 680 4712 nalium
719 4655 1156 4710 Laurissensium
1185 4655 1424 4710 subsidia
1455 4655 1708 4710 fuci-unt:

551 4726 603 4798 1ἵ
629 4725 844 4782 Codicis
870 4725 1363 4798 Laureshamensis
1395 4726 1855 4798 ¢_membranacei
1880 4741 2074 4798 perve-

479 4796 608 4868 iiisti
637 4815 656 4848 ›
689 4795 1140 4868 apographum,_a
1169 4794 1391 4868 Canisio
1422 4795 1597 4868 Lectt.
1658 4794 1898 4868 Antiqq.’
1926 4807 2069 4868 tom.

479 4808 608 4850 tustt
637 4815 656 4848 ›
689 4808 1080 4920 agograpnum,
1109 4809 1140 4849 ι
1169 4808 1391 4851 uantsm
1422 4808 1597 4860 Lectt.
1658 4808 1884 4868 antiqq.
1939 4808 2069 4853 tom.

477 4865 565 4931 Ill,
591 4865 784 4948 μή]
811 4879 992 4948 seqq...
1012 4864 1311 4948 vulgatum.
1339 4864 1893 4948 Pertingitﬂsquen‘a‘d
1910 4867 2070 4948 ﬁnem

475 4933 611 4989 anni
640 4933 767 5000 788,
814 4933 1224 4990 continuatione
1280 4933 1552 4990 annorum
1601 4933 1730 4999 789,
1766 4937 1892 5002 790,
1941 4937 2068 5003 791,

477 5004 602 5075 792,
626 5004 752 5075 793,
784 5003 1051 5072 subjecta,
1081 5019 1245 5075 quam
1275 5020 1422 5075 cum,
1448 5005 1518 5060 ab
1559 5005 1732 5060 altera
1787 5008 2071 5062 continua-

479 5074 627 5129 tione
652 5073 831 5144 plane
857 5073 1148 5144 diversari,
1193 5074 1248 5127 in
1296 5074 1596 5144 Annalibus
1638 5075 2073 5133 Laureshamen-

477 5145 630 5199 sibus
658 5142 902 5213 reperire
925 5142 1112 5214 liceat,
1144 5145 1235 5200 hic
1272 5152 1483 5198 tantum
1511 5142 1701 5214 ultima
1730 5144 1848 5214 ejus
1880 5149 2070 5214 verba,

477 5213 914 5299 satisic‘orrupta,
947 5213 1406 5299 exhibendasu‘nt
1436 5233 1449 5268 :
1479 5234 1498 5266 ι
1527 5213 1635 5299 S_ed
1657 5225 1712 5297 et
1741 5213 1796 5270 in
1810 5213 2067 5299 ii'urgun-é

475 5283 563 5340 dia
581 5294 635 5357 et
649 5282 877 5357 Francia
892 5282 1167 5357 pervalida
1181 5284 1301 5338 tulit.
1319 5284 1528 5357 Etcum
1541 5283 1793 5357 dominus
1810 5282 2072 5357 Pippinus

478 5368 573 5425 rex
607 5353 732 5425 inde
755 5351 1026 5425 pergeret,
1060 5351 1352 5425 Sarraceni
1375 5355 1468 5425 qui
1496 5355 1549 5408 in
1577 5354 1837 5425 Hispania
1875 5351 2066 5424 'c‘rant,

479 5422 1026 5504 existimantes'quod
1055 5422 1440 5504 Avari_cont_ra
1471 5439 1654 5504 regem
1677 5422 2065 5504 dimicassent,

476 5493 680 5565 egressi
714 5493 780 5547 de
829 5491 1028 5565 ﬁnibus
1065 5494 1179 5565 suis
1231 5495 1286 5548 in
1316 5491 1578 5565 aliquam
1619 5495 1781 5551 Indiae
1835 5491 2064 5565 partem,

473 5563 875 5635 omniungentcs
895 5578 954 5617 se
990 5563 1220 5635 invicem
1263 5563 1331 5618 ad
1359 5563 1570 5635 partem
1612 5563 1876 5631 nostram,
1913 5568 2066 5622 multi

479 5632 694 5704 ibidem
728 5632 1044 5704 ceciderunt
1073 5633 1140 5688 de
1167 5632 1397 5704 utraque
1449 5643 1623 5704 parte.
1662 5656 1679 5688 ›
1709 5635 1785 5690 Dc
1818 5637 1924 5692 ﬁde
1961 5639 2071 5692 edi.

477 5703 685 5756 tionum
715 5701 918 5756 Canisii
953 5717 1075 5756 cum
1114 5704 1248 5759 alias
1272 5701 1386 5772 iam
1411 5701 1545 5760 satis
1572 5713 1804 5769 constet,
1839 5723 1944 5762 non
1987 5716 2070 5763 est

476 5771 618 5842 quoi
651 5773 933 5838 miremur,
964 5772 1164 5844 stylum
1196 5784 1252 5830 ct
1276 5770 1381 5829 alia
1407 5791 1510 5830 non
1539 5791 1710 5846 pauca
1740 5777 1808 5848 (si
1843 5777 2062 5847 quidem

2179 4586 2366 4641 codice
2391 4588 2683 4641 Annalium
2704 4629 2718 4652 ,
2759 4589 2850 4656 qui
2882 4589 3129 4656 proxime
3156 4586 3223 4642 ad
3253 4587 3497 4643 codicem
3527 4589 3562 4641 '2
3593 4589 3710 4643 sive
3739 4591 3769 4642 5

2178 4656 2484 4721 accederet,
2509 4657 2777 4726 hausisse,
2799 4673 2866 4712 ex
2890 4659 2957 4712 iis
2978 4673 3098 4726 qua:
3121 4672 3262 4712 anno
3285 4658 3390 4712 792
3413 4667 3470 4712 et
3497 4658 3602 4713 804
3631 4658 3768 4712 refe-

2177 4733 2312 4798 runt
2328 4735 2501 4794 patet.
2535 4723 2668 4782 Cum
2698 4741 2828 4783 vero
2846 4723 3082 4782 consilio
3111 4737 3166 4782 et
3189 4727 3427 4782 dictione
3451 4743 3586 4796 opus
3611 4729 3769 4798 plane

2175 4795 2448 4851 diversum
2484 4811 2514 4849 a
2545 4804 2732 4851 nostro
2759 4798 2991 4854 habendi
3017 4799 3152 4863 sint,
3196 4812 3325 4852 raro
3353 4799 3420 4852 ad
3449 4795 3640 4852 eorum
3670 4813 3766 4852 au-

2175 4866 2486 4921 ctoritatem
2514 4867 2868 4923 recurrimus.

2246 4933 2298 4992 5.
2341 4935 2522 4991 Codex
2559 4936 2903 4993 bibliotheca:
2928 4937 3194 4994 Caesarea:
3216 4938 3678 5004 Vindobonensis,
3714 4942 3764 4994 in

2172 5006 2418 5077 catalogo
2461 5006 2706 5078 historia:
2749 5008 3134 5064 ecclesiastica:
3164 5023 3392 5063 numero
3422 5008 3492 5063 90
3522 5011 3766 5078 signatus

2173 5083 2337 5146 atque
2356 5074 2472 5132 'sub
2494 5074 2661 5148 tinem
2696 5078 2877 5133 seaculi
2907 5096 2964 5133 ix
2995 5079 3252 5148 scriptus,
3294 5088 3493 5148 praeter
3527 5074 3763 5134 Annales

2172 5153 2391 5234 gostros
2419 5153 2572 5217 gesta
2602 5147 2982 5234 Romanorum
3003 5147 3543 5234 pontiﬁcumngcsta
3576 5166 3761 5234 regunt

2173 5216 2511 5287 Francorum
2538 5232 2661 5271 cum
2688 5216 3094 5274 continuatione
3118 5234 3290 5287 usque
3313 5220 3379 5273 ad
3405 5216 3610 5274 annum
3642 5216 3757 5274 7U.

2172 5296 2229 5342 et
2272 5285 2677 5358 nonnullaialia’
2720 5289 2949 5343 minoris
2989 5285 3691 5358 momenticomplectitur,
3735 5307 3759 5342 a

2175 5357 2442 5426 scriptore
2475 5357 2708 5428 rubricis
2737 5360 2997 5428 appositis
3036 5359 3112 5412 ita
3151 5357 3462 5427 conjuncta,
3495 5370 3557 5413 ut
3583 5362 3758 5416 eccle-

2173 5428 2448 5498 siasticam
2476 5426 2599 5498 inde
2625 5426 2948 5498 civilemque
2973 5426 3264 5483 historiam
3301 5431 3368 5483 ab
3398 5431 3626 5486 exordio
3660 5431 3760 5485 Rc-

2173 5495 2644 5568 manaeiEcclesia:
2688 5507 2742 5552 et
2784 5495 2958 5568 gentis
2988 5499 3323 5560 Francorum
3355 5515 3530 5568 usque
3561 5502 3628 5555 ad
3663 5501 3761 5554 Lo-

2177 5567 2343 5638 thariir
2365 5566 2711 5638 imperatoris
2730 5566 2970 5637 tempora
2995 5568 3294 5638 efﬁngeret.
3320 5570 3432 5624 Hoc
3445 5566 3577 5632 iuit,
3595 5573 3757 5638 quod,

2172 5651 2294 5691 cum
2318 5637 2386 5690 de
2405 5635 2583 5691 Caroli
2609 5635 3048 5704 majorisﬁdnmus
3072 5635 3221 5692 obitu
3257 5639 3308 5692 in
3339 5640 3446 5694 ﬁne
3469 5635 3762 5694 Continuo:

2171 5707 2336 5778 tionis
2360 5706 2670 5776 Fredegarii
2695 5710 2806 5778 jam
2838 5709 3063 5762 relatum
3093 5717 3257 5772 esset,
3281 5725 3452 5764 annus
3475 5710 3759 5762 Annalium

2174 5776 2299 5844 7H,
2347 5792 2458 5848 quo
2497 5778 2600 5832 alia
2646 5776 2710 5834 de
2756 5795 2811 5834 re
2857 5778 3000 5832 nulla
3035 5795 3214 5835 sermo
3246 5791 3348 5845 cs3,
3387 5781 3758 5844 muitteretur,
