3930 6338
475 338 577 398 871

934 465 1170 507 λικιιεε
1213 465 1607 508 ιλυιυεεειεεεδ.

468 550 526 597 et
556 541 611 595 in
652 546 840 602 eodem
885 556 1029 597 anno
1071 540 1281 597 nullum
1330 544 1346 574 ¹
1383 542 1628 597 fecerunt
1676 545 1976 599 exercitum
2013 545 2055 610 ⁸,

468 634 565 691 sed
608 635 630 677 ’
659 644 1105 706 praeparaverunt
1141 652 1199 692 se
1251 646 1484 708 uterque
1510 680 1524 703 ,
1557 637 1950 696 Carlomannus
1990 640 2058 696 ad

468 728 575 783 iter
601 742 783 793 suum,
822 737 878 783 et
926 727 1188 799 Pippinus
1228 730 1500 798 quomodo
1544 744 1859 801 germanum
1901 747 2057 786 suum

468 815 769 873 honoriﬁce
797 818 1090 874 direxisset
1119 833 1240 872 cum
1276 819 1612 875 muneribus.

1188 908 1505 964 DCCXLVI.

535 996 694 1053 Tunc
737 998 1137 1055 Carlomannus
1184 998 1411 1055 Romam
1452 1000 1716 1069 perrexit,
1759 1001 1944 1071 ibique
1997 1018 2059 1057 se

465 1088 705 1145 totondit
729 1087 780 1156 ⁸,
828 1096 887 1144 et
934 1088 991 1143 in
1042 1087 1323 1158 Serapte‘
1372 1100 1560 1146 monte
1598 1091 1619 1122 ‘
1663 1094 2055 1148 monasterium

469 1178 883 1236 aedificavit~in
932 1178 1140 1234 honore
1191 1178 1213 1210 ⁷
1269 1179 1445 1235 sancti
1489 1178 1741 1236 Silvestri
1787 1181 1809 1212 ⁸
1846 1193 1895 1235 ι.
1952 1182 2058 1237 lbi-

465 1284 574 1341 que
627 1269 847 1340 aliquod
891 1277 1107 1339 tempus
1166 1284 1381 1325 moram
1432 1268 1663 1337 faciens,
1700 1278 1755 1326 et
1803 1272 1930 1327 inde
1986 1272 2057 1327 ad

465 1366 717 1415 sanctum
755 1358 1108 1414 Benedictum
1146 1358 1202 1412 in
1249 1357 1509 1413 Casinum
1567 1359 1589 1390 ’
1637 1360 1666 1399 ιι
1713 1376 1885 1433 usque
1933 1377 2058 1432 per-

464 1449 636 1518 venit,
673 1448 824 1506 etihi
854 1449 1156 1505 monachus
1205 1445 1430 1505 effectus
1454 1457 1559 1506 est.

1079 1875 1423 1932 DCCXLVII.

534 1970 688 2028 Grifo
715 1971 763 2003 ¹⁰
816 1969 1011 2042 fugivit
1052 1970 1095 2000 “
1123 1969 1178 2023 iu
1227 1967 1527 2024 Saioniam
1561 1971 1625 2037 ",
1683 1978 1739 2027 et
1795 1971 2059 2044 Pippmus

462 2062 570 2120 iter
614 2061 823 2118 faciens
871 2076 972 2133 per
1024 2059 1318 2132 Toringam
1346 2059 1411 2128 “,
1442 2060 1500 2116 in
1524 2059 1818 2118 Saxoniam
1863 2065 2057 2120 introi-

460 2155 539 2209 vit
573 2167 743 2223 usque
779 2151 849 2206 ad
872 2150 1093 2206 ﬂuvium
1114 2150 1351 2206 Missaha
1385 2149 1448 2218 “,
1501 2150 1555 2206 in
1586 2151 1705 2208 loco
1731 2154 1824 2223 qui
1856 2154 2057 2209 dicitur

462 2245 793 2317 Scahaningi
819 2245 900 2310 ης
924 2253 981 2299 et
1015 2242 1168 2300 Grifo
1205 2243 1488 2300 collectam
1516 2244 1559 2276 “
1584 2242 1714 2301 fecit
1740 2262 1843 2301 una
1862 2248 1904 2280 ⁸⁷
1930 2263 2054 2303 cum

463 2338 772 2394 Saxonibus
799 2351 965 2408 supra
999 2335 1226 2391 ﬂuvium
1267 2335 1478 2393 Obacro
1507 2336 1578 2403 “,
1605 2337 1658 2391 in
1701 2336 1822 2394 loco
1858 2339 1952 2409 qui
1978 2340 2058 2396 di-

467 2436 609 2492 citur
647 2432 690 2465 "
716 2431 943 2490 Orhaim
973 2432 1044 2487 ὀ.

1111 2976 1471 3033 DCCXLVII].

532 3068 681 3129 Grifo
702 3069 747 3100 “
799 3068 868 3124 de
916 3066 1155 3123 Saxonia
1174 3068 1221 3099 "
1250 3067 1356 3122 iter
1378 3081 1670 3137 peragens,
1700 3064 1957 3139 fugiendo
1988 3068 2045 3123 in

1580 338 1958 398 EGINHARDI
1993 342 2290 400 ABBATIS
2326 344 2648 403 ANNALES

2080 466 2132 523 A

3642 359 3742 418 57!

2676 478 2910 519 ΑΝκΑιεε
2946 480 3252 522 ΕΩΙΝΒΑΒΒΙ.

2159 548 2487 617 perficienda
2527 561 2582 608 et
2613 553 2719 608 iter
2742 555 2910 611 illius
2948 557 3344 628 disponendum
3374 592 3447 602 —
3488 580 3615 621 nam
3639 566 3742 623 Ro-

2158 654 2304 694 mam
2342 641 2614 711 proficisci
2653 652 2923 700 statuerat
2968 676 3040 687 —-
3082 657 3136 703 et
3182 649 3445 721 Pippinus
3492 658 3743 722 vacabat,

2158 730 2293 787 dans
2314 746 2556 803 operam,
2581 743 2643 789 ut
2666 734 2835 790 frater
2857 737 2875 768 ¹
2908 737 3204 794 honorifice
3234 756 3299 796 ac
3345 742 3606 799 decenter
3630 746 3735 813 illo,

2156 835 2265 890 quo
2286 822 2647 891 desiderabat,
2670 828 2997 895 perveniret.

2799 916 3112 974 DCCXLVI.

2228 1003 2631 1063 Karlomannus
2656 1006 2884 1062 Romam
2906 1009 3206 1080 profectus,
3229 1012 3453 1070 dimissa
3475 1016 3741 1073 saeculari

2157 1090 2331 1162 gloria
2378 1094 2625 1149 habitum
2673 1096 2924 1161 mutavit,
2968 1112 3023 1153 et
3074 1098 3129 1153 in
3186 1110 3372 1154 monte
3416 1102 3631 1158 Soracti
3660 1109 3681 1137 ²
3714 1120 3739 1147 ι

2158 1184 2548 1239 monasterium
2593 1186 2647 1239 in
2673 1186 2955 1248 _honorem
2984 1189 3157 1243 sancti
3206 1188 3456 1246 Silvestri
3486 1193 3741 1250 aediﬁca-

2156 1274 2256 1340 vit,
2288 1275 2379 1329 ubi
2401 1277 2671 1345 quondam
2724 1287 2964 1349 tempore
2999 1282 3418 1350 persecutionis,
3455 1299 3595 1354 quae
3642 1288 3742 1341 sub

2156 1362 2514 1419 Constantino
2545 1366 2874 1437 imperatore
2903 1369 2923 1401 ⁸
2949 1368 3093 1424 facta
3143 1379 3245 1435 est,
3276 1381 3499 1428 sanctus
3539 1372 3743 1431 Silves-

2158 1462 2245 1510 ter
2267 1455 2494 1512 latuisse
2532 1456 2726 1513 fertur.
2767 1459 2957 1531 Ibique
2992 1460 3308 1532 aliquandiu
3347 1474 3740 1532 commoratus,

2156 1545 2368 1601 meliori
2409 1548 2634 1603 consilio
2662 1550 2768 1606 hoc
2795 1549 2912 1605 loco
2941 1550 3183 1616 dimisso,
3234 1553 3302 1608 ad
3354 1558 3741 1613 monasterium

2157 1636 2331 1691 sancti
2381 1636 2657 1693 Benedicti
2692 1639 2747 1693 in
2800 1638 3022 1696 Samnio
3059 1642 3338 1712 provincia
3386 1643 3537 1699 iuxta
3589 1645 3743 1703 Casi-

2158 1740 2287 1778 num
2310 1724 2332 1756 ‘
2360 1725 2388 1765 δ
2439 1733 2677 1781 castrum
2706 1728 2727 1759 '
2768 1729 3125 1785 constitutum
3150 1730 3263 1786 Deo
3289 1732 3594 1790 serviturus
3644 1750 3738 1791 ve-

2081 1815 2129 1875 B
2158 1813 2256 1879 nit,
2284 1813 2467 1885 ibique
2492 1816 2871 1872 monachicum
2899 1818 3146 1874 habitum
3173 1822 3428 1891 suscepit.

2774 1908 3112 1966 DCCXLVII.

2227 1995 2423 2052 Frater
2448 1997 2798 2055 Karlomanni
2825 2007 2880 2053 et
2924 1998 3157 2071 Pippini,
3203 2004 3421 2059 nomine
3457 2004 3666 2078 Gripbo
3696 2011 3741 2075 ⁸,

2156 2086 2383 2159 Pippino
2418 2088 2575 2144 fratri
2605 2105 2702 2144 suo
2728 2090 3001 2146 subiectus
3022 2106 3143 2148 esse
3170 2092 3379 2159 nolens,
3405 2112 3741 2167 quamquam

2156 2178 2256 2232 sub
2300 2177 2391 2234 illo
2417 2178 2714 2234 honorifice
2738 2179 2963 2244 viveret,
2995 2180 3219 2237 collecta
3251 2198 3415 2249 manu
3463 2187 3520 2239 in
3561 2187 3742 2244 Saxo-

2155 2268 2303 2321 niam
2332 2266 2594 2339 profugit,
2625 2268 2964 2338 collectoque
3002 2269 3276 2326 Saxonum
3307 2274 3548 2330 exercitu
3579 2292 3745 2347 super

2154 2356 2373 2413 ﬂuvium
2400 2358 2610 2416 Ovacra
2636 2361 2655 2392 ⁷
2686 2362 2739 2414 in
2775 2361 2894 2415 loco
2922 2363 3014 2431 qui
3044 2346 3239 2418 dicitur
3258 2362 3482 2422 Orheim
3504 2368 3525 2399 ⁸
3557 2379 3578 2408 ο
3608 2346 3745 2425 con-

2154 2451 2294 2505 sedit
2324 2470 2336 2504 :
2369 2458 2423 2505 et
2466 2450 2726 2521 Pippinus
2755 2451 2775 2482 ’
2814 2468 2938 2507 cum
2987 2454 3233 2509 exercitu
3262 2454 3602 2513 Francorum
3639 2473 3745 2528 per

2152 2539 2509 2612 Thuringiam
2537 2541 2580 2572 ¹⁰
2613 2540 2909 2611 profectus,
2936 2552 3126 2599 contra
3149 2543 3337 2600 fratris
3378 2546 3531 2603 dolos
3561 2547 3740 2605 Saxo-

2153 2630 2301 2685 niam
2348 2631 2624 2702 ingressus
2650 2641 2755 2698 est,
2788 2634 3142 2705 conseditque
3168 2651 3330 2706 super
3362 2635 3583 2694 ﬂuvium
3612 2640 3743 2697 Mis-

2152 2724 2282 2778 saha
2315 2725 2352 2754 “
2385 2726 2439 2778 in
2468 2724 2589 2791 loco
2618 2726 2711 2796 qui
2738 2735 2961 2781 vocatur
2984 2726 3281 2799 Skahningi
3312 2729 3353 2760 ¹¹
3377 2729 3426 2783 ἀ.
3466 2729 3745 2787 Proelium

2153 2824 2333 2870 tamen
2358 2831 2464 2871 non
2506 2826 2589 2871 est
2623 2818 2766 2872 inter
2792 2833 2887 2874 eos
2920 2818 2963 2850 "
2992 2820 3364 2887 commissum,
3394 2824 3490 2878 sed
3519 2837 3587 2878 ex
3618 2824 3744 2895 pla-

2152 2903 2260 2959 cito
2293 2905 2660 2961 discesserunt

2758 2995 3120 3053 DCCXLVlll.

2220 3081 2429 3153 Gripho
2458 3083 2735 3139 Saxonum
2765 3083 2890 3140 fidei
2937 3083 3202 3153 diffidens,
3231 3088 3533 3146 Baioariam
3558 3093 3743 3162 petiit,

457 3163 762 3221 Baioariam
799 3162 847 3195 ³⁸
882 3178 1054 3232 usque
1102 3163 1369 3233 pervenit,
1410 3162 1588 3233 ipsum
1643 3161 1899 3217 ducatum
1944 3162 2046 3217 sibi
2073 3160 2118 3222 C
2150 3181 2205 3228 et
2236 3174 2429 3243 copiis,
2461 3168 2611 3245 quae
2653 3175 2718 3229 de
2740 3174 2975 3231 Francia
3020 3176 3087 3231 ad
3137 3192 3261 3233 eum
3290 3179 3335 3211 “
3366 3160 3742 3247 conﬂuebant,

460 3256 789 3327 subiugavit,
849 3255 1152 3310 Hiltrudem
1174 3254 1222 3287 ’δ
1268 3270 1392 3335 cum
1443 3254 1726 3310 Tassilone
1751 3255 1799 3286 "
1824 3256 2047 3325 conqui-

460 3348 607 3402 sivit.
641 3344 891 3417 Swidger
936 3345 983 3377 “
1021 3345 1090 3400 ad
1118 3359 1243 3399 eum
1274 3344 1421 3399 venit
1448 3344 1501 3399 in
1551 3344 1754 3400 solacio
1785 3346 1829 3376 "
1856 3359 2047 3414 supra:

2152 3264 2328 3333 ipsum
2360 3263 2617 3318 ducatum
2667 3264 2722 3318 in
2749 3279 2903 3340 suam
2932 3266 3139 3337 redegit
3175 3277 3522 3339 potestatem,
3557 3273 3747 3329 Tassi—

2148 3354 2327 3410 lonem
2364 3355 2405 3387 "
2451 3362 2507 3410 et
2558 3354 2859 3410 Hiltrudem
2913 3356 2957 3388 ¹⁸
3014 3359 3067 3413 in
3118 3359 3444 3417 deditionem
3497 3367 3739 3435 accepit,

458 3444 592 3499 dicti
635 3442 895 3499 Grifonis.
928 3441 1074 3497 Haec
1100 3441 1145 3474 ”
1189 3440 1416 3496 audiens
1455 3439 1733 3510 Pippinus,
1770 3441 1875 3495 iter
1919 3438 2046 3494 illuc
2149 3444 2512 3517 Switligerum
2544 3447 2585 3477 "
2613 3446 2681 3500 ad
2709 3447 2970 3501 auxilium
3002 3449 3105 3504 sibi
3140 3450 3183 3481 "‘
3210 3451 3526 3508 venientem
3548 3469 3743 3509 susce-

458 3533 726 3603 arripiens
775 3547 901 3587 cum
945 3530 1191 3586 exercitu
1241 3545 1359 3596 suo,
1410 3546 1572 3601 supra
1630 3532 1941 3587 nominatos
1998 3531 2043 3563 ”

458 3630 601 3679 totos
637 3623 742 3678 sibi
782 3622 1127 3691 subiugavit,
1181 3619 1461 3677 Grifonem
1493 3636 1679 3677 secum
1727 3622 1953 3677 adduxit
1975 3612 2076 3689 ³⁰,’

850 3729 1245 3787 VARIANTES
1282 3730 1686 3788 LECTIONES.

535 3822 787 3878 ‘.nullum
828 3822 968 3876 deest
993 3823 1044 3877 1.
1152 3822 1173 3852 ’
1200 3821 1453 3882 fecerunt,
1472 3823 1671 3882 bellum
1702 3823 1790 3878 15.
1865 3824 1887 3856 ³
1910 3832 1965 3880 et
1992 3826 2043 3880 1.

465 3895 690 3949 δῑοηόὶι
743 3894 796 3947 1.
824 3893 1063 3964 totuntiit
1093 3892 1149 3947 7.
1208 3893 1275 3946 M
1308 3894 1383 3964 rb.
1462 3894 1482 3925 ⁸
1512 3904 1730 3964 sarapte
1784 3895 1815 3948 7
1860 3895 1917 3949 b.
1974 3896 2048 3950 si-

459 4032 603 4088 deest
632 4034 683 4087 1.
771 4034 793 4066 ⁷
826 4032 1085 4103 honorem
1114 4032 1253 4103 5.9.
1350 4032 1382 4064 "
1420 4032 1671 4103 sylvestri
1699 4035 1749 4087 1.
1835 4033 1856 4065 ⁹
1879 4036 2047 4090 cassi-

464 4120 595 4158 num
643 4104 695 4156 7.
728 4103 779 4159 8.
831 4102 884 4157 9.
939 4100 971 4155 9
1026 4102 1083 4155 h.
1132 4101 1219 4156 12.
1272 4111 1408 4156 certe
1447 4100 1705 4157 editorum
1752 4104 1897 4166 vitio,
1944 4122 2048 4158 non

461 4174 740 4243 codicum;
789 4172 1064 4243 cassinum
1102 4172 1622 4243 tuentemperrexit
1645 4172 1731 4226 15.
1812 4173 1854 4204 ³ο
1884 4172 2050 4243 νει-ἰσο

459 4233 765 4314 semperls.
793 4242 834 4273 “
865 4240 1069 4314 fugit}.
1101 4233 1157 4314 7:
1185 4241 1315 4314 8._9.
1348 4233 1556 4314 1215.
1584 4312 1595 4314 Α
1634 4243 1677 4275 ¹¹
1707 4233 1929 4297 saxonia
1960 4243 2045 4297 14.

466 4313 510 4383 ³⁷
555 4309 844 4383 ttiringiam
874 4309 989 4383 L'9
1010 4312 1061 4365 b.
1097 4309 1624 4383 12._thoringiamﬂ9.
1661 4314 1966 4383 toringuam
1994 4316 2046 4367 7.

468 4382 516 4413 “
552 4380 764 4437 misalia
807 4381 858 4434 1.
902 4380 1173 4435 missacha
1197 4380 1248 4434 5.
1274 4380 1495 4435 mesaha
1519 4381 1603 4435 15.
1683 4383 1727 4414 ⁷⁸
1772 4380 2049 4438 séahanini

464 4453 517 4523 1.
551 4451 868 4523 sachaningi
907 4450 959 4504 5.
998 4450 1447 4523 schabaningi‘7.
1479 4453 1531 4523 8.
1572 4452 1624 4523 9.
1656 4453 1913 4523 scanigge
1959 4450 2044 4506 η.

467 4469 517 4505 1.
551 4469 810 4507 sacnanm
907 4469 959 4504 ἱ).
998 4469 1351 4520 scnanamngl
1404 4469 1447 4505 Ι.
1479 4469 1531 4506 δ.
1572 4469 1624 4505 υ.
1656 4469 1807 4507 scam

467 4522 512 4553 ¹⁶
532 4521 759 4577 collecta
800 4469 1057 4590 ginqua.
1135 4520 1175 4552 ¹⁷
1201 4518 1332 4574 facit
1358 4520 1409 4590 1.
1487 4469 1845 4576 ¹⁸οὺοιίοιοοῗ

468 4605 533 4646 ro
562 4593 614 4648 9.
646 4592 847 4647 obacra
885 4589 937 4644 9’
964 4591 1019 4653 b.
1080 4603 1279 4644 ovacro
1320 4589 1405 4644 15.
1510 4590 1553 4625 ι’
1574 4591 1665 4653 qui
1688 4591 1887 4645 dicitur
1911 4592 2051 4645 deest

465 4661 555 4717 15.
630 4662 675 4693 ⁷ο
703 4660 894 4714 ordum
921 4659 972 4713 9.
1019 4658 1262 4715 orchaim
1318 4660 1407 4713 H.‘
1479 4660 1525 4692 “
1573 4658 1742 4715 Griffo
1780 4669 1960 4715 autem
1988 4662 2053 4715 de

466 4730 691 4787 saxonia
720 4729 1050 4800 fugiensgl5.
1111 4730 1173 4800 f’
1204 4731 1259 4783 in
1282 4730 1506 4800 saxonia
1527 4730 1580 4784 5.
1659 4732 1703 4761 "
1741 4731 2053 4799 baguariam

466 4800 522 4855 5.
580 4802 633 4858 8.
693 4798 1041 4867 haugauriam
1108 4798 1161 4852 7.
1215 4799 1548 4853 vaiobariam
1614 4800 1700 4853 14.
1755 4798 2050 4854 ὴὰψπίιιηι

473 4870 557 4925 12.
691 4870 738 4917 ³⁵
783 4868 1081 4924 hilttruden
1122 4869 1173 4922 1.
1216 4868 1510 4923 hiltrudam
1550 4870 1633 4923 15.
1764 4870 1812 4900 ⁷⁵
1852 4869 2050 4923 thessi-

470 4940 593 4996 Ione
616 4940 667 4994 1.
698 4938 990 4994 hiltrudem
1018 4938 1209 4993 civitas
1250 4938 1480 4993 silonem
1505 4938 1829 5008 conquisivit
1854 4947 1909 4992 et
1935 4938 2050 5008 lan-

468 5010 642 5065 fridus
667 5009 735 5063 ad
754 5023 877 5064 eum
911 5008 995 5061 14.
1036 5008 1102 5062 14
1131 5009 1185 5063 b.
1264 5007 1309 5078 ’ἦ
1335 5024 1520 5078 _conq.
1576 5007 1865 5078 laiitfridus
1900 5007 1969 5061 ad
1995 5007 2046 5061 'l.

467 5079 731 5135 lanl‘ridus
755 5079 786 5134 9
808 5080 863 5134 b.
893 5078 1117 5148 uuidger
1143 5078 1194 5133 5.
1230 5074 1449 5142 suidger
1468 5074 1517 5131 9.
1547 5078 1629 5131 12.
1660 5076 2052 5148 suuititerergo

471 5149 691 5219 quidam
742 5150 890 5219 venit
918 5146 1311 5219 _ad'sglatium
1344 5148 1667 5219 supradicto
1713 5146 1928 5219 griﬂ'qni
1962 5146 2046 5219 15.

471 5215 515 5251 ³⁷
540 5218 741 5273 salario
770 5218 820 5272 1.
853 5217 1047 5273 solatio
1078 5216 1128 5270 7.
1172 5217 1226 5271 9.
1279 5215 1529 5285 solatium
1568 5216 1649 5269 12.
1718 5215 1737 5219 ⁷
1772 5217 1817 5248 ’⁸
1854 5216 1966 5271 Huc
1998 5216 2051 5285 1,

473 5288 519 5320 ⁸³
543 5289 853 5344 nominatus
880 5287 1066 5342 tassiio
1088 5286 1191 5346 sibi
1241 5301 1285 5341 s.
1331 5284 1419 5339 14.
1494 5286 1538 5317 ⁸ο
1560 5286 1783 5340 abduxit
1803 5287 1855 5341 1.
1880 5287 1933 5340 7.
1967 5284 2051 5339 14.

1856 4500 1911 4523 D'
1964 4500 2044 4506 “’”“
2152 4500 2365 4523 r"""v

1856 4523 2051 4581 ..abar-
2154 4530 2375 4575 constat.

2146 3537 2245 3607 pit.
2298 3536 2445 3593 llaec
2496 3553 2619 3592 cum
2662 3538 2730 3593 ad
2764 3537 3051 3609 Pippinum
3097 3541 3302 3609 perlata
3333 3541 3584 3607 fuissent,
3610 3560 3743 3599 cum

2147 3628 2385 3683 maximo
2415 3628 2457 3660 ι’
2490 3630 2731 3691 exercitu
2765 3629 3071 3690 Baioariam
3103 3631 3145 3661 ὀ
3178 3630 3450 3699 profectus
3485 3642 3591 3700 est,
3628 3632 3745 3688 fra-

2150 3726 2396 3789 tremque
2434 3734 2593 3775 suum
2639 3718 2973 3790 Griphonem
3008 3736 3130 3775 cum
3181 3722 3434 3777 omnibus
3469 3724 3562 3792 qui
3613 3739 3744 3779 cum

2149 3810 2265 3882 ipso
2291 3813 2333 3843 "
2368 3811 2456 3867 vel
2499 3810 2567 3865 ad
2594 3811 2772 3882 ipsum
2813 3812 2857 3842 “
2884 3822 3148 3867 venerant
3170 3813 3367 3881 coepit,
3396 3811 3744 3870 Tussilonem

2149 3901 2204 3956 in
2243 3903 2496 3957 ducatum
2529 3902 2792 3968 restituit,
2824 3902 3157 3971 domumque
3196 3917 3472 3967 reversus,
3502 3902 3744 3973 Gripbo—

461 3966 601 4046 ηαριξ
707 3962 911 4046 serapti
942 3961 1028 4017 15.
1051 3970 1267 4046 δοίδομ
1293 3963 1400 4046 9
1427 3961 1743 4046 soracti
1819 3964 2048 4046 “monte
2150 4005 2273 4044 nem
2307 4005 2458 4046 more
2484 3989 2683 4046 ducum

2713 3991 2759 4021 “
2789 3991 3076 4046 duodecim
3105 3991 3453 4047 comitatibus
3493 3990 3543 4023 ”
3564 3993 3741 4048 dona-

2149 4080 2245 4135 vit.
2272 4079 2380 4135 Sed
2417 4080 2505 4135 ille
2536 4080 2628 4135 tali
2654 4080 2918 4136 beneficio
2957 4073 3243 4137 contentus
3272 4098 3379 4137 non
3421 4093 3562 4149 erat,
3607 4100 3741 4138 nam

2544 4220 2941 4277 VARIANTES
2980 4220 3385 4278 LECTIONES.

2226 4313 2241 4344 ⁸
2268 4311 2437 4367 frater
2461 4327 2593 4367 suus
2624 4311 2675 4364 7.
2705 4312 2782 4366 3?
2820 4312 2841 4342 ¹
2882 4319 3095 4366 soracte
3122 4310 3174 4366 7.
3250 4312 3272 4343 ³
3300 4311 3441 4366 deest
3466 4311 3497 4363 7
3572 4310 3596 4341 ⁸
3621 4326 3743 4366 cas-

2152 4382 2330 4438 sinum
2360 4382 2412 4435 2.
2443 4383 2497 4436 ὅ.
2527 4381 2580 4434 4.
2610 4381 2663 4435 5.
2690 4381 2742 4435 6.
2773 4380 2921 4436 Inter
2941 4397 3118 4435 omnes
3153 4379 3519 4435 Casinensium
3561 4397 3742 4434 rerum

2152 4454 2365 4523 peritos,
2416 4450 2805 4505 celeberrimum
2856 4467 3045 4504 nomen
3072 4468 3176 4506 non
3204 4452 3307 4505 nisi
3354 4467 3460 4504 uno
3504 4452 3739 4517 ascribi,

2154 4530 2375 4575 constat.
2473 4522 2493 4552 ⁵
2531 4520 2810 4577 Cassinam
2838 4536 3021 4574 arcem
3053 4520 3104 4573 7.
3180 4522 3201 4553 ⁸
3236 4522 3309 4575 ita
3354 4520 3439 4573 hic
3485 4530 3533 4573 et
3588 4520 3739 4574 dein-

2576 4535 2810 4575 assmam
2838 4536 3021 4574 arcem
3054 4534 3104 4573 Ἰ.
3180 4534 3201 4553 ⁹
3236 4534 3309 4575 tta
3354 4534 3439 4573 Inc
3485 4534 3533 4573 ετ
3588 4534 3744 4574 aem-

2153 4607 2270 4661 ceps
2301 4592 2327 4643 1
2382 4589 2567 4661 reliqui
2610 4589 2768 4661 grifo.
2840 4592 2863 4661 ⁷
2889 4605 3055 4658 super
3091 4589 3253 4661 ﬂuvio
3283 4591 3482 4661 obacro
3504 4591 3555 4661 7.
3579 4593 3743 4661 ceteri

2153 4658 2218 4731 ut
2231 4676 2409 4731 supra,
2433 4658 2645 4730 ea‘cepto
2668 4660 2806 4731 quod
2836 4660 2869 4713 5
2892 4674 3090 4731 opacra
3120 4659 3278 4731 legat.
3326 4658 3374 4731 _'
3404 4658 3651 4731 horliei‘m
3682 4659 3739 4731 Ῐ.

2153 4728 2174 4759 ⁹
2207 4745 2256 4783 c.
2288 4727 2503 4798 pipinus
2528 4727 2709 4798 autem
2758 4744 2879 4784 cum
2920 4728 2972 4782 7.
3052 4730 3093 4761 ⁷ο
3143 4727 3429 4798 turingiam
3473 4727 3544 4798 52
3573 4727 3639 4798 4.
3683 4727 3738 4781 7.

2156 4799 2224 4869 “7
2257 4795 2551 4869 mis—saltan
2578 4797 2661 4869 -7.
2741 4799 2782 4829 ¹¹
2808 4799 3087 4869 scabningi
3125 4798 3179 4851 4.
3225 4795 3645 4869 5.'ska_ch_ningi
3682 4798 3740 4851 6.

2152 4868 2447 4938 sebaninge
2472 4868 2525 4938 7_.
2604 4867 2647 4898 “
2674 4884 2779 4924 non
2809 4878 2892 4923 est
2911 4865 3090 4922 tamen
3114 4869 3371 4938 intereas
3395 4865 3447 4919 6.
3480 4865 3625 4938 inter
3645 4881 3745 4938 eos

2152 4953 2258 4993 non
2280 4946 2363 4993 est
2387 4934 2457 4993 3?
2494 4936 2545 4990 5.
2572 4937 2623 4989 7.
2658 4938 2723 4990 υ.
2753 4939 2820 4992 ad
2841 4953 2964 4992 eum
2994 4938 3059 4991 de
3080 4937 3310 4992 Francia
3341 4936 3390 4989 7.
3469 4937 3513 4967 “
3538 4934 3744 4989 thassi-

2153 5007 2332 5062 lonem
2360 5006 2413 5060 5.
2492 5006 2535 5077 ‘9
2564 5007 2865 5063 hildrudem
2888 5006 2939 5077 5.
2959 5007 3300 5062 biltthrudim
3318 5005 3385 5077 7.
3448 5005 3489 5035 ¹⁷
3520 5003 3744 5077 suidge-

2152 5092 2272 5133 rum
2334 5077 2366 5130 -i
2421 5076 2709 5131 svvikerum
2730 5077 2783 5131 5.
2889 5076 2931 5107 ³⁸
2981 5077 3084 5131 sibi
3135 5077 3188 5131 in
3245 5074 3501 5129 auxilium
3558 5074 3593 5127 5
3630 5074 3739 5128 ?'7.

2158 5146 2199 5222 ff
2240 5161 2444 5222 _magno
2472 5147 2525 5201 5.
2636 5147 2693 5222 ’°_
2745 5146 3149 5222 in__baioariam
3180 5145 3239 5222 7_._
3288 5145 3522 5222 _“Mcum
3567 5157 3653 5222 eo
3685 5144 3742 5197 7.

2155 5218 2201 5338 1'
2237 5212 2413 5338 ipsug’m
2446 5231 2511 5270 eo
2556 5232 2608 5272 v.
2663 5216 2715 5269 7.
2813 5216 2858 5246 "
2915 5216 3170 5271 ducatum
3208 5212 3295 5269 5.7
3361 5212 3409 5244 “
3447 5212 3745 5267 comitibus

2006 5395 2207 5450 NOTAS
2218 5436 2231 5449 .

544 5502 570 5530 ει
612 5487 998 5543 Monasterium
1046 5486 1154 5547 Sun
1196 5486 1444 5541 Silvestre
1495 5487 1547 5539 in
1598 5494 1779 5538 monte
1835 5482 2048 5539 Soraeti

472 5574 637 5629 quem
675 5559 902 5613 Romani
941 5567 1114 5612 monte
1168 5556 1348 5611 Oreste
1379 5563 1591 5619 vocant,
1642 5554 1905 5623 hodieque
1953 5571 2047 5609 ex-

474 5640 883 5753 bulitLSacellum
918 5698 972 5751 in
1001 5697 1175 5752 sancti
1210 5693 1553 5751 Carlomanui
1589 5695 1849 5749 honorem
1887 5694 1942 5747 in
1964 5709 2047 5748 ec-

480 5769 645 5825 clesia
695 5768 1005 5823 monasterii
1069 5766 1262 5823 Montis
1314 5765 1494 5821 Casini
1559 5766 1928 5833 exstructum,
1979 5780 2044 5820 ac

2156 5485 2381 5565 picturis
2428 5488 2482 5537 et
2534 5497 2697 5565 opere
2750 5482 2962 5565 musi'vo
3013 5480 3374 5565 splendidum,
3428 5495 3570 5560 anno
3596 5481 3743 5561 l_8‘23

2154 5552 2425 5622 integrum
2456 5561 2511 5607 et
2538 5553 2844 5622 religiosea
2883 5552 3133 5605 Patribus
3155 5552 3665 5622 sen'ratuminveni.

2227 5636 2247 5661 ε
2274 5618 2392 5677 3am
2445 5624 2611 5675 Orum
2643 5618 2724 5676 'ad
2777 5620 3044 5676 Obacrum
3085 5635 3246 5743 syra
3293 5618 3733 5743 Guelferlgtum.

2227 5691 2643 5744 clSchoeninm'n
2701 5692 2765 5744 ad
2816 5690 3047 5744 rivulum
3161 5689 3354 5744 eissau.
3416 5688 3471 5743 in
3567 5698 3733 5744 ucatu

3567 5703 3669 5744 uca
3677 5703 3737 5744 tu

2221 5693 2245 5731 ἀ
2284 5691 2643 5771 Settoeningen
2701 5692 2765 5746 ad
2816 5690 3047 5746 rivulum
3102 5688 3354 5755 Meissau,
3416 5688 3471 5743 in

2150 5764 2551 5818 Brunsvicensi.
