3930 6386
434 407 541 465 375

905 535 1141 576 ANNALES
1177 530 1576 574 LAURISSENSES.

436 614 583 685 quod
609 613 809 670 dicitur
834 612 1029 684 luberg
1056 612 1072 643 ⁸
1102 618 1247 678 ’,νει
1278 617 1463 664 tamen
1504 607 1767 679 Pippinus
1794 622 1890 663 rex
1918 603 2031 659 vic-

441 714 529 760 tor
557 704 762 769 extitit,
796 712 850 759 et
882 702 1132 775 pervenit
1178 714 1350 771 usque
1378 699 1447 755 ad
1472 698 1675 765 locum,
1698 697 1789 768 qui
1831 695 2032 752 dicitur

438 796 619 853 Rimie
662 798 706 851 ¹.
757 794 826 852 Ει
874 795 1004 851 dum
1049 792 1070 825 ⁸
1119 806 1372 848 reversus
1422 798 1507 845 est
1546 788 1614 845 de
1655 789 1774 859 ipso
1815 786 2028 849 itinere,

441 890 749 947 nuntiatum
789 887 954 961 est_ei
984 884 1027 952 ⁸,
1057 883 1203 955 quod
1235 880 1414 948 Grifo,
1443 880 1536 951 qui
1585 879 1642 935 in
1681 877 2033 935 Wasconiam

442 981 663 1054 fugatus
710 989 794 1037 est
839 980 884 1048 ',
934 992 1225 1050 germanus
1290 976 1408 1032 eius
1474 974 1688 1031 occisus
1748 971 1942 1027 fuisset
1988 970 2029 1024 ⁸.

439 1074 755 1145 Eodemque
792 1088 935 1129 anno
962 1070 1273 1142 Stephanus
1306 1085 1444 1143 papa
1466 1070 1615 1127 venit
1635 1069 1688 1124 in
1724 1067 2032 1133 Fraueiam,

439 1165 772 1223 adiutorium
825 1172 883 1220 et
915 1162 1181 1219 solacium
1210 1159 1572 1233 'C'qua‘erendo
1605 1161 1629 1193 ⁸
1665 1175 1765 1232 pro
1813 1158 2037 1214 iustitiis

441 1256 619 1313 sancti
665 1254 848 1322 Petri;
897 1255 1147 1311 similiter
1188 1264 1244 1311 et
1272 1252 1691 1317 Carlomannus,
1735 1250 2037 1307 monachus

442 1353 499 1401 et
525 1360 819 1417 germanus
844 1345 1143 1416 supradicti
1184 1343 1399 1415 Pippiui
1429 1345 1592 1415 regis,
1616 1357 1713 1413 per
1741 1341 2036 1397 iussionem

445 1436 661 1492 abbatis
690 1436 774 1493 sui
800 1435 822 1469 '
852 1437 909 1492 in
941 1437 982 1469 ιο
1008 1435 1298 1491 Franciam
1320 1435 1493 1500 venit,
1520 1434 1677 1505 quasi
1725 1432 1793 1487 ad
1819 1439 2039 1488 contur-

445 1528 681 1587 bandam
722 1527 1043 1600 petitionem
1073 1526 1448 1600 apostolicam.
1481 1523 1618 1599 [Hoc
1651 1525 1692 1556 ¹¹
1720 1539 1863 1580 anno
1886 1529 2038 1577 nata-

444 1619 550 1675 lem
581 1618 797 1676 Domini
843 1620 900 1676 in
924 1618 1215 1676 Theodone
1243 1616 1392 1684 villa,
1435 1620 1640 1688 pascha
1680 1617 1734 1674 in
1762 1615 2043 1672 Carisiaco

446 1708 762 1768 celebravit.
794 1709 815 1784 ]

1111 1801 1375 1859 DCCLIV.

1571 398 1951 457 EGINHARDI
1987 394 2283 458 ABBATIS
2315 399 2640 459 ANNALES

2055 508 2111 571 Α

3621 409 3718 464 δῖα

2633 531 2869 571 ΑΝΝΑιι-ῖε
2904 531 3212 573 εςικιιμιυι.

2136 604 2373 662 Saxonia
2388 608 2612 663 nuntius
2638 608 2787 664 venit
2820 608 2835 638 ¹
2868 608 2933 663 de
2957 618 3133 665 morte
3158 609 3344 666 fratris
3375 612 3463 666 sui
3489 612 3721 683 Gripho—

2134 696 2239 763 nis,
2288 704 2344 751 et
2369 712 2400 752 a
2426 713 2534 767 quo
2574 699 2660 768 vel
2691 700 2925 770 qualiter
2954 697 3146 757 fuisset
3169 692 3491 759 interfectus
3512 705 3555 759 ’.
3617 704 3720 759 Eo—

2134 788 2257 844 dem
2283 805 2425 845 anno
2443 788 2751 860 Stephanus
2784 806 2923 869 papa
2956 794 3107 848 venit
3134 795 3201 849 ad
3223 796 3512 867 Pippinum
3540 811 3725 867 regem

2136 879 2190 933 in
2218 880 2344 934 villa
2397 896 2537 951 quae
2583 892 2810 939 vocatur
2837 884 3144 941 Carisiacus
3173 886 3202 925 5
3237 901 3535 957 suggerens
3552 888 3626 952 ei,
3665 897 3725 941 ut

2135 986 2195 1027 se
2230 980 2286 1028 et
2309 972 2609 1027 Romanam
2638 974 2923 1030 ecclesiam
2969 976 3037 1029 ab
3091 975 3437 1031 infestatione
3466 976 3487 1008 ⁸
3519 975 3729 1047 Lango-

2137 1064 2429 1120 bardorum
2445 1064 2466 1095 5
2487 1063 2821 1120 defenderet.
2877 1067 3037 1122 Venit
3054 1076 3109 1121 et
3131 1067 3530 1124 Karlomannus
3559 1067 3731 1123 frater

2139 1154 2302 1224 regis,
2358 1154 2464 1208 iam
2496 1156 3022 1221 monachusfactus,
3076 1158 3223 1213 iussu
3270 1161 3484 1215 abbatis
3514 1160 3623 1222 sui,
3670 1167 3731 1213 ut

2139 1244 2280 1313 apud
2335 1243 2563 1299 fratrem
2608 1261 2763 1301 suum
2806 1248 2827 1278 ⁸
2866 1248 3120 1317 precibus
3177 1250 3405 1306 Romani
3454 1229 3734 1320 pontificis

2139 1337 2460 1402 obsisteret;
2509 1340 2710 1396 invitus
2737 1350 2921 1397 tamen
2949 1343 3053 1398 hoc
3080 1341 3272 1413 fecisse
3317 1352 3557 1414 putatur,
3601 1343 3732 1412 quia

2140 1444 2242 1484 nec
2270 1428 2359 1484 ille
2408 1430 2619 1485 abbatis
2654 1432 2737 1485 sui
2769 1431 2914 1486 iussa
2942 1442 3350 1503 contempnere,
3404 1448 3507 1489 nec
3557 1432 3735 1486 abbas

2142 1518 2276 1573 ille‘
2307 1520 2615 1590 praeceptis
2669 1521 2813 1590 regis
2850 1521 3351 1592 Langobardorum,
3407 1522 3501 1593 qui
3539 1521 3591 1576 ei
3630 1520 3738 1575 hoc

2143 1608 2430 1679 imperavit
2450 1609 2495 1674 τ,
2524 1607 2759 1664 audebat
2785 1611 3062 1667 resistere.

2802 1806 3064 1863 DCCLIV.

522 1892 881 1964 Supradictus
911 1893 953 1924 "
984 1893 1315 1965 apostolicus
1342 1891 1654 1964 Stephanus
1697 1890 2042 1975 confirmavit
2069 1863 2118 1923 Β
2218 1898 2528 1970 stephanus
2573 1913 2711 1970 papa
2760 1907 3047 1969 postquam
3073 1914 3104 1953 a
3134 1913 3261 1970 rege
3308 1898 3537 1969 Pippino
3560 1897 3741 1953 eccle-

448 1986 737 2058 Pippiuum
792 1987 1050 2044 unctione
1096 1995 1285 2044 sancta
1339 1987 1394 2042 in
1452 2000 1657 2058 regem,
1715 1994 1928 2041 etcum
1977 1998 2043 2039 eo

447 2075 666 2133 inunxit
690 2075 735 2109 "
781 2077 916 2132 duos
956 2075 1095 2133 filios
1122 2077 1241 2132 eius
1273 2076 1337 2142 ι’,
1379 2077 1636 2132 domuum
1680 2075 1961 2141 Carolum,
1990 2081 2046 2131 et

449 2155 871 2226 Carlomannum
920 2170 978 2225 in
1014 2170 1255 2241 regibus.
1291 2170 1335 2201 "
1376 2170 1394 2189 ‘
1425 2168 1495 2226 Et
1542 2168 1777 2223 domnus
1816 2165 2045 2221 Bonefa-

451 2261 571 2317 eius
600 2260 642 2293 ³⁸
679 2260 1121 2332 archiepiscopus
1144 2260 1199 2315 in
1236 2258 1417 2314 Frisia
1451 2258 1516 2325 ‘7,
1548 2258 1807 2312 nuntians
1851 2257 1895 2287 "
1928 2271 2045 2310 vcr-

451 2353 580 2409 bum
602 2352 703 2408 Dei
726 2353 769 2384 ¹⁹
793 2360 848 2408 ει
876 2352 1241 2422 praedicando
1267 2351 1334 2419 '°,
1365 2360 1573 2421 martyr
1592 2347 1797 2405 Christi
1818 2347 2044 2404 effectus

452 2452 559 2501 087.

527 2542 541 2557 '
574 2535 741 2610 [anno
772 2537 985 2593 Domini
1021 2536 1144 2591 751.
1174 2537 1223 2592 6.
1256 2536 1375 2591 Kal.
1401 2535 1650 2619 Augusti.
1676 2534 1755 2606 9.]

1127 2626 1371 2683 DCCLV.

527 2724 785 2795 Pippinus
830 2738 925 2789 rex
956 2722 1001 2753 “
1035 2736 1135 2793 per
1160 2721 1513 2792 apostolicam
1560 2719 1934 2775 invitationem
1992 2718 2046 2772 in

453 2814 664 2881 Italiam
712 2815 821 2871 iter
865 2829 1151 2885 peragens,
1180 2812 1444 2868 iustitiam
1468 2812 1613 2867 beati
1640 2810 1790 2865 Petri
1818 2808 2046 2880 apostoli

455 2905 790 2977 quaerendo,
824 2903 1123 2960 Haistolfus
1146 2906 1191 2935 ²¹
1222 2886 1708 2974 Langobardorum
1738 2900 1783 2932 "
1813 2902 1909 2955 rex
1957 2914 2049 2954 su-

454 2996 759 3067 pradictam
787 2981 1050 3050 iustitiam
1102 2994 1336 3049 vetando
1363 2993 1412 3025 “
1440 2993 1625 3049 clusas
1649 2992 1696 3024 ²¹
1740 2990 2051 3063 Langobar-

454 3088 648 3144 dorum
690 3086 871 3157 petiit,
909 3086 1125 3141 obviam
1163 3085 1392 3155 Pippin
1434 3084 1550 3155 regi
1599 3092 1655 3138 et
1702 3083 1930 3138 Francis
1960 3096 2051 3136 ve—

455 3177 541 3233 nit
569 3176 635 3231 “.
689 3176 755 3231 Et
793 3177 1033 3231 inierunt
1071 3174 1293 3239 bellum,
1342 3184 1397 3230 et
1441 3173 1672 3229 Domino
1731 3172 2043 3233 auxiliante,

456 3271 725 3340 beatoque
766 3269 929 3325 Petro
967 3268 1213 3338 apostolo
1256 3268 1629 3323 intercedente
1677 3267 1745 3329 ³⁷,
1785 3266 2049 3335 Pippinus

456 3376 557 3416 rex
596 3375 719 3415 cum
749 3359 972 3415 Francis
1001 3359 1177 3415 victor
1196 3358 1241 3391 ”
1267 3357 1469 3421 extitit,
1502 3356 1804 3425 eodemque
1834 3368 1976 3408 anno
2008 3354 2053 3387 ²⁹

462 3451 771 3521 Stephanus
808 3465 947 3520 papa
990 3446 1243 3505 reductus
1295 3456 1379 3503 est
1416 3447 1483 3502 ad
1528 3453 1772 3502 sanctam
1801 3445 1983 3500 sedem
2008 3443 2052 3474 ³ο

462 3557 560 3614 per
589 3540 785 3597 missos
829 3539 871 3571 “
898 3539 1084 3595 domui
1130 3540 1274 3610 regis
1318 3539 1553 3608 Pippini,
1591 3537 1878 3594 Folradum
1911 3538 1954 3569 "
2002 3545 2055 3590 et

462 3631 688 3702 reliquis
711 3630 757 3663 ³⁸
778 3631 870 3701 qui
895 3645 1019 3684 cum
1037 3643 1102 3683 eo
1126 3637 1304 3683 erant.
1327 3628 1540 3685 lncluso
1557 3644 1688 3684 vero
1715 3626 1985 3683 Haistulfo
2008 3627 2055 3659 "

463 3735 591 3792 rege
620 3720 675 3776 in
709 3719 874 3791 Papia
905 3719 1145 3785 civitate,
1168 3719 1429 3774 iustitiam
1460 3720 1636 3774 sancti
1669 3719 1815 3774 Petri
1846 3719 2058 3789 pollici-

463 3824 550 3870 tus
578 3821 661 3869 est
710 3810 971 3877 faciendi,
998 3810 1144 3866 Inde
1186 3826 1283 3867 rex
1312 3809 1595 3882 Pippinus,
1625 3810 1845 3866 obsides
1874 3809 1943 3864 10
1973 3824 2059 3863 re-

866 4181 1261 4240 V’ARIANTES
1298 4180 1697 4239 LECTIONES.

544 4301 559 4331 ¹
603 4296 956 4369 viberg1.‘7.
1005 4296 1225 4369 (ειμι
1266 4296 1320 4351 b.
1355 4296 1580 4369 vigberg
1606 4296 1642 4369 ’ζ
1668 4297 1725 4369 b.
1770 4296 2064 4369 12.1uberg

471 4367 808 4451 execriptqris
850 4366 972 4421 vitio
1016 4365 1129 4421 loco
1154 4365 1344 4438 iuberg
1473 4367 1565 4437 qui
1593 4367 1792 4421 dicitur
1837 4365 2065 4431 iuburgo

474 4438 559 4494 15.
635 4439 655 4471 ’
685 4439 974 4493 dieitur....
1006 4437 1074 4491 Et
1100 4436 1228 4490 dum
1270 4437 1319 4491 1.
1355 4452 1492 4491 rime
1532 4436 1584 4490 7.
1663 4436 1684 4468 ⁸
1709 4446 1765 4491 ει
1804 4452 1929 4493 cum
1976 4437 2059 4491 15.

475 4452 559 4494 15.
635 4452 655 4471 ¹
685 4452 974 4493 mentun...
1008 4452 1074 4491 δι
1100 4452 1228 4490 (tum
1270 4452 1319 4491 ι.
1355 4452 1492 4491 rtme
1542 4452 1584 4490 ι.
1663 4452 1684 4468 ⁸
1709 4452 1765 4491 ει
1804 4452 1929 4493 cum
1976 4452 2059 4491 15.

475 4508 565 4564 ‘ei
595 4508 735 4563 deest
766 4508 815 4562 1.
894 4506 915 4539 ⁸
941 4506 1082 4577 fugit
1105 4505 1224 4561 1.7.
1256 4505 1354 4577 (8.)
1380 4506 1434 4560 9.
1472 4506 1685 4577 fugerat
1711 4507 1818 4561 9b.
1875 4506 1896 4537 ⁸
1928 4505 2062 4561 fuis—

475 4588 578 4634 set.
606 4578 778 4679 lgitur
800 4580 989 4632 eodem
1007 4575 1107 4631 '15.
1184 4577 1204 4607 "
1233 4575 1484 4631 solatium

477 4649 543 4679 JK
686 4649 764 4679 εἰεί
804 4648 941 4679 id...”
975 4648 995 4679 Ι
1104 4647 1146 4679 10
1178 4647 1229 4679 ιη
1255 4646 1395 4679 Anan
1418 4646 1448 4679 ξ

477 4649 561 4703 15.
640 4646 664 4679 ⁵
685 4649 764 4701 s‘ui
802 4648 941 4702 deest
975 4648 1025 4701 1.
1104 4647 1146 4679 ¹⁰
1176 4647 1231 4701 in
1253 4646 1395 4701 deest
1415 4646 1469 4700 5.
1572 4646 1612 4678 “
1651 4647 1763 4701 Hoc
1788 4662 1929 4701 anno
1953 4656 2057 4702 etc.

477 4718 668 4789 legitur
707 4718 761 4772 in
786 4734 891 4789 uno
920 4716 1096 4789 codice
1258 4715 1390 4789 "_S.
1430 4725 1611 4789 autem
1653 4732 1703 4771 a.
1757 4718 1845 4789 15.
1927 4717 1969 4789 ’ἦ
1997 4733 2062 4771 co

479 4786 763 4844 coniunxit
790 4788 840 4841 1.
874 4786 965 4858 id”
986 4787 1263 4858 eiusideest
1296 4787 1347 4858 1_.
1427 4786 1483 4858 "A
1516 4787 1772 4858 inreges.
1794 4786 2068 4858 Dominus

479 4859 533 4911 1.
564 4859 618 4913 in
662 4872 818 4928 rcges
865 4856 952 4928 15.
1029 4856 1073 4888 ⁸⁸
1105 4855 1437 4928 bonif‘acius_
1464 4856 1517 4928 1.
1552 4855 1636 4928 15.
1667 4855 1973 4928 ίιδοηὶῆιῑίιιε
2010 4858 2063 4909 5.

483 4930 523 4961 "
557 4926 838 4983 fresia‘15.
916 4926 1321 4982 u'nunciansl.
1400 4926 1442 4957 ι’
1490 4926 1688 4982 domini
1729 4928 1778 4980 1.
1826 4928 1875 4980 7.
1930 4929 1981 4982 8.
2013 4929 2064 4980 9.

480 5000 525 5030 ὀ
552 4996 953 5069 praedicatione
985 4997 1035 5050 1.
1061 4997 1347 5069 predicans
1376 4996 1510 5069 v._d.
1545 4997 1859 5069 martir15.
1916 4999 1977 5069 ff
2006 4997 2067 5050 P.

482 5065 667 5138 itaque
711 5083 807 5121 rex
857 5065 942 5120 15.
1042 5068 1087 5097 ”
1114 5066 1397 5123 haistolfus
1432 5067 1494 5145 5.
1545 5066 1594 5119 7.
1619 5067 1787 5148 8.15.
1885 5067 1931 5098 ’³
1960 5067 2075 5121 lon-

487 5135 848 5189 eobardorum
910 5136 961 5189 1.
996 5150 1090 5189 rex
1144 5136 1287 5189 Ione.
1342 5135 1427 5189 15.
1504 5136 1550 5167 ”
1582 5137 1848 5189 iusticiam
1893 5138 2075 5189 nrohi-

521 5135 848 5192 obardorum
910 5136 961 5190 1.
996 5150 1090 5190 rex
1144 5136 1287 5206 long.
1342 5135 1435 5189 15.
1504 5136 1550 5167 ”
1582 5137 1848 5191 iusticiam
1893 5138 2075 5205 prohi-

523 5207 663 5278 endo
692 5206 779 5278 15.
821 5206 903 5278 __’_'
947 5206 1164 5278 clausas
1193 5206 1253 5278 1:
1274 5207 1325 5260 7.
1359 5202 1446 5278 15.
1523 5206 1569 5237 ’⁸
1603 5208 1771 5278 venit.
1798 5206 1944 5278 Inito
1976 5208 2075 5278 igi-

484 5287 577 5332 tur
624 5276 765 5331 bello
814 5275 898 5331 15.
977 5277 1021 5307 ’τ
1055 5284 1110 5329 ει
1154 5276 1205 5329 b.
1231 5276 1395 5331 Petro
1425 5276 1619 5332 interc.
1663 5277 1747 5330 15.
1826 5276 1871 5307 ’³
1900 5275 2073 5332 victor

484 5362 612 5404 cum
654 5337 855 5401 franeis
900 5344 983 5399 15.
1060 5346 1104 5375 ”
1147 5346 1267 5404 Ipso
1302 5362 1443 5401 anno
1474 5346 1559 5399 15.
1638 5345 1682 5377 ’°
1707 5347 1772 5401 ad
1798 5362 1949 5401 suam
1989 5363 2074 5402 se—

488 5418 610 5473 dem
640 5415 898 5487 Beuquet.
974 5415 1018 5448 ⁸¹
1045 5431 1140 5487 per
1168 5415 1374 5487 lega'os
1403 5417 1467 5487 d.
1490 5431 1624 5487 p._r.
1652 5417 1735 5487 15.
1814 5417 1858 5447 ³³
1900 5418 2074 5487 volra-

491 5489 618 5543 dum
650 5486 734 5542 15.
773 5485 780 5487 “
813 5486 858 5518 ³³
887 5487 1079 5556 reliqui
1107 5486 1158 5541 9.
1190 5485 1425 5556 reliquos
1453 5485 1501 5540 1.
1536 5485 1586 5539 7.
1664 5486 1709 5517 "'
1738 5486 1992 5542 haistolfo
2020 5488 2072 5540 7.

2144 1994 2259 2049 siae
2287 1993 2308 2025 ⁸
2358 1991 2636 2047 Romanae
2685 1990 3016 2047 defensionis
3060 1991 3081 2022 ’
3136 1991 3447 2046 firmitatem
3500 1989 3741 2059 accepit.

2146 2085 2321 2155 ipsum
2370 2098 2529 2138 sacra
2554 2081 2812 2137 unctione
2834 2081 2904 2136 ad
2931 2080 3130 2152 regiae!
3160 2080 3441 2151 dignitatis
3472 2079 3743 2135 honorem

2145 2175 2504 2239 consecravit,
2537 2182 2590 2229 et
2630 2188 2755 2229 cum
2794 2187 2860 2228 eo
2898 2172 3034 2228 duos
3077 2170 3217 2226 filios
3244 2170 3381 2234 eius,
3425 2168 3653 2224 Karlum
3689 2180 3747 2222 et

2144 2269 2601 2333 Karlomanuum;
2650 2265 2957 2335 mansitque
3013 2265 3054 2296 ¹⁰
3109 2264 3341 2319 hiberno
3390 2270 3636 2332 tempore
3689 2260 3745 2314 in

2143 2360 2393 2416 Francia.
2452 2359 2655 2413 Eodem
2686 2372 2829 2412 anno
2855 2367 2876 2395 ο
2902 2354 3202 2409 Bonifatius
3226 2394 3241 2417 ,
3297 2342 3751 2421 archiepiscopus

2146 2449 2597 2521 Magoutiacensis
2621 2448 2684 2511 “,
2717 2448 2770 2501 iu
2798 2445 2971 2501 Frisia
2999 2446 3225 2499 verbum
3241 2442 3690 2512 Deipraedicans
3715 2458 3748 2493 a

2145 2539 2373 2612 paganis
2398 2535 2733 2593 interfectus.
2758 2535 3004 2589 martirio
3029 2542 3322 2589 coronatus
3347 2541 3451 2587 est.

2814 2648 3059 2706 DCCLV.

2218 2725 2480 2795 Pippinus
2518 2740 2637 2789 rex,
2695 2723 2959 2777 invitante
3021 2730 3183 2791 atque
3232 2728 3555 2791 suggerente
3581 2733 3750 2788 prae-

2150 2816 2295 2871 dicto
2321 2814 2567 2871 Romano
2593 2812 2869 2884 pontifice,
2912 2820 3133 2882 propter
3154 2810 3415 2865 iustitiam
3436 2810 3580 2863 beati
3596 2807 3749 2868 Petri

2150 2907 2380 2977 apostoli
2401 2923 2432 2962 a
2463 2920 2591 2977 rege
2618 2904 3097 2975 Langobardorum
3122 2903 3440 2972 exigendam
3466 2902 3507 2932 “
3531 2900 3750 2955 Italiam

2151 3016 2276 3055 eum
2301 2999 2476 3054 valida
2500 3014 2661 3053 manu
2697 2999 2738 3029 ”
2764 2997 3084 3068 ingreditur.
3119 2992 3516 3050 Resistentibus
3538 2991 3755 3063 Lango—

2152 3091 2340 3147 bardis
2354 3098 2411 3146 et
2423 3090 2661 3144 claustra
2676 3089 2865 3143 Italiae
2888 3085 3189 3161 tuentibus,
3211 3085 3276 3139 ad
3308 3085 3453 3154 ipsas
3473 3083 3751 3137 montium

2154 3185 2333 3240 clusas
2379 3170 2424 3215 ¹¹⁵
2479 3182 2745 3237 acerrime
2791 3189 3090 3251 pugnatum
3136 3186 3262 3242 est;
3319 3174 3757 3241 cedentibusque

2159 3273 2548 3344 Langobardis,
2577 3287 2767 3327 omnes
2795 3270 2983 3338 copiae
3010 3268 3341 3323 Francorum
3365 3264 3618 3335 quamvis
3647 3263 3759 3318 dif-

2157 3366 2353 3421 ficilem
2375 3365 2518 3419 viam
2550 3364 2594 3394 ¹⁶
2622 3378 2732 3418 non
2763 3375 2958 3432 magno
2998 3359 3184 3414 labore
3234 3365 3578 3429 superarunt.
3630 3353 3760 3409 [lei-

2157 3457 2355 3514 stulfus
2390 3457 2432 3488 ¹⁶
2459 3470 2610 3517 vero,
2658 3469 2753 3509 rex
2783 3442 3286 3523 Langobardorum,
3344 3463 3566 3503 manum
3621 3462 3760 3501 cou-

2158 3566 2341 3607 serere
2381 3564 2489 3604 non
2517 3561 2702 3609 ausus,
2749 3546 2803 3601 in
2842 3545 3063 3601 civitate
3087 3543 3254 3613 Papia
3281 3557 3311 3594 a
3363 3555 3489 3611 rege
3523 3538 3758 3609 Pippino

2158 3642 2414 3701 obsessus
2442 3649 2554 3703 est;
2607 3637 2701 3706 qui
2734 3644 2859 3689 ante
2882 3634 3219 3689 obsidionem
3247 3646 3355 3686 non
3384 3630 3564 3709 solvit,
3589 3644 3759 3698 quam

2161 3729 2437 3795 firmitatis
2463 3742 2628 3784 causa
2650 3741 2749 3795 pro
2789 3723 3063 3780 reddenda
3092 3731 3314 3779 sanctae
3360 3718 3639 3777 Romanae
3665 3734 3761 3774 ec-

2159 3820 2359 3876 clesiae
2382 3818 2588 3873 iustitia
2626 3817 2666 3847 "
2694 3814 2913 3870 obsides
2940 3812 3010 3866 40
3036 3809 3352 3881 recepisset.
3384 3859 3395 3868 ,
3434 3810 3587 3864 Datis
3624 3824 3761 3863 vero

2160 3912 2230 3967 40
2251 3911 2529 3967 obsidibus
2552 3908 2943 3980 promissisque
2976 3904 3326 3960 iureiurando
3359 3903 3611 3967 firmatis,
3640 3902 3763 3972 ipse

2160 4004 2377 4073 quidem
2408 3988 2463 4057 in
2494 4015 2718 4071 regnum
2748 4013 2905 4054 suum
2930 4011 3209 4068 regressus
3240 3996 3283 4027 ⁸⁸
3306 4003 3413 4061 est,
3436 4001 3493 4048 ct
3527 3992 3763 4062 Stepha»

2161 4112 2290 4153 num
2321 4109 2515 4166 papam
2561 4108 2681 4146 cum
2711 4088 2944 4145 Folrado
2971 4088 3013 4119 "
3037 4087 3359 4159 presbytero
3395 4083 3678 4154 capellano
3707 4090 3765 4137 et

2161 4205 2269 4245 non
2296 4188 2520 4242 minima
2546 4166 2891 4239 Francorum.
2910 4187 3073 4234 manu
3100 4177 3329 4231 Romam
3358 4175 3587 4230 remisit.
3629 4172 3765 4226 Kar-

2164 4288 2449 4342 lomaunus
2492 4288 2675 4337 autem
2704 4278 2747 4309 '°
2774 4274 3093 4339 monachus,
3137 4271 3309 4326 frater
3332 4270 3495 4339 regis,
3521 4269 3611 4339 qui
3635 4274 3763 4322 cum

2566 4472 2962 4532 VARIANTES
2992 4466 3374 4526 LECTIONES

1573 4577 1692 4658 2.7:.
1751 4577 2063 4658 “maerens
2088 4579 2140 4638 D
2242 4593 2539 4649 ‘nuntium
2581 4586 2790 4658 accepit
2846 4586 2899 4658 ’1.
2976 4576 3525 4658 {interemptust};
3564 4577 3587 4607 ³
3626 4571 3776 4658 infe-

2171 4646 2495 4722 stationibus
2543 4661 2596 4714 7.
2664 4646 3205 4731 flongo‘bardorum,
3244 4646 3458 4731 1.15.
3492 4646 3767 4731 6.,ροειεα

2172 4718 2485 4790 iii-dcam
2520 4732 2544 4785 1
2573 4718 2851 4783 meliorem“
2873 4724 3146 4779 lectionem
3186 4719 3409 4790 exhibet.
3444 4718 3511 4790 Mf
3538 4718 3680 4790 deest
3712 4718 3763 4768 7.

2174 4786 2369 4859 {illius
2401 4803 2453 4855 7.
2478 4801 2568 4855 ille
2606 4798 2772 4852 abbas
2794 4795 2848 4849 6.
2922 4796 2942 4826 τ
2966 4795 3330 4859 imperaverat
3360 4788 3412 4841 7.
3442 4788 3515 4859 32
3586 4786 3608 4816 κ
3637 4799 3764 4839 aec-

2175 4857 2371 4931 clesiae
2399 4872 2452 4926 4.
2480 4868 2808 4937 itasaepius.
2862 4864 2902 4937 f
2930 4857 3075 4937 {fecit
3104 4860 3156 4915 6.
3247 4859 3303 4937 _‘°
3344 4857 3547 4937 mansit
3577 4863 3767 4937 autem

2176 4924 2367 5000 6Ϊῄίῖ
2385 4924 2911 5009 mogdntiacensis2.
2934 4933 2987 4987 5.
3012 4927 3477 5009 mogoncia-gensis
3497 4928 3552 4989 5,
3573 4924 3627 4979 6.
3651 4939 3770 5009 rno-

2177 4993 2546 5088 guntiacens’is
2568 5009 2648 5061 7.’
2702 5007 2743 5088 ί]
2778 4993 3770 5088 ρτοριειχετεςριειιῐξειὲεηὲε

2178 5064 2463 5154 ξίξιῖᾧὲῖ
2479 5064 2665 5154 regem
2713 5064 3191 5154 Ldngobardoruni
3222 5065 3700 5154 dpminiawltaliam
3717 5064 3767 5116 7.

2182 5134 2611 5209 irmarriu'valiifa
2634 5146 2688 5200 ι.
2706 5134 2990 5201 εωηᾜεεει
3011 5141 3063 5195 6.
3144 5140 3187 5171 ¹⁸
3220 5134 3509 5209 clausas‘s.
3536 5134 3588 5188 6.
3616 5150 3770 5189 mon-

2177 5208 2310 5280 tium
2333 5221 2613 5288 angustias
2635 5232 2772 5288 Quas
2797 5216 2987 5288 clusa_s_
3004 5218 3200 5288 vocant
3305 5286 3309 5288 Δ
3428 5209 3570 5288 viam
3586 5220 3771 5288 quam:

2176 5277 2561 5351 θεέέιίῆῑὲίιειη
2577 5290 2628 5341 7.
2655 5277 2726 5318 ἰο
2762 5282 3046 5340 haistulfus
3074 5281 3127 5334 5.
3173 5277 3456 5351 haistolfus
3488 5277 3541 5331 7.
3596 5277 3705 5351 ἰια.
3728 5284 3770 5325 ει

2172 5342 2559 5433 38,222,731"?
2571 5372 2683 5433 _pro
2707 5352 3057 5433 restituendis
3084 5364 3222 5419 quae
3275 5348 3551 5433 Ronman‘a'e
3566 5342 3768 5433 “eccle-

2178 5413 2525 5490 siaevvablata
2564 5413 2780 5483 fuerant
2818 5426 2869 5476 7.
2949 5422 2991 5453 ’⁸
3059 5413 3312 5475 reversus
3343 5416 3395 5469 6.
3476 5415 3517 5446 "
3565 5413 3769 5468 florado

2186 5505 2237 5559 5.
2279 5505 2331 5558 6.
2409 5501 2452 5531 ὀ
2478 5497 2615 5554 deest
2646 5496 2689 5549 7.

2014 5592 2242 5649 ΝΟΤίΕ.

564 5703 590 5731 α
624 5689 783 5757 Iburg
812 5689 863 5744 in
891 5689 1197 5758 principatu
1221 5685 1643 5758 Osnabrugensi.

564 5760 592 5801 ιι
633 5758 857 5828 Quiersy
884 5760 949 5813 ad
988 5760 1237 5828 lsseram.

568 5839 589 5869 ο
631 5823 723 5885 Lis
772 5823 844 5885 de
875 5828 933 5885 S.
971 5827 1237 5885 Bonifacii
1296 5827 1474 5885 obitus
1527 5842 1668 5885 anno
1710 5841 1739 5881 ει
1769 5823 2078 5880 Mabillonio

2184 5683 2323 5737 Ann.
2366 5678 2565 5735 Bened.
2610 5693 2696 5730 an.
2907 5685 3137 5739 expensa
3168 5675 3250 5721 est
3287 5708 3298 5725 ,
3348 5664 3437 5733 qui
3484 5658 3771 5740 Wilibaldo

2182 5730 2398 5873 $565111:
2415 5730 2625 5804 annum
2641 5744 2741 5801 755'
2758 5752 2811 5799 et
2825 5730 3171 5799 indiciioucm
3186 5730 3434 5792 octavam
3452 5730 3767 5804 proferenti,

2188 5822 2359 5874 astintt
2387 5828 2525 5874 atur.

2188 5831 2525 5892 astipulatur.
