3928 6312
487 402 596 461 379

956 530 1192 572 ANNALES
1227 524 1627 570 LAUIUSSENSES.

495 609 723 667 Dionisii
753 610 792 675 ',
830 607 1042 663 Rustici
1093 615 1150 662 et
1172 602 1492 669 Eleutherii,
1539 616 1644 657 nec
1688 613 1796 654 non
1826 605 1882 653 et
1909 594 2084 651 sancti

491 701 750 759 Germani
781 715 875 756 seu
905 699 1078 755 sancti
1100 697 1319 753 Martini
1349 697 1393 760 ',
1427 701 1486 750 ut
1517 692 1770 749 omnibus
1789 689 1980 745 diebus
2004 685 2085 740 vi-

497 807 566 854 ta:
617 797 778 853 eius'
815 797 895 852 sic
939 801 1309 858 conservaret,
1366 791 1507 846 sicut
1557 784 1913 843 sacramentis
1958 795 2085 850 pro-

505 889 734 945 miserat
762 888 785 920 ⁸
817 903 832 942 :
878 887 957 942 sic
991 896 1046 941 et
1078 886 1197 940 eius
1242 883 1491 938 homines
1521 880 1759 935 maiores
1802 882 1957 939 natu,
1988 871 2083 942 qui

495 987 654 1034 erant
718 993 840 1033 cum
885 992 951 1032 eo
983 1016 998 1042 ,
1061 974 1456 1037 ﬁrmaverunt,
1518 971 1660 1026 sicut
1715 967 1917 1022 dictum
1977 969 2081 1024 est,

493 1067 552 1122 in
595 1066 729 1122 locis
765 1065 1012 1135 superius
1055 1061 1351 1117 nominatis
1374 1101 1391 1128 ,
1440 1060 1566 1130 quia
1592 1059 1612 1090 '
1635 1066 1690 1113 et
1715 1056 1770 1110 in
1800 1053 1918 1109 aliis
1946 1051 2084 1106 mul-

495 1160 586 1216 tis.
635 1158 878 1214 Natalem
911 1148 1126 1214 Domini
1149 1165 1203 1212 et
1231 1153 1434 1226 pascha
1463 1151 1781 1208 Corbonaco
1802 1159 1828 1189 ι
1850 1142 2086 1202 celebra-

496 1249 596 1304 vit.

1145 1312 1452 1374 DCCLVIII.

567 1408 830 1480 Pippinus
853 1425 947 1467 rex
972 1409 1026 1464 in
1059 1408 1353 1465 Saxoniam
1382 1405 1562 1471 ibat",
1592 1412 1648 1460 et
1674 1401 1960 1457 ﬁrmitates
1987 1397 2088 1453 Sa-

496 1512 710 1552 xonum
728 1511 827 1566 per
852 1497 1108 1552 virtutem
1147 1496 1393 1552 introivit
1429 1495 1473 1562 ⁸,
1524 1495 1580 1548 in
1608 1493 1728 1548 loco
1765 1490 1859 1560 qui
1887 1488 2086 1544 dicitur

494 1585 675 1642 Sitnia
699 1587 720 1619 '
748 1588 800 1654 δ,
828 1595 884 1643 et
909 1585 1113 1644 multae
1135 1586 1417 1657 strages“
1449 1585 1626 1641 factae
1647 1589 1776 1642 sunt
1808 1582 1864 1636 in
1876 1579 2084 1650 populo

496 1675 774 1734 Saxonum
804 1680 847 1711 “
879 1695 893 1732 :
924 1687 980 1733 et
1008 1686 1137 1734 tunc
1157 1678 1384 1749 polliciti
1427 1683 1553 1732 sunt
1582 1681 1773 1749 contra
1796 1672 2084 1742 Pippinum

492 1786 690 1830 omnes
715 1768 1022 1826 voluntates
1047 1746 1176 1826 eius
1207 1769 1514 1826 faciendum
1543 1769 1610 1834 ξ’,
1662 1777 1718 1823 et
1747 1746 1981 1822 honores
2026 1763 2083 1817 in

495 1860 696 1932 placito
723 1876 821 1917 suo
859 1859 1311 1931 praesentandum
1340 1860 1406 1928 ¹³,
1457 1873 1630 1929 usque
1671 1858 1727 1913 in
1781 1869 1950 1925 equos
1977 1863 2087 1909 tre-

493 1957 686 2008 centos
707 1965 805 2021 per
827 1951 1070 2022 singulos
1087 1965 1279 2007 annos.
1332 1950 1402 2006 Et
1426 1951 1471 1983 *ιδ
1493 1947 1872 2020 inmutavit_se
1895 1960 2089 2000 nume-

499 2059 594 2100 rus
623 2056 890 2098 annonam
925 2043 981 2097 in

1162 2462 1430 2520 DCCLIX.

578 2555 748 2613 Natus
774 2565 857 2612 est
886 2555 1114 2627 Pippino
1152 2556 1264 2624 regi
1295 2555 1468 2618 ﬁlius,
1503 2555 1958 2624 cuisupradictus
1995 2569 2090 2608 rex

505 2667 702 2708 nomen
743 2665 902 2706 suum
930 2649 1170 2719 inposuit
1193 2650 1258 2714 ⁸⁵,
1283 2657 1342 2703 ut
1365 2647 1620 2718 Pippinus
1642 2655 1926 2744 vqcaretur
1952 2647 2095 2725 sicut

501 2755 560 2800 et
586 2751 740 2816 pater
767 2744 913 2809 eius;
944 2742 1035 2812 qui
1069 2743 1206 2798 vixit
1238 2757 1411 2799 annos
1434 2742 1568 2797 duos
1590 2782 1604 2807 ,
1635 2740 1780 2796 et'in
1815 2740 1974 2795 tertio
2000 2740 2094 2795 de-

503 2834 724 2890 functus
749 2839 851 2889 est.
875 2832 918 2864 "
939 2832 1142 2887 Eodem
1171 2832 1208 2865 ¹⁷
1230 2845 1374 2886 anno
1398 2829 1690 2886 celebravit
1723 2827 1957 2884 natalem
1989 2828 2094 2883 Do-

505 2922 639 2977 mini
666 2922 720 2976 in
746 2919 1015 2992 Longlare
1046 2920 1088 2952 ¹⁸
1116 2927 1213 2974 cet
1232 2919 1435 2991 pasc‘ha
1466 2919 1522 2973 in
1559 2916 1725 2988 Iopila
1766 2916 1809 2949 “
1839 2916 1888 2970 ἀ.
1918 2916 1987 2972 Et
2013 2916 2097 2972 in-

505 3013 734 3069 mutavit
759 3013 804 3044 "
837 3026 896 3068 se
920 3026 1178 3067 numerus
1205 3026 1474 3066 annorum
1500 3010 1551 3064 in

1179 3103 1424 3160 DCCLX.

581 3193 734 3254 Tunc
757 3196 1016 3268 Pippinus
1046 3211 1407 3264 rex,cernens
1421 3195 1796 3266 Waipharium
1825 3195 1870 3228 ’ί
1896 3196 2090 3252 ducem
2122 3215 2166 3277 ρ

507 3291 925 3363 Aquitaniorum
967 3291 1191 3346 minime
1225 3291 1533 3347 consentire
1572 3290 1806 3346 iustitias
1838 3289 2096 3346 ecclesia-

509 3399 632 3438 rum
659 3381 905 3463 partibus
934 3395 1071 3451 quae
1094 3390 1250 3436 erant
1275 3381 1332 3435 in
1359 3380 1612 3446 Francia,
1649 3380 1936 3437 consilium
1966 3374 2096 3435 fecit

507 3490 632 3530 cum
670 3472 923 3538 Francis,
969 3481 1032 3527 ut
1074 3472 1180 3527 iter
1211 3480 1394 3543 ageret
1419 3473 1463 3503 ”
1488 3473 1824 3542 supradictas
1860 3473 2097 3528 iustitias
2173 3509 2180 3515 ε

507 3564 819 3636 quaerendo
858 3564 912 3618 in
958 3562 1266 3633 Aquitania.
1308 3564 1377 3618 Et
1420 3565 1668 3634 pervenit
1712 3580 1884 3635 usque
1919 3565 1975 3620 in
2018 3566 2096 3622 lo-

509 3670 656 3720 cum,
688 3655 780 3723 qui
813 3654 1014 3709 dicitur
1047 3652 1342 3708 'l‘edoad'“
1373 3665 1418 3707 ο.
1447 3654 1665 3709 Etcum
1701 3654 1837 3710 haec
1875 3656 2096 3711 vidisset

511 3745 880 3813 Waipharius,
901 3745 1047 3798 misit
1070 3743 1262 3798 missos
1286 3758 1434 3809 suos,
1463 3744 1817 3801 Adotbertum
1838 3745 1885 3778 “
1903 3754 1963 3800 et
1994 3747 2098 3802 Da-

510 3835 698 3891 dinum
712 3833 781 3902 ²⁸,
796 3843 852 3889 et
878 3833 1027 3889 dedit
1049 3831 1265 3888 Obsides
1286 3832 1631 3910 Adalgarium
1653 3834 1697 3865 ³⁸
1717 3843 1774 3890 et
1793 3835 2096 3891 Eitherium

900 3946 1291 4004 VARIANTES
1327 3947 1729 4017 LECTIONES.

514 4036 532 4069 ¹
562 4035 844 4107 dionisiu5.
878 4105 888 4107 Α
922 4037 943 4066 ’
967 4035 1224 4107 Germani
1243 4046 1295 4091 et
1323 4035 1496 4090 sancti
1520 4035 1838 4107 Martyrisi.
1900 4037 2095 4107 A'vitae

510 4106 716 4179 suae_7.
737 4103 841 4179 _(8.)
867 4105 921 4179 9.
959 4105 1020 4179 -δ
1037 4107 1391 4179 sacramentis
1403 4103 1730 4179 constrictus
1751 4121 1804 4175 p.
1822 4107 1872 4179 1.
1896 4105 1950 4160 7.
1981 4109 2094 4178 (8?)

512 4175 536 4210 ³
565 4176 692 4247 quia
713 4173 926 4247 deest}.
959 4176 1010 4229 7.
1044 4178 1098 4246 (8
1117 4176 1160 4247 ?)
1191 4176 1244 4247 9_.
1362 4175 1394 4247 Ἀ
1419 4173 1663 4247 Natalem
1685 4173 1790 4230 etc.
1817 4173 2005 4231 desunt
2040 4173 2095 4232 in

509 4244 752 4327 omnibus
779 4244 932 4327 ερας.
974 4244 1184 4316 επερέο
1214 4244 1346 4327 ὅπερ
1375 4245 1547 4327 9.,“in
1573 4260 1676 4327 quo
1703 4254 1879 4327 tamen
1903 4248 2094 4327 itare-

509 4316 714 4388 peritur
742 4328 759 4365 :
789 4314 989 4370 Eodem
1019 4313 1162 4372 anno
1208 4314 1500 4370 celebravit
1527 4313 1759 4369 natalem
1797 4315 2000 4370 domini
2038 4317 2091 4371 in

509 4382 828 4440 Corbonaco
857 4394 913 4439 et
931 4387 1152 4440 nascha.
1206 4385 1273 4439 Et
1300 4385 1604 4439 immutavit
1630 4399 1690 4438 se
1717 4399 1974 4439 numerus
2000 4402 2091 4440 an-

512 4385 828 4440 Corbonaco
857 4394 913 4439 et
931 4387 1152 4454 pascha.
1206 4385 1273 4439 Et
1300 4385 1604 4439 immutavit
1630 4399 1690 4438 se
1717 4399 1974 4439 numerus
2000 4402 2096 4440 an-

512 4467 705 4510 norum
733 4454 787 4508 in
817 4452 937 4509 758.
1041 4456 1060 4486 ⁷
1085 4455 1157 4509 ibi
1192 4456 1241 4507 1.
1337 4454 1360 4485 ³
1391 4453 1640 4508 civitates
1679 4468 1941 4508 saxonum
1969 4470 2091 4510 cum

509 4525 713 4578 virtute
739 4523 933 4578 bellica
969 4524 1211 4579 introivit
1233 4523 1317 4577 I5.

510 4593 674 4649 sitina
693 4593 777 4646 12.
857 4593 899 4624 ³ο
923 4595 1119 4649 multas
1143 4602 1319 4662 trages
1341 4591 1396 4663 ᾗ.
1435 4661 1443 4663 _
1472 4593 1513 4663 ⁷⁷
1540 4593 1594 4646 in
1616 4593 1813 4663 populo
1827 4609 2092 4649 saxonum

510 4663 685 4721 factae
707 4671 852 4733 sunt.
887 4663 1088 4733 Etpost
1113 4661 1245 4733 haec
1270 4661 1491 4731 polliciti
1517 4661 1641 4716 sunt
1663 4663 1882 4732 pippino
1898 4677 1956 4718 se
1982 4679 2097 4718 om-

510 4746 610 4790 nes
625 4749 677 4786 v.
696 4748 747 4787 e.
768 4731 1009 4788 facturos
1029 4741 1084 4788 et
1110 4732 1311 4786 honore
1347 4746 1445 4786 suo
1473 4747 1530 4786 se
1558 4731 1985 4800 praesentandos
2006 4750 2098 4790 us-

509 4816 616 4902 que
638 4801 708 4856 ad
735 4816 904 4871 equos
926 4803 1010 4857 15.
1090 4803 1131 4834 “
1149 4801 1425 4882 faciendas
1442 4802 1489 4856 1.
1570 4801 2091 4902 “praestandum-1.

516 4873 532 4902 Ι
592 4871 655 4902 ΠΩ
679 4877 765 4902 ain
820 4873 958 4902 Jan-0
983 4872 1048 4902 ΔΙ(
1173 4872 1217 4902 ιι
1246 4872 1499 4902 ιιηηηηοηῖι
1533 4871 1553 4902 Ι
1705 4873 1737 4902 0
1836 4873 1879 4902 ιο
1906 4872 2065 4902 ΑΛΓ-η.

516 4871 561 4904 ⁸³
591 4871 658 4925 Et
679 4877 785 4944 etc.
817 4873 958 4944 deest
983 4872 1088 4944 I45.”
1173 4871 1504 4944 ”__imposuit
1533 4871 1664 4944 1.7.
1705 4873 1779 4944 9.7
1836 4873 1879 4903 ⁷⁸
1905 4872 2096 4928 defun-

513 4949 634 4996 ctus
656 4955 706 4995 e.
731 4940 766 4994 i.
801 4941 963 4994 tertio
992 4942 1042 4994 1.
1069 4942 1120 4994 7.
1202 4942 1242 4973 ¹⁷
1277 4940 1477 4994 Eodem
1501 4940 1607 4995 etc.
1640 4943 1815 5022 omnia
1848 4958 2010 5043 usque
2025 4944 2094 4998 ad

514 5027 569 5062 α.
593 5009 993 5062 775άεεαηι15.
1073 5011 1115 5043 ⁸⁸
1139 5010 1440 5062 loiialasel.
1540 5010 1578 5041 ¹⁹
1614 5011 1843 5062 tontlal.
1944 5013 2094 5062 °mn-

514 5027 569 5065 α.
593 5009 892 5064 775dcsunt
909 5011 993 5064 15.
1073 5011 1115 5043 ⁸⁸
1139 5010 1440 5081 longlasel.
1540 5010 1578 5041 ¹⁹
1614 5010 1774 5078 topila
1793 5012 1843 5063 1.
1919 5009 2095 5068 “mu-

516 5081 685 5161 tavit!
699 5118 712 5132 .
789 5080 1223 5161 'fjvaphariumd
1237 5121 1250 5134 .
1269 5079 1565 5161 vyail'arium
1590 5079 1641 5131 7.
1661 5079 2021 5161 waifarium_'_'l
2037 5085 2093 5137 b.

514 5151 569 5204 9.
596 5149 1149 5220 I2.'gnaifarium_13.
1177 5152 1248 5202 ita
1269 5149 1508 5220 deinceps
1536 5149 1651 5220 fere,
1669 5166 1890 5220 semper.
1965 5152 2010 5183 ”
2039 5162 2100 5207 ut

516 5233 659 5320 quae
684 5217 956 5320 figeretl.‘
1016 5217 1059 5249 “
1074 5219 1372 5320 Ithedoadgl.
1391 5217 1658 5320 theo'dnoad
1683 5217 1989 5274 I‘Ltedoat.
2008 5223 2093 5276 15.

625 5297 675 5320 ΑΙ
705 5297 894 5320 κομι-ιω
1014 5297 1063 5320 nl
1092 5298 1284 5320 uanlIm
1411 5297 1500 5320 σηη
1574 5295 1712 5320 plum
1742 5288 1775 5320 0
1826 5288 2093 5320 ΛΙιιιι-ειιηη

516 5287 565 5321 ³⁷
590 5287 895 5343 dotbertum
935 5289 984 5341 1.
1013 5289 1284 5342 otbertum
1321 5287 1373 5342 8.
1410 5289 1713 5341 autbertum
1742 5288 1795 5341 9.
1826 5288 2097 5345 otherium

515 5358 603 5412 12.
625 5359 870 5414 athertus
887 5359 970 5412 15.
1048 5358 1093 5388 ⁷⁸
1114 5357 1386 5412 dawinum
1406 5356 1487 5410 12.
1566 5356 1982 5428 "adAlgarium
1999 5359 2100 5416 Ce-

1593 384 1970 450 EGINIIARDI
2010 379 2306 440 ABBATIS
2340 380 2665 438 ANNALES

2111 501 2166 559 A

2685 510 2921 550 ANNALBS
2959 508 3268 550 EGINIIABDI.

2815 1268 3124 1326 DCCLVIII.

2257 1363 2516 1434 Pippinus
2547 1379 2642 1419 rex
2671 1378 2793 1419 cum
2824 1363 3066 1418 exercitu
3109 1359 3398 1417 Saxoniam
3436 1359 3730 1431 adgressus
3757 1359 3772 1390 ‘

2185 1464 2302 1522 est;
2331 1465 2386 1512 et
2423 1455 2672 1526 quamvis
2701 1454 3008 1509 Saxonibus
3040 1451 3368 1507 validissime
3391 1451 3778 1505 resistentibus

2187 1557 2243 1605 et
2278 1550 2605 1612 munitiones
2641 1563 2767 1602 suas
2796 1546 3098 1610 tuentibus,
3137 1544 3308 1615 pulsis
3333 1542 3539 1613 proelio
3574 1557 3779 1612 propu-

2186 1641 2525 1713 gnatoribus,
2553 1654 2650 1709 per
2675 1640 2874 1710 ipsum,
2905 1653 3012 1706 quo
3037 1637 3268 1707 patriam
3297 1634 3583 1691 defendere
3608 1649 3779 1689 cona-

2185 1731 2403 1796 bantur,
2432 1729 2629 1785 vallum
2661 1730 2904 1784 intravit.
2935 1727 3359 1796 Commissisque
3382 1725 3584 1795 passim
3609 1739 3769 1794 ρι’ωε·

2114 1847 2164 1907 Β
2189 1823 2300 1888 liis,
2325 1822 2613 1893 plurimam
2644 1837 2710 1876 ex
2740 1821 2871 1890 ipsis
2905 1820 3305 1875 multitudinem
3344 1819 3541 1874 occidit
3570 1819 3610 1883 ³,
3643 1819 3778 1874 coé-

2189 1913 2374 1986 gitque
2400 1921 2460 1968 ut
2485 1914 2896 1983 promitterent,
2927 1927 2985 1966 se
3023 1926 3241 1966 omnem
3263 1909 3597 1989 voluntatem
3626 1907 3780 1962 illius

2189 2000 2308 2059 esse
2338 2002 2578 2058 facturos
2609 2003 2649 2070 ³,
2678 2010 2731 2057 et
2763 2002 2919 2057 annis
2945 2000 3172 2080 singqlis
3201 2000 3228 2031 ⁸
3248 1996 3473 2055 honoris
3513 2014 3679 2054 causa
3711 1999 3780 2051 ad

2188 2095 2495 2166 generalem
2530 2105 2852 2150 conventum
2893 2092 3061 2163 cqiios
3094 2091 3197 2147 300
3226 2107 3326 2162 pro
3364 2105 3585 2145 munere
3621 2088 3786 2143 datu-

2190 2199 2301 2239 ros.
2344 2175 2440 2239 His
2469 2184 2543 2237 ita
2570 2183 2919 2253 compositis,
2956 2192 3012 2237 et
3050 2183 3198 2236 more
3235 2168 3534 2245 Saxonico,
3561 2188 3616 2234 ut
3658 2190 3781 2235 rata

2191 2291 2312 2332 esse
2370 2275 2651 2340 deberent,
2698 2274 3059 2339 conﬁrmatis,
3100 2274 3153 2328 in
3204 2271 3434 2329 Galliam
3483 2287 3600 2328 sese
3649 2289 3782 2328 cum

2192 2367 2434 2422 exercitu
2465 2383 2564 2423 suo
2599 2368 2621 2396 ’⁸
2651 2367 3093 2491 recepitbccux

2265 2526 2436 2582 Natus
2480 2534 2564 2582 est
2604 2526 2831 2597 Pippino
2869 2526 2981 2597 regi
3025 2525 3196 2591 ﬁlius,
3227 2538 3385 2594 quem
3419 2540 3517 2580 suo
3563 2525 3788 2579 nomine

2193 2617 2478 2688 Pippinum
2517 2619 2704 2673 vocari
2752 2617 2938 2672 voluit.
2986 2616 3092 2672 Sed
3127 2631 3262 2686 puer
3297 2617 3565 2685 inmatura
3605 2626 3788 2670 morte

2193 2707 2551 2776 praeventus,
2593 2707 2753 2761 tertio
2786 2713 2908 2775 post
2950 2702 3284 2760 nativitatem
3325 2719 3478 2759 suam
3515 2719 3658 2758 anno
3700 2704 3790 2758 de»

2195 2798 2376 2853 cessit.
2423 2797 2535 2852 Hoc
2573 2813 2713 2852 anno
2752 2797 3045 2852 celebravit
3075 2812 3171 2850 rex
3209 2795 3443 2850 natalem
3473 2795 3688 2849 Domini
3734 2796 3788 2849 in

2195 2887 2458 2944 Lonclare
2499 2888 2543 2954 ⁸,
2583 2897 2640 2943 et
2682 2890 2882 2959 pascha
2927 2889 2980 2943 in
3021 2887 3228 2957 lopila;
3273 2901 3449 2957 neque
3485 2895 3637 2941 extra
3700 2902 3788 2941 re-

2195 2981 2287 3053 gni
2312 2980 2394 3036 sui
2425 2979 2685 3034 terminos
2712 2978 2926 3049 aliquod
2958 2979 3061 3032 iter
3092 2977 3237 3033 fecit.

2269 3163 2567 3221 Waifarius
2601 3163 2710 3218 dux
2735 3160 3083 3230 Aquitaniae,
3115 3173 3251 3227 cum
3274 3173 3394 3223 res,
3426 3170 3566 3226 quae
3603 3155 3656 3210 in
3688 3171 3787 3211 sua

2198 3265 2465 3327 potestate
2510 3263 2701 3318 crant,
2734 3261 2790 3307 et
2831 3255 2898 3307 ad
2937 3250 3193 3307 ecclesias
3226 3251 3326 3305 sub
3369 3264 3532 3303 manu
3568 3247 3789 3318 Pippini

2198 3351 2341 3422 regis
2365 3349 2688 3405 constitutas
2708 3345 3074 3415 pertinebant,
3103 3342 3408 3398 rectoribus
3435 3342 3676 3410 ipsorum
3702 3355 3793 3394 ve-

2197 3441 2517 3497 nerabilium
2548 3438 2787 3493 locorum
2817 3436 3043 3492 reddere
3073 3434 3366 3499 noluisset,
3390 3433 3678 3502 ipsumque
3704 3446 3791 3485 re-

2196 3547 2316 3605 gem
2354 3548 2464 3604 pro
2511 3531 2597 3586 bis
2638 3545 2697 3585 se
2738 3530 2756 3560 ⁷
2801 3543 2900 3599 per
2945 3527 3147 3597 legatos
3177 3541 3307 3591 suos
3350 3533 3792 3581 eommonentem

2198 3623 2386 3678 audire
2407 3627 2795 3682 contemneret,
2810 3618 3149 3673 contumacia
3172 3632 3267 3671 sua
3291 3617 3358 3670 ad
3381 3615 3790 3684 suscipiendum

2198 3721 2388 3769 contra
2413 3727 2472 3767 se
2496 3711 2692 3766 bellum
2719 3710 3024 3765 concitavit.
3055 3708 3190 3763 Nam
3228 3723 3322 3764 rex
3357 3707 3655 3763 contractis
3687 3723 3792 3760 un—

2197 3806 2360 3876 dique
2399 3804 2569 3874 copiis
2610 3802 2956 3872 Aquitaniam
2991 3802 3299 3872 ingressus,
3329 3799 3471 3855 bello
3503 3815 3561 3854 se
3603 3814 3696 3854 res
3736 3808 3791 3854 et

2198 3895 2432 3950 iustitias
2463 3893 2814 3948 ecclesiarum
2840 3901 3157 3946 exacturum
3181 3889 3203 3921 ⁸
3226 3890 3613 3960 pronuntiavit.
3631 3887 3792 3943 Cum-

2196 4003 2302 4060 que
2346 3989 2399 4043 in
2445 3987 2588 4052 loco,
2625 3986 2715 4055 qui
2757 3984 2974 4039 Tedoad
3016 3983 3036 4014 ⁹
3066 3993 3312 4047 vocatur,
3361 3982 3552 4052 positis
3589 3981 3792 4035 castris

2196 4079 2552 4144 consedisset,
2579 4061 2877 4132 Waifarius
2902 4074 3044 4130 bello
3072 4081 3285 4128 certare
3312 4086 3418 4126 non
3444 4086 3633 4134 ausus,
3657 4072 3794 4125 mis-

2198 4185 2257 4225 sa
2296 4170 2337 4200 ¹⁰
2369 4169 2436 4222 ad
2483 4181 2664 4238 regem
2703 4165 3003 4236 legatione,
3034 4163 3262 4232 spondet
3301 4178 3359 4217 se
3399 4163 3663 4232 imperata
3717 4162 3792 4216 fa-

2196 4251 2815 4335 cturum,’ec7:lesiarum
2844 4255 3077 4310 iustitias
3105 4254 3146 4285 ¹¹
3183 4254 3541 4317 redditurum,
3568 4255 3792 4309 obsides

2197 4350 2289 4420 qui
2319 4350 2717 4418 imperarentur
2745 4345 2994 4400 daturum
3028 4361 3041 4397 :
3070 4343 3214 4400 dedit
3240 4345 3403 4398 etiam
3434 4344 3568 4399 duos
3587 4344 3652 4399 de
3675 4349 3791 4414 prl-

2197 4440 2439 4495 moribus
2468 4437 2674 4507 gentis,
2708 4433 3054 4504 Adalgarium
3092 4441 3145 4488 et
3182 4433 3463 4488 Itherium.
3501 4435 3543 4464 ¹¹
3581 4433 3649 4486 Et
3683 4436 3790 4489 hoc

1417 4522 1438 4554 ’
1471 4523 2009 4612 ﬁtﬁmaul-‘Siwnna
2037 4526 2087 4578 7.
2118 4554 2170 4612 Β
2196 4531 2370 4596 facto,
2401 4537 2729 4585 commotum
2755 4537 2943 4583 contra
2973 4541 3031 4581 se
3062 4526 3107 4557 ¹⁸
3135 4526 3279 4596 regis
3303 4527 3542 4580 animum
3572 4526 3712 4580 adeo
3747 4529 3787 4557 “

2202 4622 2497 4693 mitigavit,
2528 4629 2588 4674 ut
2623 4619 2805 4675 statim
2839 4617 2980 4673 bello
3017 4618 3322 4672 desisteret.
3369 4617 3504 4672 Nam
3551 4621 3790 4689 acceptis

2200 4710 2506 4787 obsidibus,
2545 4708 2638 4777 qui
2674 4708 2741 4762 ad
2786 4707 2944 4760 ﬁdem
2987 4705 3437 4776 promissioni‘ous
3481 4706 3789 4762 faciendam

2200 4803 2310 4859 dati
2340 4813 2496 4870 sunt,
2536 4819 2631 4858 rex
2656 4802 2795 4857 bello
2830 4802 3118 4867 abstinuit,
3148 4803 3474 4872 domumque
3515 4818 3787 4868 reversus,

2595 4915 2982 4973 VAPJANTES
3019 4913 3415 4971 LECTIONES.

2204 5011 2220 5042 ι
2254 5008 2529 5076 ingressus
2558 5002 2620 5076 4ἑ
2686 5002 2811 5076 "ita
2841 5002 2862 5054 1
2888 5018 2902 5065 ;
2927 5002 3085 5076 ceter}
3107 5000 3321 5054 cecidit.
3395 5000 3421 5076 ξ
3448 5001 3786 5076 voluntatem

2198 5070 2577 5136 eius'facturos
2592 5074 2642 5125 7.
2722 5070 2742 5101 ⁸
2768 5086 2813 5124 s.
2846 5086 2895 5124 a.
2927 5071 2977 5123 7.
3055 5070 3075 5101 ⁸
3104 5085 3203 5124 suo
3228 5070 3468 5124 exercitu
3496 5072 3550 5124 2.
3629 5073 3652 5102 ⁸
3677 5073 3788 5126 lon-

2200 5139 2348 5219 g‘Iare
2378 5145 2435 5219 7_._
2505 5145 2524 5175 "
2561 5157 2738 5211 regem
2757 5140 3010 5219 .de_hisce
3035 5155 3132 5219 per
3250 5210 3262 5219 _
3282 5139 3302 5170 '
3331 5155 3388 5219 se
3415 5155 3508 5219 res
3529 5143 3786 5219 ecclesia-

2202 5209 2320 5272 rum
2333 5213 2472 5268 bello
2487 5209 2805 5267 exacturum
2829 5210 2878 5262 7.
2955 5209 2975 5238 ‘
2995 5209 3120 5264 tedo
3139 5210 3190 5263 4.
3226 5209 3455 5263 thedoad
3479 5211 3512 5262 5
3528 5211 3551 5262 ἶ)
3570 5211 3627 5263 5.
3655 5212 3706 5265 6.
3734 5212 3782 5263 7.

2205 5287 2246 5319 ³ο
2261 5285 2458 5340 emissa
2483 5283 2536 5336 4.
2618 5280 2657 5312 ¹¹
2678 5279 2924 5334 ecclesiis
2953 5294 3045 5333 sua
3068 5279 3184 5332 iura
3211 5279 3262 5332 7.
3345 5279 3384 5308 "
3411 5279 3630 5333 iterinm
3663 5281 3782 5341 5.6.

2207 5357 2247 5390 ⁸³
2277 5358 2352 5410 ita
2382 5360 2569 5408 contra
2617 5365 2675 5405 se
2714 5347 3043 5403 commotum
3065 5346 3119 5400 7.
3198 5349 3238 5378 ιδ
3278 5349 3418 5402 deest
3445 5349 3494 5401 7.

2035 5452 2265 5510 NOTAE.

591 5558 615 5585 ι
654 5546 956 5616 Chcrbonne
997 5545 1062 5599 ad
1098 5544 1357 5616 Axonam
1388 5552 1577 5616 contra
1624 5542 1953 5601 Attiniacum
2001 5562 2098 5616 po-

516 5617 638 5679 sita,
665 5617 759 5669 aut
793 5615 853 5671 S.
893 5615 1132 5677 Marcou,
1168 5614 1295 5670 olim
1319 5613 1549 5672 Corbeni
1576 5624 1963 5684 nuncupatum,
1995 5613 2096 5673 Va-

515 5686 615 5742 les.
647 5684 811 5739 Notit.
844 5684 982 5738 Gall.
1014 5701 1064 5752 p.
1100 5685 1221 5739 I60.

591 5757 618 5796 δ
649 5756 922 5810 desertum
953 5750 1150 5817 senda,
1183 5753 1387 5817 Sinedi,
1419 5753 1587 5807 Sinidi
1619 5750 1701 5806 die
1733 5752 1940 5810 Sendc?

597 5837 617 5864 ο
660 5823 871 5881 Valcsio
899 5838 952 5892 p.
982 5823 1106 5892 285,
1137 5823 1312 5880 C(aire
1343 5825 1397 5878 in
1428 5823 1734 5878 Arduenna.

2281 5543 2307 5583 ἀ
2347 5540 2544 5611 ιαρξιιε
2570 5544 2758 5592 contra
2783 5537 3037 5591 Leodium
3072 5545 3127 5590 et
3153 5535 3541 5603 Haristallium,
3572 5539 3627 5593 in
3656 5543 3783 5597 dex-

2203 5625 2286 5669 tra
2316 5613 2475 5668 Mosaa
2496 5610 2634 5679 ripa.

2276 5696 2299 5724 e
2342 5683 2508 5742 Doué,
2542 5675 2693 5748 vicus
2722 5676 2892 5748 151000
2931 5691 3199 5748 passuum
3221 5691 3249 5729 a
3285 5675 3452 5748 ﬂuvio
3483 5677 3667 5748 Ligeri
3709 5698 3763 5735 rc

2205 5763 2410 5809 motus.
2453 5749 2505 5802 in
2544 5747 2739 5819 ﬁnibus
2775 5745 3054 5819 Pictonum
3096 5755 3145 5800 ct
3179 5746 3407 5801 Andium
3454 5745 3624 5819 prope
3654 5751 3762 5805 sm,

2207 5840 2340 5876 mur.
2375 5819 2550 5876 Vales.
2581 5817 2612 5869 l.
2646 5832 2690 5870 ς.
2725 5831 2775 5884 p.
2810 5814 2928 5869 552.
