3928 6324
500 304 609 365 383

967 430 1205 473 Ακκλιεε
1245 430 1654 472 ιΑυιιιεεεκεεε.

500 507 713 567 Tassilo
747 510 761 541 ⁸
787 512 895 567 dux
925 508 1300 565 Baioariorum
1320 510 1628 580 postposuit
1653 518 1997 566 sacramenta
2042 517 2099 565 et

497 602 683 659 omnia
707 616 855 672 quae
880 602 1239 673 promiserat,
1278 610 1333 657 et
1370 618 1469 673 per
1504 603 1707 658 malum
1738 604 2015 676 ingenium
2039 618 2099 658 se
2140 632 2143 633 ν

495 691 625 748 inde
654 691 902 758 seduxit,
932 693 1117 747 omnia
1147 692 1434 751 benefacta
1460 735 1475 759 ,
1514 710 1655 764 quae
1697 694 1960 766 Pippinus
2001 709 2097 754 rex

496 782 801 838 avunculus
830 783 950 839 eius
977 784 1027 839 ei
1055 782 1204 848 fecit,
1227 785 1687 855 postposuit;>per
1712 784 1925 856 ingenia
1951 785 2102 838 frau-

496 874 720 930 dulenta
744 889 805 930 se
825 874 1200 931 subtrahendo
1220 875 1534 931 Baioariam
1552 877 1727 947 petiit,
1752 885 1807 932 et
1829 892 2097 946 nusquam

496 963 732 1035 amplius
766 963 962 1021 faciem
990 966 1297 1043 supradicti
1337 967 1483 1039 regis
1520 967 1705 1024 videre
1724 964 1935 1023 'voluit.
1982 966 2101 1023 Rex

496 1051 760 1127 Pippinus
802 1058 907 1113 iter
944 1059 1253 1131 peragenda
1293 1075 1395 1130 per
1435 1058 1784 1128 Aquitaniam
1822 1061 1865 1125 ⁸,
1926 1074 2102 1130 usque

495 1151 567 1206 ad
618 1148 943 1206 Cadurciam
998 1150 1021 1183 ⁸
1072 1152 1357 1220 pervenit,
1405 1149 1757 1221 Aquitaniam
1804 1150 2096 1215 vastando,

494 1232 579 1295 δι’
606 1240 932 1296 revertendo
971 1255 1070 1311 per
1107 1240 1419 1296 Limovicas
1448 1240 1470 1272 ⁸
1512 1241 1567 1296 in
1610 1239 1897 1297 Franciam
1935 1241 1956 1272 '
2007 1256 2094 1296 re-

494 1343 687 1391 versus
739 1336 843 1385 est.
885 1328 955 1389 Et
991 1330 1134 1385 facta
1173 1337 1259 1385 est
1296 1331 1506 1401 hiemps
1536 1330 1556 1362 ⁸
1596 1331 1801 1401 valida,
1836 1341 1891 1387 et
1928 1332 2101 1387 tenuit

496 1435 596 1476 rex
620 1421 641 1452 '
671 1420 930 1494 Pippinus
966 1413 1205 1487 natalem
1237 1421 1451 1477 Domini
1497 1422 1552 1476 in
1592 1422 1723 1478 villa
1744 1464 1759 1488 ,
1788 1423 1880 1493 qui
1914 1423 1937 1454 ⁸
1967 1423 2099 1478 dici-

496 1516 589 1565 tur
618 1507 855 1582 Longlar
882 1509 929 1576 ’,
961 1517 1017 1565 et
1061 1512 1267 1582 pascha
1300 1512 1570 1569 similiter.
1616 1512 1682 1567 Et
1720 1513 2010 1569 inmutavit
2042 1529 2101 1569 se

494 1614 757 1656 numerus
787 1616 1057 1656 annorum
1081 1601 1137 1657 in

1137 1690 1293 1748 DCC!
1303 1691 1435 1746 ,ΧΠ

1605 297 1988 357 EGINHARD!
2023 296 2320 355 ABBATIS
2356 297 2678 357 ANNALES

2129 413 2181 475 Α

3697 310 3795 369 381

2706 430 2839 469 ΑΝΝΑ
2849 430 2944 470 ιεε
2979 431 3295 481 εαικιμιωι.

2201 502 2488 560 abiur‘avit.
2542 505 2681 572 Rex,
2736 506 2960 562 dimisso
3008 508 3061 561 in
3111 508 3339 563 hiberna
3385 509 3629 565 exercitu
3662 512 3704 578 ⁸,
3734 515 3797 569 ad

2200 596 2549 651 hiemandum
2600 598 2620 628 '
2664 598 2719 652 in
2758 597 2891 653 villa
2934 598 3196 656 Lonclare
3249 600 3270 632 ⁸
3310 601 3583 668 consedit,
3634 610 3797 673 atque

2202 689 2275 745 ibi
2302 688 2538 744 natalem
2575 690 2791 745 Domini
2826 706 2890 747 ac
2913 693 3117 762 pascha
3158 692 3474 749 celebravit.
3520 694 3690 750 Facta
3719 705 3798 752 est

2201 792 2384 837 autem
2428 797 2495 838 eo
2525 782 2546 813 ⁸
2573 790 2814 853 tempore
2838 792 2949 838 tam
2973 784 3149 840 valida
3174 794 3335 855 atque
3354 801 3546 856 aspera
3568 787 3796 857 hiemps,

2202 886 2263 931 ut
2309 876 2630 931 inmanitate
2696 876 2916 949 frigoris
2965 878 3145 934 nullae
3183 880 3203 911 '
3232 880 3659 950 praeteritorum
3708 896 3798 935 an-

2201 981 2394 1021 norum
2422 968 2588 1022 hiemi
2626 968 2903 1026 videretur
2930 984 3086 1041 posse
3117 971 3139 1003 '
3164 973 3421 1028 conferri.

2852 1684 3170 1744 DCCLXIV.

568 1780 721 1837 Tunc
748 1781 1011 1854 Pippinus
1046 1796 1141 1836 rex
1175 1784 1442 1838 ".babuit
1469 1784 1727 1855 placitum
1765 1801 1923 1841 suum
1957 1788 1996 1863 ‘x'
2028 1789 2098 1844 ad
2128 1767 2174 1825 Β
2274 1777 2391 1834 Rex
2443 1777 2723 1850 Ρίρρίιιιιε.
2757 1779 3023 1857 distracto
3050 1782 3069 1813 ⁷
3104 1782 3158 1836 in
3198 1782 3411 1837 diversa
3447 1784 3631 1840 animo
3676 1796 3797 1854 pro-

496 1864 895 1937 Wormatiam,
939 1882 994 1928 et
1032 1873 1240 1929 nullum
1281 1876 1385 1929 iter
1431 1876 1577 1933 aliud
1617 1877 1659 1908 ⁸⁸
1698 1876 1828 1933 fecit
1847 1904 1874 1944 ,-
1904 1877 2009 1934 nisi
2041 1880 2097 1933 in

500 1961 731 2023 Francia
762 1963 804 1994 ⁸⁸
834 1964 1057 2030 resedit,
1078 1979 1301 2020 causam
1334 1965 1378 1997 ⁸⁸
1404 1967 1776 2035 pertractabat
1796 1970 1940 2033 inter
1954 1969 2101 2024 Wai—

497 2052 697 2111 {arium
722 2063 777 2110 et
815 2054 1155 2111 Tassilonem
1188 2056 1254 2121 ",
1301 2063 1352 2111 et
1393 2057 1688 2111 celebravit
1720 2058 1954 2113 natalem
1994 2059 2101 2114 Do-

498 2142 632 2199 mini
672 2144 727 2198 in
768 2142 813 2175 ⁸⁸
854 2144 1137 2216 Carisiago
1170 2146 1209 2177 ⁸⁷
1237 2145 1394 2211 villa,
1427 2148 1713 2217 et'pascha
1754 2147 1797 2179 ⁸⁸
1824 2147 2094 2211 similiter.

500 2231 567 2289 Et
591 2233 880 2290 inmutavit
911 2249 970 2291 se
998 2250 1261 2293 numerus
1289 2250 1554 2292 annorum
1586 2237 1639 2292 in

1110 2685 1382 2743 DCCLXV
1421 2688 1483 2743 ".

568 2777 723 2834 Tunc
762 2778 1024 2851 Pippinus
1062 2796 1157 2835 rex
1188 2783 1234 2813 ⁸⁸
1264 2783 1456 2838 habuit
1496 2785 1755 2855 placitum
1782 2788 1827 2818 ⁸⁸
1862 2804 2020 2843 suum
2054 2791 2108 2821 ⁸⁸

499 2872 569 2926 ad
598 2872 958 2938 Kttiniacum,
980 2882 1035 2929 et
1060 2874 1263 2929 nullum
1288 2874 1417 2930 fecit
1447 2876 1594 2933 aliud
1621 2876 1742 2942 iter,
1769 2887 1825 2934 et
1852 2880 2098 2935 celebra-

497 2964 582 3017 vit
607 2964 845 3019 natalem
882 2964 1097 3021 Domini
1134 2967 1187 3020 in
1217 2958 1389 3037 Aquis
1418 2968 1563 3034 villa,
1593 2977 1648 3024 et
1675 2972 1877 3040 pascha
1904 2972 2099 3041 simili-

499 3061 604 3111 ter.
632 3055 701 3111 Et
731 3057 1021 3112 inmutavit
1046 3057 1091 3089 ⁸⁸
1118 3074 1175 3114 se
1200 3074 1460 3115 numerus
1492 3076 1760 3117 annorum
1790 3063 1844 3118 in

1137 3298 1451 3356 DCCLXVI.

574 3388 727 3445 Tunc
750 3390 1011 3463 Pippinus
1038 3406 1134 3445 rex
1164 3392 1405 3461 perrexit
1432 3391 1536 3446 iter
1557 3391 1765 3448 faciens
1794 3396 1847 3449 in
1875 3391 2098 3465 Aquita-

501 3477 683 3548 niam;
704 3489 760 3537 et
781 3480 1040 3552 placitum
1064 3496 1221 3536 suum
1242 3481 1431 3537 habuit
1449 3482 1504 3537 in
1525 3483 1834 3540 Aurelianis
1855 3486 2096 3566 civitate,

503 3583 559 3629 et
576 3573 906 3631 restauravit
923 3572 1254 3644 Argentomo
1271 3573 1317 3605 ⁸⁸
1333 3586 1358 3614 ι
1375 3583 1580 3640 castro,
1599 3573 1742 3645 quod
1767 3585 1927 3633 antea
1952 3577 2102 3633 Wai-

502 3665 674 3721 furius
704 3660 993 3721 destruxit.
1027 3664 1380 3736 Supradictus
1422 3667 1681 3737 Pippinus
1721 3684 1813 3723 rex
1856 3680 2100 3725 castrum

506 3756 848 3812 nominatum
879 3757 926 3789 "
963 3757 1363 3824 reaedilicavit,
1410 3756 1482 3813 ibi
1519 3757 1565 3788 ⁸⁸
1596 3757 1838 3814 Francos
1870 3760 2020 3815 misit
2056 3762 2099 3792 "

500 3848 851 3918 Aquitaniam
878 3839 1209 3904 continendo
1230 3849 1299 3915 ⁸⁸,
1328 3850 1580 3906 similiter
1600 3857 1656 3905 et
1685 3849 1737 3905 in
1765 3850 2037 3923 Biturigas
2059 3854 2102 3887 ⁸⁸

504 3939 838 3996 Francorum
866 3940 911 3973 ⁸⁸
940 3956 1156 3998 scaram
1183 3941 1509 3997 conlocavit.
1536 3943 1602 3998 Et
1632 3942 1928 3999 celebravit
1948 3955 2104 3999 nata-

506 4029 612 4086 lem
647 4029 863 4086 Domini
891 4030 947 4085 in
978 4032 1420 4102 Salmunciagum
1450 4032 1492 4063 ³⁸
1527 4032 1555 4071 ιι
1588 4031 1770 4086 villam
1804 4033 1871 4100 ⁸⁸,
1921 4042 1977 4090 et
2009 4051 2099 4105 pa—

901 4122 1297 4178 VARIANTES
1334 4122 1738 4180 LECTIONES.

584 4216 596 4245 '
629 4210 853 4270 thessilo
881 4214 958 4269 ita
996 4223 1043 4269 et
1076 4215 1319 4284 deinceps
1347 4214 1398 4268 1.
1475 4216 1495 4245 ⁸
1522 4217 1859 4285 aquitaniam
1880 4234 1935 4273 ιι.
1960 4220 2029 4275 ad
2050 4236 2098 4275 c.

504 4285 753 4355 pervenit
789 4285 932 4339 deest
958 4286 1013 4340 5.
1090 4286 1110 4317 ⁸
1137 4285 1204 4339 ad
1227 4285 1414 4339 «iurcia
1459 4286 1545 4340 1'5.
1654 4286 1675 4317 ⁸
1703 4287 1997 4345 lemovicas
2048 4292 2100 4345 7.

508 4354 609 4478 $8.)
639 4354 693 4410 9.
728 4355 815 4408 12.
850 4355 1210 4434 legemodicas
1246 4355 1361 4407 15..
1412 4356 1433 4386 ⁸
1460 4355 1672 4411 francia
1702 4358 1787 4413 15.
1863 4358 1883 4389 ⁸
1911 4359 2102 4431 hyems

547 4464 561 4477 .
593 4424 647 4478 9.
677 4425 851 4478 hiems
878 4426 929 4478 7.
963 4424 1047 4478 12.
1124 4427 1142 4456 "
1176 4439 1270 4478 rex
1311 4425 1455 4478 deest
1490 4426 1540 4478 1.
1619 4426 1640 4458 ⁸
1671 4443 1809 4478 uuae
1834 4429 1883 4478 1.
1917 4429 1968 4478 7.
1997 4430 2097 4478 (8A

547 4464 561 4477 .
592 4423 657 4502 9:
677 4425 851 4502 hiems
878 4423 929 4479 7.
963 4423 1064 4502 12ς
1124 4427 1142 4456 ⁷
1176 4439 1270 4502 rex
1311 4425 1455 4502 deest
1490 4426 1559 4502 1,.Δ
1619 4426 1640 4458 ⁸
1671 4443 1809 4502 quae
1834 4429 1883 4483 1.
1917 4423 1968 4502 7'.
1997 4430 2070 4502 (8.

508 4432 561 4478 1.
593 4432 647 4479 9.
677 4432 851 4479 hiems
878 4432 929 4479 7.
963 4432 1054 4478 12.
1124 4432 1142 4456 ⁷
1176 4439 1270 4478 rex
1311 4432 1455 4479 deest
1490 4432 1540 4478 1.
1619 4432 1640 4458 '
1671 4443 1809 4498 quae
1834 4432 1883 4483 1.
1917 4432 1968 4482 7.
1997 4432 2097 4502 (8.)
2125 4466 2194 4525 D.

505 4494 560 4576 9Σ
700 4494 1017 4617 ΙΟΠςΙαθΜ.
1050 4494 1328 4565 longolare
1352 4496 1439 4548 12.
1520 4496 1562 4527 ⁸⁸
1606 4513 1702 4553 rex
1744 4498 1881 4581 deest
1904 4500 1963 4582 .1.
2003 4516 2099 4555 rex

508 4578 759 4617 nmmnus
840 4605 853 4617 .
884 4565 938 4617 9.
1017 4567 1057 4596 ⁸⁸
1112 4580 1268 4617 suum
1298 4564 1439 4617 deest
1492 4565 1540 4617 1.
1623 4567 1665 4596 ⁸⁸
1712 4578 1766 4617 et
1806 4570 1938 4617 nihil
1977 4579 2104 4617 tunc

507 4563 759 4645 pippinus
884 4565 964 4645 9._
998 4567 1057 4645 _“
1108 4563 1268 4645 suum
1298 4564 1439 4645 deest
1492 4565 1549 4645 1_._
1623 4567 1665 4596 ⁸⁸
1712 4578 1766 4622 et
1806 4570 1939 4645 nihil
1977 4579 2104 4625 tunc

509 4632 654 4688 aliud
705 4635 754 4687 1.
786 4635 839 4689 7.
921 4636 965 4667 ⁸⁸
993 4633 1254 4689 ΐιτιῆςίίιω
1301 4634 1351 4687 7.
1382 4636 1434 4690 9.
1517 4635 1560 4666 ⁸⁵
1589 4651 1839 4692 caussam
1883 4641 1934 4693 1.
1974 4656 2103 4694 cau-

508 4718 736 4788 samque
782 4704 913 4788 7L9.
984 4706 1044 4787 .‘5.
1089 4701 1789 4788 wapharf-‘iummte‘ssilonem
1821 4709 1869 4761 1.
1943 4710 1993 4788 _"
2049 4712 2103 4788 in

507 4773 730 4849 dees_t_1.
812 4775 1150 4849 "__carisiaco
1172 4773 1222 4849 7.
1260 4775 1343 4849 12.
1380 4845 1390 4849 _
1427 4776 1488 4849 ‘_‘_
1500 4778 1712 4849 domini
1727 4785 1782 4831 et
1810 4780 2012 4849 pascha
2047 4781 2103 4835 in

550 4844 782 4899 arisiaco
821 4844 947 4897 villa
988 4859 1131 4898 anno
1186 4843 1393 4899 domini
1426 4846 1549 4900 765.
1576 4846 1628 4900 9.
1677 4846 1717 4877 ⁸⁸
1750 4843 1875 4902 (ιηίιὶ
1918 4851 2020 4905 764
2057 4861 2105 4904 et

547 4914 615 4968 65
643 4914 828 4995 desunt
863 4915 917 4968 in
952 4916 1036 4969 15.
1112 4914 1155 4944 ⁸⁰
1194 4929 1289 4967 rex
1326 4931 1378 4985 p.
1424 4916 1474 4968 1.
1512 4916 1563 4970 7.
1593 4917 1646 4971 9.
1812 4988 1823 4999 ο
1852 4920 1908 4987 ⁸⁸,
1930 4921 2099 5003 ρΙίιςξ-

547 4999 626 5037 um
666 4983 931 5039 habu1t1.
973 4986 1024 5037 7.
1102 4985 1147 5014 ⁸⁸
1176 5000 1332 5038 suum
1358 4985 1498 5039 deest
1526 4986 1575 5038 1.
1654 4989 1673 5017 ⁸
1774 4997 2099 5041 tmmutavrt

511 4993 626 5039 tum
666 4983 853 5039 habuit
884 4986 931 5039 1.
973 4986 1024 5037 7.
1102 4985 1147 5014 ⁸⁸
1176 4983 1340 5038 suum
1358 4985 1498 5039 deest
1526 4986 1575 5038 1.
1654 4983 1697 5017 ⁸³
1725 4983 2102 5045 Etinmutavit

508 5063 616 5108 etc.
641 5052 782 5107 deest
793 5054 859 5128 _1.
918 5054 1326 5128 Af‘argentonio
1354 5065 1594 5128 castrum
1626 5057 1675 5110 1.
1722 5070 2099 5128 argentomum

508 5069 616 5108 etc.
641 5069 782 5107 aeest
808 5069 859 5107 1.
937 5069 981 5085 ι’
1009 5069 1326 5177 argemonia
1354 5069 1594 5110 castrum
1626 5069 1675 5110 1.
1722 5070 2097 5128 argentomum

508 5131 750 5194 castrum
792 5124 844 5177 7.
870 5180 878 5189 ,
907 5124 1006 5194 (8.)
1104 5145 1139 5176 .ν
1184 5127 1689 5193 argentomachum~
1714 5140 1953 5184 castrum
2010 5133 2097 5185 12.

509 5193 560 5225 ⁸⁸
585 5193 917 5248 nominatum
945 5196 1085 5249 deest
1122 5194 1173 5247 1.
1254 5195 1295 5223 ³⁸
1328 5194 1506 5263 ibique
1529 5196 1579 5249 7.
1607 5198 1667 5251 9.’
1740 5199 1783 5229 ⁸⁷
1816 5199 2020 5255 dimisit
2044 5203 2097 5255 7;

512 5263 559 5294 ⁸⁸
607 5264 940 5319 convivendo
992 5265 1041 5318 1.
1086 5264 1154 5319 ad
1213 5267 1544 5332 aquitaniam
1611 5268 1992 5324 continendam
2044 5274 2098 5324 9.

595 5334 843 5405 biturgiis
890 5334 940 5387 1.
978 5334 1239 5389 bituricas
1279 5334 1324 5387 7.
1369 5338 1468 5405 κδ.)
1496 5336 1547 5389 9.
1594 5336 1675 5388 l2.
1709 5339 1968 5394 uituricas
2014 5341 2098 5393 1⁵5.

515 5402 562 5476 ³⁸
594 5402 900 5476 francorum
941 5404 1081 5457 deest
1122 5406 1163 5457 l.
1244 5406 1284 5435 ⁸⁸
1325 5402 1626 5476 salmonigo
1650 5407 1771 5459 villa
1797 5408 1839 5461 Ι.
1870 5410 2099 5464 salmon-

510 5472 728 5543 giagum
774 5475 952 5528 villam
986 5475 1037 5526 7.
1079 5476 1408 5529 salmoniaco
1433 5478 1511 5529 l2.
1562 5472 1634 5506 ’³⁸
1673 5477 1851 5531 villam
1880 5481 2019 5535 deest
2048 5481 2100 5534 9.

2201 1881 2322 1941 pter
2351 1871 2459 1927 duo
2483 1872 2647 1937 bella,
2676 1872 3061 1943 Aquitanicum
3092 1874 3113 1906 ⁸
3142 1876 3250 1929 iam
3297 1872 3428 1931 olim
3464 1888 3793 1948 susceptum,

2200 1970 2255 2016 et
2294 1963 2633 2019 Baioaricum
2664 1966 2684 1998 ⁸
2734 1974 2957 2035 propter
2994 1959 3290 2022 Tassilonis
3339 1969 3495 2023 ducis
3543 1968 3799 2024 defectio-

2202 2065 2327 2106 nem
2363 2052 2791 2122 suscipiendum,
2816 2052 2999 2124 populi
3029 2054 3111 2109 sui
3141 2056 3452 2126 generalem
3473 2070 3796 2114 conventum

2204 2141 2393 2197 habuit
2417 2144 2471 2197 in
2506 2144 2818 2199 Wormacia
2849 2146 3090 2201 civitate.
3140 2146 3426 2217 Dilataque
3470 2149 3527 2203 in
3558 2149 3796 2204 futurum

2202 2230 2564 2301 expeditione,
2596 2232 2688 2287 illo
2715 2248 2858 2288 anno
2902 2234 3045 2288 domi
3074 2250 3131 2290 se
3161 2237 3445 2291 continuit.
3500 2236 3795 2293 Hiemavit-

2203 2336 2309 2391 que
2336 2322 2391 2375 in
2431 2320 2555 2376 villa
2586 2321 2880 2389 Carisiaco,
2925 2325 3169 2394 atquein
3202 2340 3264 2380 ea
3306 2326 3542 2382 natalem
3584 2328 3794 2401 Domini

2203 2419 2555 2487 egsanctum
2608 2412 2881 2481 paschalis
2929 2413 3052 2468 festi
3100 2414 3362 2471 sollemne
3395 2417 3437 2448 ⁸⁸
3481 2416 3793 2473 celebravit.

2202 2500 2404 2556 Eodem
2432 2516 2575 2557 anno
2605 2503 2646 2533 ⁸⁸
2675 2503 2893 2572 eclipsis
2926 2504 2966 2533 "
2996 2505 3127 2560 solis
3150 2505 3288 2560 facta
3329 2516 3413 2561 cst
3440 2509 3621 2576 primo
3646 2509 3736 2564 die
3758 2508 3795 2540 ⁸³

2202 2592 2342 2649 Non.
2380 2593 2500 2649 lun.
2534 2593 2667 2649 hora
2700 2603 2873 2650 sexta.

2862 2684 3158 2741 DCCLXV.

2274 2776 2386 2832 lloc
2421 2792 2569 2831 anno
2591 2792 2687 2832 rex
2732 2777 2993 2848 Pippinus
3020 2780 3162 2834 domi
3209 2794 3266 2835 se
3296 2782 3584 2848 continuit,
3629 2797 3797 2853 neque

2199 2881 2422 2943 propter
2448 2871 2834 2941 Aquitanicum
2863 2874 3083 2939 bellum,
3113 2876 3359 2943 quamvis
3384 2876 3625 2931 nondum
3666 2877 3785 2932 ﬁni-

2202 2971 2339 3029 tum,
2375 2965 2523 3035 regni
2554 2965 2635 3019 sui
2668 2966 2931 3021 terminos
2968 2982 3219 3037 egressus
3241 2975 3343 3031 est,
3374 2969 3468 3023 sed
3491 2971 3795 3040 generalem

2199 3052 2382 3122 populi
2409 3054 2491 3108 sui
2519 3063 2844 3110 conventum
2869 3057 2922 3110 in
2950 3058 3223 3112 Attiniaco
3255 3059 3301 3089 ⁸⁸
3320 3058 3469 3125 villa,
3499 3061 3733 3125 hiberna
3756 3063 3796 3093 ⁸⁸

2200 3145 2525 3216 Aquisgrani
2554 3147 2744 3202 habuit
2771 3148 2835 3213 ⁸⁸,
2859 3148 2949 3203 ubi
2978 3158 3031 3204 et
3060 3150 3099 3181 ⁸⁷
3124 3150 3355 3207 natalem
3380 3151 3597 3207 Domini
3622 3161 3679 3207 et
3705 3169 3795 3224 pa-

2202 3236 2330 3291 scha
2356 3237 2669 3293 celebravit.

2840 3328 3060 3387 σορκ(
3072 3334 3156 3387 Vl.

2272 3418 2533 3489 Pippinus
2578 3434 2674 3475 rex
2713 3431 2934 3490 propter
2964 3419 3358 3478 conﬁciendum
3411 3426 3789 3495 Aguitanicum

2202 3509 2399 3564 bellum
2428 3518 2701 3566 conventu
2731 3511 2774 3543 ⁸⁸
2796 3511 3103 3567 Aurelianis
3132 3513 3337 3579 habito,
3372 3515 3425 3568 in
3455 3515 3795 3585 Aquitaniam

2199 3598 2496 3670 profectus,
2558 3599 2886 3657 distructum
2937 3602 2978 3632 ⁸⁸
3029 3618 3059 3657 a
3115 3601 3384 3659 Waifario
3437 3604 3792 3675 Argentoma-

2203 3707 2331 3763 gum
2380 3691 2422 3723 ⁸⁸
2484 3700 2724 3747 castrum
2776 3692 3089 3748 reaedilicat
3126 3690 3202 3760 ⁸⁸,
3249 3694 3607 3765 depositoque
3653 3697 3698 3726 ⁸⁸
3728 3695 3793 3749 ibi

2202 3799 2410 3839 necnon
2438 3792 2493 3838 et
2522 3785 2579 3839 in
2605 3785 2652 3817 ⁸⁸
2675 3784 2914 3840 Biturica
2945 3786 3168 3840 civitate
3214 3784 3548 3842 Francorum
3596 3788 3794 3857 praesi«

2202 3875 2313 3939 dio,
2357 3876 2682 3945 regreditur,
2726 3875 3068 3947 natalemque
3109 3877 3156 3907 ⁸⁸
3198 3876 3410 3931 Domini
3461 3876 3790 3933 Salmoncia-

2204 3966 2255 4021 ci
2302 3966 2370 4031 ",
2416 3968 2618 4037 pascha
2646 3982 2776 4023 vero
2806 3966 3092 4023 Gentiliaci
3123 3966 3171 3998 ⁸⁸
3199 3968 3512 4023 celebravit.

2607 4097 3001 4154 VARIANTES
3038 4097 3441 4156 LECTIONES.

2208 4192 2223 4221 ⁸
2264 4204 2315 4244 e.
2348 4189 2403 4244 in
2446 4189 2500 4244 h.
2553 4189 2605 4243 7.
2665 4190 2734 4244 3?
2830 4191 2850 4220 ⁸
2878 4190 3195 4246 himandum
3253 4191 3309 4245 2.
3386 4192 3409 4224 ³
3448 4191 3692 4248 lonalare
3738 4194 3786 4245 7.

2204 4260 2225 4291 ⁸
2259 4261 2361 4314 hoc
2382 4260 2448 4313 7.~
2475 4253 2483 4263 ’
2515 4260 2536 4291 ⁸
2558 4260 2688 4314 nulli
2714 4261 2766 4314 7.
2843 4260 2864 4292 ⁸
2889 4261 3032 4315 deest
3063 4260 3117 4314 2.
3194 4262 3214 4292 ⁷
3238 4262 3506 4316 dictractn
3532 4253 3586 4316 4.
3669 4264 3689 4294 ⁸
3729 4264 3786 4315 Α.

2202 4330 2412 4403 scilicet
2452 4329 2505 4383 7.
2539 4330 2610 4384 3?
2682 4330 3088 4403 ’baioarioruni
3113 4331 3168 4403 2.
3249 4332 3293 4403 ⁸⁸
3320 4340 3571 4403 sanctum
3595 4332 3784 4403 pascha

2204 4400 2307 4454 cel.
2334 4400 2385 4452 7.
2426 4411 2669 4455 sanctam
2703 4400 2976 4471 paschalis
3030 4399 3155 4456 festi
3213 4399 3615 4456 solennitatem'
3649 4402 3702 4456 5.
3741 4400 3785 4454 6.

2208 4472 2249 4501 ⁸⁸
2305 4471 2494 4525 eodem
2551 4486 2695 4525 anno
2744 4471 2885 4525 deest
2932 4470 2985 4524 2.
3067 4472 3109 4501 ⁸⁸
3153 4470 3388 4525 eclvnsis
3430 4472 3482 4525 1.
3518 4472 3573 4525 4.
3658 4472 3700 4503 ⁸³
3731 4470 3784 4524 ll.

3275 4486 3388 4541 pars
3430 4486 3482 4525 1.
3518 4486 3573 4531 4.
3658 4486 3700 4503 ιι
3731 4486 3784 4541 u.

2818 4541 2925 4573 :mn
2961 4540 3047 4573 Αἶα
3083 4540 3225 4573 λιβρι
3244 4540 3287 4573 (δέ
3408 4542 3450 4573 Ιδ
3478 4542 3610 4573 ηιῖηἶ

2206 4556 2308 4594 non
2350 4542 2461 4594 inn.
2490 4540 2621 4610 3.1.
2663 4540 2716 4594 5.
2750 4541 2926 4609 primo
2960 4540 3047 4595 die
3082 4540 3225 4593 deest
3244 4540 3298 4595 2.
3408 4542 3450 4573 ⁸⁸
3476 4542 3714 4597 atiniaco
3736 4540 3783 4601 2,.

2206 4612 2249 4691 ⁸⁸
2281 4611 2536 4664 bieberna
2563 4612 2613 4691 .
2692 4611 2736 4642 ⁸⁸
2764 4610 3052 4691 _Attini_aco
3080 4610 3228 4691 villa
3253 4612 3469 4691 habuit.
3508 4612 3784 4691 hibernum

2203 4690 2416 4750 tempus
2465 4681 2777 4750 aquisgrani
2808 4680 2922 4733 'l‘uit
2947 4680 3000 4734 5.
3080 4682 3119 4712 "
3177 4680 3267 4735 tibi
3318 4682 3372 4736 ὅ.
3422 4681 3475 4736 5.
3518 4682 3596 4737 ibi
3648 4691 3702 4738 et
3738 4680 3781 4734 6.

2207 4752 2249 4783 ⁸⁸
2290 4749 2340 4805 ο.
2387 4752 2441 4805 in
2483 4752 2546 4823 7_._
2582 4749 2677 4823 5??
2752 4749 2794 4780 ⁸⁸
2822 4751 3171 4823 destructum»
3206 4751 3361 4823 2-7.”
3424 4752 3468 4783 ⁸⁸
3510 4761 3781 4823 argentum

2204 4820 2595 4892 magnumS.
2663 4822 2705 4853 ⁸⁸
2738 4823 3015 4892 reparat
3046 4822 3097 4875 7.
3142 4820 3220 4875 5?
3322 4821 3369 4853 ⁸⁸
3425 4820 3783 4892 dispositoque

2204 4836 2458 4892 magnum
2515 4836 2568 4873 θ.
2665 4836 2705 4853 ἰ
2761 4836 2979 4944 reparat
3048 4836 3097 4875 τι.
3142 4836 3220 4875 DY
3323 4836 3369 4853 "
3425 4836 3779 4892 msposswque

2202 4892 2327 4945 2-7.
2405 4892 2451 4923 ⁸³
2479 4891 2532 4944 in
2563 4891 2701 4945 deest
2727 4890 2782 4944 2.
2856 4930 2868 4943 .
2898 4900 2953 4944 et
2986 4889 3060 4945 ibi
3090 4902 3144 4946 et
3170 4892 3236 4945 in
3256 4892 3306 4945 7.
3404 4892 3453 4922 ⁸⁸
3483 4894 3716 4948 natalem
3738 4890 3779 4941 7.

2206 4963 2253 5085 '5‘
2283 4961 2631 5083 (sialmontiaci
2669 4962 2722 5015 4.
2757 4962 3111 5017 salmontiaco
3159 4961 3212 5016 5.
3260 4963 3311 5016 6.
3412 4963 3459 4994 ⁸⁸
3508 4962 3783 5033 gentiliaco

2208 4472 2249 4501 ⁸⁸
2305 4471 2499 4541 eodem
2551 4464 2719 4541 anuo'
2744 4464 2885 4525 deest
2932 4470 2985 4524 2.
3067 4472 3109 4501 ⁸⁸
3153 4470 3271 4541 ecly

2202 4556 2308 4594 non
2350 4542 2461 4594 inn.
2490 4540 2542 4594 3.
2568 4540 2621 4594 4.
2663 4540 2716 4594 5.

2034 5571 2267 5627 ΝΟΤέΕ.

656 5657 936 5728 Argento",
962 5677 988 5710 ιι
1017 5659 1237 5714 meridie
1260 5668 1309 5713 cl
1336 5660 1613 5715 occidente
1635 5660 1813 5731 oppidi
1842 5660 2097 5717 Cleritemt-

513 5744 665 5783 τρια.

2276 5663 2301 5701 ιτ
2334 5662 2622 5729 Sumoussy
2649 5672 2815 5729 prope
2838 5657 3492 5729 Lngalimum-Clavatum.
