3928 6326
193 416 296 471 397
1257 420 1344 478 (1U
1354 420 1401 475 Μ
1445 420 1526 474 LA
1539 419 2040 478 L'RISSENSIBUS
2082 421 2373 478 COLLATI
3356 435 3461 490 393

701 545 932 584 ANNALES
972 544 1278 587 BGINHARDI.
1809 539 1857 598 Α
2326 553 2559 593 ΑΝΝΑιΕε
2597 555 3000 596 LAURISSENSES-

195 631 331 685 tum,
372 622 463 690 qui
516 621 783 676 incendiis
833 637 897 678 ac
941 623 1333 694 direptionibus
1376 637 1570 682 cuncta
1617 627 1778 682 deva-
1881 644 2073 684 norum
2099 630 2113 659 ¹
2140 644 2273 700 gens
2317 630 2582 700 coepisset
2617 630 2864 689 saeviens
2902 634 3131 689 domos’
3159 634 3465 695 forinsecus

194 721 346 766 stans
375 752 388 775 ,
421 710 788 780 compluribus
835 712 999 767 etiam
1031 712 1327 780 Saxonum,
1381 717 1475 785 qui
1523 717 1778 774 resistere
1880 717 2128 773 incendio
2158 733 2426 783 cremare,
2463 731 2730 776 venerunt
2760 724 2826 778 ad
2869 724 3141 794 quandam
3185 727 3462 786 basilicam

191 805 375 861 conati
405 812 553 871 sunt,
603 806 922 874 interfectis,
952 822 1076 863 cum
1110 808 1309 881 ingenti
1337 810 1536 880 praeda
1569 825 1777 884 regres-
1878 806 1932 861 in
1964 806 2084 864 loco
2129 809 2220 879 qui
2258 809 2459 864 dicitur
2485 796 2777 868 F'ricdislar
2811 813 2831 845 ³
2857 855 2871 880 ,
2911 830 3073 886 quam
3105 827 3327 874 sanctae
3357 837 3468 876 mc-

190 910 287 952 sus
313 895 331 927 ³
357 901 446 950 est
468 894 513 951 ὀ
1877 899 2083 954 moriae
2127 899 2449 956 Bonefacius
2487 903 2814 960 novissimus
2841 915 3048 978 martyr
3076 911 3430 965 consecravit
3458 955 3470 974 .

1875 998 2039 1059 atque
2083 1005 2183 1060 per
2225 993 2476 1062 spiritum
2537 994 2855 1064 prophetiae
2896 997 2916 1028 ⁸
2975 989 3277 1069 praedixit,
3319 1003 3462 1072 quod

1875 1098 2152 1153 nunquam
2212 1085 2463 1139 incendio
2491 1085 2510 1116 ⁸
2541 1094 2896 1142 cremaretur.
2943 1088 3250 1161 Coeperunt
3279 1104 3464 1150 autem

1877 1173 2021 1230 idem
2048 1174 2069 1205 ‘
2095 1175 2324 1246 praefati
2377 1176 2620 1233 Saxones
2663 1194 2786 1233 cum
2832 1180 2998 1235 nimia
3042 1184 3340 1241 intentione
3368 1188 3464 1242 ad-

1877 1279 2065 1320 versus
2109 1267 2336 1321 eandem
2384 1277 2593 1322 certare
2641 1268 2952 1334 basilicam,
3009 1275 3463 1342 quemadmodum

1874 1371 1996 1410 eam
2047 1371 2146 1426 per
2188 1357 2464 1428 quodlibet
2515 1359 2792 1430 ingenium
2839 1361 2948 1429 igni
2978 1363 2996 1392 ⁷
3046 1366 3338 1419 cremare“
3374 1381 3467 1435 po-

1876 1447 2126 1502 tuissent.
2156 1447 2293 1503 Dum
2324 1450 2460 1504 haec
2505 1450 2670 1519 igitur
2695 1449 2714 1480 ⁹
2761 1459 3069 1520 agerentur,
3099 1467 3468 1524 apparuerunt

1875 1537 2196 1608 quibusdam
2240 1538 2556 1595 christianis
2583 1540 2672 1609 qui
2716 1549 2870 1595 erant
2909 1541 2962 1595 in
3005 1543 3247 1608 castello,
3280 1545 3469 1598 simili-

1877 1645 1960 1690 ter
1984 1636 2026 1668 ¹⁰
2050 1644 2104 1692 et
2127 1636 2449 1706 quibusdam
2480 1636 2704 1706 paganis
2731 1637 2818 1706 qui
2848 1637 2898 1690 in
2926 1637 3042 1706 ipso
3065 1639 3292 1693 aderant
3316 1655 3470 1694 exer-

1876 1729 2021 1794 citu,
2051 1728 2157 1784 duo
2187 1725 2409 1783 iuvenes
2455 1727 2505 1781 in
2553 1727 2709 1790 albis,
2744 1727 2835 1797 qui
2867 1728 3038 1796 ipsam
3086 1728 3363 1784 basilicam
3399 1729 3468 1782 ab

1879 1820 2001 1890 igne
2036 1818 2390 1889 protegebant
2418 1818 2482 1882 ιι,
2513 1825 2565 1872 et
2592 1825 2878 1887 propterea
2909 1817 3105 1871 ibidem
3133 1834 3240 1874 non
3282 1827 3469 1888 potue-

1810 1893 1856 1951 Β
1887 1916 2014 1962 runt
2036 1923 2209 1976 neque
2233 1907 2460 1962 interius
2484 1922 2658 1976 neque
2680 1907 2918 1961 exterius
2942 1907 3120 1978 ignem
3146 1909 3466 1974 accendere,

1882 2015 1984 2056 nec
2033 1999 2248 2071 aliquod
2290 2001 2546 2056 damnum
2581 2001 2622 2030 “
2645 2001 2818 2055 eidem
2852 2000 2895 2031 ”
2925 1999 3128 2056 inferre
3169 2001 3425 2058 basilicae
3454 2021 3465 2055 :

1880 2095 1977 2150 sed
2026 2103 2158 2148 nutu
2207 2077 2424 2148 divinae
2473 2094 2774 2148 maiestatis
2817 2107 3016 2162 pavore
3061 2094 3370 2161 perterriti,
3412 2093 3466 2148 in

1881 2183 2063 2255 fugam
2093 2183 2338 2240 conversi
2366 2192 2519 2245 sunt,
2550 2183 2767 2237 nemine
2795 2192 3175 2252 persequente.
3211 2183 3469 2238 Inventus

1879 2288 1962 2327 ρει
1986 2281 2165 2328 autem
2191 2282 2380 2343 postea
2408 2287 2545 2326 unus
2570 2288 2630 2326 ex
2657 2272 2860 2327 eisdem
2890 2270 3192 2326 Saxonibus
3220 2280 3469 2326 mortuus

1881 2365 2028 2419 iuxta
2060 2364 2232 2434 ipsam
2278 2363 2580 2426 basilicam,
2626 2361 2851 2434 genibus
2894 2363 3076 2416 curvis
3106 2363 3336 2417 adclinis
3379 2379 3470 2416 su-

1878 2473 1976 2529 pra
2016 2457 2060 2488 “
2096 2456 2284 2528 pedes,
2328 2457 2534 2512 habens
2577 2457 2753 2528 ignem
2794 2465 2848 2510 et
2901 2455 3041 2527 ligna
3089 2457 3140 2510 in
3194 2456 3467 2521 manibus,

1878 2548 2025 2603 velut
2052 2562 2146 2603 ore
2178 2545 2353 2602 flando
2395 2547 2621 2602 eandem
2652 2547 2930 2600 basilicam
2978 2546 3086 2617 igni
3129 2547 3343 2601 tradere
3374 2562 3467 2600 vo-

1878 2637 2144 2694 luisset”.
2165 2637 2231 2692 Et
2253 2644 2555 2692 revertente
2580 2637 2772 2691 domm.
2800 2636 3045 2691 H’Carolo
3069 2651 3192 2708 rege
3215 2653 3243 2691 a
3271 2635 3467 2703 Roma,

1880 2729 2074 2784 iterum
2105 2729 2144 2760 "’
2175 2729 2241 2783 ad
2279 2727 2499 2798 Papiam
2535 2729 2778 2799 pervenit
2808 2729 2870 2794 ¹⁸,
2913 2729 3082 2798 ipsam
3116 2729 3156 2760 ¹⁹
3193 2730 3468 2784 civitatem

1878 2822 2039 2890 cepit,
2077 2829 2130 2876 et
2159 2820 2496 2875 Desiderium
2543 2834 2721 2889 regem
2751 2836 2872 2874 cum
2917 2837 3084 2876 uxore
3116 2831 3167 2876 et
3217 2821 3349 2886 filia,
3385 2823 3468 2875 vel

1879 2928 2000 2968 cum
2028 2912 2072 2944 ’θ
2095 2914 2239 2967 omni
2266 2913 2518 2967 thesauro
2539 2912 2657 2967 eius
2683 2911 2869 2981 palatii
2896 2913 2958 2964 ".
2985 2913 3168 2982 lbique
3193 2914 3469 2968 venientes

1876 3017 2067 3057 omnes
2113 3001 2452 3071 Langobardi
2479 3003 2543 3056 dc
2583 3003 2793 3056 cunctis
2825 3003 2871 3032 "
2902 3002 3213 3056 civitatibus
3258 3003 3462 3064 Italiae.

1878 3093 2235 3148 subdiderunt
2281 3108 2338 3148 se
2374 3093 2427 3146 in
2466 3092 2704 3147 dominio
2727 3093 2771 3123 ’³
2797 3094 2976 3148 domni
3021 3095 3239 3163 gloriosi
3287 3093 3466 3148 Caroli

1879 3184 2025 3254 regis
2065 3190 2118 3237 et
2164 3182 2514 3237 Francorum.
2564 3181 2885 3252 Adalghisus
2923 3181 2967 3212 “
3015 3182 3155 3236 (ilius
3201 3181 3467 3236 Desidet-ii

1833 3279 1846 3298 ‘
1881 3275 2042 3343 regis,
2087 3271 2210 3342 fuga
2240 3271 2421 3342 lapsus
2447 3287 2595 3326 mare
2625 3273 2811 3326 introit
2835 3273 2900 3336 ",
2934 3281 2986 3326 et
3013 3271 3466 3342 Constantinam—

1876 3364 1968 3416 litn
2001 3363 2259 3431 perrexit.
2293 3361 2443 3416 Tunc
2469 3362 2734 3430 gloriosus
2761 3362 2991 3416 domnus
3018 3362 3061 3393 “
3086 3361 3309 3416 Carolus
3341 3378 3458 3425 rex.

1873 3455 1988 3523 ipsa
2015 3453 2164 3507 Italia
2189 3455 2230 3484 ’⁷
2263 3454 2544 3524 subiugata
2570 3463 2624 3509 et
2653 3455 2922 3520 ordinata,
2952 3455 3194 3510 custodia
3223 3456 3270 3488 ’⁸
3295 3455 3463 3510 Fran-

1873 3561 2059 3600 corum
2088 3546 2142 3599 in
2171 3545 2334 3614 Papia
2363 3545 2580 3600 civitate
2607 3545 2910 3612 dimittens,
2941 3562 3064 3601 cum
3095 3562 3263 3602 uxore
3294 3556 3349 3602 et
3381 3563 3467 3602 re-

1875 3633 2038 3701 liquis
2074 3632 2299 3686 Francis
2330 3633 2439 3686 Deo
2480 3634 2770 3688 adiuvante
2797 3650 2917 3689 cum
2950 3650 3144 3704 magno
3189 3636 3465 3706 triumpho

1876 3725 2163 3779 Franciam
2193 3740 2446 3779 reversus
2475 3735 2576 3780 est.
2607 3726 2672 3780 Et
2700 3727 2825 3781 dum
2849 3727 2893 3757 "
2918 3728 3256 3797 pervenisset
3285 3730 3350 3784 ad
3386 3729 3464 3784 lo-

1874 3832 1998 3870 cum
2029 3815 2070 3846 ³⁰
2107 3816 2199 3884 qui
2240 3815 2439 3870 dicitur
2484 3816 2823 3885 lngilinhaim
2850 3817 2890 3848 ³¹
2922 3830 2972 3881 ι,
3017 3818 3237 3873 mittens
3267 3818 3311 3850 ¹¹
3339 3835 3470 3890 qua~

1876 3919 1997 3961 tuor
2022 3908 2066 3938 ³³
2093 3922 2274 3961 scaras
2306 3909 2361 3962 in
2393 3907 2704 3972 Saxoniam,
2738 3918 2851 3965 tres
2874 3910 2920 3941 ”
2941 3925 3174 3981 pugnam
3202 3927 3324 3966 cum
3365 3911 3466 3967 Sa-

2264 4082 2652 4138 VARIANTES
2691 4084 3093 4141 LECTIONES.

1950 4194 1967 4223 ί
2017 4208 2281 4249 saxonnm
2320 4192 2352 4247 6
2386 4224 2453 4233 —
2504 4194 2588 4247 12.
2686 4197 2704 4226 ²
2745 4194 2935 4251 domos
2983 4196 3124 4251 deest
3172 4196 3224 4252 6.
3322 4198 3342 4229 ³
3370 4199 3466 4254 fri—

1879 4264 2044 4338 dislar
2089 4263 2138 4317 7.
2180 4264 2265 4317 12.
2290 4262 2565 4338 _fredislar
2612 4265 2667 4338 9.
2713 4263 3101 4338 friedislar10.
3135 4268 3222 4323 11.
3322 4268 3467 4338 fper

1879 4335 2128 4456 sipiritum
2155 4333 2466 4414 prophetiae
2484 4333 2689 4388 deestﬁ.
2812 4337 2832 4366 '
2859 4336 3104 4391 incendia
3121 4338 3173 4392 6.
3253 4338 3273 4368 ⁸
3299 4333 3463 4392 iidem

1918 4443 1932 4456 .
1959 4409 2065 4459 etc.
2179 4405 2198 4434 '
2225 4419 2347 4462 igne
2376 4403 2425 4457 7.
2455 4404 2506 4458 9.
2534 4413 2640 4459 etc.
2669 4404 2808 4458 deest
2835 4405 2886 4459 6.
2977 4406 2998 4438 ⁸
3028 4420 3379 4462 concremare
3409 4408 3462 4462 6.

1880 4409 1932 4456 7.
1959 4409 2065 4459 etc.
2179 4409 2198 4434 '
2225 4409 2347 4472 igne
2376 4409 2425 4457 7.
2455 4409 2506 4458 9.
2534 4413 2640 4459 etc.
2669 4409 2808 4458 deest
2835 4409 2886 4459 6.
2977 4409 2998 4438 ⁸
3028 4420 3379 4462 concremare
3409 4409 3462 4462 6.

1877 4474 1897 4505 ’
1922 4474 2116 4554 igitur_
2135 4473 2275 4554 deest
2320 4472 2370 4527 6.
2454 4474 2494 4504 ⁸⁸
2525 4473 2766 4554 simul_5:
2868 4475 2906 4506 ¹¹
2939 4478 3303 4554 protegebant.
3337 4493 3463 4554 pro—

1802 4577 1853 4635 D
1878 4553 2065 4625 pterea
2087 4543 2139 4596 7.
2222 4543 2262 4573 ¹²
2292 4557 2464 4612 neque
2492 4543 2706 4611 aliquod
2735 4543 3024 4613 dampnum
3049 4543 3122 4599 6.’
3181 4547 3225 4577 ¹³
3251 4543 3463 4627 hisdem

1879 4613 1931 4666 5.
1966 4612 2159 4667 iisdem
2201 4611 2252 4667 9.
2289 4611 2374 4665 10.
2411 4613 2496 4666 11.
2575 4614 2616 4643 ’⁵
2666 4627 2828 4667 suner
2874 4615 2927 4667 7.
2965 4615 3017 4667 9.
3099 4616 3143 4646 "
3181 4616 3461 4667 voluisset.

1879 4615 1931 4666 5.
1966 4615 2159 4668 iisdem
2201 4615 2252 4667 9.
2289 4615 2374 4665 10.
2411 4615 2496 4666 11.
2575 4615 2616 4643 ’⁵
2666 4627 2828 4682 super
2874 4615 2927 4667 7.
2965 4615 3017 4670 9.
3099 4616 3143 4646 "
3181 4616 3461 4672 voluisset.

1879 4683 2178 4737 Revertens
2222 4696 2350 4736 vero
2384 4683 2608 4737 domnos
2656 4682 2870 4738 carolus
2916 4699 3010 4739 rex
3050 4685 3100 4738 7.
3181 4686 3224 4717 “
3267 4687 3465 4741 domno

1878 4753 2036 4823 deest
2069 4751 2120 4805 6.
2202 4752 2252 4823 ‘77
2289 4762 2344 4823 et
2391 4752 2586 4823 iterum
2636 4753 2688 4807 1.
2767 4753 2808 4784 "
2835 4755 3079 4823 pervenit
3117 4769 3167 4808 ι.
3200 4755 3250 4808 7.
3285 4756 3338 4810 9.
3373 4756 3460 4810 10.

1877 4822 1921 4853 ¹⁹
1944 4830 1998 4875 et
2027 4822 2197 4892 ipsam
2224 4822 2274 4874 7.
2303 4822 2356 4876 9.
2433 4822 2476 4852 ¹⁰
2507 4822 2616 4878 filia
2640 4831 2694 4877 et
2724 4822 2844 4878 cum
2869 4825 2921 4877 1.
2942 4823 3219 4878 7.10.11.
3300 4826 3342 4855 ⁸³
3370 4840 3464 4892 pa-

1880 4892 1994 4946 latii
2034 4893 2150 4946 eius
2180 4893 2229 4945 1.
2273 4893 2324 4944 7.
2364 4892 2448 4947 10.
2483 4893 2568 4945 11.
2647 4895 2690 4922 "
2719 4892 2785 4946 de
2814 4893 2892 4947 eis
2923 4894 3025 4947 civ.
3058 4895 3107 4946 1.
3185 4894 3231 4925 ²³
3269 4909 3326 4949 se
3363 4892 3461 4949 do-

1881 4963 2049 5032 minio
2094 4961 2145 5014 5.
2189 4961 2240 5014 6.
2284 4961 2370 5015 10.
2438 4962 2494 5032 ξδ
2542 4960 2841 5032 adaigulfus
2878 4963 2924 5015 1.
2977 4962 3247 5032 adalgisus
3281 4964 3334 5018 6.
3372 4965 3461 5018 10.

1883 5031 2151 5102 adalgisus
2188 5046 2317 5085 vero
2347 5032 2376 5084 7
2405 5031 2506 5102 (8.)
2540 5031 2592 5085 9.
2623 5031 2707 5084 11.
2783 5032 2828 5062 "
2858 5033 3080 5087 intravit
3110 5031 3180 5086 ’1.
3220 5034 3466 5089 introivit

1884 5101 1913 5132 ’7
1963 5101 1995 5132 0
2052 5102 2106 5132 ΙΙ
2215 5101 2260 5131 ιο
2288 5102 2511 5132 Ann-unua
2546 5101 2683 5132 Αηηοι
2710 5100 2741 5132 Ω
2841 5103 2882 5132 ιτ
2917 5102 3062 5132 ἥλιε..
3101 5103 3199 5132 οέῑιζ
3243 5119 3265 5132 ι-
3326 5105 3354 5132 ’τ
3409 5105 3442 5132 n

585 5151 976 5207 VARLANTES
1014 5151 1416 5208 LECTIONEs.
1881 5101 1933 5201 ἶέ
1955 5101 2260 5226 Bagam;
2286 5100 2806 5226 ἳῗῖἷθὲιῗεῗὲἕῖξεθξς.
2833 5102 3376 5228 Ᾰξᾶξέξξῗεδὲῗεῗόάῗέ
3406 5105 3461 5227 32

240 5247 557 5324 {reversus
580 5243 635 5297 6.
703 5243 846 5324 "est.
876 5242 1121 5324 Karolus.
1145 5243 1390 5324 ab'ltalia.
1441 5242 1770 5324 regrediens,
1882 5241 1968 5324 10.
2000 5242 2244 5324 custodia
2272 5240 2455 5324 relicta
2497 5241 2582 5324 1'1.
2661 5242 2716 5324 ’ξ-
2740 5242 2803 5324 Et
2835 5257 2955 5324 cum
2979 5243 3043 5322 .1.
3170 5243 3254 5324 1.0.
3303 5244 3390 5324 _'°‘
3407 5245 3462 5298 in

171 5315 585 5374 dedicationem
641 5311 898 5366 ecclesiae
954 5315 1123 5368 sancti
1179 5313 1392 5367 Nazarii
1440 5309 1695 5382 martyris
1724 5323 1778 5365 et
1882 5309 2057 5382 locum
2093 5311 2145 5365 6.
2180 5311 2497 5382 10.11._in_
2523 5311 2640 5382 loco
2687 5313 2736 5364 7.
2773 5313 2824 5367 9.
2880 5313 2944 5382 Α³¹
2979 5311 3262 5382 ingelheim
3295 5314 3347 5367 1.
3377 5314 3463 5368 in-

171 5381 602 5442 translatibnem
647 5382 890 5450 corporis
939 5383 1106 5451 ipsius
1147 5384 1198 5436 in
1236 5383 1562 5437 monasterio
1586 5379 1776 5461 nostro
1881 5381 2157 5503 gilinheim
2188 5381 2238 5434 6.
2271 5379 2560 5451 ingelhaim
2596 5381 2644 5433 7.
2675 5382 2726 5435 9.
2769 5379 3166 5448 ingilheim'11.
3241 5382 3286 5414 ³³
3317 5383 3466 5437 misit

174 5453 556 5503 Lanmhevm
595 5452 888 5503 celebravit
921 5494 934 5503 .
967 5467 1106 5503 anno
1147 5453 1534 5503 incarnationis
1564 5452 1775 5503 Domtm
1923 5491 1935 5503 .
1971 5451 2021 5502 7.
2055 5453 2139 5503 10.
2187 5451 2273 5503 11.
2353 5450 2396 5481 ³³
2428 5459 2658 5503 quatuor
2689 5452 2740 5503 5.
2821 5452 2865 5482 ³δ
2909 5453 3186 5503 saxoniam
3231 5467 3462 5503 auarum

174 5453 556 5532 μίῃχρξμ-ςῖηι
595 5452 888 5532 celebravit
921 5467 1106 5532 ,_anno
1147 5453 1534 5507 incarnationis
1564 5451 1775 5506 Domini
1971 5451 2150 5532 7._10_._
2187 5451 2273 5505 11.
2353 5451 2403 5532 ".
2428 5452 2772 5532 quatuor-.59
2821 5452 2865 5482 ³δ
2909 5453 3186 5532 saxoniam
3231 5467 3462 5522 quarum

177 5520 555 5582 DCCLXXIV.
612 5521 726 5576 Cal.
758 5521 907 5590 Sept.
941 5523 990 5574 7.
1885 5529 1996 5574 tres
2033 5521 2083 5574 1.
2121 5521 2171 5574 7.
2218 5521 2518 5575 saxoniam.
2551 5520 2619 5574 At
2652 5521 2724 5574 illi
2762 5531 2872 5576 tres
2914 5523 2964 5576 9.

1716 5629 1945 5684 NOT/E.

247 5765 273 5794 ι
293 5751 370 5806 De
415 5745 843 5818 lngelheimensi
875 5745 1087 5818 palatio
1106 5743 1353 5818 _Caesareo
1384 5740 1454 5798 cf.
1492 5740 1816 5811 Schoepilini
1848 5738 2280 5800 dissertationem
2311 5742 2363 5796 in
2400 5740 2954 5798 Commentationibus
2977 5737 3265 5797 academie
3296 5741 3465 5798 Theo-

180 5822 305 5879 doro
343 5812 652 5877 Palatinae.
715 5822 752 5872 t.
797 5815 838 5881 l,
873 5812 994 5886 pag.
1027 5812 1149 5870 500.
