3928 6330
764 434 997 477 Ακκλιεε
1033 431 1346 474 εςικηλιωι.

259 523 596 578 Francorum
662 525 840 572 castra
891 512 1119 585 ingressi
1171 519 1351 574 sunt;
1397 507 1845 573 dormientesque

259 628 324 668 ac
375 611 732 667 semisomnos
781 606 957 662 adorti
1019 605 1060 668 ί,
1122 617 1230 657 non
1280 599 1549 655 modicam
1596 598 1847 654 incautae

260 702 631 761 multitudinis
665 697 886 754 caedem
933 695 1130 752 fecisse
1163 694 1437 749 dicuntur.
1485 689 1592 745 Sed
1618 687 1848 758 vigilan-

263 797 400 854 tium
423 810 487 849 ac
511 792 740 847 viriliter
784 787 1155 845 resistentium
1181 784 1384 839 virtute
1413 778 1620 849 repulsi
1654 781 1698 843 ‘,
1757 791 1849 830 ca-

259 887 393 943 stris
421 889 794 946 excesserunt,
841 888 896 936 et
921 894 990 934 ex
1034 871 1196 947 pact'o
1237 872 1383 944 quod
1439 871 1581 927 inter
1613 884 1709 924 eos
1739 869 1795 922 in
1827 867 1847 898 ⁸

259 977 358 1032 tali
388 974 714 1031 necessitate
740 971 856 1027 fieri
869 977 1105 1044 poterat,
1128 967 1520 1022 discesserunt.
1552 960 1707 1028 Quod
1725 974 1848 1014 cum

262 1075 378 1144 regi
409 1073 597 1126 fuisset
629 1069 892 1134 adlatum,
911 1075 1118 1138 quanta
1147 1062 1323 1133 potuit
1347 1059 1628 1116 celeritate
1657 1057 1850 1112 adcur-

259 1181 412 1229 rens,
465 1163 782 1233 fugientium
819 1170 970 1232 terga
1022 1160 1343 1226 insequutus
1401 1152 1443 1218 ⁵,
1478 1165 1730 1222 magnam
1780 1164 1848 1204 ex

257 1259 343 1314 eis
375 1253 673 1327 prostravit
705 1252 1108 1308 multitudinem
1137 1249 1158 1280 '
1183 1265 1197 1313 ;
1227 1255 1283 1303 et
1329 1254 1443 1301 tum
1471 1245 1688 1300 demum
1712 1242 1849 1300 .We-

258 1349 580 1405 stfalaornm
611 1346 631 1376 ⁸
654 1344 934 1402 obsidibus
961 1340 1221 1412 acceptis,
1276 1338 1344 1394 ad
1389 1334 1738 1392 biemandum
1794 1336 1848 1390 in

259 1437 496 1493 Francia
526 1436 546 1467 ⁷
578 1433 887 1492 revertitur.

868 2386 1217 2444 DCCLXXVI
1245 2427 1260 2442 .

339 2474 474 2546 Regi
508 2476 730 2532 domum
750 2482 1042 2536 revertenti
1069 2484 1372 2548 nuntiatur,
1396 2483 1817 2555 Hruodgaudunt
1833 2485 1853 2515 ⁸

259 2564 682 2636 Langobardum
706 2568 747 2632 ³,
778 2586 939 2640 quem
966 2573 1081 2642 ipse
1120 2574 1160 2604 ¹⁰
1199 2574 1662 2630 Foroiuliensibus
1693 2575 1732 2605 “
1761 2575 1857 2628 dn-

263 2673 388 2712 cem
416 2657 660 2724 dederat,
692 2660 745 2714 in
769 2660 920 2716 Italia
956 2677 1045 2718 res
1067 2679 1235 2719 novas
1263 2665 1463 2729 moliri,
1497 2673 1552 2721 et
1585 2666 1694 2720 iam
1723 2680 1856 2720 con-

261 2748 452 2818 plures
486 2751 527 2781 "
563 2751 630 2804 ad
658 2766 782 2806 eum
805 2754 1056 2810 civitates
1085 2755 1368 2812 defecisse.
1410 2757 1492 2812 Ad
1519 2773 1655 2828 quos
1679 2765 1860 2812 motus

265 2843 709 2911 comprimendos
731 2860 853 2900 cum
883 2847 986 2901 sibi
1009 2847 1373 2903 festinandum
1406 2849 1688 2914 iudicaret,
1718 2857 1861 2904 stre-

1331 321 1476 378 CUM
1517 311 2114 376 LAURISSENSIBL’S
2153 309 2468 366 COLLATI.

1882 411 1931 469 Λ

3439 306 3548 363 403

2422 414 2657 454 ANNALES
2697 415 2786 452 ιΑι
2803 412 3102 453 κιδεεδεεε.

1952 500 2199 548 vertente
2233 494 2247 522 ‘
2297 491 2543 563 praefato
2575 505 2720 562 rege,
2755 489 2963 544 invenit
3010 488 3171 542 aliam
3220 497 3432 558 partem
3476 491 3542 545 de

1951 599 2049 639 suo
2086 583 2330 638 exercitu
2374 595 2539 651 super
2572 578 2793 634 ﬂuvium
2825 577 3059 643 Wisora,
3095 578 3438 635 continentes
3474 579 3548 634 ri-

1951 690 2075 745 pam
2105 689 2266 744 quam
2305 672 2437 727 iussi
2479 669 2758 725 fuerant’.
2800 669 3047 725 Saxones
3105 685 3229 726 cum
3278 669 3410 742 ipsis
3442 685 3544 740 pu-

1953 783 2114 841 gnam
2156 766 2400 822 fecerunt
2440 766 2494 820 iu
2531 764 2667 830 loco,
2701 758 2791 834 qui
2833 764 3032 819 dicitur
3074 762 3317 819 Lidbacb
3363 762 3384 795 ³
3410 796 3427 824 ,
3484 771 3544 819 et

1951 859 2147 915 Franci
2176 860 2286 916 Deo
2324 859 2538 914 volente
2565 856 2848 912 victoriam
2891 857 3220 922 habuerunt,
3268 864 3324 912 et
3354 855 3547 926 plures

1951 967 2017 1006 ex
2041 951 2171 1020 ipsis
2194 952 2214 980 ⁵
2240 949 2484 1005 Saxones
2513 949 2534 979 ⁸
2564 946 2902 1003 occiderunt.
2932 945 3044 1002 Hoc
3067 945 3321 1002 audiente
3343 945 3544 1001 domno

1951 1041 2318 1112 Carolo'rege,
2348 1041 2544 1095 iterum
2575 1052 2739 1108 super
2767 1035 3013 1092 Saxones
3039 1052 3161 1093 cum
3199 1035 3443 1091 exercitu
3474 1035 3548 1089 i'r-

1951 1148 2136 1196 ruens,
2166 1139 2222 1187 et
2248 1132 2268 1162 ⁸
2297 1146 2406 1186 ηοη
2455 1130 2719 1185 minorem
2753 1135 2992 1199 stragem
3024 1141 3090 1183 ex
3144 1127 3225 1182 eis
3258 1127 3277 1158 ⁷
3311 1125 3460 1191 fecit,
3493 1133 3549 1180 et

1950 1223 2209 1294 praedam
2238 1221 2468 1276 multam
2501 1219 2829 1291 conquisivit
2875 1233 3039 1289 super
3067 1216 3392 1274 Westfalaos
3415 1217 3461 1283 ⁸,
3493 1225 3550 1272 et

1950 1314 2168 1369 obsides
2196 1311 2498 1376 dederunt,
2547 1311 2689 1367 sicut
2731 1318 2787 1365 et
2834 1308 2975 1365 alii’
3031 1305 3305 1374 Saxones;
3337 1315 3394 1363 et
3418 1314 3548 1360 tunc

1951 1403 2232 1459 obsidibus
2261 1402 2301 1434 ⁸⁸
2330 1402 2585 1472 receptis,
2631 1409 2686 1456 et
2731 1401 2932 1470 praeda
2965 1399 3133 1455 multa
3163 1399 3445 1469 adsumpta
3479 1399 3544 1462 “,

1951 1505 2008 1553 et
2052 1504 2270 1567 praeter
2298 1504 2382 1550 ter
2425 1505 2664 1565 stragem
2711 1492 2986 1550 Saxonum
3031 1497 3234 1550 tactam
3265 1495 3331 1560 ",
3357 1508 3547 1565 supra-

1953 1591 2130 1646 dictus
2175 1589 2405 1645 domnus
2433 1588 2475 1619 ¹³
2511 1587 2739 1643 Carolus
2775 1602 2871 1643 rex
2911 1587 2979 1642 ad
3026 1587 3245 1658 propria
3294 1601 3547 1642 reversus

1955 1691 2063 1745 est,
2093 1681 2390 1737 auxiliante
2420 1679 2672 1745 Domino,
2700 1679 2753 1733 in
2780 1677 3087 1733 Franciam.
3116 1677 3269 1732 Tunc
3295 1675 3545 1740 audiens,

1882 1781 1926 1838 Β
1953 1773 2098 1842 quod
2130 1771 2485 1842 Hrodgaudus
2517 1769 2560 1801 “’
2584 1769 2972 1840 Langobardus
3008 1768 3052 1803 "
3086 1766 3358 1823 fraudavit
3385 1765 3547 1822 fidem

1955 1879 2128 1928 suam,
2153 1871 2209 1917 et
2233 1861 2414 1917 omnia
2439 1869 2778 1917 sacramenta
2807 1873 3085 1931 rumpens,
3109 1867 3164 1913 et
3190 1858 3358 1914 voluit
3381 1857 3424 1889 ⁸⁸
3442 1857 3548 1912 Ita-

1955 1955 2082 2009 liam
2120 1953 2403 2018 rebellarc,
2447 1960 2575 2008 tunc
2615 1952 2719 2008 illis
2753 1952 2806 2006 in
2836 1949 3081 2022 partibus
3125 1965 3246 2005 cum
3277 1949 3548 2021 aliquibus

1959 2045 2182 2100 Francis
2219 2045 2258 2076 "
2315 2044 2547 2099 domnus
2583 2042 2808 2098 Carolus
2863 2055 2959 2096 rex
3019 2042 3122 2096 iter
3165 2056 3456 2112 peragens,
3493 2047 3550 2096 et

1954 2134 2282 2192 caelebravit
2328 2133 2564 2188 natalem
2611 2130 2826 2187 Domini
2884 2130 2939 2184 in
2988 2130 3112 2183 villa
3145 2143 3296 2199 .quae
3351 2127 3550 2184 dicitur

1955 2225 2284 2282 Scladdistat
2327 2223 2368 2254 "‘
2406 2235 2452 2276 α.
2499 2223 2566 2277 Et
2623 2221 2912 2278 inmutavit
2959 2235 3018 2276 se
3065 2234 3327 2277 numerus
3373 2234 3544 2278 anno-

1959 2337 2076 2376 rum
2118 2321 2173 2375 in

2557 2385 2905 2443 DCCLXXVI

2027 2484 2178 2539 Tunc
2209 2484 2441 2538 domnus
2483 2480 2523 2512 "
2553 2480 2780 2536 Carolus
2809 2495 2905 2534 rex
2932 2478 3139 2533 Italiam
3167 2478 3445 2548 ingressus
3462 2485 3544 2532 est

1956 2575 2202 2645 partibus
2223 2573 2266 2603 ⁸ο
2297 2571 2733 2626 Foroiulensium
2762 2577 2955 2639 petens
2983 2569 3050 2632 “,
3081 2565 3440 2637 Hrodgaudus
3459 2581 3548 2620 oc-

1959 2667 2105 2721 cisus
2135 2672 2242 2728 est,
2271 2671 2327 2716 et
2369 2661 2716 2731 supradictus
2759 2659 2991 2714 domnus
3017 2657 3062 2688 “
3090 2655 3320 2712 Carolus
3351 2671 3447 2710 rex
3479 2655 3547 2710 ad

1959 2756 2006 2786 "
2036 2753 2343 2808 Tarvisium
2372 2752 2418 2782 "
2440 2751 2715 2806 civitatem
2736 2736 2938 2821 pascba
2955 2748 3306 2813 caerebravit,
3339 2756 3394 2802 et
3422 2762 3549 2817 cap-

1961 2852 2042 2898 tas
2075 2843 2324 2897 civitates
2355 2841 2401 2872 "
2430 2839 2761 2903 Foroiulem,
2807 2837 3150 2892 Taravisium
3195 2836 3241 2867 “
3268 2851 3392 2892 cum
3423 2836 3550 2890 reli-

263 2935 592 2989 nuissimum
616 2951 884 3008 quemque
909 2939 952 2970 ¹³
970 2955 1189 2994 suorum
1212 2955 1396 2995 secum
1415 2942 1637 3006 ducens,
1662 2941 1858 3010 raptim
1960 2933 2083 3003 quis
2118 2931 2432 2988 civitatibus
2463 2944 2602 3000 quae
2627 2930 2669 2959 ’⁷
2696 2927 2988 2982 rebellatae
3003 2926 3050 2957 ’⁸
3077 2925 3296 2982 fuerant
3327 2944 3338 2980 :
3370 2936 3425 2982 et
3445 2926 3550 2983 dis-

265 3023 478 3078 ltaliam
501 3025 939 3095 u'proliciscitur,
968 3029 1437 3102 llruodgaudoque
1455 3033 1496 3063 ⁸⁵
1520 3033 1612 3102 qui
1634 3047 1860 3101 regnum
1959 3027 2142 3097 posuit
2175 3041 2269 3082 eas
2292 3040 2484 3081 omnes
2508 3039 2605 3095 per
2634 3022 2891 3086 Francos,
2921 3030 2977 3077 et
3015 3023 3214 3077 iterum
3244 3036 3366 3077 cum
3395 3035 3549 3090 pros-

267 3113 581 3170 adfectabat
611 3117 919 3185 interfecto,
966 3121 1276 3177 civitatibus
1320 3137 1535 3193 quoque
1556 3163 1570 3187 ,
1624 3137 1762 3191 quae
1789 3121 1857 3175 ad
1885 3132 1928 3193 ί]
1959 3112 2193 3189 peritate
2221 3126 2277 3174 et
2297 3118 2528 3173 victoria
2554 3130 2805 3171 reversus
2843 3121 2928 3169 est
2968 3113 3023 3168 in
3051 3111 3360 3167 Franciam.
3394 3109 3549 3166 Tunc

267 3212 398 3258 cum
465 3203 818 3272 defecerant,
878 3209 996 3263 sine
1055 3208 1310 3264 dilatione
1366 3210 1409 3240 ⁸⁸
1459 3211 1728 3281 receptis,
1798 3218 1854 3264 et

268 3293 327 3348 in
376 3295 456 3350 eis
511 3294 842 3351 Francorum
899 3297 1192 3353 comitibus
1257 3301 1602 3364 constitutis,
1666 3300 1854 3354 eadem

268 3400 380 3456 qua
425 3394 647 3440 venerat
695 3386 983 3442 velocitate
1015 3389 1054 3419 "
1080 3403 1332 3444 reversus
1361 3399 1461 3445 est.
1523 3391 1620 3446 Cui
1651 3393 1742 3446 vix
1765 3392 1857 3446 Al~

267 3491 371 3546 pes
394 3484 732 3547 transgresso
761 3488 1116 3533 occurrerunt
1139 3479 1200 3544 ⁷⁸,
1251 3481 1344 3549 qui
1379 3483 1722 3547 nunciarent,
1753 3483 1858 3538 Ae-

269 3569 596 3637 resburgum
624 3577 865 3622 castrum
901 3569 942 3598 ¹⁹
965 3585 994 3622 a
1021 3569 1328 3626 Saxonibus
1356 3581 1752 3642 expugnatum,
1795 3589 1860 3628 ac

267 3659 606 3729 praesidium
649 3657 985 3714 Francorum
1013 3660 1157 3730 quod
1184 3661 1236 3715 in
1275 3676 1340 3716 eo
1373 3671 1632 3732 posuerat
1666 3664 1857 3734 expul-

268 3765 427 3815 sum;
461 3748 809 3820 Sigiburgum
849 3750 994 3804 aliud
1021 3751 1304 3806 castellum
1344 3763 1711 3824 oppugnatum
1740 3757 1860 3824 qui-

267 3841 420 3904 dem,
455 3841 569 3905 sed,
603 3856 712 3895 non
733 3849 950 3910 captum
973 3883 986 3905 ,
1034 3841 1110 3896 eo'
1124 3843 1270 3912 quod
1295 3843 1369 3896 bii
1400 3845 1490 3912 qui
1514 3845 1568 3898 in
1595 3860 1660 3900 eo
1691 3861 1856 3901 causa

266 3933 530 4004 praesidii
559 3932 604 3962 “'
633 3931 848 3986 fuerant
870 3934 1170 3998 constituti,
1202 3931 1344 3988 facta
1365 3935 1648 4004 emptione
1679 3936 1862 3991 iiican-

267 4034 361 4078 tos
383 4033 542 4092 atque
572 4023 955 4093 obpugnationi
990 4024 1224 4078 intentos
1251 4022 1494 4080 Saxones
1529 4039 1558 4078 a
1594 4033 1747 4096 tergo
1777 4026 1860 4080 in-

266 4122 533 4168 vaserunt
558 4115 600 4144 ¹¹
628 4154 642 4177 ,
681 4123 735 4168 et
753 4113 1000 4182 plurimis
1037 4113 1336 4170 interfectis
1366 4115 1606 4186 reliquos
1637 4132 1744 4171 non
1773 4132 1861 4172 so-

266 4205 388 4260 lum
447 4206 900 4276 oppugnationem
941 4206 1250 4272 dimittere,
1324 4207 1418 4262 sed
1461 4209 1627 4263 etiam
1673 4208 1861 4280 fugere

266 4299 669 4368 compulerunt,
688 4299 1038 4368 palantesque
1065 4314 1129 4354 ac
1151 4299 1423 4368 dispersos
1446 4301 1513 4354 ad
1541 4300 1786 4371 Lippiam
1815 4303 1858 4332 “

265 4382 446 4458 bsque
472 4389 692 4444 fluvium
720 4390 988 4457 persecuti
1023 4396 1166 4442 sunt.
1210 4389 1355 4444 Haec
1381 4405 1504 4444 cum
1536 4393 1648 4462 regi
1679 4390 1858 4446 adlata

665 4544 1060 4601 VARIANTES
1096 4543 1494 4601 LECTIONES.

351 4666 366 4695 '
407 4663 845 4734 dormientesque
910 4663 1146 4734 aggressi
1179 4662 1236 4734 7.
1333 4663 1354 4692 ¹
1396 4669 1660 4734 compulsi
1701 4667 1752 4720 5.
1801 4669 1853 4721 7.

265 4735 469 4804 “3x5?
514 4733 564 4786 7.
644 4732 960 4804 finsecutus
987 4732 1151 4804 2—7.
1227 4733 1248 4764 ⁸
1274 4749 1346 4787 m.
1380 4750 1432 4804 p.
1467 4732 1535 4788 7.‘
1576 4752 1629 4804 p.
1678 4750 1744 4791 ex
1779 4739 1858 4792 eis

265 4803 527 4884 magnam
559 4802 956 4884 multitudinem
987 4803 1038 4855 5.
1136 4803 1156 4833 ⁸
1193 4803 1291 4856 hac
1317 4802 1522 4884 quidem
1572 4802 1679 4860 {vice
1703 4818 1859 4884 vvest-

265 4873 532 4936 falorum,
575 4873 630 4928 in
659 4873 988 4942 sequentibus
1029 4882 1205 4927 autem
1237 4883 1294 4925 ut
1331 4873 1389 4927 in
1432 4885 1577 4928 textu
1612 4877 1857 4931 scribitur

265 4947 324 5001 1.
431 4945 450 4974 ⁷
479 4944 740 4997 franciam
778 4943 831 4996 5.
893 4943 947 4996 4.
976 4944 1028 4997 5.
1056 4944 1108 4996 6.
1143 4942 1193 4996 7.
1252 4941 1273 4974 ⁸
1326 4943 1741 5003 hvuodgaudum
1799 4951 1852 5003 5.

264 4947 324 5001 1.
431 4947 740 4997 ’franciam
778 4947 831 4996 ὅ.
893 4947 947 4996 4.
976 4947 1028 4997 5.
1056 4947 1108 4996 6.
1143 4947 1193 4996 7.
1252 4947 1273 4974 ⁵
1326 4947 1741 5015 hyuodgaudnm
1799 4951 1852 5003 5.

265 5014 663 5085 ruodgaudnm_
719 5013 1211 5085 4.Abrudgaudum
1274 5012 1341 5085 5._
1403 5016 1734 5085 rodgaudum
1802 5019 1852 5072 6.

261 5081 596 5156 rotgaudum
634 5083 685 5134 7.
789 5081 810 5109 '
840 5081 1290 5153 langobardorum
1318 5083 1370 5136 2.
1406 5085 1459 5137 5.
1506 5081 1580 5116 ’¹⁰
1615 5087 1755 5140 deest
1802 5090 1854 5141 7.

268 5159 315 5188 Il
347 5153 795 5188 fnnnwininncihnc
829 5152 864 5188 Β
963 5154 1005 5182 Η
1026 5168 1147 5188 num
1178 5153 1358 5188 nlui-oc
1386 5155 1415 5188 ἓξ
1515 5155 1558 5187 ιι
1588 5158 1852 5188 ηιιηηιιηη.

268 5159 315 5188 ⁷⁸
347 5152 796 5211 foroviniensibus
829 5152 881 5205 6.
941 5152 1005 5182 υ
1026 5168 1148 5207 cum
1178 5153 1360 5222 plures
1383 5155 1434 5208 5.
1515 5155 1558 5187 “
1588 5158 1854 5226 quendam

263 5228 323 5280 4.
359 5225 412 5280 5.
439 5223 490 5280 6.
589 5222 632 5296 ιξ
661 5239 707 5278 r.
737 5223 792 5277 in
820 5222 1023 5296 italiam
1053 5223 1103 5275 7.
1135 5223 1204 5296 6?
1298 5224 1349 5296 “_
1393 5226 1856 5296 hyuodgaudoque

362 5293 776 5379 Iruotgaudoq‘ue
911 5293 1292 5379 ru‘dgaudoque
1325 5294 1377 5348 6.
1409 5292 1849 5379 rogandoque].

265 5303 325 5350 5.
371 5303 776 5379 ruotgaudoque
814 5303 864 5345 4.
911 5303 1292 5374 rudgaudoque
1325 5303 1377 5348 6.
1409 5303 1776 5418 rotgaudoque
1800 5303 1849 5351 7.

343 5364 655 5420 dilatatione
774 5433 786 5444 θ
827 5363 866 5393 ⁷⁷
897 5363 1185 5444 velocitate
1238 5374 1462 5444 venerat
1531 5405 1543 5417 .
1581 5367 1750 5421 veloci
1797 5369 1849 5422 2.

269 5437 316 5468 "
344 5443 703 5506 occurrerunt
734 5433 789 5506 ei
817 5434 908 5506 qui
940 5434 992 5487 4.
1020 5433 1072 5486 5.
1101 5432 1189 5506 _6_.__
1238 5433 1278 5462 "
1308 5449 1855 5506 arcem—expugna-

265 5514 386 5562 tam
425 5521 587 5585 -—_ea
863 5503 907 5532 "
938 5503 1202 5585 praesidii
1225 5519 1388 5585 causa
1418 5507 1450 5560 5
1473 5537 1538 5545 —
1570 5507 1618 5558 7.
1654 5503 1667 5506 “
1699 5503 1747 5536 ’ί
1776 5509 1855 5562 in-

263 5591 462 5639 vasere
486 5575 540 5630 3.
635 5575 679 5604 ”
709 5573 890 5644 lipiam
934 5573 982 5626 1.
1016 5574 1068 5627 5.
1115 5574 1294 5630 libiam
1323 5574 1371 5628 2.

1961 3209 2185 3264 nuntius
2211 3208 2453 3273 veniens,
2473 3205 2566 3278 qui
2583 3205 2626 3236 ¹⁹
2648 3203 2844 3260 dixit”
2869 3202 3114 3258 Saxones
3139 3199 3542 3262 rebellantes“,

1960 3309 2013 3356 et
2039 3315 2230 3356 omnes
2249 3299 2467 3356 obsides
2502 3313 2628 3354 suos
2651 3295 2948 3368 dulgtos",
2976 3301 3031 3348 et
3051 3301 3392 3348 sacramenta
3420 3308 3521 3363 rup

2364 3384 2755 3446 VARIANTES
2788 3382 3196 3442 LECTIONES.

2036 3485 2049 3515 ⁷
2093 3481 2413 3537 revertendo
2458 3481 2511 3536 6.
2596 3480 2636 3550 γ’
2668 3493 2832 3550 quam
2876 3475 3017 3550 ius'si
3069 3475 3542 3550 fuerantdeestt}.

1964 3555 1984 3585 ⁸
2013 3553 2224 3608 lidnach
2254 3553 2304 3605 1.
2332 3551 2548 3606 liddacb
2591 3549 2644 3604 5.
2678 3541 2909 3603 diddach
2936 3562 3074 3600 corr.
3114 3545 3329 3600 lidbach
3355 3545 3408 3598 6.
3441 3541 3545 3598 lid-

1964 3569 1984 3585 '
2014 3569 2224 3677 nugacn
2254 3569 2304 3605 ι.
2335 3569 2548 3606 unaacn
2591 3569 2644 3604 ο.
2678 3569 2909 3630 uolauacn
2936 3569 3074 3600 corr.
3114 3569 3329 3628 ttuuucu
3355 3569 3408 3598 ο.
3441 3569 3542 3598 uu-

1961 3624 2098 3695 badr
2137 3662 2150 3675 .
2180 3621 2362 3695 ltdbab
2392 3619 2535 3695 8.__9.
2569 3620 2655 3695 10.
2687 3618 2812 3695 lttca
2846 3618 2931 3671 11.
2984 3615 3030 3695 _
3058 3614 3450 3695 ex_ipus.deest
3490 3613 3542 3666 1.

1961 3695 2015 3747 7.
2045 3694 2130 3748 11.
2210 3693 2234 3724 ⁸
2273 3691 2565 3746 saxonibus
2609 3689 2661 3743 9.
2710 3689 2778 3743 de
2803 3686 3102 3742 Saxonibus
3127 3683 3213 3738 1f.
3292 3683 3546 3738 'irruens

1962 3772 2018 3818 et
2045 3763 2186 3816 deest
2222 3763 2272 3814 1.
2309 3768 2364 3814 et
2389 3758 2531 3812 deest
2557 3760 2607 3812 7.
2646 3758 2680 3812 9
2752 3759 2772 3789 ⁷
2803 3773 2871 3812 ex
2916 3756 3046 3818 ipsis
3077 3755 3128 3809 1.
3173 3755 3226 3809 7.
3331 3754 3351 3784 ⁸
3382 3762 3546 3808 west-

1961 3831 2185 3902 pbaleos
2218 3833 2272 3902 1.
2310 3829 2583 3902 vves‘tfalos
2630 3828 2682 3902 6.
2756 3827 2862 3902 _'_et
2913 3823 2988 3880 illi
3023 3824 3146 3902 alii_
3172 3838 3241 3902 su
3269 3824 3320 3902 ζ.
3369 3823 3421 3878 9.
3502 3825 3545 3854 ¹⁰

1961 3893 2016 3956 ὲι
2036 3917 2160 3956 cum
2182 3901 2303 3972 aliis
2317 3899 2594 3954 obsidibus
2625 3899 2674 3951 1.
2754 3899 2794 3928 ιι
2825 3903 3100 3966 assumpta
3126 3894 3176 3950 1.
3209 3893 3262 3948 6.
3283 3893 3335 3948 9.
3364 3909 3548 3962 sump-

1965 3982 2020 4026 ta
2043 3972 2095 4024 7.
2195 3971 2235 4001 "
2264 3981 2318 4024 et
2339 3969 2542 4039 pariter
2565 3977 2745 4039 strage
2770 3965 2990 4039 s._facta
3035 3966 3085 4018 1.
3114 3963 3166 4018 7.
3200 3973 3255 4018 et
3282 3972 3364 4018 ter
3399 3972 3544 4017 stra-

1997 4043 2081 4098 iae
2103 4035 2366 4095 saxonurn
2398 4037 2542 4092 facta
2560 4037 2611 4092 6.
2640 4035 2877 4092 et'tertio
2909 4035 3050 4090 facta
3069 4043 3258 4105 strage
3280 4048 3545 4105 saxonum

2005 4113 2051 4166 l.
2079 4113 2133 4165 in
2175 4109 2260 4164 10.
2289 4110 2430 4163 deest
2458 4125 2476 4172 ;
2502 4109 2556 4160 in
2583 4107 2648 4178 5.
2684 4106 2888 4178 syllaba
2927 4113 3010 4178 ter
3042 4103 3217 4178 deest:
3282 4103 3326 4135 “
3350 4117 3542 4178 supra-

1964 4183 2141 4237 dictus
2189 4181 2422 4235 domnus
2449 4179 2590 4232 deest
2623 4177 2675 4232 6.
2712 4172 2732 4178 ⁷
2757 4176 2800 4208 ⁸⁸
2820 4174 3167 4246 ruodgandus
3198 4173 3246 4226 1.
3272 4172 3545 4246 rodbgsu-

1963 4253 2063 4307 dns
2085 4262 2132 4304 et
2181 4248 2487 4320 rodgaudus
2507 4247 2597 4320 5.⁸
2619 4248 2912 4320 rotgaudus
2933 4243 2991 4320 7'.
3027 4245 3080 4301 9.
3102 4244 3141 4320 _1_
3149 4243 3198 4296 1.
3235 4243 3546 4313 rodgaudus

1963 4322 2048 4375 10.
2081 4322 2154 4374 ita
2183 4330 2231 4373 et
2261 4313 2422 4376 infra.
2502 4319 2546 4348 "
2584 4313 3022 4386 longibardusgi.
3065 4385 3073 4386 ί
3101 4313 3144 4345 ⁷⁸
3168 4328 3427 4386 rumpens
3451 4327 3545 4366 vo-

1961 4391 2061 4445 luit
2105 4392 2154 4443 7.
2188 4390 2240 4444 9.
2323 4389 2362 4419 "
2395 4387 2598 4442 francis
2633 4383 2760 4442 tu'nc
2808 4385 3024 4441 carolus
3054 4385 3104 4437 1.
3189 4385 3231 4416 ¹⁸
3263 4383 3545 4438 scladistat

1961 4463 2012 4515 7.
2038 4461 2088 4516 9.
2108 4458 2459 4515 scladdistath
2481 4457 2534 4512 8.
2558 4456 2830 4512 sclezistat
2850 4457 2906 4511 in
2931 4453 3187 4511 elisatio9
3213 4454 3268 4509 b.
3294 4453 3544 4508 selexeis-

1883 4510 1935 4570 D
1966 4510 2061 4585 iiii
2078 4510 2458 4585 granatim;
2481 4510 2706 4582 Eli—latio
2725 4510 2828 4581 ‘42;
2852 4510 3102 4581 domnus
3129 4532 3178 4578 et
3198 4522 3305 4577 alia
3343 4522 3541 4576 similia

1966 4602 2048 4654 hic
2075 4611 2122 4654 et
2145 4593 2263 4654 aiiis‘
2293 4601 2346 4652 in
2369 4597 2496 4652 locis
2523 4598 2708 4652 desunt
2737 4597 2789 4652 6.
2871 4595 2915 4627 ι’
2935 4596 3164 4651 domnus
3193 4593 3332 4647 deest
3366 4594 3415 4647 1.
3445 4607 3538 4647 rex

1965 4680 2025 4724 ut
2047 4669 2415 4740 praediximus
2437 4668 2502 4722 ad
2528 4668 2744 4740 Papiam
2765 4666 3037 4740 civitatem
3064 4666 3212 4740 venit
3237 4672 3290 4718 et
3313 4664 3412 4740 sub
3433 4662 3540 4740 fes-

1965 4733 2227 4795 tinatione
2283 4740 2337 4793 in
2398 4733 2645 4807 partibus
2703 4735 3135 4792 Foroiulensium
3191 4735 3295 4788 iter
3342 4733 3542 4797 direxit

1964 4811 2101 4863 Ann.
2139 4810 2284 4863 Matt.
2319 4811 2373 4862 in
2409 4809 2711 4861 narratione
2738 4807 2802 4860 de
2838 4805 3148 4863 Aeresbttrm'
3191 4803 3536 4863 oppugnatio-

1965 4813 2101 4863 Ann.
2139 4813 2284 4863 Mett.
2319 4813 2373 4862 in
2409 4813 2711 4888 narratione
2738 4813 2802 4860 de
2838 4813 3148 4874 Aeresbttrgi
3191 4813 3536 4905 oppugnatio-

1965 4895 2027 4933 ne
2071 4880 2210 4933 Ann.
2255 4877 2404 4932 Mett.
2459 4876 2778 4947 Regmonem
2812 4884 3119 4947 sequuntur.
3193 4875 3212 4903 ’
3293 4883 3540 4947 estApgr

1964 4959 2146 5018 partes
2190 4948 2296 5003 fori
2325 4948 2438 5004 iulii
2479 4943 2583 5018 iter
2623 4943 2887 5018 peragens
2918 4947 2967 4999 1.
3043 4945 3084 4975 "
3120 4959 3346 5015 pergens
3380 4943 3447 5018 ‘6‘.
3481 4944 3534 5018 7.

1959 5014 2058 5089 (8.)
2093 5019 2144 5073 9.
2179 5034 2301 5074 cum
2330 5027 2509 5089 partes
2533 5014 2956 5089 foroiuliénsium
2986 5014 3458 5089 peragrasset_10.
3489 5015 3536 5089 ff

1957 5084 2594 5166 supradictus—domnus.
2623 5087 2762 5166 deest
2866 5086 2918 5166 6.
2987 5084 3209 5166 “apud
3236 5085 3279 5166 1Δ
3487 5084 3533 5166 ⁷⁸

1960 5155 2276 5214 taravisium
2304 5158 2386 5210 hic
2413 5167 2460 5211 et
2509 5156 2652 5226 infra
2690 5158 2741 5210 7.
2783 5157 2867 5226 11.
2906 5155 3207 5226 tarvvisium
3236 5155 3282 5226 9
3315 5155 3535 5226 ttbarvif

1958 5229 2186 5283 sumit).
2265 5229 2311 5259 ’⁸
2340 5228 2511 5298 captis
2559 5223 2776 5298 civitate
2804 5225 2922 5298 foro
2964 5225 3077 5298 iulii
3109 5225 3330 5279 tarvisio
3359 5225 3409 5298 1.
3487 5223 3534 5298 ff

1955 5299 2338 5354 foroiulensem
2387 5294 2436 5350 7.
2469 5297 2774 5353 foroiulium
2815 5295 2900 5350 10.
2978 5297 3021 5325 ’⁷
3067 5303 3122 5348 et
3161 5310 3300 5364 quae
3356 5295 3408 5348 5.
3485 5294 3532 5324 ⁸⁸

1958 5370 2286 5423 rebellarant
2324 5369 2372 5421 1.
2410 5367 2701 5422 rebellatae
2731 5374 2884 5422 erant
2909 5366 2961 5420 6.
3037 5365 3083 5396 "
3105 5365 3195 5434 qui
3223 5365 3444 5434 deum.
3476 5364 3528 5418 7.

1963 5440 2014 5490 9.
2049 5449 2151 5493 etc.
2229 5439 2273 5469 ³ο
2296 5439 2441 5492 venit
2468 5447 2521 5491 et
2547 5439 2680 5492 dixit
2705 5438 2756 5491 5.
2833 5436 2876 5468 ⁸¹
2908 5433 3169 5490 rebellare
3194 5435 3241 5487 1.
3277 5433 3532 5488 rebellas-

1964 5525 2021 5629 ἕρ
2118 5510 2207 5633 1110.
2234 5508 2516 5634 ιὲυοιιλιοε
2539 5508 2661 5563 6.9.
2742 5507 2784 5539 ³¹
2807 5507 3015 5576 dulgtos
3038 5505 3242 5561 etdeest
3269 5504 3320 5558 1.
3354 5503 3533 5560 dultos

2005 5620 2016 5630 .
2082 5597 2112 5633 u
2161 5595 2221 5634 os
2288 5615 2300 5629 .

2005 5620 2016 5630 .
2059 5588 2221 5634 tultos
2247 5588 2300 5634 υ.

1788 5667 2016 5723 NOTAE.

338 5784 363 5812 ι
402 5764 725 5826 Schletstadt
758 5765 810 5820 in
844 5762 1065 5818 Alsatia.
