3928 6308
146 290 237 344 ως

647 419 875 464 ΑΙΝΑιεε
914 416 1194 459 ECINHARDI
1210 442 1222 454 .

775 3476 1162 3535 DCCLXIXVII.

242 3572 355 3629 Rex
401 3572 588 3642 prima
637 3571 782 3626 veris
813 3570 1125 3640 adspirante
1167 3567 1427 3638 temperie
1472 3563 1764 3619 Novioma-

177 3680 295 3736 gum
342 3663 630 3734 profectus
668 3670 786 3728 est,
826 3669 883 3716 et
915 3667 1039 3731 post
1086 3658 1418 3714 celebratam
1453 3655 1653 3710 ibidem
1678 3667 1769 3723 pa-

175 3755 372 3811 schalis
416 3754 547 3810 festi
594 3753 1010 3809 sollemnitatem
1036 3791 1050 3816 ,
1120 3757 1345 3820 propter
1393 3745 1768 3801 fraudulentas

177 3845 456 3901 Saxonum
509 3844 900 3914 promissiones
924 3883 938 3907 ,
986 3840 1182 3912 quibus
1225 3839 1388 3894 fidem
1432 3837 1634 3892 habere
1658 3849 1767 3890 non

175 3948 407 4013 poterat,
443 3940 515 3994 ad
541 3939 721 3993 locum
747 3937 838 4008 qui
880 3935 1200 3991 Padrabrun
1232 3933 1250 3964 ¹
1277 3939 1504 3987 vocatur
1549 3943 1772 4001 genera-

178 4035 278 4089 lein
301 4030 490 4103 populi
518 4030 604 4085 sui
628 4036 955 4089 conventum
998 4028 1053 4082 in
1083 4041 1149 4083 eo
1184 4025 1500 4089 habiturus,
1537 4037 1662 4078 cum
1690 4021 1773 4075 in-

177 4125 322 4197 genti
347 4123 600 4180 exercitu
647 4123 702 4177 in
744 4119 1039 4176 Saxoniam
1073 4117 1350 4190 profectus
1388 4123 1491 4171 est.
1542 4114 1623 4170 Eo
1649 4128 1775 4169 cum

179 4217 441 4281 venisset,
469 4221 644 4271 totum
668 4210 906 4282 perfidae
929 4211 1107 4282 gentis
1131 4216 1380 4265 senatum
1401 4222 1468 4263 ac
1493 4205 1774 4277 populum,

181 4323 339 4378 quem
368 4308 440 4362 ad
477 4322 538 4362 se
567 4306 757 4360 venire
797 4304 1032 4358 iusserat
1058 4341 1073 4367 ,
1122 4300 1452 4370 morigerum
1478 4312 1543 4352 ac
1571 4294 1776 4350 fallaci-

181 4408 264 4457 ter
291 4401 313 4432 '
341 4399 450 4454 sibi
503 4397 761 4452 devotum
787 4393 1014 4448 invenit.
1068 4389 1205 4446 Nam
1232 4388 1414 4445 cuncti
1443 4386 1510 4441 ad
1528 4400 1658 4441 eum
1685 4399 1777 4439 ve-

1217 284 1360 343 CUM
1401 275 1996 340 LAURISSENSIBUS
2034 272 2345 330 COLLATI.

1758 405 1806 463 Α

3302 265 3409 325 ws

2299 401 2529 441 ANNALES
2566 397 2959 440 LAUMSSENSES.

1829 479 2057 535 diversis
2082 477 2277 532 ictibus
2292 477 2432 529 inter
2454 489 2511 529 se
2531 481 2656 529 sunt
2677 470 2954 542 percussi‘
2971 475 3026 524 et
3049 467 3228 523 divina
3251 464 3410 521 ultio-

1829 587 1897 626 ne
1927 570 2167 625 iudicati.
2205 568 2271 622 Et
2299 573 2559 637 quantum
2603 579 2765 636 super
2799 563 2894 617 Dei
2929 575 3024 618 eos
3056 560 3230 614 virtus
3255 571 3414 628 prope

1829 673 1914 718 ter
1960 662 2192 718 salutem
2236 661 2256 690 '
2309 658 2732 714 cliristianorum
2781 663 3004 727 operata
3054 661 3180 718 est,
3235 649 3414 706 nullus

1830 769 2055 809 narrare
2099 759 2315 823 potest;
2359 756 2599 804 attamen
2632 757 2892 818 quantum
2925 744 3000 801 illi
3051 743 3171 816 plus
3210 756 3414 812 pavore

1831 845 2109 917 perterriti
2152 843 2393 907 fuerunt,
2424 849 2577 896 tanto
2599 839 2770 910 magis
2799 836 3080 893 christiani
3122 833 3416 890 confortati

1830 935 2255 1004 omnipotentem
2296 933 2465 987 Deum
2512 929 2892 993 laudaverunt,
2931 925 3024 997 qui
3050 926 3300 996 dignatus
3331 929 3417 977 est

1833 1040 1987 1083 suam
2016 1023 2368 1080 manifestare
2416 1019 2717 1091 potentiam
2743 1032 2906 1088 super
2931 1029 3116 1072 servos
3146 1012 3324 1085 suos.]
3355 1013 3421 1068 Et

1835 1118 1962 1174 inde
1988 1116 2170 1188 fugam
2197 1114 2521 1184 arripientes
2565 1110 2831 1174 Saxones,
2862 1106 3133 1178 persecuti
3167 1113 3291 1164 sunt
3330 1119 3424 1159 eos

1835 1205 2054 1273 Franci,
2107 1202 2495 1259 interﬁcientes
2521 1201 2641 1255 illos
2691 1211 2864 1269 usque
2894 1195 2960 1251 ad
3011 1193 3210 1249 flumen
3241 1194 3260 1224 ³
3299 1191 3425 1261 Lip-

1837 1301 2008 1368 piam,
2052 1306 2230 1353 castro
2264 1296 2472 1351 salvato
2499 1311 2514 1360 ;
2542 1301 2597 1348 et
2626 1306 2748 1346 cum
2795 1289 3022 1344 victoria
3067 1285 3271 1341 reversi
3305 1291 3430 1339 sunt

1841 1391 2056 1446 Franci.
2104 1390 2172 1444 Et
2220 1403 2343 1444 cum
2385 1372 2722 1459 pervenisset
2769 1383 3000 1438 domnus
3049 1379 3278 1436 Carolus
3330 1393 3430 1432 rex

1844 1482 2222 1544 Wormatiam,
2250 1489 2306 1535 et
2324 1493 2514 1536 omnes
2537 1478 2668 1533 istas
2703 1488 2896 1530 causas
2930 1473 2951 1504 δ
2978 1472 3204 1528 audiens
3224 1471 3266 1535 ',
3308 1484 3432 1526 con.

1850 1573 2026 1627 iunxit
2077 1570 2326 1627 sinodum
2359 1569 2428 1624 ad
2471 1569 2700 1624 eandem
2740 1566 3016 1620 civitatem
3045 1577 3060 1616 :
3094 1570 3146 1616 et
3178 1561 3250 1615 ibi
3273 1561 3435 1630 placi~

1848 1670 1960 1716 tum
1985 1661 2259 1732 publicum
2288 1667 2480 1714 tenens
2506 1697 2521 1723 ,
2552 1665 2607 1711 et
2634 1654 2861 1711 consilio
2890 1653 2910 1683 ⁸
2964 1651 3107 1706 facto
3128 1692 3142 1715 ,
3180 1665 3302 1704 cum
3339 1649 3435 1703 Dei

1771 1767 1822 1825 Β
1851 1750 2119 1805 adiutorio
2172 1750 2272 1805 sub
2322 1748 2602 1803 celeritate
2651 1745 2748 1801 et"
2802 1742 2967 1798 nimia
3012 1741 3032 1772 ⁸
3089 1739 3436 1796 festinatione

1849 1844 2127 1900 Saxonum
2169 1857 2358 1898 caesas
2395 1841 2416 1872 ’
2451 1853 2476 1880 ο
2506 1854 2600 1895 seu
2635 1838 2676 1870 ⁸ο
2705 1837 2990 1892 firmitates
3025 1832 3204 1889 subito
3247 1831 3438 1886 introi-

1851 1937 1948 1990 vit.
1978 1936 2045 1990 Et
2072 1936 2109 1966 ¹¹
2144 1934 2388 1990 Saxones
2415 1930 2690 2003 perterriti
2731 1931 2794 1994 ",
2829 1941 3017 1983 omnes
3042 1925 3110 1980 ad
3137 1924 3314 1980 locum
3345 1921 3439 1977 ubi

1848 2025 2037 2096 Lippia
2067 2025 2351 2095 consurgit
2375 2023 2653 2079 venientes
2684 2035 2751 2074 ex
2780 2018 2926 2075 omni
2944 2023 3121 2086 parte,
3154 2022 3207 2069 et
3242 2013 3285 2045 ¹⁸
3316 2013 3438 2067 red-

1849 2115 2101 2170 diderunt
2127 2114 2362 2184 patriam
2410 2126 2509 2183 per
2555 2110 2791 2166 wadium
2822 2107 2863 2138 “
2892 2120 3082 2162 omnes
3111 2104 3155 2136 ¹⁸
3187 2103 3440 2158 manibus

1849 2220 2061 2270 eorum,
2076 2213 2131 2259 et
2147 2204 2551 2275 spoponderunt
2574 2217 2632 2257 se
2652 2214 2775 2255 esse
2802 2196 3219 2262 christianos,et
3238 2195 3339 2250 sub
3361 2193 3443 2250 di-

1851 2295 1998 2352 cioni
2014 2297 2056 2326 ⁸⁸
2073 2295 2254 2351 domni
2270 2292 2448 2349 Caroli
2475 2291 2622 2362 regis
2634 2299 2689 2346 et
2702 2289 3037 2344 Francorum
3060 2285 3441 2342 subdiderunt.

1853 2388 1920 2441 Et
1936 2387 1975 2419 "
2001 2395 2130 2441 tunc
2146 2385 2376 2441 domnus
2391 2381 2618 2438 Carolus
2632 2395 2726 2435 rex
2742 2392 2845 2434 una
2864 2391 2987 2433 cum
3000 2373 3227 2430 Francis
3243 2372 3448 2428 reaedi-

1856 2474 2036 2530 ﬁcavit
2059 2474 2102 2507 η
2133 2473 2543 2542 Aeresburgum
2578 2477 2818 2525 castrum
2851 2467 3028 2522 denuo
3053 2464 3120 2529 ",
3145 2471 3200 2518 et
3221 2462 3366 2517 aliud
3401 2461 3447 2492 ”

1853 2577 2097 2624 castrum
2163 2581 2326 2636 super
2372 2564 2661 2633 Lippiam,
2721 2561 2904 2629 ibique
2949 2557 3226 2613 venientes
3278 2553 3450 2608 Saxo-

1857 2675 1955 2715 nes
1980 2675 2085 2714 una
2108 2674 2232 2714 cum
2258 2655 2520 2712 uxoribus
2546 2663 2601 2709 et
2630 2650 2928 2707 infantibus
2961 2643 3373 2703 innumerabiis
3395 2645 3441 2675 “

1857 2750 2147 2805 multitudo
2167 2746 2424 2818 baptizati
2446 2752 2572 2800 sunt
2601 2744 2668 2807 ",
2705 2748 2760 2795 et
2783 2740 3025 2805 obsides,
3051 2745 3286 2812 quantos
3316 2735 3452 2790 iam-

1859 2845 2038 2899 dictus
2067 2844 2298 2898 domnus
2323 2854 2417 2894 rex
2443 2840 2522 2893 eis
2552 2837 2599 2868 ”
2635 2835 2923 2906 quaesivit,
2945 2832 3228 2897 dederunt,
3253 2839 3309 2886 et
3335 2845 3456 2899 per-

1861 2931 2002 2987 fecta
2039 2930 2350 3000 supradicta
2384 2927 2608 2982 castella
2643 2933 2701 2980 et
2725 2923 2987 2993 disposita
3014 2922 3061 2953 “
3087 2936 3186 2993 per
3213 2921 3454 2977 Francos

1863 3037 2050 3078 scaras
2077 3022 2124 3053 "
2155 3021 2184 3060 δ
2216 3020 2517 3074 residentes
2538 3025 2593 3071 et
2619 3017 2734 3085 ipsa
2764 3014 3132 3070 custodientes
3156 3012 3200 3043 ¹⁶
3223 3053 3236 3077 ,
3268 3026 3454 3068 rever-

1787 3136 1831 3196 C
1865 3128 1958 3170 sus
1981 3120 2064 3168 est
2100 3111 2331 3165 domnus
2365 3123 2458 3162 rex
2493 3107 2536 3137 ’ν
2571 3106 2624 3160 in
2653 3104 2935 3160 Franciam
2964 3143 2978 3168 ,
3020 3110 3073 3158 et
3120 3100 3458 3159 caelebravit

1857 3207 2096 3263 natalem
2128 3204 2344 3260 Domini
2380 3203 2436 3256 in
2465 3200 2779 3255 Haristalli‘o
2805 3199 2875 3265 ’⁸,
2914 3207 2968 3255 et
2999 3198 3201 3268 pascha
3235 3197 3289 3252 in
3322 3195 3447 3251 villa

1861 3311 2000 3367 quae
2032 3295 2231 3350 dicitur
2262 3291 2528 3360 Niumaga
2558 3290 2603 3322 "
2635 3302 2680 3343 ε.
2702 3289 2768 3345 Ει
2792 3288 3083 3345 inmutavit
3109 3303 3168 3344 se
3194 3300 3453 3346 numerus

1863 3401 2127 3446 annorum
2151 3387 2212 3440 in

2462 3451 2635 3508 DCCL
2642 3449 2848 3506 XXVII.

1937 3547 2091 3602 Tunc
2117 3546 2350 3602 domnus
2369 3543 2593 3600 Carolus
2620 3557 2717 3597 rex
2738 3540 2986 3597 sinodum
3009 3537 3282 3608 publicum
3304 3534 3350 3569 ⁸⁸
3365 3535 3459 3592 ha-

1867 3636 1984 3695 buit
2003 3637 2069 3692 ad
2092 3635 2518 3691 Paderbrunnen
2540 3631 2583 3663 ³¹
2610 3631 2782 3702 prima
2803 3630 2949 3694 vice;
2976 3627 3158 3697 ibique
3183 3626 3228 3658 ”
3257 3639 3456 3681 conve-

1866 3729 2079 3784 nientes
2108 3726 2154 3758 ³³
2179 3738 2368 3781 omnes
2399 3721 2593 3777 Franci
2615 3761 2630 3787 ,
2655 3729 2712 3776 et
2742 3735 2808 3776 ex
2831 3719 2978 3775 omni
3003 3724 3157 3790 parte
3184 3715 3455 3771 Saxoniae

1867 3820 2105 3889 undique
2125 3817 2170 3850 “
2195 3816 2440 3872 Saxones
2460 3821 2830 3869 convenerunt
2846 3811 2914 3875 ",
2937 3817 3167 3882 excepto
3183 3807 3327 3880 quod
3348 3805 3460 3862 Wi-

1869 3909 2154 3969 dochindis
2169 3907 2214 3940 “
2236 3906 2453 3961 rebellis
2475 3905 2656 3960 extitit
2680 3904 2721 3936 ³⁷
2742 3918 2864 3958 cum
2885 3901 3070 3972 paucis
3093 3899 3213 3954 aliis
3236 3898 3280 3930 ⁸⁸
3300 3915 3312 3952 :
3334 3898 3390 3953 in
3408 3897 3458 3929 "

2232 3998 2628 4055 VARIANTES
2665 3993 3069 4052 LECTIONES.

1947 4075 1963 4171 ξ
1989 4078 2116 4171 εζιηι
2129 4069 2446 4171 ρςιᾘθεξὶηεξ.
2475 4069 2532 4171 ’1Δί
2567 4067 2625 4171 8.E
2652 4068 2730 4171 9a.
2752 4066 3146 4171 "fnde‘ilv._}).lg.
3164 4063 3270 4171 ὶ(ιιι.
3282 4076 3456 4171 super
3495 4131 3498 4134 ξ

1873 4158 1967 4200 eos
2003 4141 2054 4195 7.
2129 4132 2153 4171 ³
2178 4132 2349 4209 usque
2372 4136 2568 4209 ﬂumen
2592 4136 2645 4209 5.
2677 4135 2899 4209 ﬂuvium
2915 4132 3048 4209 1.,7.
3065 4132 3200 4209 ,(8ζ).
3270 4132 3303 4209 ξ
3331 4145 3464 4209 cau-

1874 4229 1965 4269 sas
1989 4214 2123 4267 istas
2150 4211 2203 4266 5.
2261 4200 2306 4242 ’⁵
2331 4208 2570 4264 audisset
2616 4207 2668 4260 6.
2738 4200 2767 4236 ’⁸
2795 4203 3025 4261 concilio
3058 4200 3110 4257 1⁷.
3141 4200 3192 4255 7.
3270 4202 3290 4233 ⁷
3321 4200 3466 4257 cele-

1873 4283 2034 4338 ritate
2065 4289 2120 4334 et
2163 4281 2304 4336 deest
2335 4278 2386 4332 6.
2464 4273 2486 4309 ⁸
2520 4277 2756 4332 nimiaet
2779 4275 2828 4330 1.
2927 4273 2949 4305 ⁹
2982 4287 3140 4329 casas
3171 4271 3224 4324 7.
3260 4272 3312 4327 9.
3353 4279 3464 4327 ter-

1877 4367 1970 4408 ras
2010 4351 2098 4405 10.
2180 4351 2221 4381 ⁸ο
2250 4363 2442 4406 caesas
2466 4361 2564 4402 seu
2596 4347 2739 4401 deest
2768 4345 2818 4399 1.
2899 4345 2939 4376 ¹¹
2965 4343 3116 4398 Tunc
3140 4340 3387 4397 Saxones
3409 4341 3462 4394 7.

1881 4422 1932 4476 9.
2013 4422 2055 4452 ¹¹
2079 4434 2309 4476 saxones
2337 4433 2434 4488 per
2463 4426 2639 4488 terras
2667 4415 2807 4488 l.__"
2842 4413 3089 4488 et__deest_
3107 4411 3187 4488 7._
3259 4410 3303 4442 “
3324 4409 3462 4464 wai-

182 4497 380 4546 nernm
413 4488 436 4521 '
483 4493 703 4558 praeter
761 4481 1165 4539 Widichindum
1193 4480 1246 4545 ⁸,
1293 4493 1460 4534 unum
1499 4477 1613 4530 (δι’
1662 4476 1776 4546 ι)τὶ-
1803 4490 2029 4549 Ddium
2056 4490 2105 4543 ι.
2144 4476 2527 4558 wadim'oniam
2575 4486 2629 4558 ρ.
2708 4482 3023 4539 "omnibus
3070 4482 3120 4535 1.
3155 4479 3205 4533 7.
3244 4493 3464 4534 omnem

183 4579 428 4635 moribus
453 4573 880 4632 Westfalaorum
908 4612 923 4637 ,
971 4569 1065 4640 qui
1111 4569 1404 4624 multorum
1445 4565 1546 4621 sibi
1575 4564 1778 4620 facino-

186 4684 304 4742 rum
336 4667 597 4726 conscius
617 4707 632 4731 ,
661 4673 721 4721 et
749 4664 819 4718 ob
845 4663 900 4717 id
941 4675 1124 4732 regem
1149 4658 1359 4714 veritus
1387 4657 1431 4723 ',
1463 4655 1530 4711 ad
1560 4655 1778 4728 Sigifri-

184 4759 312 4815 dum
367 4758 390 4790 '
449 4757 729 4812 Danornm
781 4765 968 4822 regem
1029 4747 1364 4819 profugerat.
1437 4744 1618 4801 Ceteri
1687 4745 1780 4814 qui

185 4857 478 4914 venerant,
516 4847 573 4901 in
623 4853 832 4901 tantum
863 4843 885 4874 '
931 4855 992 4897 se
1033 4839 1176 4910 regis
1217 4837 1471 4909 potestati
1503 4836 1523 4867 °
1576 4834 1775 4906 permi-

587 5080 979 5139 VARIANTES
1017 5076 1416 5139 LECTIONES.

260 5206 276 5236 '
300 5198 694 5272 padrabrunno
715 5196 775 5272 β.
818 5193 1166 5272 padabrunno
1289 5189 1698 5272 patherbrunno

193 5257 552 5374 padrabunno
600 5267 653 5322 5.
708 5266 759 5320 6.
787 5257 1180 5348 opadrabrunna
1208 5261 1259 5315 7.
1291 5257 1308 5261 “
1341 5263 1390 5343 ε’
1423 5257 1698 5343 faclaciter
1725 5257 1779 5311 2.

244 5347 507 5374 -..ω-...ιι
536 5339 567 5374 ι
684 5332 1117 5374 δωιηιριιηιπιιιηι
1166 5331 1219 5374 Δ.-
1285 5330 1673 5374 wmdmhmnm
1729 5326 1779 5374 6-

244 5326 587 5397 ὶίηιίεηιιιι.
684 5336 706 5367 ι
733 5326 1118 5390 winicbindum
1166 5331 1220 5385 4.
1285 5330 1675 5386 windichinum
1729 5326 1780 5382 6.

201 5411 562 5468 wldikindum
608 5409 660 5460 7.
759 5405 780 5437 ⁸
809 5420 840 5460 e
862 5404 1004 5460 3?7.
1083 5402 1102 5432 ⁸
1134 5417 1184 5455 ν.
1215 5417 1261 5455 r.
1297 5401 1350 5455 ι.
1382 5401 1434 5456 5.
1462 5398 1515 5455 6.
1590 5399 1611 5432 ⁷
1644 5399 1716 5454 si-

198 5483 465 5556 gefridum
485 5478 542 5533 2.
618 5478 640 5509 ⁸
662 5477 736 5532 ita
763 5477 813 5528 7.
890 5474 912 5505 ’
939 5480 1205 5542 potestate
1236 5473 1287 5526 5.

1881 4562 1936 4617 in
1963 4560 2015 4615 9.
2096 4559 2138 4591 ¹⁶
2165 4559 2378 4614 dicione
2403 4558 2451 4611 1.
2492 4555 2546 4611 6.
2577 4555 2609 4607 7
2631 4554 2764 4610 --9.
2795 4563 2900 4609 etc.
2997 4553 3037 4584 "
3073 4559 3128 4606 et
3154 4551 3295 4604 deest
3317 4549 3368 4602 1.
3407 4547 3461 4602 6.

1885 4632 1927 4663 “‘
1953 4629 2272 4684 rectificavit
2319 4629 2369 4682 1.
2412 4624 2762 4682 reedillicavit
2794 4624 2846 4678 6.
2948 4620 2991 4653 "
3018 4621 3193 4677 denuo
3240 4619 3381 4673 deest
3409 4619 3460 4672 1.

1884 4702 1928 4734 ¹⁰
1960 4700 2125 4755 alium
2161 4699 2212 4753 6.
2290 4698 2336 4729 “
2371 4705 2426 4752 et
2453 4697 2507 4750 in
2531 4693 2878 4751 numerabilis
2902 4693 2954 4747 6.
2981 4688 3468 4746 innumerabilibus

1887 4771 1936 4824 1.
2032 4771 2079 4800 ³⁸
2110 4769 2384 4824 baptizata
2417 4776 2500 4822 est
2543 4764 2596 4820 6.
2692 4765 2738 4796 ”
2768 4764 2849 4818 eis
2876 4764 3017 4816 deest
3042 4761 3091 4814 1.
3117 4761 3183 4814 de
3213 4759 3292 4812 eis
3317 4757 3370 4812 6.
3397 4755 3467 4814 ab

1885 4842 1965 4895 eis
1992 4839 2044 4892 7.
2086 4839 2139 4893 9.
2174 4826 2261 4893 10.
2359 4836 2406 4868 ’δ
2455 4833 2712 4906 perfectis
2743 4830 3084 4906 supradictis
3124 4826 3361 4906 castellis
3412 4835 3467 4906 et

1887 4909 2165 4992 ἀίερρείιμίξ
2209 4911 2262 4962 ί.
2298 4907 2367 4992 ,ῖι
2417 4897 2474 4992 9:
2503 4903 2702 4992 (φρ.
2743 4897 3154 4992 ’Ἀδωρεῑῇ

1887 4968 2249 5034 residentibus
2261 4984 2316 5032 et
2339 4977 2483 5047 ipsas
2496 4968 2938 5047 custodientibus
2949 4973 2999 5025 7.
3019 4970 3066 5047 (1
3073 4971 3129 5047 _0.
3138 4969 3179 5047 )_._
3253 4968 3470 5047 ’Ldotn-

1887 5065 1988 5104 nus
2007 5063 2103 5103 rex
2125 5047 2332 5101 deestl.
2357 5037 2376 5047 ’
2409 5044 2770 5100 “haristalbo
2794 5043 2843 5096 1.
2864 5037 3122 5097 aristallio
3138 5037 3199 5094 ’5.
3279 5037 3322 5068 "
3351 5037 3466 5091 nio-

1883 5133 2042 5188 maga
2080 5118 2130 5171 1.
2170 5131 2432 5188 neumaga
2481 5115 2532 5188 7.
2628 5113 2971 5188 'f’gpublicam
3003 5110 3137 5188 l.__5.
3235 5107 3278 5140 ³¹
3324 5105 3464 5188 apud

1883 5180 2298 5258 padesbmnn_en
2326 5180 2397 5258 1ξ
2484 5185 2530 5216 ⁸⁸
2573 5180 2852 5258 venientes
2899 5182 2950 5236 1.
3002 5251 3012 5258 _
3049 5180 3095 5211 ³³
3144 5180 3465 5258 convenieno

1887 5247 2076 5328 tesque
2115 5257 2186 5312 ibi
2204 5256 2280 5328 ti.-
2339 5255 2385 5328 ’ξ
2417 5253 2674 5328 sax‘oniae
2711 5251 3119 5328 undiquedeest
3144 5250 3203 5328 l._
3230 5318 3241 5328 _
3269 5247 3466 5328 ’τροπέ-

1884 5313 2152 5383 νεηέῑιωι
2177 5327 2317 5380 deest
2353 5327 2402 5379 1.
2480 5323 2525 5356 ³⁸
2547 5313 2906 5377 vindobundis
2946 5322 2994 5374 1.
3024 5317 3368 5374 witochindis
3408 5313 3461 5368 7.

1889 5397 2264 5452 windochinus
2298 5397 2350 5451 9.
2410 5391 2785 5449 widochindus
2832 5392 2886 5446 8.
2965 5390 3006 5422 "
3040 5387 3255 5445 rebellis
3297 5392 3468 5444 resta-

1892 5477 1976 5522 ret
2004 5470 2053 5523 1.
2132 5468 2176 5499 ³⁸
2201 5467 2322 5523 aliis
2339 5467 2475 5521 deest
2502 5464 2552 5518 1.
2618 5462 2661 5495 ³⁸
2686 5470 2739 5517 et
2772 5462 2825 5517 in
2853 5462 2902 5515 7.
2931 5460 3074 5517 9.10.

1745 5584 1972 5643 NOTAE.

269 5708 299 5739 ι
337 5693 673 5749 Munimenta
700 5703 763 5741 ex
787 5683 1066 5739 arboribus
1090 5680 1293 5735 stratis.

274 5763 302 5809 δ
341 5764 536 5830 Scara,
567 5766 815 5818 nostrum
841 5754 1064 5822 Schaar,
1097 5759 1293 5808 turma.

1966 5687 1986 5715 ⁶
2030 5674 2348 5744 Nimwegcn.
