3928 6316
440 162 544 219 407

901 317 1138 358 ΛΝΝΑιιεε
1178 317 1577 359 ιΑυῐιιεδεκεεε.

436 393 679 464 partibus
729 392 1134 448 Nordmanniae
1168 395 1182 424 ⁸
1235 393 1546 465 confugium
1596 391 1729 465 fecit
1777 408 1882 447 una
1910 408 2034 448 eum

435 485 606 544 sociis
667 486 801 541 suis.
881 485 1056 540 Etiam
1106 485 1177 540 ad
1215 485 1448 542 eundem
1477 485 1787 556 ’placitum
1811 485 1831 516 ³
1872 500 2035 540 vene-

435 587 567 634 runt
622 577 916 634 Sarraceni
967 579 1033 634 de
1070 580 1319 649 partibus
1349 578 1646 650 Hispaniae
1677 579 1724 646 ‘,
1750 579 1826 635 hii
1861 581 1882 611 ⁸
1907 577 2036 636 sunt

432 671 762 727 lbinalarabi
800 678 854 726 et
902 670 1047 727 illius
1094 670 1334 726 Deiuzeli
1362 671 1404 738 ⁸,
1437 673 1530 743 qui
1555 682 1612 728 et
1639 669 1806 742 latine
1839 671 2032 742 Ioseph

430 761 764 826 nominatur,
811 761 1065 818 similiter
1105 762 1209 818 et"
1241 777 1410 834 gener
1457 764 1604 828 eius,
1637 745 1821 834 ifique
1851 763 2034 820 multi-

430 855 563 909 tudo
609 852 888 909 Saxonum
919 852 1183 923 baptizati
1231 863 1358 910 sunt
1405 855 1452 921 ⁸,
1489 864 1545 910 et
1593 854 1892 910 secundum
1915 869 2034 909 mo-

430 958 547 998 rem
585 942 802 1003 illorum
835 958 1056 999 omnem
1094 944 1484 1015 ingenuitatem
1523 954 1580 1001 et
1603 946 1818 1002 alodem
1845 945 1866 976 '
1915 961 2033 1002 ma-

430 1034 596 1091 nibus
618 1034 861 1106 dulgtum
901 1036 942 1067 ¹⁰
967 1034 1220 1092 fecerunt
1252 1038 1294 1068 ¹¹
1322 1077 1336 1102 ,
1391 1038 1438 1093 si
1489 1038 1721 1108 amplius
1761 1038 2031 1094 inmutas-

433 1137 558 1184 sent
591 1129 633 1159 “
663 1128 961 1184 secundum
985 1128 1186 1183 malam
1212 1129 1660 1186 consuetudinem
1687 1144 1897 1196 eorum,
1925 1129 2032 1184 nisi

433 1230 826 1276 conservarcnt
869 1219 911 1251 “
955 1221 1008 1298 in
1044 1221 1087 1252 “
1118 1221 1373 1277 omnibus
1402 1221 1858 1278 christianitatem
1886 1263 1901 1288 ,
1947 1221 2032 1277 vel

437 1311 756 1366 ﬁdelitatem
800 1310 1101 1380 supradicti
1134 1311 1178 1342 "
1204 1310 1389 1368 domni
1415 1311 1599 1369 Caroli
1628 1312 1771 1384 regis
1812 1321 1870 1368 et
1896 1311 2032 1367 ﬁlio—

429 1413 555 1455 rum
597 1398 716 1454 eius
756 1398 840 1452 vel
871 1398 1224 1455 Francorum.
1296 1397 1366 1455 Et
1397 1401 1438 1432 “
1465 1402 1764 1458 celebravit
1792 1401 2031 1460 natalem

429 1488 648 1546 Domini
680 1489 732 1544 in
759 1489 886 1544 villa
913 1505 1054 1560 quae
1091 1491 1291 1546 dicitur
1319 1485 1639 1548 Dotciacum
1674 1491 1714 1524 "
1746 1504 1796 1557 α,
1834 1501 1890 1567 et
1936 1507 2034 1564 pa-

429 1581 563 1637 scha
591 1582 644 1636 in
672 1581 965 1651 Aquitania
997 1582 1062 1648 ‘3,
1094 1591 1150 1637 ct
1180 1581 1222 1613 ¹⁹
1247 1582 1304 1639 in
1332 1582 1460 1638 villa
1485 1583 1530 1615 ’°
1560 1581 1899 1656 Cassinogilo
1918 1584 2028 1649 ub;

428 1683 486 1731 et
514 1675 809 1732 inmutavit
834 1690 894 1731 se
920 1690 1184 1730 numerus
1208 1689 1480 1730 annorum
1505 1675 1560 1730 in

1023 1766 1436 1825 DCCLXXVIII.

504 1858 656 1915 Tunc
669 1860 716 1891 "
762 1861 995 1916 domnus
1023 1857 1251 1916 Carolus
1270 1875 1366 1916 rex
1383 1861 1398 1878 ‘
1423 1860 1530 1916 iter
1547 1875 1812 1932 peragens
1838 1861 1882 1892 ”
1904 1876 2028 1931 par-

428 1948 575 2006 tibus
603 1950 648 1981 “
675 1948 970 2020 Hispaniae
996 1951 1045 1982 "
1067 1967 1166 2022 per
1191 1951 1328 2031 duas
1358 1951 1504 2018 vias;
1527 1968 1635 2007 una
1661 1952 1707 1983 "
1733 1969 1833 2023 per
1868 1952 2028 2008 Pam-

427 2039 668 2110 pilonam
692 2041 759 2106 ",
789 2055 889 2112 per
934 2055 1097 2111 quam
1142 2041 1258 2112 ipse
1288 2043 1636 2114 supradictus
1665 2059 1894 2116 magnus
1930 2060 2026 2100 rex

429 2133 674 2203 perrexit
714 2147 887 2204 usque
928 2131 1456 2205 Caesaraugustam;
1508 2136 1692 2206 ibique
1747 2137 2027 2193 venientes

427 2227 495 2282 de
519 2226 766 2297 partibus
787 2226 1136 2298 Burgundiae
1161 2235 1217 2284 et
1233 2228 1489 2284 Austriae
1512 2229 1581 2294 ⁷⁸,
1613 2229 1698 2284 vel
1717 2229 2024 2294 Baioariae,

428 2331 525 2373 seu
552 2318 875 2375 Provinciae
901 2319 948 2350 ”
977 2328 1033 2376 et
1064 2318 1433 2390 Septimaniae
1463 2320 1528 2385 ³ο,
1555 2331 1612 2376 et
1652 2335 1781 2390 pars
1813 2319 2026 2391 Lango-

425 2414 725 2470 bardorum
748 2415 812 2480 ",
859 2423 916 2470 et
955 2415 1350 2486 coniungentes
1373 2415 1417 2446 ³¹
1445 2429 1506 2471 se
1547 2415 1616 2470 ad
1646 2416 2024 2491 .supradictam

425 2507 705 2562 civitatem
746 2521 812 2562 ex
846 2506 890 2539 ³⁷
923 2515 1155 2577 utraque
1183 2507 1228 2538 ³³
1253 2515 1410 2576 parte
1432 2507 1708 2563 exercitus
1736 2548 1749 2573 ,
1779 2507 1855 2562 ibi
1880 2506 2026 2562 obsi-

424 2597 525 2653 des
555 2605 804 2668 receptos
845 2597 913 2654 de
957 2597 1286 2653 lbinalarabi
1311 2607 1367 2654 et
1395 2598 1464 2655 de
1488 2598 1772 2654 Abutauro
1799 2597 1845 2628 "
1875 2605 1930 2653 et
1958 2595 2026 2652 de

424 2688 614 2745 multis
655 2687 978 2746 Sarracenis
1005 2731 1022 2756 ,
1066 2689 1386 2760 Pampilona
1413 2691 1460 2722 ³⁸
1488 2691 1752 2746 distructa
1774 2730 1788 2755 ,
1828 2689 2022 2759 Hispa-

424 2780 482 2834 ni
516 2780 560 2811 ³⁸
586 2780 890 2836 Wascones
918 2780 962 2813 ⁸⁷
995 2780 1343 2850 subiugales,
1390 2781 1552 2837 etiam
1575 2789 1632 2836 et
1653 2780 1926 2836 Nabarros
1953 2780 2022 2847 ³⁸,

424 2885 682 2926 reversus
709 2871 754 2902 "
797 2872 850 2927 in
896 2859 1144 2942 partibus
1167 2871 1211 2902 ‘°
1239 2871 1525 2928 Franciae.
1583 2871 1650 2928 Et
1689 2887 1814 2928 cum
1844 2872 2026 2928 audis-

425 2969 550 3016 sent
577 2959 823 3016 Saxones
850 3002 865 3027 ,
895 2962 1040 3031 quod
1080 2962 1313 3016 domnus
1353 2959 1586 3016 Carolus
1627 2975 1722 3015 rex
1747 2971 1802 3018 et
1825 2961 2023 3017 Franci

1586 162 1966 221 EGINHARDI
2004 160 2298 220 ABBATIS
2336 164 2653 226 ANNALES

2067 296 2120 357 Α

2055 1667 2100 1727 Β

3641 183 3740 240 ωε

2653 323 2886 364 ΑΝΝΑιεε
2925 327 3234 368 εωκυληοι.

2146 408 2266 449 sere
2322 397 2360 460 ι,
2393 405 2454 450 ut
2510 414 2574 454 ea
2621 401 2940 459 condicione
2994 411 3125 461 tunc
3174 407 3390 462 veniam
3441 410 3744 480 accipere'

2143 495 2509 553 mererentur,
2553 491 2598 545 si
2629 490 2650 522 ³
2679 491 2906 547 ulterius
2949 508 3048 548 sua
3095 503 3300 550 statuta
3350 497 3656 565 violarent,
3690 511 3746 557 et

2137 578 2317 647 patria
2362 587 2420 634 et
2463 580 2714 638 libertate
2764 584 3112 653 privarentur
3153 587 3192 640 ⁸.
3243 587 3528 659 Baptizata
3581 593 3603 624 ⁸
3661 601 3747 648 est

2139 682 2207 723 ex
2237 668 2257 698 °
2286 669 2366 724 eis
2399 670 2597 730 ibidem
2652 673 2887 729 maxima
2922 675 3231 742 multitudo,
3267 695 3409 749 quae
3439 696 3520 745 se,
3553 697 3744 751 quam.

2137 759 2222 813 vis
2248 757 2418 825 falso,
2458 762 2817 818 cbristianam
2858 763 2978 820 ﬁeri
3016 766 3154 822 velle
3186 770 3536 837 promiserat.
3584 772 3747 828 Venit

2137 850 2194 906 in
2217 852 2411 908 eodem
2442 853 2564 910 loco
2603 871 2669 912 ac
2722 864 2966 927 tempore
2993 860 3014 890 ⁷
3060 861 3129 916 ad
3173 863 3318 933 regis
3364 855 3744 933 praesentiam

2136 942 2204 999 de
2231 943 2491 1016 Hispania
2516 946 2538 978 ⁸
2575 946 2916 1006 Sarracenos
2943 950 2965 981 ’
3025 954 3246 1023 quidam
3287 956 3509 1011 nomine
3562 958 3747 1012 [bina-

2136 1037 2305 1094 larabi
2342 1040 2384 1070 ¹⁶
2412 1055 2538 1094 cum
2583 1040 2705 1098 aliis
2737 1040 3061 1101 Sarracenis
3087 1047 3253 1102 sociis
3276 1050 3411 1114 suis,
3445 1050 3657 1105 dedens
3686 1063 3747 1105 se

2137 1145 2200 1186 ac
2225 1131 2510 1197 civitates,
2540 1132 2745 1203 quibus
2773 1149 2899 1190 eum
2931 1153 3029 1193 rex
3058 1137 3488 1196 Sarracenorum
3524 1139 3748 1212 praefe-

2135 1232 2306 1279 cerat.
2347 1226 2556 1283 Idcirco
2585 1243 2680 1283 rex
2698 1269 2712 1294 ,
2762 1238 2988 1300 peracto
3013 1244 3317 1290 memorato
3347 1246 3624 1290 conventu
3648 1277 3662 1301 ,
3688 1236 3747 1290 in

2135 1315 2310 1372 Gallia
2340 1332 2592 1374 reversus
2624 1320 2690 1385 “,
2739 1320 2980 1376 natalem
3028 1321 3242 1378 Domini
3295 1324 3350 1378 in
3396 1325 3669 1382 Dutciaco
3701 1326 3745 1357 “

2135 1408 2259 1462 villa
2290 1449 2303 1470 ,
2357 1411 2560 1479 pascha
2615 1425 2750 1467 vero
2797 1411 2852 1466 in
2910 1412 3203 1484 Aquitania
3248 1415 3392 1485 apud
3439 1414 3746 1472 Cassinoil-

2137 1503 2247 1557 lum
2286 1503 2330 1533 ¹³
2378 1503 2672 1560 celebravit
2705 1505 2770 1558 “.

2721 1765 3133 1822 DCCLXXVIII.

2206 1853 2358 1910 Tunc
2404 1870 2471 1910 ex
2504 1856 2546 1888 "
2571 1858 2924 1926 persuasione
2950 1859 3216 1927 praedicti
3249 1856 3533 1914 Sarraceni
3574 1875 3745 1930 spem

2132 1948 2518 2018 capiendamm
2543 1951 2884 2019 quarundam
2908 1952 2962 2005 in
2991 1943 3250 2022 Hispania
3281 1953 3555 2008 civitatum
3582 1952 3744 2008 haud

2132 2039 2336 2096 frustra
2381 2041 2716 2112 concipiens,
2762 2053 3090 2114 congregato
3129 2044 3371 2099 exercitu
3395 2085 3410 2110 ,
3449 2044 3747 2114 profectus

2132 2139 2216 2186 est
2241 2131 2307 2198 ",
2336 2139 2703 2203 superatoque
2725 2133 2777 2188 in
2810 2133 3032 2204 regione
3073 2133 3404 2189 Wasconum
3437 2134 3661 2205 Pyrinei
3696 2135 3740 2165 "

2131 2226 2286 2297 iugo,
2317 2225 2495 2296 primo
2524 2225 2909 2296 Pompelonem
2939 2227 2984 2260 ¹⁸
3006 2216 3374 2284 Navarrorum
3401 2227 3441 2258 ¹⁹
3467 2227 3743 2298 oppidum

2130 2317 2454 2388 adgressus,
2499 2318 2554 2372 in
2588 2317 2918 2374 deditionem
2961 2320 3187 2389 aecepit.
3234 2319 3362 2375 Inde
3391 2318 3656 2374 Hiberum
3692 2318 3743 2350 ’⁸

2131 2425 2346 2466 amnem
2358 2410 2497 2466 vado
2519 2411 2795 2476 traiciens,
2812 2409 3298 2483 Caesaraugustam
3317 2414 3361 2444 ²¹
3364 2413 3742 2486 praecipuam

2131 2500 2344 2556 illarum
2371 2502 2606 2572 partium
2631 2502 2910 2558 civitatem
2938 2504 3189 2566 accessit,
3215 2504 3553 2574 acceptisque
3579 2519 3744 2573 quos

2130 2593 2457 2651 lbinalarabi
2487 2597 2534 2626 "
2563 2604 2617 2651 et
2646 2595 2934 2652 Abuthaur
2962 2596 3040 2660 ’³,
3088 2612 3332 2666 quosque
3374 2596 3463 2651 alii
3497 2596 3740 2666 quidam

2131 2685 2418 2743 Sarraceni
2460 2687 2776 2743 obtulerunt
2809 2688 2857 2719 "
2887 2672 3200 2752 obsidibus,
3251 2686 3637 2758 Pompelonem
3691 2687 3741 2719 "‘

2131 2780 2446 2834 revertitur.
2492 2778 2660 2835 Cuius
2702 2795 2890 2835 muros
2921 2781 3001 2846 ",
3037 2793 3104 2834 ne
3134 2779 3396 2835 rebellare
3423 2789 3621 2850 posset,
3661 2780 3740 2834 ad

2129 2873 2303 2929 solum
2328 2887 2500 2942 usque
2523 2873 2815 2938 destruxit,
2846 2887 2910 2928 ac
2939 2873 3151 2943 regredi
3189 2879 3466 2937 statuens,
3499 2871 3737 2942 Pyrinci

2131 2967 2328 3022 saltum
2352 2966 2629 3036 ingressus
2655 2973 2756 3020 est.
2779 2964 2839 3018 In
2865 2965 3021 3020 cuius
3038 2964 3349 3020 summitate
3362 2964 3668 3021 Wascones
3684 2963 3737 2995 "

426 3060 538 3106 tam
562 3051 722 3122 longe
751 3049 985 3107 fuissent
1012 3052 1053 3082 “
1079 3052 1327 3120 partibus
1352 3050 1668 3121 Hispaniae,
1697 3067 1795 3122 per
1816 3054 2025 3109 suasio-
2053 3035 2098 3099 (ἶ
2133 3055 2344 3111 insidiis
2374 3035 2699 3119 conlocatis,
2737 3063 3041 3110 extremum
3082 3069 3275 3126 agmen
3306 3054 3500 3118 adorti,
3541 3062 3738 3110 totum

499 3190 517 3206 '
557 3185 762 3262 [motus
784 3189 1050 3262 precibus
1072 3197 1128 3262 et
1155 3188 1392 3262 querelis
1434 3188 1892 3252 Christianorum,
1930 3191 2023 3262 qui

424 3257 584 3312 erant
613 3260 666 3311 in
691 3257 946 3328 Hispania
971 3260 1072 3315 sub
1097 3257 1223 3328 iugo
1247 3259 1696 3326 Sarracenorum,
1719 3277 1843 3316 cum
1869 3257 2026 3318 exer-

424 3330 535 3384 citu
566 3328 880 3401 Hispaniam
913 3330 1139 3385 intravit
1164 3328 1198 3385 9
1218 3329 1314 3401 b.]

498 3403 538 3419 “
579 3399 1234 3472 [Hisinnumerabilibus
1273 3399 1577 3471 legionibus
1621 3401 1882 3472 Hispania
1912 3411 2022 3457 tota

425 3468 756 3526 contremuit
781 3469 814 3525 9
840 3468 923 3541 b.]

818 3580 1215 3638 VARIANTES
1255 3583 1658 3640 LECTIONES.

500 3698 514 3728 ‘
568 3696 922 3752 nordmaniae
969 3694 1024 3748 5.
1067 3697 1423 3750 normanniae
1455 3697 1505 3750 7.
1539 3698 1593 3752 9.
1693 3699 1712 3727 ²
1759 3698 1824 3752 ad
1877 3697 2019 3754 idem

428 3769 479 3822 1.
511 3768 566 3821 7.
597 3767 683 3820 10.
786 3767 809 3799 ³
830 3766 1098 3838 placitum
1129 3765 1248 3838 hoe
1269 3766 1518 3838 vocabulo
1558 3767 1939 3838 incipitﬁcordex
1963 3769 2016 3822 2.

428 3840 450 3870 ⁸
482 3839 763 3908 ἣδῃειηίτιθ
790 3835 1001 3892 scilicet
1032 3835 1374 3908 ibinalakabe
1399 3837 1477 3908 1.;
1594 3837 1615 3868 ⁸
1649 3837 1705 3908 hi
1733 3836 1784 3908 5.
1827 3837 1879 3889 7.
1911 3847 2016 3892 etc.

425 3909 446 3939 ‘
477 3910 545 3964 de
572 3905 747 3964 vizosi
780 3909 830 3961 1.
875 3905 1070 3962 diuzeﬁ
1101 3907 1154 3960 5.
1181 3907 1426 3961 deiuzevi
1451 3905 1502 3960 6.
1580 3908 1600 3938 ⁷
1625 3906 1876 3961 similiter
1895 3908 2015 3962 et1.

425 3979 480 4035 5.
511 3979 562 4034 6.
595 3979 647 4033 7.
686 3982 745 4035 8.
777 3979 830 4032 9.
872 3978 957 4049 19.
997 3977 1307 4049 nominatur
1341 3985 1396 4049 et
1438 3992 1606 4049 gener
1650 3977 1769 4049 eius
1798 3977 2016 4033 Alaruiz

425 4050 514 4105 11.
551 4067 726 4104 vocem
758 4048 961 4120 alarviz
986 4048 1195 4100 nonnisi
1223 4047 1496 4120 repetitum
1523 4047 1871 4120 alara‘biiesse
1899 4066 2017 4120 per-

423 4137 615 4176 suasus
642 4137 758 4175 sum
779 4160 794 4185 ,
838 4119 1112 4190 lectionem
1156 4116 1350 4190 codicis
1376 4117 1411 4170 2
1448 4117 1624 4190 simile
1651 4118 1796 4190 dedit
1831 4116 2017 4190 et'pro

425 4199 673 4260 corrupta
721 4190 907 4244 habeo.
985 4188 1005 4219 ⁸
1035 4187 1308 4289 baptizata
1352 4194 1436 4241 est
1481 4188 1531 4240 1.
1652 4187 1672 4217 θ
1718 4187 1932 4243 alodum
1963 4189 2012 4243 7.

425 4260 459 4289 n
504 4261 858 4289 ιιη-Λδζιηοηηι
892 4260 925 4289 ο
953 4260 985 4289 ι.
1087 4258 1100 4287 1
1160 4257 1397 4289 Animi-nn
1424 4257 1444 4289 Ι
1505 4257 1709 4289 (Iulium
1740 4259 1768 4289 '7
1871 4260 1911 4289 11
1941 4258 1991 4289 6³η

425 4260 477 4316 9.
504 4257 860 4316 hereditatem
892 4260 925 4314 9
953 4260 1006 4313 b.
1087 4257 1127 4289 ‘°
1159 4257 1398 4328 dulgium
1424 4257 1474 4312 1.
1504 4257 1712 4312 dultnm
1740 4259 1790 4311 7.
1871 4260 1911 4289 ¹¹
1939 4258 2017 4313 fe-

425 4347 551 4387 cere
587 4332 638 4386 1.
743 4332 786 4362 ¹¹
819 4336 1125 4384 mutassent
1164 4328 1218 4380 7.
1327 4328 1368 4358 "
1401 4338 1819 4384 conservassent
1857 4329 1910 4382 7.
1961 4331 2012 4384 9.

428 4403 470 4434 “
499 4405 553 4457 in
577 4402 716 4456 deest
744 4401 792 4455 1.
875 4401 918 4432 "
946 4398 1243 4469 supradicti
1267 4399 1406 4453 deest
1440 4399 1490 4452 1.

424 4473 655 4527 lehravit
691 4486 786 4526 rex
831 4471 882 4524 7.
963 4471 1005 4501 "
1039 4469 1317 4524 doriacum
1363 4471 1414 4522 1.
1461 4470 1772 4524 dorciacum
1820 4469 1870 4522 7.
1920 4470 2015 4524 do-

424 4545 635 4598 ciacum
687 4543 739 4596 9.
851 4542 893 4572 “
922 4540 1200 4610 equitania
1224 4541 1278 4594 6.
1377 4539 1418 4570 "
1450 4548 1503 4595 et
1532 4539 1671 4593 deest
1708 4540 1756 4592 1.
1789 4541 1839 4594 5.
1873 4531 1924 4593 6.
1964 4540 2014 4593 7.

422 4623 530 4668 etc.
607 4614 731 4666 “et
759 4610 884 4682 uilla
923 4611 975 4666 in
1011 4611 1061 4664 1.
1138 4611 1181 4641 ¹¹
1209 4611 1334 4682 villa
1373 4625 1512 4682 quae
1549 4611 1750 4682 dicitur
1775 4611 2017 4682 cassique-

424 4684 531 4753 gila
559 4684 611 4737 1.
705 4685 748 4714 “
783 4681 883 4735 Hic
908 4681 1284 4753 incipitcodex
1307 4683 1364 4753 5.
1396 4679 1410 4682 ’
1444 4681 1489 4753 ⁷³
1527 4695 1702 4753 agens
1725 4679 1774 4733 6.
1807 4752 1842 4753 η
1884 4681 1929 4710 ’³
1963 4681 2016 4734 in

425 4751 672 4825 partes1.
731 4753 798 4825 _"
827 4753 1073 4825 partibus
1095 4752 1280 4825 italiae
1302 4751 1352 4806 5.
1401 4751 1650 4825 ﬂunam
1674 4751 1725 4803 7.
1763 4821 1773 4825 _
1802 4752 2020 4825 “pam-

424 4819 662 4924 Rilonem
723 4823 772 4876 1.
824 4819 900 4924 6.¹
983 4821 1365 4924 ‘Z‘a‘ustra‘s‘iae‘
1393 4822 1445 4876 9.
1557 4821 1929 4924 "provintiae

449 4895 470 4925 °
489 4897 860 4965 septimanaae
880 4892 930 4945 1.
1008 4891 1050 4922 ³¹
1077 4891 1526 4965 langobardorum
1551 4891 1940 4965 coniungentes
1963 4890 2016 4965 _7.

424 4967 469 4998 "
506 4961 566 5021 et
589 4980 655 5020 ex
677 4966 730 5018 7.
810 4964 854 4994 ³⁸
882 4977 1095 5029 unaque
1127 4963 1175 5015 1.
1255 4962 1566 5030 “receptos
1600 4961 2017 5016 Derbanalambi

424 5047 480 5092 et
511 5036 851 5091 Drabatauro
874 5033 924 5086 1.
959 5102 988 5103 η
1022 5033 1067 5063 ³⁸
1092 5033 1430 5103 pampilonea
1470 5032 1523 5103 2.
1561 5031 1835 5085 destructa
1872 5031 1922 5084 1.
1960 5031 2012 5085 5.

2099 4908 2189 4964 -2?
2217 4903 2276 4964 ’9.
2302 4903 2317 4909 ⁷
2357 4910 2398 4940 ¹⁹
2429 4903 2792 4963 navarnornm
2823 4907 2876 4960 5.
2929 4919 3251 4958 navarorum
3281 4903 3333 4957 6.

2127 3143 2427 3198 exercitum
2472 3157 2670 3213 magno
2717 3142 2952 3198 tumultu
2997 3143 3322 3212 perturbant
3363 3142 3429 3196 ’⁷.
3479 3142 3544 3196 Et
3585 3141 3738 3199 licet

2125 3233 2324 3289 Franci
2353 3233 2714 3288 Wasconibus
2745 3242 2857 3287 tam
2897 3233 3067 3288 armis
3115 3248 3278 3303 quam
3323 3233 3518 3287 animis
3559 3247 3740 3302 prae-

2127 3333 2274 3380 stare
2293 3321 2636 3388 viderentur,
2677 3333 2858 3380 tamen
2886 3333 2942 3379 et
2968 3325 3258 3394 iniquitate
3283 3325 3524 3380 locorum
3550 3334 3603 3380 et
3629 3341 3737 3396 ge-

2124 3431 2256 3470 nere
2284 3415 2494 3484 inparis
2532 3431 2745 3485 pugnae
2783 3413 3072 3469 inferiores
3117 3413 3297 3469 eﬂ‘ecti
3341 3423 3486 3469 sunt.
3526 3415 3582 3468 ln
3615 3416 3736 3472 hoc

2126 3508 2424 3562 certamine
2473 3507 2718 3577 plerique
2767 3507 2834 3538 ἐν
2855 3505 3195 3571 aulicorum,
3226 3521 3365 3576 quos
3411 3521 3505 3561 rex
3548 3508 3736 3576 (πορεία

2126 3597 2494 3668 praefecerat,
2547 3595 2820 3652 interfecti
2850 3604 2999 3661 sunt,
3045 3596 3250 3658 direpta
3299 3596 3733 3666 impedimenta,

2125 3701 2180 3746 et
2204 3690 2247 3722 "
2277 3690 2452 3746 hostis
2475 3698 2696 3760 propter
2719 3690 2971 3744 notitiam
2995 3689 3240 3745 locorum
3264 3691 3450 3744 statim
3478 3690 3522 3722 '°
3554 3693 3605 3745 in
3640 3691 3735 3746 di-

2488 3781 2881 3838 VARIANTES
2917 3781 3319 3837 LECTIONES.

2219 3857 2231 3884 ‘
2261 3853 2564 3909 submisere
2585 3854 2638 3906 7.
2716 3855 2736 3883 ¹
2764 3853 3044 3923 percipere
3062 3854 3116 3907 5.
3149 3908 3152 3912 ,
3195 3853 3215 3884 ³
3245 3853 3370 3907 utsi
3416 3853 3468 3905 7.
3546 3855 3567 3882 ⁵
3606 3856 3734 3923 pri-

2124 3933 2317 3978 varent
2360 3924 2409 3976 1.
2459 3924 2512 3978 2.
2547 3933 2800 3978 carerent
2851 3922 3067 4023 superte
3113 3939 3177 3977 ex
3219 3922 3612 3994 emendatione)
3664 3927 3726 3980 5.

2125 3996 2473 4023 n-:Ivnunnlluh
2501 3994 2520 4023 Ι
2591 3993 2620 4023 κ
2682 3993 2714 4023 ιε
2769 3992 2798 4023 ’⁵1
2909 3993 3173 4023 Iun-nimum
3204 3993 3282 4023 09
3317 3994 3386 4023 2⁷)
3425 3993 3456 4023 ⁸⁷
3555 3993 3726 4023 ιω.-.

2123 3994 2548 4094 privarentur
2588 3993 2640 4046 5.
2682 3993 2734 4046 6.
2769 3992 2819 4044 7.
2851 3992 2874 4023 ⁸
2907 3993 3175 4062 baptisata
3204 3993 3282 4044 2?
3315 3994 3386 4046 5?
3425 3993 3478 4045 7.
3555 3992 3728 4074 {eum

2139 4086 2153 4094 ι
2277 4066 2296 4094 1
2328 4072 2471 4094 ειη-ιιι
2498 4063 2686 4094 ..ιντο-η
2710 4071 2760 4094 ns
2803 4063 2816 4094 1
2869 4071 2919 4094 ΔΙ
2948 4070 2966 4094 1
3022 4062 3052 4094 ’7
3106 4070 3327 4094 »αηηηω
3355 4062 3389 4094 ο
3516 4063 3538 4092 ιι
3567 4079 3688 4094 mn-

2123 4062 2174 4119 5.
2277 4066 2296 4096 ⁷
2328 4065 2475 4134 venit
2497 4063 2687 4118 iisdem
2709 4071 2763 4118 et
2803 4063 2839 4134 l.
2868 4070 2989 4134 ett.
3022 4062 3074 4114 7.
3094 4062 3407 4134 itemre2.
3462 4133 3469 4134 ί
3500 4063 3538 4134 γ’
3562 4064 3728 4134 ispa-

2121 4135 2210 4189 nia
2261 4135 2316 4190 2.
2441 4133 2461 4164 ’
2493 4148 2786 4188 saracenus
2809 4132 2886 4186 2?
2917 4133 2971 4185 7.
3089 4131 3131 4163 ¹⁹
3162 4131 3512 4187 Ebinalarabi
3556 4131 3627 4188 5f
3664 4137 3721 4190 6.

2121 4205 2482 4260 Abenalarabi
2512 4205 2565 4259 9.
2599 4203 2728 4275 (vid.
2773 4201 3187 4275 εδίάηρηί-ιοη
3219 4201 3313 4275 lin.
3360 4201 3445 4275 ts.
3484 4204 3620 4272 quod
3671 4215 3724 4258 et

2122 4275 2404 4331 Chesnium
2430 4284 2478 4329 et
2506 4272 2839 4343 Bonquetum
2863 4272 3074 4343 effugit)
3129 4272 3270 4343 _“in
3298 4272 3513 4343 galliam
3538 4283 3725 4328 rever-

2124 4362 2218 4401 sus
2242 4346 2296 4399 2.
2325 4347 2378 4400 5.
2413 4346 2463 4398 7.
2489 4347 2546 4400 in
2562 4341 2777 4414 galliam
2795 4341 3091 4414 conversus
3115 4341 3168 4396 4.
3199 4341 3253 4414 5.
3282 4341 3334 4396 6.
3365 4343 3417 4397 in
3448 4341 3718 4414 franciam

1572 4399 1614 4475 “3
1645 4409 1701 4453 οι
1730 4399 1903 4475 rex}
1931 4415 2018 4475 ςθ-
2046 4394 2096 4452 D
2123 4394 2215 4471 Et.“
2247 4394 2299 4446 ἶί
2329 4394 3112 4472 aase.3e.';"s'.'fasai;co‘iis.
3129 4394 3484 4475 ‘9.‘au'n'aso;
3509 4394 3721 4467 nisi;

2123 4487 2338 4550 cciaco,
2367 4504 2466 4541 ms.
2492 4487 2672 4541 dutcia
2709 4485 2761 4538 7.
2855 4484 2897 4515 ¹³
2926 4482 3273 4539 cassinoilum
3299 4483 3352 4537 2.
3386 4485 3438 4537 5.
3469 4481 3519 4533 7.
3550 4484 3721 4538 cassi-

2123 4556 2362 4612 noildum
2417 4557 2467 4611 6.
2501 4556 2886 4625 eassinogilum
2915 4555 2973 4625 9.
3073 4555 3115 4584 “
3144 4552 3456 4625 celebravit.
3499 4551 3557 4605 In
3607 4567 3717 4622 qua

2122 4628 2245 4680 villa
2277 4636 2437 4682 natus
2460 4634 2543 4681 est
2564 4628 2613 4680 ei
2641 4623 2783 4679 ﬁlius
2804 4641 2872 4680 ex
2895 4623 3216 4693 Hildegarde
3237 4625 3445 4694 regina,
3469 4638 3629 4694 quem
3643 4638 3711 4678 ex

2123 4714 2278 4752 sacro
2329 4697 2477 4752 fonte
2520 4697 2876 4751 Hludouicum
2932 4693 3350 4750 nominauerunt
3379 4693 3430 4744 7.
3542 4693 3586 4723 "
3616 4708 3710 4748 rex

2121 4769 2190 4864 5?
2228 4769 2279 4850 7..
2310 4768 2361 4823 9.
2411 4768 2491 4864 .'°‘
2513 4783 2562 4820 c.
2597 4783 2645 4822 e.
2673 4781 2725 4836 p.
2767 4773 2852 4847 est
2891 4766 3077 4846 desunt
3107 4764 3236 4864 7,."
3260 4763 3500 4864 Χξήηεί
3531 4763 3618 4864 l5?
3654 4763 3710 4818 6.

2123 4841 2174 4891 9.
2217 4840 2425 4909 pirynei
2465 4837 2518 4891 4.
2573 4833 2828 4908 pyrcnaei
2872 4836 3070 4889 montis
3116 4835 3166 4886 7.
3260 4833 3302 4864 ⁷⁸
3331 4833 3710 4904 pampelonem

2123 4908 2189 4958 2?
2225 4911 2276 4958 9.
2357 4910 2398 4940 η
2429 4904 2792 4958 navarnornm
2823 4907 2876 4958 5.
2929 4919 3251 4958 navarorum
3281 4903 3333 4957 6.
3423 4904 3470 4934 ’°
3499 4903 3712 4958 iberum

2124 4977 2174 5034 7.
2210 4981 2262 5034 9.
2295 4980 2555 5049 hyberum
2586 4978 2637 5032 5.
2716 4967 2758 5006 ’ί
2792 4983 3338 5049 caesarau_gitstanam
3370 4973 3438 5049 5.
3503 4975 3552 5049 ’ξ
3577 4988 3714 5049 quos

2125 5043 2474 5108 sibinalarabi
2496 5049 2551 5102 2.
2584 5063 2723 5118 quos
2755 5043 3185 5118 alggnalarabiA9.
3214 5059 3368 5118 quos
3405 5043 3712 5118 ibnalarabi

425 5106 559 5176 6.7.
594 5106 729 5176 8.9.
768 5115 893 5176 etc.
926 5102 2012 5176 if’hispanisvvasconibus_subiugatis...
2126 5102 2638 5176 5f"'.'."ab‘i,bau;
2673 5102 2726 5173 ον,
2777 5102 3058 5170 asinam,
3104 5113 3154 5176 εξ,
3232 5102 3298 5144 ὐ
3337 5114 3608 5167 dederam
3656 5113 3713 5168 7,

429 5174 680 5252 nabarris
703 5175 753 5228 1.
776 5204 818 5252 __—
849 5175 893 5252 ξ]
923 5169 1180 5242 hispanos
1208 5182 1263 5226 et
1295 5187 1576 5252 wasconAes
1613 5172 1662 5224 7.
1697 5173 1748 5225 9.
1811 5169 1891 5203 ’³⁸
1919 5186 2019 5252 Διιξι-
2124 5169 2176 5225 ἑὸ
2197 5169 2614 5247 ,ηυωδξβζτςζ-
2676 5169 2723 5218 ἱό
2761 5204 2828 5239 Ἣ,
2862 5169 2907 5240 δέ
2940 5186 2992 5238 ι,
3025 5183 3077 5238 5,
3112 5169 3162 5238 ὅ,
3241 5185 3283 5214 ιτ
3317 5185 3717 5252 pel-turbabant

429 5242 1551 5334 {arras}:_1‘:AHeV'ersus::.A.-funt}.
1580 5256 1827 5297 reversus
1848 5249 1931 5298 est
1964 5242 2011 5295 1.
2125 5242 2352 5334 ηηίξιςέξ
2368 5242 2594 5334 ﬁniuit"
2621 5259 2671 5313 9⁵
2777 5257 2826 5288 η
2872 5255 3094 5326 plurimi
3129 5254 3182 5308 τι
3281 5242 3333 5284 εδ
3355 5263 3411 5307 εί
3439 5255 3546 5309 dir.
3580 5255 3712 5325 imp.

429 5317 478 5369 7.
558 5317 603 5349 δ’
629 5318 681 5371 in
704 5323 888 5387 partes
916 5315 963 5368 1.
1039 5315 1082 5345 “
1117 5323 1298 5368 essent
1321 5315 1371 5368 in
1396 5330 1447 5384 p.
1473 5313 1527 5367 6.
2122 5313 2311 5388 ᾆςΊῖᾰ
2333 5313 2470 5386 ἀέξει
2504 5333 2556 5384 9,

1955 5448 2186 5503 NOTAE.

504 5565 527 5591 ι
565 5550 746 5619 Douzy
772 5550 823 5603 in
860 5562 997 5617 pago
1027 5546 1443 5619 Mosomagcnsi,
1487 5559 1652 5613 prope
1697 5541 1892 5596 Scdan.
1924 5540 2004 5596 Cf.

433 5622 611 5678 \‘alcs.
649 5621 683 5674 l.
715 5617 761 5676 ὸ.
790 5635 841 5689 p.
879 5619 1001 5685 182,
1037 5617 1155 5674 185.

2197 5546 2221 5582 δ
2253 5539 2556 5597 Casscncuil
2589 5540 2639 5593 in
2673 5553 2807 5608 pago
2833 5535 3145 5608 Aginnensi.
3178 5535 3313 5592 ibid.
3341 5551 3396 5607 p.
3430 5533 3557 5591 131.
