3928 6314
174 238 280 296 ιθθ

675 370 911 410 ANNALES
948 372 1258 410 l-lGlNllARDI.

177 458 337 500 versa
386 444 626 512 dilapsus
671 454 772 499 est.
827 445 992 501 Cuius
1021 447 1262 502 vulneris
1297 451 1584 518 acceptio‘
1643 465 1758 503 ma-

174 550 340 604 gnam
374 544 584 604 partem
621 550 800 589 rerum
820 536 1052 591 feliciter
1081 539 1133 591 in
1164 537 1418 606 Hispania
1438 540 1458 569 ’
1483 548 1760 608 gestarum

176 641 232 678 ιη
267 627 429 679 corde
473 627 617 696 regis
663 627 1012 682 obnubilavit.
1057 628 1265 684 Interea
1314 634 1579 695 Saxones,
1617 631 1763 685 velut

173 719 518 774 occasionem
547 720 730 774 nancti
777 760 814 799 θ,
843 722 1037 775 sumtis
1083 723 1250 776 armis
1290 723 1356 776 ad
1387 723 1636 778 Rhenum
1668 739 1760 777 us-

171 825 285 879 que
318 809 546 879 profecti
592 818 736 864 sunt.
794 810 900 866 Sed
947 826 1069 866 cum
1117 827 1330 866 amnem
1375 813 1604 868 traicere
1655 820 1760 868 nOn

170 908 414 968 possent,
463 898 718 970 quicquid
761 917 790 954 a
839 901 1019 955 Diutia
1063 903 1088 933 ⁵
1132 914 1156 942 ι
1203 903 1423 958 civitate
1466 919 1638 974 usque
1695 905 1761 958 ad

170 990 432 1046 ﬂuentem
459 993 479 1024 ⁸
510 993 761 1066 Mosellae
787 995 1032 1050 vicorum
1063 995 1420 1066 villarumque
1457 997 1588 1062 fuit,
1617 997 1762 1051 ferro

169 1090 232 1134 et
267 1082 375 1149 igni
400 1062 711 1152 ‘depopulati
741 1093 884 1138 sunt.
912 1085 1034 1138 Pari
1061 1089 1221 1140 modo
1252 1062 1405 1141 sacra
1432 1086 1763 1156 profanaque

169 1171 544 1238 pessumdata.
588 1155 804 1226 Nullum
851 1174 1047 1229 aetatis
1086 1181 1178 1227 aut
1231 1179 1391 1230 sexus
1421 1175 1443 1206 ⁸
1470 1176 1764 1230 discrimen

169 1261 255 1314 ira
287 1262 460 1317 hostis
483 1261 703 1329 fecerat,
723 1273 784 1318 ut
808 1265 1013 1334 liquido
1036 1275 1340 1335 appareret,
1361 1281 1456 1322 eos
1484 1283 1588 1322 non
1611 1283 1765 1338 prae-

171 1351 377 1415 dandi,
410 1351 505 1406 sed
537 1352 794 1409 ultionem
821 1355 842 1385 ⁷
873 1354 1162 1410 exercendi
1204 1360 1377 1426 gratia
1427 1357 1762 1412 Francorum

170 1443 439 1498 terminos
463 1444 736 1500 introisse.
768 1444 933 1500 Cuius
959 1447 1037 1500 rei
1065 1448 1320 1501 nuncium
1352 1463 1474 1502 cum
1507 1461 1598 1501 rex
1623 1449 1763 1518 apud

168 1531 593 1589 Autesiodorum
637 1536 660 1567 ⁸
699 1537 974 1592 civitatem
1041 1541 1371 1610 accepisset,
1436 1542 1708 1610 extemplo
1740 1543 1761 1573 ’

167 1622 418 1680 Francos
443 1627 732 1682 orientales
765 1629 806 1660 ’⁸
836 1638 998 1698 atque
1021 1631 1353 1688 Alamannos
1380 1634 1418 1664 “
1443 1635 1511 1688 ad
1538 1634 1762 1704 pmpul-

1269 227 1411 282 CUM
1453 228 2052 287 LAL‘RISSENSIBUS
2090 232 2403 290 COLLATI.

1788 348 1836 401 Δ

3347 250 3451 307 110

2320 363 2556 404 ANNALES
2595 367 2994 410 LAURISSENSES.

1865 447 1987 486 nem
2023 435 2038 464 ¹
2082 436 2379 504 supradicti
2428 439 2733 498 Widokindi
2774 446 2793 474 ’
2830 445 2912 500 vel
2945 447 2965 476 ³
3013 447 3285 502 sociorum
3333 451 3452 506 eius

1865 526 2161 582 secundum
2210 532 2653 586 consuetudinem
2718 537 2915 591 malam
2963 539 3159 594 iterum
3210 542 3451 599 rebellati

1864 625 1990 670 sunt
2017 616 2060 682 ⁸,
2082 626 2137 672 et
2174 621 2478 675 nuntiatum
2522 632 2605 677 est
2637 626 2736 680 hoc
2761 628 2780 658 ⁸
2828 630 3026 684 domno
3055 648 3180 702 rege
3204 633 3224 664 ⁸
3255 633 3452 691 Carolo

1863 706 1931 760 ad
1943 707 2386 765 Autosiodorum"
2403 713 2698 768 civitatem.
2718 717 2869 774 Tunc
2888 724 3197 790 praedictus
3212 726 3443 782 domnus

1864 811 1957 850 rex
1983 799 2202 855 mittens
2248 817 2462 857 scaram
2489 805 2509 836 '
2544 805 2910 873 Franciscam,
2945 823 3004 866 ut
3031 816 3130 869 sub
3157 800 3447 872 velocitate

1864 884 2148 942 festinaret
2171 890 2235 943 ad
2261 893 2592 950 resistendos
2619 899 2962 966 supradictos
2985 901 3227 959 Saxones
3261 905 3281 935 ’
3310 925 3320 958 :
3353 905 3451 961 sed

1863 975 1938 1029 illi
1966 976 2192 1032 rebelles
2221 979 2288 1033 ad
2329 980 2537 1036 Renum
2576 1000 2747 1054 usque
2801 987 3062 1044 Diviciam
3100 993 3140 1023 ὀ
3193 1009 3456 1064 pervene-

1865 1078 2033 1135 runt,
2086 1078 2216 1126 tunc
2265 1075 2589 1142 praedantes
2629 1078 2787 1133 secus
2819 1080 3030 1135 Renum
3069 1084 3131 1147 ”,
3165 1095 3218 1139 et
3250 1088 3455 1143 multas

1865 1161 2102 1218 malitias
2133 1162 2412 1231 facientes,
2445 1170 2706 1225 ecclesias
2729 1172 2822 1226 Dei
2854 1173 3201 1228 incendentes
3233 1175 3287 1228 in
3329 1193 3454 1231 san-

1865 1251 2279 1308 ctemonialibus
2305 1255 2368 1318 ",
2394 1264 2442 1308 et
2476 1258 2619 1325 quod
2662 1257 2939 1313 fastidium
2970 1269 3194 1331 generat
3231 1275 3454 1317 enume-

1866 1343 2019 1397 randi
2052 1345 2115 1397 ’³.
2157 1345 2375 1400 Etcum
2412 1346 2469 1395 ’⁸.
2484 1349 2666 1404 subito
2711 1351 2994 1406 audientes
3031 1351 3098 1406 de
3141 1353 3454 1408 reversione

1865 1433 2049 1488 domni
2075 1435 2250 1490 Caroli
2277 1437 2442 1508 regis,
2469 1447 2525 1492 et
2547 1439 2613 1494 de
2635 1455 2791 1494 seara
2821 1442 2940 1496 eius
2966 1458 3128 1512 quam
3170 1443 3318 1498 misit
3352 1444 3453 1498 ob-

1864 1525 2007 1591 viam
2033 1525 2078 1558 ’⁸
2100 1526 2224 1591 illis,
2256 1535 2385 1582 tunc
2407 1543 2436 1581 a
2462 1527 2771 1585 Saxonibus
2791 1531 3012 1586 dimisso
3045 1532 3216 1598 Reno,
3247 1533 3453 1588 reversi

1865 1623 1992 1669 sunt
2019 1631 2120 1686 per
2146 1616 2419 1687 Logenehi
2453 1618 2496 1648 ⁸⁸
2527 1629 2551 1657 ο
2577 1619 2822 1687 partibus
2852 1610 2891 1650 ’⁷
2923 1618 3221 1685 Saxoniae,
3256 1629 3311 1676 et
3340 1637 3455 1676 sca-

165 1713 404 1769 sandum
433 1716 642 1770 hostem
681 1716 937 1774 festinare
965 1720 1142 1774 iussit.
1172 1721 1288 1792 Ipse
1325 1725 1556 1778 caeteris
1591 1725 1760 1795 copiis
1789 1714 1836 1773 B
1866 1721 1958 1760 me
1989 1706 2030 1737 ¹⁸
2055 1706 2390 1762 Francorum
2417 1723 2523 1762 που
2549 1709 2592 1739 ¹⁹
2619 1719 2978 1768 occurrerunt
3001 1712 3214 1765 ου”ίδπη
3233 1713 3332 1776 θίεν
3356 1713 3451 1768 sed

163 1805 434 1871 dimissis,
459 1807 829 1863 Heristallium
859 1809 901 1841 ”
926 1811 1128 1876 villam,
1149 1813 1204 1866 in
1239 1829 1344 1882 qua
1370 1815 1610 1870 hiemare
1632 1832 1760 1872 con-

163 1897 424 1950 stituerat
455 1897 520 1963 ’³,
553 1899 720 1953 venit.
746 1900 815 1953 At
835 1899 1031 1956 Franci
1061 1912 1118 1957 et
1146 1904 1189 1933 “
1211 1903 1496 1959 Alamanni
1523 1909 1613 1976 qui
1635 1923 1760 1962 con-

164 1992 250 2038 tra
300 1983 541 2042 Saxones
573 1989 723 2043 missi
763 2000 951 2056 erant,
992 1994 1203 2062 magnis
1250 1995 1540 2052 itineribus
1568 1998 1635 2052 ad
1665 2013 1758 2054 eos

163 2075 248 2128 ire
275 2078 629 2142 contendunt,
678 2079 723 2133 si
765 2079 902 2136 forte
945 2083 997 2136 in
1031 2083 1228 2140 finibus
1253 2088 1366 2142 suis
1394 2103 1488 2142 eos
1518 2090 1758 2144 invenire

164 2177 412 2237 possent.
447 2168 553 2224 Sed
580 2171 673 2237 illi,
707 2173 812 2226 iam
848 2189 907 2228 re
935 2186 1156 2244 peracta
1177 2219 1190 2243 ,
1235 2182 1648 2237 revertebantur
1690 2184 1758 2238 ad

162 2273 290 2312 sua.
339 2259 578 2326 Quorum
608 2264 833 2334 vestigia
863 2268 1077 2336 sequuti
1104 2270 1195 2338 qui
1233 2286 1262 2325 a
1304 2287 1430 2340 rege
1458 2273 1610 2329 missi
1637 2274 1753 2329 fue-

164 2361 320 2417 runt,
350 2346 404 2406 in
427 2369 564 2423 pago
588 2354 902 2412 ﬂasslorum
931 2375 1093 2430 super
1119 2361 1334 2417 fluvium
1358 2365 1628 2420 Ademam
1653 2368 1757 2423 iter

161 2451 394 2513 agentes
421 2445 743 2501 invenerunt
771 2449 834 2514 ’⁸,
863 2465 1063 2520 eosque
1088 2455 1269 2506 statim
1297 2455 1349 2508 in
1375 2455 1490 2524 ipso
1519 2456 1756 2512 ﬂuminis

159 2539 310 2602 vado
336 2539 535 2605 adorti,
562 2549 711 2596 tanta
741 2551 920 2614 strage
947 2546 1260 2601 ceciderunt
1292 2548 1354 2613 ⁸⁸,
1382 2557 1440 2602 ιιι
1457 2565 1524 2603 ex
1552 2550 1754 2619 ingenti

163 2631 516 2685 multitudine
560 2632 801 2701 ipsorum
831 2635 918 2688 vix
965 2637 1122 2705 pauci
1163 2638 1381 2692 domum
1426 2637 1678 2710 fugiendo
1708 2642 1749 2672 "

162 2721 486 2788 pervenisse
513 2722 782 2777 dicantur.

765 2814 1112 2871 DCCLXXIX
1131 2856 1146 2870 .

232 2907 310 2960 At
347 2921 441 2960 rex
463 2905 528 2960 de
557 2905 887 2973 Heristallio,
912 2909 1004 2962 ubi
1039 2910 1372 2965 hiemaverat
1424 2921 1479 2966 et
1513 2913 1603 2968 ubi
1651 2929 1749 2968 na-

158 2998 328 3050 talem
358 2997 571 3052 Domini
595 3011 659 3050 ac
684 3008 931 3054 sanetum
956 3002 1157 3070 pascha
1195 3002 1586 3067 celebraverat,
1638 3006 1750 3073 pri-

157 3098 248 3137 ma
272 3083 420 3136 veris
457 3083 719 3152 temperie
740 3099 982 3149 movens,
1006 3085 1394 3153 Compendium
1427 3087 1454 3126 ι)
1483 3089 1649 3142 venit.
1686 3090 1752 3145 Et
1779 3075 1822 3136 C

156 3189 289 3229 cum
320 3173 464 3238 inde,
511 3182 732 3243 peracto
773 3183 998 3242 propter
1048 3176 1191 3244 quod
1245 3186 1467 3230 venerat
1509 3181 1745 3247 negotio,

155 3265 478 3319 revertisset
504 3263 547 3294 ’⁸
573 3304 589 3328 ,
618 3265 854 3318 occurrit
883 3264 932 3318 ei
975 3263 1358 3321 Hildibrandus
1390 3266 1430 3296 ¹⁹
1458 3267 1564 3320 dux
1613 3267 1750 3338 Spo—

155 3353 350 3407 litinus
375 3353 418 3382 ‘°
443 3367 565 3407 cum
588 3353 797 3423 magnis
824 3355 1138 3408 muneribus
1183 3355 1237 3408 in
1285 3357 1408 3410 villa
1457 3355 1749 3412 Wircinia-

154 3465 221 3503 co
249 3449 297 3478 ”
332 3459 378 3500 ο.
413 3447 584 3514 Quem
607 3455 662 3500 et
683 3447 913 3514 benigne
943 3448 988 3476 "
1016 3448 1336 3516 suscepit”,
1356 3458 1410 3504 et
1432 3451 1749 3506 muneribus

153 3541 421 3594 donatum
456 3539 508 3591 in
533 3536 787 3591 ducatum
816 3553 970 3591 suum
1015 3539 1242 3592 remisit.
1290 3539 1406 3608 lpse
1455 3541 1635 3596 animo
1681 3545 1750 3597 ad

155 3627 492 3681 Saxonicam
509 3626 902 3695 expeditionem
932 3627 1156 3686 intento,
1196 3626 1418 3680 Duriam
1449 3629 1614 3692 venit,
1651 3630 1749 3684 ha-

153 3720 384 3788 bitoque
407 3718 555 3770 iuxta
585 3731 791 3771 morem
842 3715 1080 3786 generali
1136 3725 1423 3780 conventu,
1497 3717 1745 3773 Rhenum

155 3812 208 3864 in
241 3827 310 3866 eo
341 3810 462 3864 loco
497 3809 587 3878 qui
623 3809 916 3877 Lippeham
957 3807 1003 3837 ”
1030 3805 1055 3845 ἀ
1096 3817 1346 3874 vocatur,
1409 3825 1532 3864 cum
1591 3825 1748 3865 exer-

525 3915 918 3970 VARIANTES
957 3915 1337 3972 LECTIONES

226 4011 242 4042 ι
278 4005 578 4087 acpepliJ;
706 4005 758 4058 ι.
791 4006 844 4060 5.
989 4007 1399 4087 accepti_d_olor_
1443 4009 1495 4062 7.
1540 4014 1748 4087 accepti

152 4072 468 4133 recordatio
503 4072 579 4129 5?
625 4076 693 4140 9;
736 4093 852 4128 cum
881 4077 975 4128 hoc
1005 4072 1515 4132 loco—substantivum
1546 4072 1750 4134 deside-

153 4158 323 4218 retur,
389 4147 590 4218 reiectis
647 4146 886 4198 codicum
934 4144 1076 4218 7.7et
1105 4146 1168 4218 9._
1191 4148 1529 4214 coniecturis,
1571 4167 1749 4218 unde

150 4217 334 4271 littera
380 4216 565 4269 addita
614 4231 821 4269 sensum
887 4215 1258 4268 restituendum
1314 4219 1510 4270 censui.
1610 4221 1630 4249 ’
1687 4215 1752 4276 ⁷ἰη

153 4287 408 4356 inspania
451 4286 504 4356 2.
598 4355 612 4356 γ
639 4285 834 4356 {nacti
864 4283 1028 4356 5_-_lOA.
1083 4352 1105 4356 λ
1134 4285 1155 4314 ⁵
1185 4285 1359 4356 diucia
1389 4287 1440 4339 6.
1476 4287 1652 4342 duicia
1689 4295 1744 4344 5'.

144 4359 200 4413 9.
242 4352 420 4411 duitia
465 4355 515 4408 7.
594 4355 614 4386 ⁸
655 4353 856 4408 ﬂuenta
883 4353 960 4405 5?
996 4354 1050 4408 9.
1074 4352 1270 4408 flumen
1297 4355 1346 4408 7.
1425 4355 1444 4386 °
1471 4372 1632 4412 sexus
1652 4375 1746 4413 seu

145 4440 441 4484 sacrarum
489 4425 759 4494 virginum
811 4422 861 4476 7.

149 4497 169 4527 ‘
210 4493 621 4549 antesiodorum
653 4495 704 4547 1.
739 4493 792 4548 9.
843 4493 1226 4547 autisiodorum
1279 4493 1331 4547 4.
1381 4494 1432 4548 5.
1483 4497 1536 4551 6.
1588 4506 1742 4554 aute-

150 4565 422 4618 l‘oderum
461 4565 512 4618 5.
562 4564 961 4618 altissiodorum
1009 4563 1059 4615 7.
1135 4562 1156 4593 ⁹
1189 4564 1434 4632 exemplo
1467 4569 1513 4622 1.
1548 4570 1742 4622 extim-

148 4635 238 4704 plo
268 4635 326 4687 4.
351 4634 414 4689 5.
447 4635 498 4688 6.
628 4635 669 4665 ὀ
707 4647 789 4687 or.
823 4632 891 4704 fr.
927 4632 979 4704 4.
1018 4632 1071 4686 5.
1110 4632 1161 4686 6.
1269 4635 1308 4665 “
1342 4635 1656 4692 alemannos
1688 4639 1738 4692 7.

149 4703 202 4760 9.
279 4707 334 4778 _“
369 4704 726 4778 haristallium
766 4704 818 4758 5.
927 4703 1349 4778 itq_constanter.
1414 4706 1472 4778 Δί’
1521 4707 1741 4778 hyema-

149 4784 233 4830 ret
269 4776 331 4829 9.
412 4776 453 4805 ’⁸
487 4783 648 4844 atque
681 4776 732 4828 9.
763 4788 827 4827 ac
852 4776 904 4826 6.
984 4776 1027 4803 ”
1059 4783 1375 4841 repererunt
1405 4776 1456 4829 9.
1492 4776 1740 4847 reppere-

148 4853 279 4898 runt
306 4846 363 4899 5.
446 4844 488 4875 ’⁸
515 4843 760 4899 cecidere
789 4843 841 4896 7.
921 4843 962 4873 ’⁷
993 4841 1192 4897 fuendo
1221 4843 1270 4896 1.
1351 4845 1392 4876 ’⁸
1443 4856 1740 4902 revertere—

147 4922 237 4968 tur
265 4914 339 4969 5?
379 4913 431 4968 9.
511 4913 552 4945 ’⁹
591 4913 977 4967 hildebrandus
1003 4913 1056 4966 2.
1107 4913 1158 4967 5.
1203 4913 1253 4967 6.
1289 4914 1340 4966 7.
1372 4914 1424 4969 9.
1456 4916 1738 4971 hiltibran-

147 4985 249 5038 dus
309 4983 367 5038 5.
481 4983 524 5014 ’θ
561 4983 872 5052 spoletanus
933 4984 985 5036 5.
1018 4983 1070 5036 5.
1130 4983 1180 5042 7,
1233 4984 1285 5038 9.
1335 4985 1635 5052 spolitanus
1683 4987 1733 5040 6.

146 5055 186 5084 "
226 5053 542 5134 vvitgitijaco
635 5125 666 5134 __
691 5055 736 5084 "
762 5067 920 5134 quem
936 5053 1328 5134 benignissime
1552 5057 1616 5134 f'
1649 5071 1736 5134 re-

146 5127 293 5248 lcepit
320 5126 382 5248 5ἐ
410 5124 465 5248 9(ξ
525 5124 606 5247 7⁸⁵
635 5122 882 5195 lippehan
934 5122 987 5176 2.
1048 5122 1300 5192 lipphean
1348 5125 1400 5178 5.
1438 5124 1656 5195 lippiam
1679 5125 1732 5179 4.

168 5211 316 5248 iunia
387 5235 400 5247 .
470 5234 487 5248 .
561 5233 577 5248 .

168 5211 316 5266 Ippta
347 5211 400 5248 ε).
433 5211 487 5250 o.
535 5211 577 5249 ι.

412 4775 660 4850 “datque
681 4774 732 4828 9.
763 4788 827 4850 ac
852 4772 904 4826 6.
923 4843 962 4850 _
984 4773 1027 4850 ’ξ
1059 4783 1390 4850 repererunt
1405 4775 1456 4829 9.
1492 4772 1741 4847 reppere-
1841 4772 1982 4850 δέρει
2013 4772 2065 4849 ϐξ

1861 1798 2146 1868 vestigium
2170 1813 2358 1853 eorum
2389 1799 2435 1830 ”
2459 1800 2814 1855 observantes
2837 1841 2852 1866 ,
2899 1803 3175 1856 consecuti
3205 1812 3330 1857 sunt
3357 1817 3454 1858 eos

1861 1903 2023 1957 super
2065 1886 2285 1942 ﬂuvium
2316 1929 2330 1954 ,
2375 1889 2530 1944 cuius
2577 1889 2895 1945 vocabulum
2925 1899 3009 1945 est
3048 1890 3266 1945 Adarna
3300 1893 3366 1958 ",
3396 1894 3450 1948 in

1860 1979 1979 2033 loco
2022 1979 2113 2048 qui
2155 1980 2350 2034 dicitur
2380 1981 2558 2035 Lihesi
2583 1983 2627 2012 "
2665 1980 2708 2035 ί.
2762 1981 2840 2036 Ibi
2873 1997 3052 2053 pugna
3077 1984 3124 2014 ’³
3155 1984 3367 2054 incepta
3397 1995 3453 2039 et

1860 2072 2017 2126 valde
2043 2072 2090 2102 “
2116 2073 2254 2127 bene
2280 2072 2452 2138 finita,
2480 2074 2775 2128 auxiliante
2797 2074 3028 2129 Domino
3055 2075 3252 2130 Franci
3284 2077 3452 2131 victo-

1859 2177 1950 2217 res
1977 2163 2305 2228 extiterunt;
2362 2172 2417 2216 et
2452 2163 2742 2218 multitudo
2783 2163 3059 2218 Saxonum
3092 2166 3165 2219 ibi
3207 2167 3372 2220 occisi
3403 2166 3452 2196 "

1857 2263 1985 2310 sunt
2005 2297 2018 2318 ,
2069 2263 2124 2310 et
2169 2254 2436 2326 fugientes
2467 2255 2512 2288 ’⁸
2542 2272 2664 2310 cum
2696 2271 2891 2327 magno
2930 2257 3260 2311 contumelio
3285 2259 3328 2288 ’⁷
3357 2273 3448 2312 re-

1857 2348 1998 2401 versi
2059 2355 2185 2401 sunt
2237 2345 2532 2401 Saxoniam
2573 2347 2641 2399 ’⁸.
2697 2347 2765 2400 Et
2824 2347 3154 2402 caelebravit
3202 2346 3452 2416 supradi-

1856 2446 1976 2493 ctus
2016 2437 2060 2469 ”
2101 2438 2552 2493 clementissimus
2601 2453 2694 2492 rex
2725 2438 2963 2491 natalem
2991 2436 3204 2491 Domini
3236 2437 3290 2490 in
3320 2435 3448 2490 villa

1857 2543 1994 2597 quae
2026 2529 2223 2583 dicitur
2271 2528 2315 2560 '°
2365 2527 2673 2583 Haristallio
2721 2528 2790 2594 ³¹,
2843 2537 2898 2583 et
2934 2529 3136 2598 pascha
3160 2527 3438 2583 similiter.

1856 2617 2237 2672 Etinmutavit
2266 2633 2324 2672 se
2349 2601 2606 2672 numerus
2627 2633 2894 2672 annorum
2923 2619 2979 2672 in

2467 2839 2814 2895 DCCLXXIX
2826 2878 2840 2893 .

1927 2930 2081 2984 Tunc
2107 2929 2333 2984 domnus
2359 2927 2583 2985 Carolus
2627 2945 2724 2984 rex
2771 2930 2876 2985 iter
2915 2945 3176 3001 peragens
3203 2934 3447 3001 partibus

1854 3021 2128 3076 Niustriae
2155 3022 2225 3086 ”,
2255 3031 2310 3077 et
2343 3022 2389 3054 ⁸³
2424 3025 2670 3094 pervenit
2698 3023 2744 3054 “
2773 3040 2942 3093 usque
2972 3025 3024 3079 in
3061 3025 3184 3079 villa
3216 3025 3263 3057 ³⁸
3305 3043 3446 3096 quae

1856 3114 2054 3168 dicitur
2123 3113 2436 3182 Conpendio
2467 3114 2542 3179 ";
2590 3122 2644 3168 et
2691 3123 2819 3168 tunc
2868 3116 3062 3168 iterum
3119 3117 3445 3173 revertendo

1852 3202 2097 3272 partibus
2122 3203 2164 3233 ’⁷
2192 3202 2462 3268 Austriae,
2502 3203 2696 3258 obtulit
2732 3221 2790 3260 se
2830 3206 3224 3264 Hildebrandus
3257 3209 3302 3240 ³⁸
3334 3210 3439 3265 dux

2239 3312 2627 3368 VARIANTES
2662 3315 2954 3370 LECTION
2961 3316 3064 3371 ES.

1925 3405 1940 3434 ’
1973 3405 2309 3458 suassionem
2339 3404 2393 3456 2.
2471 3405 2490 3434 ’
2517 3403 2826 3462 vindekindi
2867 3409 2914 3460 1.
2959 3407 3248 3463 vvidokindi
3295 3428 3438 3466 corr.

1851 3472 2139 3543 widokingi
2173 3472 2522 3543 2.vvidokingi
2546 3475 2599 3528 5.
2629 3475 2924 3530 widukindi
2952 3476 3003 3530 4.
3023 3479 3350 3533 widochindi
3385 3481 3437 3534 5.

1850 3542 2160 3596 widichindi
2185 3543 2235 3595 6.
2253 3542 2604 3597 withoehindi
2631 3545 2682 3596 7.
2701 3546 3028 3601 widecbinni
3045 3549 3095 3602 9.
3113 3550 3440 3604 widochindi

1852 3612 2436 3666 10.ll.vvidikindil2.
2515 3614 3227 3672 'vv.etsocioruml.7.etc.
3306 3621 3441 3672 ‘reo

1850 3682 2188 3756 bellaverunt
2222 3682 2271 3734 5.
2351 3682 2501 3756 '_hoc
2547 3683 2688 3756 deest
2737 3683 2788 3756 5.
2939 3686 2963 3756 ’
2992 3687 3103 3756 regi
3135 3688 3185 3740 1.
3211 3687 3265 3740 5.
3299 3687 3350 3740 6.
3382 3689 3437 3741 7.

1849 3753 1867 3781 ⁷
1899 3751 2320 3805 annosiodorum
2381 3753 2430 3804 l.
2483 3753 2916 3807 authisiodorum
2950 3755 3002 3810 5.
3043 3751 3439 3811 iutisi‘odorum

1849 3820 1901 3874 6.
1929 3821 1980 3873 7.
2007 3832 2112 3876 etc.
2231 3821 2251 3851 ⁸
2282 3837 2492 3875 scaram
2535 3820 2845 3876 francorum
2888 3824 3149 3879 velociter
3182 3835 3238 3880 et
3278 3825 3432 3880 festi-

1850 3901 2046 3962 nanter
2073 3892 2138 3944 ad
2169 3891 2528 3962 resistendum
2566 3893 2896 3962 supradictis
2938 3896 3231 3950 saxonibus
3276 3898 3340 3949 ad
3384 3896 3434 3950 1.

1848 3959 1870 3991 ⁹
1895 3959 2206 4015 francorum
2251 3969 2309 4013 ut
2334 3961 2432 4016 sub
2455 3959 2799 4016 festinatione
2819 3973 3064 4020 curreret
3085 3965 3150 4018 ad
3177 3966 3437 4020 resisten-

1852 4031 2348 4103 dumgsaxonibus,’
2379 4031 2470 4084 sed
2504 4032 2576 4103 illi
2610 4032 2835 4103 rebelles
2872 4043 3235 4103 pervenerunt
3267 4050 3438 4103 usque

1851 4101 2082 4155 diuciam
2103 4099 2155 4153 6.
2239 4100 2278 4129 ¹⁰
2302 4101 2516 4154 diucam
2542 4100 2592 4152 1.
2619 4099 2945 4155 diuidam—2.
2962 4105 3013 4157 5.
3041 4103 3265 4156 diutiam
3292 4099 3430 4158 co'rr.

1852 4171 2057 4224 dutiam
2104 4170 2156 4224 5.
2203 4168 2438 4223 diuciam
2482 4168 2535 4222 6.
2569 4171 2842 4224 dureciam
2881 4171 2930 4224 7.
2970 4173 3193 4226 duitiam
3228 4174 3280 4228 8.
3318 4173 3438 4227 dui-

1851 4241 1985 4312 tium
2013 4240 2064 4312 9.
2100 4308 2120 4312 Α
2147 4241 2409 4312 ἰυτεῃιιω
2434 4249 2748 4312 constanter
2773 4243 2833 4312 in
2869 4241 3133 4312 codicibus
3166 4259 3296 4311 quos
3327 4243 3437 4312 ipse

1851 4310 2053 4396 inapex‘i
2182 4308 2234 4361 5.
2280 4308 2331 4362 6.
2430 4310 2472 4338 “
2496 4309 3013 4396 sanctimonialibus
3042 4308 3279 4396 grassati
3333 4308 3433 4396 (et)

1870 4378 1997 4436 luOd
2022 4379 2071 4431 1.
2107 4379 2158 4430 7.
2206 4393 2325 4430 cum
2361 4378 2860 4432 sanctimonialibus
2889 4379 2941 4433 9.
3042 4378 3084 4410 ’³
3112 4378 3433 4436 numerandi

960 4424 995 4503 τ,
1030 4423 1249 4503 uiuam.
1292 4429 1632 4503 μείρει...
1689 4431 1740 4484 9.
1771 4417 1826 4475 ι)
1850 4417 2977 4502 {Wﬁlin}"£13kI5"?f""5"éi{{£"it£n
3009 4417 3431 4503 σδνξξξξὲητε

1846 4516 2128 4587 longenbri
2155 4516 2433 4587 l._loinahi
2457 4516 2509 4570 5.
2539 4517 2776 4587 loginahi
2805 4517 2855 4570 6.
2896 4518 3177 4587 longenehi
3205 4521 3257 4572 7.
3317 4519 3435 4574 lon—

1845 4585 1978 4657 gene
2000 4589 2052 4658 8.
2091 4585 2479 4658 11.Α1ἱιιεοηνηι
2508 4588 2560 4658 9.
2597 4585 2784 4658 logene
2811 4587 2896 4640 10.
2946 4585 3017 4618 ’Π
3049 4597 3230 4658 partes
3261 4591 3308 4642 1.
3391 4591 3434 4622 ’⁸

1843 4655 2085 4738 sema}.
2153 4655 2342 4738 f'unon
2365 4657 2505 4738 deer}
2538 4657 2638 4738 9.__
2658 4655 2711 4738 ὀ
2739 4658 2974 4738 ipsorum
3013 4655 3108 4738 1ΖΛ
3139 4659 3182 4688 ”
3207 4659 3434 4738 ξιιόθτῃξει

1845 4726 1895 4777 7.
1973 4728 2018 4756 ”
2051 4726 2167 4779 liesi
2209 4726 2262 4779 5.
2309 4726 2442 4780 liesu
2465 4726 2519 4780 6.
2594 4726 2639 4757 ’³
2670 4726 2728 4779 L.
2759 4726 2816 4779 in
2851 4742 3029 4795 pugna
3075 4726 3127 4779 2.
3207 4727 3253 4758 “
3280 4729 3435 4782 valde

2161 4795 2207 4826 ’⁸
2228 4797 2404 4850 occisa
2432 4805 2485 4849 et
2520 4796 2708 4863 reliqui
2735 4797 2784 4848 1.
2879 4796 2924 4826 ’⁸
2959 4805 3013 4849 et
3040 4796 3230 4865 reliqui
3257 4797 3308 4850 7.
3387 4799 3432 4830 ’τ

1843 4865 2172 4920 contumelia
2201 4881 2395 4936 magna
2427 4865 2482 4918 5.
2521 4880 2714 4936 magna
2739 4866 3008 4936 contumel
3035 4883 3064 4918 ιι
3095 4868 3143 4919 1.
3174 4867 3223 4919 6.
3303 4868 3348 4898 ’⁸
3377 4867 3432 4921 in

1846 4937 2127 4990 saxoniam
2200 4934 2402 4989 reversi
2451 4942 2579 4988 sunt
2623 4935 2672 4987 1.
2791 4934 2836 4964 ’³
2903 4934 3242 5003 supradictus
3290 4936 3433 4990 deest

1847 5003 1897 5058 7.
2011 5005 2054 5036 ὀ
2110 5005 2233 5059 villa
2270 5019 2405 5073 quae
2437 5005 2634 5058 dicitur
2674 5005 2814 5058 deest
2847 5003 2898 5058 6.
2955 5005 2998 5035 ⁸⁸
3033 5005 3350 5059 haristalhio
3379 5007 3428 5058 1.

1846 5074 1891 5104 ³*
1920 5075 2196 5130 neustriae
2226 5074 2276 5125 7.
2305 5075 2563 5127 niustriae
2586 5090 2721 5127 corr.
2747 5075 2984 5129 austriae
3008 5073 3058 5127 6.
3137 5075 3182 5106 ³³
3211 5084 3264 5129 et
3284 5076 3430 5132 deest

1845 5145 1896 5198 6.
1930 5147 1982 5198 7.
2060 5145 2104 5175 ³⁸
2131 5153 2492 5215 pervenerunt
2518 5144 2570 5196 in
2596 5144 2646 5196 1.
2725 5145 2772 5175 ³⁵
2802 5145 2988 5215 villam
3003 5143 3055 5215 5.
3081 5144 3134 5215 6.
3212 5145 3257 5175 “
3278 5160 3431 5215 com-

1843 5217 2094 5284 pendium
2133 5213 2196 5266 ’1.
2297 5213 2338 5244 ’⁷
2381 5228 2476 5282 per
2520 5221 2701 5282 partes
2751 5215 2797 5268 l.
2907 5213 2952 5245 ³⁸
2980 5213 3339 5269 hiltibrandus
3371 5213 3431 5282 6,

1674 5329 1876 5386 NOTAE

219 5433 242 5458 ει
279 5417 444 5472 Πιάιι
468 5426 654 5471 contra
684 5417 982 5473 Coloniam.

222 5501 248 5529 υ
277 5487 618 5566 ςρηιρίἐρηε.

221 5571 244 5597 ε
281 5554 435 5612 Situs
459 5554 575 5628 eius
597 5571 694 5628 nec
728 5554 948 5628 Valesio
966 5570 1063 5609 uec
1089 5555 1365 5625 Bouquelo
1390 5560 1696 5628 exploratus
1720 5579 1730 5624 ;

151 5629 294 5699 quod
329 5628 375 5682 si
399 5642 501 5682 non
532 5627 870 5688 Virisiacum,
910 5625 1089 5695 νοτίῃ,
1142 5643 1306 5696 prope
1357 5625 1591 5685 Rhémos
1638 5632 1726 5694 sit,

1844 5431 1991 5476 certe
2015 5423 2068 5476 in
2098 5422 2294 5477 itinere
2321 5421 2651 5491 Compendio
2695 5421 2916 5475 Duriam
2960 5420 3330 5490 qumrendum.

1913 5492 1936 5529 ι¹
1971 5492 2026 5546 1η
2057 5491 2360 5548 conﬂuente
2397 5491 2596 5561 Lippim
2627 5502 2680 5546 et
2707 5491 2900 5546 Rheni.

1919 5574 1940 5600 ε
1970 5562 2144 5631 Pagus
2174 5565 2240 5616 ad
2270 5563 2563 5632 Loganam,
2595 5561 2869 5631 Lahngau.

1915 5632 1928 5667 ί
1969 5632 2127 5686 Poeta
2161 5634 2303 5687 Saxo
2333 5631 2397 5689 ad
2430 5634 2567 5686 hunc
2599 5648 2796 5685 annum
2829 5631 3126 5686 Rultenl'cld
3155 5637 3334 5685 vocat.
