  <div class='ocr_page' id='page_1' title='image "/cluster/home/n/w/nwhite01/storage/ocr_20150623/104/uva.x000827061/214.png"; bbox 0 0 3928 6314; ppageno 0'>
   <div class='ocr_carea' id='block_1_1' title="bbox 129 326 3375 388">
    <p class='ocr_par' dir='ltr' id='par_1_1' title="bbox 129 326 3375 388">
     <span class='ocr_line' id='line_1_1' title="bbox 129 326 3375 388; baseline 0 -1"><span class='ocrx_word' id='word_1_1' title='bbox 129 329 221 387; x_wconf 71' lang='grc'><strong>413</strong></span> <span class='ocrx_word' id='word_1_2' title='bbox 1185 329 1327 388; x_wconf 70' lang='lat' dir='ltr'><strong>CUM</strong></span> <span class='ocrx_word' id='word_1_3' title='bbox 1365 326 1962 387; x_wconf 81' lang='lat' dir='ltr'><strong>LAURISSENSIBUS</strong></span> <span class='ocrx_word' id='word_1_4' title='bbox 2000 326 2292 385; x_wconf 78' lang='lat' dir='ltr'><strong>COLl.ATl</strong></span> <span class='ocrx_word' id='word_1_5' title='bbox 2308 367 2322 382; x_wconf 95' lang='lat'><strong>.</strong></span> <span class='ocrx_word' id='word_1_6' title='bbox 3272 334 3375 388; x_wconf 66' lang='grc'><strong>611</strong></span> 
     </span>
    </p>
   </div>
   <div class='ocr_carea' id='block_1_2' title="bbox 646 444 2927 500">
    <p class='ocr_par' dir='ltr' id='par_1_2' title="bbox 646 444 2927 500">
     <span class='ocr_line' id='line_1_2' title="bbox 646 444 2927 500; baseline -0.001 -6"><span class='ocrx_word' id='word_1_7' title='bbox 646 453 880 495; x_wconf 62' lang='lat' dir='ltr'><strong>manus</strong></span> <span class='ocrx_word' id='word_1_8' title='bbox 916 452 1225 494; x_wconf 71' lang='lat' dir='ltr'><strong>mmmam.</strong></span> <span class='ocrx_word' id='word_1_9' title='bbox 1725 444 1776 500; x_wconf 81' lang='grc' dir='ltr'><strong>Α</strong></span> <span class='ocrx_word' id='word_1_10' title='bbox 2257 454 2492 492; x_wconf 62' lang='lat' dir='ltr'><strong>manus</strong></span> <span class='ocrx_word' id='word_1_11' title='bbox 2530 455 2927 496; x_wconf 74' lang='lat' dir='ltr'><strong>LAUBISSENSES.</strong></span> 
     </span>
    </p>
   </div>
   <div class='ocr_carea' id='block_1_3' title="bbox 725 527 2762 585">
    <p class='ocr_par' dir='ltr' id='par_1_3' title="bbox 725 527 2762 585">
     <span class='ocr_line' id='line_1_3' title="bbox 725 527 2762 585; baseline -0 -1"><span class='ocrx_word' id='word_1_12' title='bbox 725 528 1092 585; x_wconf 76' lang='lat' dir='ltr'><strong>DCCLXXXI.</strong></span> <span class='ocrx_word' id='word_1_13' title='bbox 2399 527 2762 584; x_wconf 80' lang='lat' dir='ltr'><strong>DCCLXXXI.</strong></span> 
     </span>
    </p>
   </div>
   <div class='ocr_carea' id='block_1_4' title="bbox 189 618 3374 693">
    <p class='ocr_par' dir='ltr' id='par_1_4' title="bbox 189 618 3374 693">
     <span class='ocr_line' id='line_1_4' title="bbox 189 618 3374 693; baseline 0.002 -18"><span class='ocrx_word' id='word_1_14' title='bbox 189 620 317 676; x_wconf 82' lang='lat' dir='ltr'><strong>lude</strong></span> <span class='ocrx_word' id='word_1_15' title='bbox 363 619 594 674; x_wconf 81' lang='lat' dir='ltr'><strong>Romam</strong></span> <span class='ocrx_word' id='word_1_16' title='bbox 653 620 897 686; x_wconf 85' lang='lat' dir='ltr'><strong>veniens,</strong></span> <span class='ocrx_word' id='word_1_17' title='bbox 949 621 1245 677; x_wconf 85' lang='lat' dir='ltr'><strong>honoriﬁce</strong></span> <span class='ocrx_word' id='word_1_18' title='bbox 1295 622 1363 678; x_wconf 93' lang='lat' dir='ltr'><strong>ab</strong></span> <span class='ocrx_word' id='word_1_19' title='bbox 1426 621 1700 676; x_wconf 80' lang='lat' dir='ltr'><strong>Hadriano</strong></span> <span class='ocrx_word' id='word_1_20' title='bbox 1871 618 1938 672; x_wconf 89' lang='lat' dir='ltr'><strong>Et</strong></span> <span class='ocrx_word' id='word_1_21' title='bbox 1973 618 2339 688; x_wconf 88' lang='lat' dir='ltr'><strong>supradictum</strong></span> <span class='ocrx_word' id='word_1_22' title='bbox 2367 619 2469 673; x_wconf 98' lang='lat' dir='ltr'><strong>iter</strong></span> <span class='ocrx_word' id='word_1_23' title='bbox 2503 633 2764 689; x_wconf 80' lang='lat' dir='ltr'><strong>peragens</strong></span> <span class='ocrx_word' id='word_1_24' title='bbox 2790 622 2829 687; x_wconf 79' lang='grc'><strong>⁷,</strong></span> <span class='ocrx_word' id='word_1_25' title='bbox 2858 620 3150 677; x_wconf 90' lang='lat' dir='ltr'><strong>celebravit</strong></span> <span class='ocrx_word' id='word_1_26' title='bbox 3175 626 3374 693; x_wconf 83' lang='lat' dir='ltr'><strong>pascha</strong></span> 
     </span>
    </p>
   </div>
   <div class='ocr_carea' id='block_1_5' title="bbox 118 709 3372 786">
    <p class='ocr_par' dir='ltr' id='par_1_5' title="bbox 118 709 3372 786">
     <span class='ocr_line' id='line_1_5' title="bbox 118 709 3372 786; baseline 0.003 -24"><span class='ocrx_word' id='word_1_27' title='bbox 118 723 256 779; x_wconf 84' lang='lat' dir='ltr'><strong>papa</strong></span> <span class='ocrx_word' id='word_1_28' title='bbox 289 718 575 778; x_wconf 86' lang='lat' dir='ltr'><strong>susceptus</strong></span> <span class='ocrx_word' id='word_1_29' title='bbox 603 717 707 765; x_wconf 89' lang='lat' dir='ltr'><strong>est.</strong></span> <span class='ocrx_word' id='word_1_30' title='bbox 750 710 766 740; x_wconf 85' lang='grc'><strong>⁷</strong></span> <span class='ocrx_word' id='word_1_31' title='bbox 815 709 883 764; x_wconf 87' lang='lat' dir='ltr'><strong>Et</strong></span> <span class='ocrx_word' id='word_1_32' title='bbox 921 725 1045 764; x_wconf 92' lang='lat' dir='ltr'><strong>cum</strong></span> <span class='ocrx_word' id='word_1_33' title='bbox 1073 711 1148 765; x_wconf 85' lang='lat' dir='ltr'><strong>ibi</strong></span> <span class='ocrx_word' id='word_1_34' title='bbox 1204 720 1450 766; x_wconf 87' lang='lat' dir='ltr'><strong>sanctum</strong></span> <span class='ocrx_word' id='word_1_35' title='bbox 1500 710 1700 780; x_wconf 86' lang='lat' dir='ltr'><strong>pascha</strong></span> <span class='ocrx_word' id='word_1_36' title='bbox 1800 711 1854 765; x_wconf 94' lang='lat' dir='ltr'><strong>in</strong></span> <span class='ocrx_word' id='word_1_37' title='bbox 1887 709 2076 764; x_wconf 84' lang='lat' dir='ltr'><strong>Roma.</strong></span> <span class='ocrx_word' id='word_1_38' title='bbox 2111 711 2177 764; x_wconf 85' lang='lat' dir='ltr'><strong>Et</strong></span> <span class='ocrx_word' id='word_1_39' title='bbox 2207 711 2278 766; x_wconf 90' lang='lat' dir='ltr'><strong>ibi</strong></span> <span class='ocrx_word' id='word_1_40' title='bbox 2313 712 2613 781; x_wconf 77' lang='lat' dir='ltr'><strong>baptizatus</strong></span> <span class='ocrx_word' id='word_1_41' title='bbox 2648 722 2732 767; x_wconf 90' lang='lat' dir='ltr'><strong>est</strong></span> <span class='ocrx_word' id='word_1_42' title='bbox 2765 715 2784 747; x_wconf 85' lang='grc'><em>³</em></span> <span class='ocrx_word' id='word_1_43' title='bbox 2830 714 3057 769; x_wconf 89' lang='lat' dir='ltr'><strong>domnus</strong></span> <span class='ocrx_word' id='word_1_44' title='bbox 3087 715 3372 786; x_wconf 85' lang='lat' dir='ltr'><strong>Pippinus,</strong></span> 
     </span>
    </p>
   </div>
   <div class='ocr_carea' id='block_1_6' title="bbox 117 799 3378 876">
    <p class='ocr_par' dir='ltr' id='par_1_6' title="bbox 117 799 3378 876">
     <span class='ocr_line' id='line_1_6' title="bbox 117 799 3378 876; baseline 0.003 -23"><span class='ocrx_word' id='word_1_45' title='bbox 117 799 440 862; x_wconf 77' lang='lat' dir='ltr'><strong>celebraret,</strong></span> <span class='ocrx_word' id='word_1_46' title='bbox 472 800 766 870; x_wconf 70' lang='lat' dir='ltr'><strong>baptizavit</strong></span> <span class='ocrx_word' id='word_1_47' title='bbox 788 800 930 854; x_wconf 89' lang='lat' dir='ltr'><strong>idem</strong></span> <span class='ocrx_word' id='word_1_48' title='bbox 957 800 1198 871; x_wconf 76' lang='lat' dir='ltr'><strong>pontifex</strong></span> <span class='ocrx_word' id='word_1_49' title='bbox 1224 800 1392 856; x_wconf 91' lang='lat' dir='ltr'><strong>ﬁlium</strong></span> <span class='ocrx_word' id='word_1_50' title='bbox 1416 801 1531 856; x_wconf 91' lang='lat' dir='ltr'><strong>eius</strong></span> <span class='ocrx_word' id='word_1_51' title='bbox 1576 801 1701 871; x_wconf 90' lang='lat' dir='ltr'><strong>Pip—</strong></span> <span class='ocrx_word' id='word_1_52' title='bbox 1802 800 1945 856; x_wconf 88' lang='lat' dir='ltr'><strong>ﬁlius</strong></span> <span class='ocrx_word' id='word_1_53' title='bbox 1993 802 2352 871; x_wconf 87' lang='lat' dir='ltr'><strong>supratitulati</strong></span> <span class='ocrx_word' id='word_1_54' title='bbox 2381 802 2400 833; x_wconf 86' lang='grc'><em>³</em></span> <span class='ocrx_word' id='word_1_55' title='bbox 2433 803 2613 857; x_wconf 91' lang='lat' dir='ltr'><strong>domui</strong></span> <span class='ocrx_word' id='word_1_56' title='bbox 2655 802 2834 859; x_wconf 84' lang='lat' dir='ltr'><strong>Caroli</strong></span> <span class='ocrx_word' id='word_1_57' title='bbox 2873 805 3054 876; x_wconf 87' lang='lat' dir='ltr'><strong>magni</strong></span> <span class='ocrx_word' id='word_1_58' title='bbox 3100 805 3278 876; x_wconf 86' lang='lat' dir='ltr'><strong>regis,</strong></span> <span class='ocrx_word' id='word_1_59' title='bbox 3308 809 3378 863; x_wconf 83' lang='lat' dir='ltr'><strong>ab</strong></span> 
     </span>
    </p>
   </div>
   <div class='ocr_carea' id='block_1_7' title="bbox 116 889 3377 963">
    <p class='ocr_par' dir='ltr' id='par_1_7' title="bbox 116 889 3377 963">
     <span class='ocr_line' id='line_1_7' title="bbox 116 889 3377 963; baseline 0.003 -21"><span class='ocrx_word' id='word_1_60' title='bbox 116 889 306 958; x_wconf 87' lang='lat' dir='ltr'><strong>pinum</strong></span> <span class='ocrx_word' id='word_1_61' title='bbox 336 889 380 953; x_wconf 81' lang='lat'><strong>&#39;,</strong></span> <span class='ocrx_word' id='word_1_62' title='bbox 416 891 677 958; x_wconf 87' lang='lat' dir='ltr'><strong>unxitque</strong></span> <span class='ocrx_word' id='word_1_63' title='bbox 706 905 830 944; x_wconf 91' lang='lat' dir='ltr'><strong>eum</strong></span> <span class='ocrx_word' id='word_1_64' title='bbox 863 889 884 921; x_wconf 90' lang='grc'>³</span> <span class='ocrx_word' id='word_1_65' title='bbox 903 891 963 944; x_wconf 86' lang='lat' dir='ltr'><strong>in</strong></span> <span class='ocrx_word' id='word_1_66' title='bbox 999 906 1204 961; x_wconf 89' lang='lat' dir='ltr'><strong>regem.</strong></span> <span class='ocrx_word' id='word_1_67' title='bbox 1259 891 1426 947; x_wconf 87' lang='lat' dir='ltr'><strong>Unxit</strong></span> <span class='ocrx_word' id='word_1_68' title='bbox 1450 892 1616 946; x_wconf 90' lang='lat' dir='ltr'><strong>etiam</strong></span> <span class='ocrx_word' id='word_1_69' title='bbox 1645 898 1702 945; x_wconf 89' lang='lat' dir='ltr'><strong>et</strong></span> <span class='ocrx_word' id='word_1_70' title='bbox 1799 892 2038 948; x_wconf 80' lang='lat' dir='ltr'><strong>Adriano</strong></span> <span class='ocrx_word' id='word_1_71' title='bbox 2063 908 2224 963; x_wconf 90' lang='lat' dir='ltr'><strong>papa,</strong></span> <span class='ocrx_word' id='word_1_72' title='bbox 2264 893 2357 963; x_wconf 92' lang='lat' dir='ltr'><strong>qui</strong></span> <span class='ocrx_word' id='word_1_73' title='bbox 2390 901 2445 948; x_wconf 91' lang='lat' dir='ltr'><strong>et</strong></span> <span class='ocrx_word' id='word_1_74' title='bbox 2473 893 2586 962; x_wconf 87' lang='lat' dir='ltr'><strong>ipse</strong></span> <span class='ocrx_word' id='word_1_75' title='bbox 2611 909 2735 948; x_wconf 87' lang='lat' dir='ltr'><strong>eum</strong></span> <span class='ocrx_word' id='word_1_76' title='bbox 2760 895 2781 925; x_wconf 76' lang='grc'>⁸</span> <span class='ocrx_word' id='word_1_77' title='bbox 2809 895 2875 949; x_wconf 87' lang='lat' dir='ltr'><strong>de</strong></span> <span class='ocrx_word' id='word_1_78' title='bbox 2904 911 3059 951; x_wconf 92' lang='lat' dir='ltr'><strong>sacro</strong></span> <span class='ocrx_word' id='word_1_79' title='bbox 3083 895 3232 953; x_wconf 78' lang='lat' dir='ltr'><strong>fonte</strong></span> <span class='ocrx_word' id='word_1_80' title='bbox 3259 913 3377 953; x_wconf 89' lang='lat' dir='ltr'><strong>sus-</strong></span> 
     </span>
    </p>
   </div>
   <div class='ocr_carea' id='block_1_8' title="bbox 117 980 3374 1059">
    <p class='ocr_par' dir='ltr' id='par_1_8' title="bbox 117 980 3374 1059">
     <span class='ocr_line' id='line_1_8' title="bbox 117 980 3374 1059; baseline 0.002 -25"><span class='ocrx_word' id='word_1_81' title='bbox 117 980 494 1037; x_wconf 82' lang='lat' dir='ltr'><strong>Hludewicum</strong></span> <span class='ocrx_word' id='word_1_82' title='bbox 537 981 560 1012; x_wconf 72' lang='grc'>⁸</span> <span class='ocrx_word' id='word_1_83' title='bbox 589 981 812 1036; x_wconf 76' lang='lat' dir='ltr'><strong>fratrem</strong></span> <span class='ocrx_word' id='word_1_84' title='bbox 870 983 1009 1047; x_wconf 90' lang='lat' dir='ltr'><strong>eius,</strong></span> <span class='ocrx_word' id='word_1_85' title='bbox 1061 983 1258 1052; x_wconf 85' lang='lat' dir='ltr'><strong>quibus</strong></span> <span class='ocrx_word' id='word_1_86' title='bbox 1296 991 1356 1059; x_wconf 64' lang='lat' dir='ltr'><strong>et</strong></span> <span class='ocrx_word' id='word_1_87' title='bbox 1383 997 1638 1038; x_wconf 87' lang='lat' dir='ltr'><strong>coronam</strong></span> <span class='ocrx_word' id='word_1_88' title='bbox 1678 982 1700 1013; x_wconf 82' lang='lat'><strong>&#39;</strong></span> <span class='ocrx_word' id='word_1_89' title='bbox 1799 984 1963 1054; x_wconf 87' lang='lat' dir='ltr'><strong>cepit,</strong></span> <span class='ocrx_word' id='word_1_90' title='bbox 1989 991 2045 1038; x_wconf 90' lang='lat' dir='ltr'><strong>et</strong></span> <span class='ocrx_word' id='word_1_91' title='bbox 2087 984 2194 1038; x_wconf 92' lang='lat' dir='ltr'><strong>duo</strong></span> <span class='ocrx_word' id='word_1_92' title='bbox 2225 983 2317 1038; x_wconf 91' lang='lat' dir='ltr'><strong>ﬁlii</strong></span> <span class='ocrx_word' id='word_1_93' title='bbox 2345 984 2640 1054; x_wconf 85' lang='lat' dir='ltr'><strong>supradicti</strong></span> <span class='ocrx_word' id='word_1_94' title='bbox 2683 984 2864 1039; x_wconf 87' lang='lat' dir='ltr'><strong>domui</strong></span> <span class='ocrx_word' id='word_1_95' title='bbox 2905 984 3081 1040; x_wconf 88' lang='lat' dir='ltr'><strong>Caroli</strong></span> <span class='ocrx_word' id='word_1_96' title='bbox 3119 987 3260 1058; x_wconf 88' lang='lat' dir='ltr'><strong>regis</strong></span> <span class='ocrx_word' id='word_1_97' title='bbox 3290 987 3374 1042; x_wconf 86' lang='lat' dir='ltr'><strong>in—</strong></span> 
     </span>
    </p>
   </div>
   <div class='ocr_carea' id='block_1_9' title="bbox 117 1071 3376 1147">
    <p class='ocr_par' dir='ltr' id='par_1_9' title="bbox 117 1071 3376 1147">
     <span class='ocr_line' id='line_1_9' title="bbox 117 1071 3376 1147; baseline 0.003 -22"><span class='ocrx_word' id='word_1_98' title='bbox 117 1071 376 1142; x_wconf 89' lang='lat' dir='ltr'><strong>inposnit.</strong></span> <span class='ocrx_word' id='word_1_99' title='bbox 408 1071 646 1139; x_wconf 87' lang='lat' dir='ltr'><strong>Quorum</strong></span> <span class='ocrx_word' id='word_1_100' title='bbox 675 1074 871 1138; x_wconf 89' lang='lat' dir='ltr'><strong>maior,</strong></span> <span class='ocrx_word' id='word_1_101' title='bbox 897 1073 952 1128; x_wconf 90' lang='lat' dir='ltr'><strong>id</strong></span> <span class='ocrx_word' id='word_1_102' title='bbox 978 1082 1063 1129; x_wconf 90' lang='lat' dir='ltr'><strong>est</strong></span> <span class='ocrx_word' id='word_1_103' title='bbox 1087 1074 1368 1144; x_wconf 87' lang='lat' dir='ltr'><strong>Pippinus,</strong></span> <span class='ocrx_word' id='word_1_104' title='bbox 1399 1075 1454 1128; x_wconf 92' lang='lat' dir='ltr'><strong>in</strong></span> <span class='ocrx_word' id='word_1_105' title='bbox 1488 1075 1699 1144; x_wconf 88' lang='lat' dir='ltr'><strong>Lango-</strong></span> <span class='ocrx_word' id='word_1_106' title='bbox 1800 1075 1952 1130; x_wconf 88' lang='lat' dir='ltr'><strong>uncti</strong></span> <span class='ocrx_word' id='word_1_107' title='bbox 1978 1075 1998 1106; x_wconf 88' lang='lat'><strong>&#39;</strong></span> <span class='ocrx_word' id='word_1_108' title='bbox 2026 1083 2154 1129; x_wconf 86' lang='lat' dir='ltr'><strong>sunt</strong></span> <span class='ocrx_word' id='word_1_109' title='bbox 2182 1075 2249 1130; x_wconf 88' lang='lat' dir='ltr'><strong>ad</strong></span> <span class='ocrx_word' id='word_1_110' title='bbox 2295 1090 2475 1146; x_wconf 88' lang='lat' dir='ltr'><strong>regem</strong></span> <span class='ocrx_word' id='word_1_111' title='bbox 2514 1076 2535 1107; x_wconf 84' lang='grc'>⁸</span> <span class='ocrx_word' id='word_1_112' title='bbox 2565 1094 2595 1130; x_wconf 89' lang='lat' dir='ltr'><strong>a</strong></span> <span class='ocrx_word' id='word_1_113' title='bbox 2635 1077 2944 1147; x_wconf 87' lang='lat' dir='ltr'><strong>supradicto</strong></span> <span class='ocrx_word' id='word_1_114' title='bbox 2979 1078 3268 1146; x_wconf 89' lang='lat' dir='ltr'><strong>pontiﬁce;</strong></span> <span class='ocrx_word' id='word_1_115' title='bbox 3300 1079 3376 1136; x_wconf 88' lang='lat' dir='ltr'><strong>hii</strong></span> 
     </span>
    </p>
   </div>
   <div class='ocr_carea' id='block_1_10' title="bbox 117 1161 3376 1237">
    <p class='ocr_par' dir='ltr' id='par_1_10' title="bbox 117 1161 3376 1237">
     <span class='ocr_line' id='line_1_10' title="bbox 117 1161 3376 1237; baseline 0.002 -20"><span class='ocrx_word' id='word_1_116' title='bbox 117 1161 332 1225; x_wconf 78' lang='lat' dir='ltr'><strong>bardia,</strong></span> <span class='ocrx_word' id='word_1_117' title='bbox 356 1161 535 1217; x_wconf 90' lang='lat' dir='ltr'><strong>minor</strong></span> <span class='ocrx_word' id='word_1_118' title='bbox 561 1175 712 1226; x_wconf 88' lang='lat' dir='ltr'><strong>vero,</strong></span> <span class='ocrx_word' id='word_1_119' title='bbox 736 1162 790 1217; x_wconf 90' lang='lat' dir='ltr'><strong>id</strong></span> <span class='ocrx_word' id='word_1_120' title='bbox 832 1170 917 1217; x_wconf 89' lang='lat' dir='ltr'><strong>est</strong></span> <span class='ocrx_word' id='word_1_121' title='bbox 959 1161 1302 1218; x_wconf 82' lang='lat' dir='ltr'><strong>Hludewicus</strong></span> <span class='ocrx_word' id='word_1_122' title='bbox 1334 1163 1377 1229; x_wconf 81' lang='grc'><strong>⁸,</strong></span> <span class='ocrx_word' id='word_1_123' title='bbox 1424 1164 1478 1218; x_wconf 92' lang='lat' dir='ltr'><strong>in</strong></span> <span class='ocrx_word' id='word_1_124' title='bbox 1532 1164 1700 1232; x_wconf 79' lang='lat' dir='ltr'><strong>Aqul-</strong></span> <span class='ocrx_word' id='word_1_125' title='bbox 1799 1175 1926 1221; x_wconf 90' lang='lat' dir='ltr'><strong>sunt</strong></span> <span class='ocrx_word' id='word_1_126' title='bbox 1964 1167 2192 1221; x_wconf 90' lang='lat' dir='ltr'><strong>domnus</strong></span> <span class='ocrx_word' id='word_1_127' title='bbox 2217 1166 2473 1237; x_wconf 90' lang='lat' dir='ltr'><strong>Pippinus</strong></span> <span class='ocrx_word' id='word_1_128' title='bbox 2510 1177 2565 1222; x_wconf 91' lang='lat' dir='ltr'><strong>et</strong></span> <span class='ocrx_word' id='word_1_129' title='bbox 2599 1168 2828 1224; x_wconf 89' lang='lat' dir='ltr'><strong>domnus</strong></span> <span class='ocrx_word' id='word_1_130' title='bbox 2870 1167 3213 1224; x_wconf 81' lang='lat' dir='ltr'><strong>Hludowicus</strong></span> <span class='ocrx_word' id='word_1_131' title='bbox 3236 1170 3257 1201; x_wconf 99' lang='grc'><strong>⁷</strong></span> <span class='ocrx_word' id='word_1_132' title='bbox 3291 1185 3376 1224; x_wconf 84' lang='lat' dir='ltr'><strong>re-</strong></span> 
     </span>
    </p>
   </div>
   <div class='ocr_carea' id='block_1_11' title="bbox 119 1253 3376 1327">
    <p class='ocr_par' dir='ltr' id='par_1_11' title="bbox 119 1253 3376 1327">
     <span class='ocr_line' id='line_1_11' title="bbox 119 1253 3376 1327; baseline 0.003 -21"><span class='ocrx_word' id='word_1_133' title='bbox 119 1253 270 1307; x_wconf 81' lang='lat' dir='ltr'><strong>tania</strong></span> <span class='ocrx_word' id='word_1_134' title='bbox 298 1267 394 1307; x_wconf 90' lang='lat' dir='ltr'><strong>rex</strong></span> <span class='ocrx_word' id='word_1_135' title='bbox 423 1255 750 1309; x_wconf 86' lang='lat' dir='ltr'><strong>constitutus</strong></span> <span class='ocrx_word' id='word_1_136' title='bbox 774 1263 878 1309; x_wconf 92' lang='lat' dir='ltr'><strong>est.</strong></span> <span class='ocrx_word' id='word_1_137' title='bbox 903 1253 1050 1325; x_wconf 87' lang='lat' dir='ltr'><strong>Rege</strong></span> <span class='ocrx_word' id='word_1_138' title='bbox 1075 1270 1208 1310; x_wconf 89' lang='lat' dir='ltr'><strong>vero</strong></span> <span class='ocrx_word' id='word_1_139' title='bbox 1231 1255 1403 1310; x_wconf 80' lang='lat' dir='ltr'><strong>Roma</strong></span> <span class='ocrx_word' id='word_1_140' title='bbox 1456 1255 1701 1327; x_wconf 89' lang='lat' dir='ltr'><strong>digresso</strong></span> <span class='ocrx_word' id='word_1_141' title='bbox 1798 1273 1928 1327; x_wconf 83' lang='lat' dir='ltr'><strong>ges;</strong></span> <span class='ocrx_word' id='word_1_142' title='bbox 1966 1257 2196 1312; x_wconf 84' lang='lat' dir='ltr'><strong>domnus</strong></span> <span class='ocrx_word' id='word_1_143' title='bbox 2218 1257 2474 1327; x_wconf 86' lang='lat' dir='ltr'><strong>Pippinus</strong></span> <span class='ocrx_word' id='word_1_144' title='bbox 2502 1273 2597 1312; x_wconf 87' lang='lat' dir='ltr'><strong>rex</strong></span> <span class='ocrx_word' id='word_1_145' title='bbox 2636 1259 2657 1291; x_wconf 84' lang='grc'>⁸</span> <span class='ocrx_word' id='word_1_146' title='bbox 2699 1259 2752 1313; x_wconf 90' lang='lat' dir='ltr'><strong>iu</strong></span> <span class='ocrx_word' id='word_1_147' title='bbox 2778 1259 3018 1324; x_wconf 84' lang='lat' dir='ltr'><strong>Italiam,</strong></span> <span class='ocrx_word' id='word_1_148' title='bbox 3054 1267 3110 1314; x_wconf 94' lang='lat' dir='ltr'><strong>et</strong></span> <span class='ocrx_word' id='word_1_149' title='bbox 3142 1259 3376 1316; x_wconf 90' lang='lat' dir='ltr'><strong>domnus</strong></span> 
     </span>
    </p>
   </div>
   <div class='ocr_carea' id='block_1_12' title="bbox 115 1334 3379 1414">
    <p class='ocr_par' dir='ltr' id='par_1_12' title="bbox 115 1334 3379 1414">
     <span class='ocr_line' id='line_1_12' title="bbox 115 1334 3379 1414; baseline 0.002 -18"><span class='ocrx_word' id='word_1_150' title='bbox 115 1357 180 1397; x_wconf 92' lang='lat' dir='ltr'><strong>ac</strong></span> <span class='ocrx_word' id='word_1_151' title='bbox 228 1341 588 1398; x_wconf 75' lang='lat' dir='ltr'><strong>Mediolanum</strong></span> <span class='ocrx_word' id='word_1_152' title='bbox 639 1344 911 1410; x_wconf 82' lang='lat' dir='ltr'><strong>veniente,</strong></span> <span class='ocrx_word' id='word_1_153' title='bbox 965 1344 1203 1400; x_wconf 86' lang='lat' dir='ltr'><strong>Thomas</strong></span> <span class='ocrx_word' id='word_1_154' title='bbox 1252 1334 1494 1400; x_wconf 86' lang='lat' dir='ltr'><strong>eiusdem</strong></span> <span class='ocrx_word' id='word_1_155' title='bbox 1547 1345 1699 1400; x_wconf 86' lang='lat' dir='ltr'><strong>urbis</strong></span> <span class='ocrx_word' id='word_1_156' title='bbox 1799 1345 2142 1402; x_wconf 84' lang='lat' dir='ltr'><strong>Hludowicus</strong></span> <span class='ocrx_word' id='word_1_157' title='bbox 2165 1360 2261 1400; x_wconf 85' lang='lat' dir='ltr'><strong>rex</strong></span> <span class='ocrx_word' id='word_1_158' title='bbox 2288 1346 2341 1399; x_wconf 89' lang='lat' dir='ltr'><strong>in</strong></span> <span class='ocrx_word' id='word_1_159' title='bbox 2366 1346 2772 1414; x_wconf 86' lang='lat' dir='ltr'><strong>Aquitaniam’.</strong></span> <span class='ocrx_word' id='word_1_160' title='bbox 2810 1347 2878 1401; x_wconf 87' lang='lat' dir='ltr'><strong>Et</strong></span> <span class='ocrx_word' id='word_1_161' title='bbox 2918 1347 3041 1403; x_wconf 88' lang='lat' dir='ltr'><strong>inde</strong></span> <span class='ocrx_word' id='word_1_162' title='bbox 3070 1355 3379 1404; x_wconf 84' lang='lat' dir='ltr'><strong>revertente</strong></span> 
     </span>
    </p>
   </div>
   <div class='ocr_carea' id='block_1_13' title="bbox 115 1435 3374 1508">
    <p class='ocr_par' dir='ltr' id='par_1_13' title="bbox 115 1435 3374 1508">
     <span class='ocr_line' id='line_1_13' title="bbox 115 1435 3374 1508; baseline 0.001 -20"><span class='ocrx_word' id='word_1_163' title='bbox 115 1435 557 1506; x_wconf 85' lang='lat' dir='ltr'><strong>archiepiscopus</strong></span> <span class='ocrx_word' id='word_1_164' title='bbox 588 1437 608 1468; x_wconf 94' lang='grc'><strong>⁷</strong></span> <span class='ocrx_word' id='word_1_165' title='bbox 637 1437 936 1506; x_wconf 83' lang='lat' dir='ltr'><strong>baptizavit</strong></span> <span class='ocrx_word' id='word_1_166' title='bbox 982 1436 1056 1491; x_wconf 91' lang='lat' dir='ltr'><strong>ibi</strong></span> <span class='ocrx_word' id='word_1_167' title='bbox 1100 1436 1268 1490; x_wconf 77' lang='lat' dir='ltr'><strong>ﬁliam</strong></span> <span class='ocrx_word' id='word_1_168' title='bbox 1312 1437 1431 1492; x_wconf 91' lang='lat' dir='ltr'><strong>eius</strong></span> <span class='ocrx_word' id='word_1_169' title='bbox 1479 1435 1699 1490; x_wconf 82' lang='lat' dir='ltr'><strong>nomine</strong></span> <span class='ocrx_word' id='word_1_170' title='bbox 1797 1436 1992 1492; x_wconf 89' lang='lat' dir='ltr'><strong>domno</strong></span> <span class='ocrx_word' id='word_1_171' title='bbox 2021 1435 2216 1492; x_wconf 84' lang='lat' dir='ltr'><strong>Carolo</strong></span> <span class='ocrx_word' id='word_1_172' title='bbox 2255 1451 2411 1507; x_wconf 88' lang='lat' dir='ltr'><strong>rege,</strong></span> <span class='ocrx_word' id='word_1_173' title='bbox 2442 1435 2752 1490; x_wconf 81' lang='lat' dir='ltr'><strong>Mediolanis</strong></span> <span class='ocrx_word' id='word_1_174' title='bbox 2781 1437 3000 1492; x_wconf 84' lang='lat' dir='ltr'><strong>civitate</strong></span> <span class='ocrx_word' id='word_1_175' title='bbox 3035 1437 3076 1468; x_wconf 80' lang='lat'>“</span> <span class='ocrx_word' id='word_1_176' title='bbox 3105 1438 3374 1508; x_wconf 83' lang='lat' dir='ltr'><strong>pervenit,</strong></span> 
     </span>
    </p>
   </div>
   <div class='ocr_carea' id='block_1_14' title="bbox 115 1523 3373 1596">
    <p class='ocr_par' dir='ltr' id='par_1_14' title="bbox 115 1523 3373 1596">
     <span class='ocr_line' id='line_1_14' title="bbox 115 1523 3373 1596; baseline 0.001 -18"><span class='ocrx_word' id='word_1_177' title='bbox 115 1523 394 1591; x_wconf 33' lang='lat' dir='ltr'><strong>Gislamv&#39;,</strong></span> <span class='ocrx_word' id='word_1_178' title='bbox 427 1535 483 1580; x_wconf 92' lang='lat' dir='ltr'><strong>et</strong></span> <span class='ocrx_word' id='word_1_179' title='bbox 527 1526 593 1581; x_wconf 92' lang='lat' dir='ltr'><strong>de</strong></span> <span class='ocrx_word' id='word_1_180' title='bbox 622 1541 781 1584; x_wconf 87' lang='lat' dir='ltr'><strong>sacro</strong></span> <span class='ocrx_word' id='word_1_181' title='bbox 803 1524 950 1581; x_wconf 81' lang='lat' dir='ltr'><strong>fonte</strong></span> <span class='ocrx_word' id='word_1_182' title='bbox 975 1526 1232 1596; x_wconf 80' lang='lat' dir='ltr'><strong>suscepit.</strong></span> <span class='ocrx_word' id='word_1_183' title='bbox 1266 1524 1474 1592; x_wconf 81' lang='lat' dir='ltr'><strong>Quibus</strong></span> <span class='ocrx_word' id='word_1_184' title='bbox 1507 1523 1694 1595; x_wconf 85' lang='lat' dir='ltr'><strong>gestis,</strong></span> <span class='ocrx_word' id='word_1_185' title='bbox 1796 1534 1852 1580; x_wconf 89' lang='lat' dir='ltr'><strong>et</strong></span> <span class='ocrx_word' id='word_1_186' title='bbox 1875 1525 1947 1580; x_wconf 92' lang='lat' dir='ltr'><strong>ibi</strong></span> <span class='ocrx_word' id='word_1_187' title='bbox 1976 1525 2249 1595; x_wconf 81' lang='lat' dir='ltr'><strong>baptizata</strong></span> <span class='ocrx_word' id='word_1_188' title='bbox 2276 1533 2359 1580; x_wconf 90' lang='lat' dir='ltr'><strong>est</strong></span> <span class='ocrx_word' id='word_1_189' title='bbox 2397 1524 2508 1578; x_wconf 88' lang='lat' dir='ltr'><strong>ﬁlia</strong></span> <span class='ocrx_word' id='word_1_190' title='bbox 2543 1525 2659 1580; x_wconf 90' lang='lat' dir='ltr'><strong>eius</strong></span> <span class='ocrx_word' id='word_1_191' title='bbox 2686 1525 2880 1580; x_wconf 89' lang='lat' dir='ltr'><strong>domna</strong></span> <span class='ocrx_word' id='word_1_192' title='bbox 2907 1525 3090 1582; x_wconf 85' lang='lat' dir='ltr'><strong>Gisola</strong></span> <span class='ocrx_word' id='word_1_193' title='bbox 3121 1527 3162 1557; x_wconf 85' lang='grc'><strong>¹¹</strong></span> <span class='ocrx_word' id='word_1_194' title='bbox 3192 1527 3260 1582; x_wconf 89' lang='lat' dir='ltr'><strong>ab</strong></span> <span class='ocrx_word' id='word_1_195' title='bbox 3287 1543 3373 1582; x_wconf 88' lang='lat' dir='ltr'><strong>ar-</strong></span> 
     </span>
    </p>
   </div>
   <div class='ocr_carea' id='block_1_15' title="bbox 115 1614 3376 1686">
    <p class='ocr_par' dir='ltr' id='par_1_15' title="bbox 115 1614 3376 1686">
     <span class='ocr_line' id='line_1_15' title="bbox 115 1614 3376 1686; baseline 0 -16"><span class='ocrx_word' id='word_1_196' title='bbox 115 1617 167 1670; x_wconf 92' lang='lat' dir='ltr'><strong>in</strong></span> <span class='ocrx_word' id='word_1_197' title='bbox 196 1615 489 1671; x_wconf 79' lang='lat' dir='ltr'><strong>Franciam</strong></span> <span class='ocrx_word' id='word_1_198' title='bbox 533 1632 785 1673; x_wconf 77' lang='lat' dir='ltr'><strong>reversus</strong></span> <span class='ocrx_word' id='word_1_199' title='bbox 823 1626 924 1674; x_wconf 89' lang='lat' dir='ltr'><strong>est.</strong></span> <span class='ocrx_word' id='word_1_200' title='bbox 967 1616 1076 1672; x_wconf 87' lang='lat' dir='ltr'><strong>Sed</strong></span> <span class='ocrx_word' id='word_1_201' title='bbox 1112 1632 1235 1672; x_wconf 91' lang='lat' dir='ltr'><strong>cum</strong></span> <span class='ocrx_word' id='word_1_202' title='bbox 1289 1618 1494 1677; x_wconf 79' lang='lat' dir='ltr'><strong>Romae</strong></span> <span class='ocrx_word' id='word_1_203' title='bbox 1523 1623 1694 1682; x_wconf 88' lang='lat' dir='ltr'><strong>esset,</strong></span> <span class='ocrx_word' id='word_1_204' title='bbox 1797 1615 2137 1684; x_wconf 87' lang='lat' dir='ltr'><strong>chiepiscopo</strong></span> <span class='ocrx_word' id='word_1_205' title='bbox 2162 1614 2381 1670; x_wconf 90' lang='lat' dir='ltr'><strong>nomine</strong></span> <span class='ocrx_word' id='word_1_206' title='bbox 2406 1615 2611 1669; x_wconf 85' lang='lat' dir='ltr'><strong>Thema</strong></span> <span class='ocrx_word' id='word_1_207' title='bbox 2641 1615 2705 1680; x_wconf 85' lang='lat'><strong>&quot;,</strong></span> <span class='ocrx_word' id='word_1_208' title='bbox 2737 1615 2828 1684; x_wconf 86' lang='lat' dir='ltr'><strong>qui</strong></span> <span class='ocrx_word' id='word_1_209' title='bbox 2866 1623 2922 1670; x_wconf 92' lang='lat' dir='ltr'><strong>et</strong></span> <span class='ocrx_word' id='word_1_210' title='bbox 2943 1615 3057 1686; x_wconf 85' lang='lat' dir='ltr'><strong>ipse</strong></span> <span class='ocrx_word' id='word_1_211' title='bbox 3083 1631 3203 1671; x_wconf 90' lang='lat' dir='ltr'><strong>eam</strong></span> <span class='ocrx_word' id='word_1_212' title='bbox 3233 1633 3262 1671; x_wconf 90' lang='lat' dir='ltr'><strong>a</strong></span> <span class='ocrx_word' id='word_1_213' title='bbox 3288 1633 3376 1672; x_wconf 87' lang='lat' dir='ltr'><strong>sa-</strong></span> 
     </span>
    </p>
   </div>
   <div class='ocr_carea' id='block_1_16' title="bbox 109 1706 3378 1779">
    <p class='ocr_par' dir='ltr' id='par_1_16' title="bbox 109 1706 3378 1779">
     <span class='ocr_line' id='line_1_16' title="bbox 109 1706 3378 1779; baseline 0 -17"><span class='ocrx_word' id='word_1_214' title='bbox 109 1708 370 1763; x_wconf 75' lang='lat' dir='ltr'><strong>tonvenit</strong></span> <span class='ocrx_word' id='word_1_215' title='bbox 394 1709 536 1763; x_wconf 91' lang='lat' dir='ltr'><strong>inter</strong></span> <span class='ocrx_word' id='word_1_216' title='bbox 560 1710 737 1779; x_wconf 89' lang='lat' dir='ltr'><strong>ipsum</strong></span> <span class='ocrx_word' id='word_1_217' title='bbox 776 1718 938 1779; x_wconf 86' lang='lat' dir='ltr'><strong>atque</strong></span> <span class='ocrx_word' id='word_1_218' title='bbox 985 1709 1315 1765; x_wconf 82' lang='lat' dir='ltr'><strong>Hadrianum</strong></span> <span class='ocrx_word' id='word_1_219' title='bbox 1357 1709 1691 1779; x_wconf 82' lang='lat' dir='ltr'><strong>pontiﬁcem,</strong></span> <span class='ocrx_word' id='word_1_220' title='bbox 1796 1720 1891 1760; x_wconf 86' lang='lat' dir='ltr'><strong>cro</strong></span> <span class='ocrx_word' id='word_1_221' title='bbox 1914 1706 2239 1774; x_wconf 87' lang='lat' dir='ltr'><strong>baptismate</strong></span> <span class='ocrx_word' id='word_1_222' title='bbox 2268 1706 2310 1738; x_wconf 77' lang='grc'>⁸⁸</span> <span class='ocrx_word' id='word_1_223' title='bbox 2341 1707 2590 1762; x_wconf 90' lang='lat' dir='ltr'><strong>manibus</strong></span> <span class='ocrx_word' id='word_1_224' title='bbox 2619 1707 2855 1777; x_wconf 88' lang='lat' dir='ltr'><strong>suscepit</strong></span> <span class='ocrx_word' id='word_1_225' title='bbox 2880 1707 2943 1760; x_wconf 75' lang='lat'><strong>“.</strong></span> <span class='ocrx_word' id='word_1_226' title='bbox 2968 1707 3035 1763; x_wconf 85' lang='lat' dir='ltr'><strong>Et</strong></span> <span class='ocrx_word' id='word_1_227' title='bbox 3060 1709 3127 1764; x_wconf 89' lang='lat' dir='ltr'><strong>ab</strong></span> <span class='ocrx_word' id='word_1_228' title='bbox 3151 1708 3276 1764; x_wconf 90' lang='lat' dir='ltr'><strong>inde</strong></span> <span class='ocrx_word' id='word_1_229' title='bbox 3296 1722 3378 1762; x_wconf 75' lang='lat' dir='ltr'><strong>re—</strong></span> 
     </span>
    </p>
   </div>
   <div class='ocr_carea' id='block_1_17' title="bbox 114 1780 3378 1867">
    <p class='ocr_par' dir='ltr' id='par_1_17' title="bbox 114 1780 3378 1867">
     <span class='ocr_line' id='line_1_17' title="bbox 114 1780 3378 1867; baseline 0.001 -15"><span class='ocrx_word' id='word_1_230' title='bbox 114 1807 172 1852; x_wconf 92' lang='lat' dir='ltr'><strong>ut</strong></span> <span class='ocrx_word' id='word_1_231' title='bbox 195 1797 361 1853; x_wconf 84' lang='lat' dir='ltr'><strong>simul</strong></span> <span class='ocrx_word' id='word_1_232' title='bbox 387 1797 590 1867; x_wconf 87' lang='lat' dir='ltr'><strong>legatos</strong></span> <span class='ocrx_word' id='word_1_233' title='bbox 609 1800 896 1854; x_wconf 83' lang='lat' dir='ltr'><strong>mitterent</strong></span> <span class='ocrx_word' id='word_1_234' title='bbox 924 1800 994 1855; x_wconf 88' lang='lat' dir='ltr'><strong>ad</strong></span> <span class='ocrx_word' id='word_1_235' title='bbox 1027 1798 1366 1854; x_wconf 87' lang='lat' dir='ltr'><strong>Tassilonem</strong></span> <span class='ocrx_word' id='word_1_236' title='bbox 1413 1798 1695 1853; x_wconf 84' lang='lat' dir='ltr'><strong>Baioariae</strong></span> <span class='ocrx_word' id='word_1_237' title='bbox 1724 1780 1772 1838; x_wconf 84' lang='grc' dir='ltr'><strong>Β</strong></span> <span class='ocrx_word' id='word_1_238' title='bbox 1799 1808 1991 1849; x_wconf 83' lang='lat' dir='ltr'><strong>versus</strong></span> <span class='ocrx_word' id='word_1_239' title='bbox 2031 1803 2116 1850; x_wconf 90' lang='lat' dir='ltr'><strong>est</strong></span> <span class='ocrx_word' id='word_1_240' title='bbox 2151 1795 2205 1850; x_wconf 88' lang='lat' dir='ltr'><strong>in</strong></span> <span class='ocrx_word' id='word_1_241' title='bbox 2255 1794 2564 1850; x_wconf 86' lang='lat' dir='ltr'><strong>Franciam.</strong></span> <span class='ocrx_word' id='word_1_242' title='bbox 2613 1796 2680 1850; x_wconf 86' lang='lat' dir='ltr'><strong>Et</strong></span> <span class='ocrx_word' id='word_1_243' title='bbox 2723 1804 2853 1850; x_wconf 90' lang='lat' dir='ltr'><strong>tunc</strong></span> <span class='ocrx_word' id='word_1_244' title='bbox 2897 1797 3049 1852; x_wconf 86' lang='lat' dir='ltr'><strong>missi</strong></span> <span class='ocrx_word' id='word_1_245' title='bbox 3097 1805 3227 1854; x_wconf 90' lang='lat' dir='ltr'><strong>sunt</strong></span> <span class='ocrx_word' id='word_1_246' title='bbox 3268 1797 3378 1854; x_wconf 87' lang='lat' dir='ltr'><strong>duo</strong></span> 
     </span>
    </p>
   </div>
   <div class='ocr_carea' id='block_1_18' title="bbox 113 1883 3379 1958">
    <p class='ocr_par' dir='ltr' id='par_1_18' title="bbox 113 1883 3379 1958">
     <span class='ocr_line' id='line_1_18' title="bbox 113 1883 3379 1958; baseline 0 -17"><span class='ocrx_word' id='word_1_247' title='bbox 113 1887 311 1942; x_wconf 84' lang='lat' dir='ltr'><strong>ducem</strong></span> <span class='ocrx_word' id='word_1_248' title='bbox 351 1885 398 1953; x_wconf 82' lang='lat'><strong>&#39;,</strong></span> <span class='ocrx_word' id='word_1_249' title='bbox 436 1888 529 1958; x_wconf 89' lang='lat' dir='ltr'><strong>qui</strong></span> <span class='ocrx_word' id='word_1_250' title='bbox 585 1902 716 1943; x_wconf 88' lang='lat' dir='ltr'><strong>eum</strong></span> <span class='ocrx_word' id='word_1_251' title='bbox 755 1895 1161 1943; x_wconf 82' lang='lat' dir='ltr'><strong>cemmonereut</strong></span> <span class='ocrx_word' id='word_1_252' title='bbox 1213 1888 1278 1942; x_wconf 87' lang='lat' dir='ltr'><strong>de</strong></span> <span class='ocrx_word' id='word_1_253' title='bbox 1325 1895 1692 1952; x_wconf 85' lang='lat' dir='ltr'><strong>sacramento,</strong></span> <span class='ocrx_word' id='word_1_254' title='bbox 1796 1883 1951 1939; x_wconf 84' lang='lat' dir='ltr'><strong>missi</strong></span> <span class='ocrx_word' id='word_1_255' title='bbox 1994 1883 2038 1915; x_wconf 82' lang='lat'>&quot;</span> <span class='ocrx_word' id='word_1_256' title='bbox 2073 1885 2140 1940; x_wconf 93' lang='lat' dir='ltr'><strong>ab</strong></span> <span class='ocrx_word' id='word_1_257' title='bbox 2169 1885 2466 1954; x_wconf 90' lang='lat' dir='ltr'><strong>apostolico</strong></span> <span class='ocrx_word' id='word_1_258' title='bbox 2501 1885 2810 1955; x_wconf 88' lang='lat' dir='ltr'><strong>supradicto</strong></span> <span class='ocrx_word' id='word_1_259' title='bbox 2845 1885 2918 1951; x_wconf 81' lang='lat'><strong>“,</strong></span> <span class='ocrx_word' id='word_1_260' title='bbox 2965 1885 3042 1940; x_wconf 90' lang='lat' dir='ltr'><strong>hii</strong></span> <span class='ocrx_word' id='word_1_261' title='bbox 3083 1895 3208 1942; x_wconf 87' lang='lat' dir='ltr'><strong>sunt</strong></span> <span class='ocrx_word' id='word_1_262' title='bbox 3246 1885 3379 1942; x_wconf 83' lang='lat' dir='ltr'><strong>For-</strong></span> 
     </span>
    </p>
   </div>
   <div class='ocr_carea' id='block_1_19' title="bbox 113 1973 3370 2049">
    <p class='ocr_par' dir='ltr' id='par_1_19' title="bbox 113 1973 3370 2049">
     <span class='ocr_line' id='line_1_19' title="bbox 113 1973 3370 2049; baseline -0 -18"><span class='ocrx_word' id='word_1_263' title='bbox 113 1977 261 2046; x_wconf 89' lang='lat' dir='ltr'><strong>quod</strong></span> <span class='ocrx_word' id='word_1_264' title='bbox 281 1976 512 2049; x_wconf 83' lang='lat' dir='ltr'><strong>Pippino</strong></span> <span class='ocrx_word' id='word_1_265' title='bbox 543 1977 656 2049; x_wconf 90' lang='lat' dir='ltr'><strong>regi</strong></span> <span class='ocrx_word' id='word_1_266' title='bbox 679 1986 734 2032; x_wconf 92' lang='lat' dir='ltr'><strong>et</strong></span> <span class='ocrx_word' id='word_1_267' title='bbox 755 1977 882 2032; x_wconf 90' lang='lat' dir='ltr'><strong>ﬁliis</strong></span> <span class='ocrx_word' id='word_1_268' title='bbox 915 1977 956 2009; x_wconf 75' lang='grc' dir='ltr'><strong>⁸ο</strong></span> <span class='ocrx_word' id='word_1_269' title='bbox 983 1977 1102 2033; x_wconf 92' lang='lat' dir='ltr'><strong>eius</strong></span> <span class='ocrx_word' id='word_1_270' title='bbox 1140 1992 1205 2033; x_wconf 84' lang='lat' dir='ltr'><strong>ac</strong></span> <span class='ocrx_word' id='word_1_271' title='bbox 1230 1976 1457 2033; x_wconf 84' lang='lat' dir='ltr'><strong>Francis</strong></span> <span class='ocrx_word' id='word_1_272' title='bbox 1483 1977 1695 2031; x_wconf 84' lang='lat' dir='ltr'><strong>iurave-</strong></span> <span class='ocrx_word' id='word_1_273' title='bbox 1795 1988 2020 2029; x_wconf 86' lang='lat' dir='ltr'><strong>monsus</strong></span> <span class='ocrx_word' id='word_1_274' title='bbox 2047 1975 2087 2006; x_wconf 71' lang='grc'><strong>⁷⁷</strong></span> <span class='ocrx_word' id='word_1_275' title='bbox 2115 1981 2170 2029; x_wconf 93' lang='lat' dir='ltr'><strong>et</strong></span> <span class='ocrx_word' id='word_1_276' title='bbox 2205 1975 2467 2029; x_wconf 81' lang='lat' dir='ltr'><strong>Damasus</strong></span> <span class='ocrx_word' id='word_1_277' title='bbox 2498 1973 2542 2005; x_wconf 89' lang='grc'><strong>¹⁸</strong></span> <span class='ocrx_word' id='word_1_278' title='bbox 2571 1973 2826 2043; x_wconf 88' lang='lat' dir='ltr'><strong>episcopi,</strong></span> <span class='ocrx_word' id='word_1_279' title='bbox 2856 1974 2924 2028; x_wconf 88' lang='lat' dir='ltr'><strong>ad</strong></span> <span class='ocrx_word' id='word_1_280' title='bbox 2959 1973 3294 2031; x_wconf 85' lang='lat' dir='ltr'><strong>Tassilonem</strong></span> <span class='ocrx_word' id='word_1_281' title='bbox 3327 1975 3370 2007; x_wconf 74' lang='grc' dir='ltr'><strong>ι’</strong></span> 
     </span>
    </p>
   </div>
   <div class='ocr_carea' id='block_1_20' title="bbox 111 2060 3378 2135">
    <p class='ocr_par' dir='ltr' id='par_1_20' title="bbox 111 2060 3378 2135">
     <span class='ocr_line' id='line_1_20' title="bbox 111 2060 3378 2135; baseline -0.001 -15"><span class='ocrx_word' id='word_1_282' title='bbox 111 2077 216 2135; x_wconf 81' lang='lat' dir='ltr'><strong>rat,</strong></span> <span class='ocrx_word' id='word_1_283' title='bbox 244 2069 456 2124; x_wconf 77' lang='lat' dir='ltr'><strong>scilicet</strong></span> <span class='ocrx_word' id='word_1_284' title='bbox 483 2078 543 2124; x_wconf 82' lang='lat' dir='ltr'><strong>ut</strong></span> <span class='ocrx_word' id='word_1_285' title='bbox 565 2069 840 2124; x_wconf 73' lang='lat' dir='ltr'><strong>subiectus</strong></span> <span class='ocrx_word' id='word_1_286' title='bbox 866 2077 922 2124; x_wconf 81' lang='lat' dir='ltr'><strong>et</strong></span> <span class='ocrx_word' id='word_1_287' title='bbox 957 2069 1250 2125; x_wconf 74' lang='lat' dir='ltr'><strong>oboediens</strong></span> <span class='ocrx_word' id='word_1_288' title='bbox 1273 2069 1352 2124; x_wconf 72' lang='lat' dir='ltr'><strong>eis</strong></span> <span class='ocrx_word' id='word_1_289' title='bbox 1371 2083 1493 2124; x_wconf 79' lang='lat' dir='ltr'><strong>esse</strong></span> <span class='ocrx_word' id='word_1_290' title='bbox 1527 2068 1692 2124; x_wconf 70' lang='grc' dir='ltr'><strong>ἀεικ-</strong></span> <span class='ocrx_word' id='word_1_291' title='bbox 1795 2061 1986 2117; x_wconf 89' lang='lat' dir='ltr'><strong>ducem</strong></span> <span class='ocrx_word' id='word_1_292' title='bbox 2015 2077 2122 2118; x_wconf 90' lang='lat' dir='ltr'><strong>una</strong></span> <span class='ocrx_word' id='word_1_293' title='bbox 2149 2077 2270 2118; x_wconf 91' lang='lat' dir='ltr'><strong>cum</strong></span> <span class='ocrx_word' id='word_1_294' title='bbox 2300 2062 2482 2118; x_wconf 85' lang='lat' dir='ltr'><strong>missis</strong></span> <span class='ocrx_word' id='word_1_295' title='bbox 2502 2062 2683 2117; x_wconf 89' lang='lat' dir='ltr'><strong>domui</strong></span> <span class='ocrx_word' id='word_1_296' title='bbox 2710 2060 2890 2117; x_wconf 88' lang='lat' dir='ltr'><strong>Caroli</strong></span> <span class='ocrx_word' id='word_1_297' title='bbox 2917 2062 3059 2133; x_wconf 87' lang='lat' dir='ltr'><strong>regis</strong></span> <span class='ocrx_word' id='word_1_298' title='bbox 3082 2062 3150 2128; x_wconf 66' lang='grc' dir='ltr'><strong>ὀ.</strong></span> <span class='ocrx_word' id='word_1_299' title='bbox 3172 2064 3258 2117; x_wconf 89' lang='lat' dir='ltr'><strong>his</strong></span> <span class='ocrx_word' id='word_1_300' title='bbox 3279 2078 3378 2118; x_wconf 88' lang='lat' dir='ltr'><strong>no-</strong></span> 
     </span>
    </p>
   </div>
   <div class='ocr_carea' id='block_1_21' title="bbox 112 2149 3371 2230">
    <p class='ocr_par' dir='ltr' id='par_1_21' title="bbox 112 2149 3371 2230">
     <span class='ocr_line' id='line_1_21' title="bbox 112 2149 3371 2230; baseline -0.002 -16"><span class='ocrx_word' id='word_1_301' title='bbox 112 2166 213 2214; x_wconf 75' lang='lat' dir='ltr'><strong>net.</strong></span> <span class='ocrx_word' id='word_1_302' title='bbox 242 2158 288 2191; x_wconf 77' lang='lat'>“</span> <span class='ocrx_word' id='word_1_303' title='bbox 312 2158 485 2214; x_wconf 85' lang='lat' dir='ltr'><strong>Electi</strong></span> <span class='ocrx_word' id='word_1_304' title='bbox 507 2173 571 2213; x_wconf 88' lang='lat' dir='ltr'><strong>ac</strong></span> <span class='ocrx_word' id='word_1_305' title='bbox 599 2159 791 2214; x_wconf 84' lang='lat' dir='ltr'><strong>directi</strong></span> <span class='ocrx_word' id='word_1_306' title='bbox 826 2160 1035 2215; x_wconf 86' lang='lat' dir='ltr'><strong>suntin</strong></span> <span class='ocrx_word' id='word_1_307' title='bbox 1065 2159 1205 2214; x_wconf 92' lang='lat' dir='ltr'><strong>hanc</strong></span> <span class='ocrx_word' id='word_1_308' title='bbox 1259 2158 1581 2230; x_wconf 87' lang='lat' dir='ltr'><strong>legationem</strong></span> <span class='ocrx_word' id='word_1_309' title='bbox 1624 2155 1692 2212; x_wconf 84' lang='lat' dir='ltr'><strong>de</strong></span> <span class='ocrx_word' id='word_1_310' title='bbox 1794 2149 2060 2216; x_wconf 79' lang='lat' dir='ltr'><strong>minibus,</strong></span> <span class='ocrx_word' id='word_1_311' title='bbox 2111 2150 2380 2206; x_wconf 74' lang='lat' dir='ltr'><strong>Riculfum</strong></span> <span class='ocrx_word' id='word_1_312' title='bbox 2417 2152 2462 2182; x_wconf 85' lang='grc'>¹¹</span> <span class='ocrx_word' id='word_1_313' title='bbox 2504 2151 2785 2207; x_wconf 81' lang='lat' dir='ltr'><strong>diaconem</strong></span> <span class='ocrx_word' id='word_1_314' title='bbox 2827 2159 2882 2205; x_wconf 89' lang='lat' dir='ltr'><strong>et</strong></span> <span class='ocrx_word' id='word_1_315' title='bbox 2923 2149 3298 2206; x_wconf 78' lang='lat' dir='ltr'><strong>Eborhardutn</strong></span> <span class='ocrx_word' id='word_1_316' title='bbox 3326 2152 3371 2182; x_wconf 84' lang='lat'>“</span> 
     </span>
    </p>
   </div>
   <div class='ocr_carea' id='block_1_22' title="bbox 112 2239 1663 2322">
    <p class='ocr_par' dir='ltr' id='par_1_22' title="bbox 112 2248 1663 2322">
     <span class='ocr_line' id='line_1_22' title="bbox 112 2248 1663 2322; baseline -0.001 -18"><span class='ocrx_word' id='word_1_317' title='bbox 112 2257 271 2322; x_wconf 89' lang='lat' dir='ltr'><strong>parte</strong></span> <span class='ocrx_word' id='word_1_318' title='bbox 297 2249 569 2321; x_wconf 88' lang='lat' dir='ltr'><strong>pontiﬁcis</strong></span> <span class='ocrx_word' id='word_1_319' title='bbox 589 2249 919 2306; x_wconf 84' lang='lat' dir='ltr'><strong>Formonsus</strong></span> <span class='ocrx_word' id='word_1_320' title='bbox 939 2251 982 2282; x_wconf 82' lang='lat'>“</span> <span class='ocrx_word' id='word_1_321' title='bbox 997 2264 1062 2306; x_wconf 92' lang='lat' dir='ltr'><strong>ac</strong></span> <span class='ocrx_word' id='word_1_322' title='bbox 1075 2249 1340 2306; x_wconf 87' lang='lat' dir='ltr'><strong>Damasus</strong></span> <span class='ocrx_word' id='word_1_323' title='bbox 1363 2249 1407 2281; x_wconf 78' lang='lat'>&quot;</span> <span class='ocrx_word' id='word_1_324' title='bbox 1428 2248 1663 2320; x_wconf 87' lang='lat' dir='ltr'><strong>episc0pi</strong></span> 
     </span>
    </p>
   </div>
   <div class='ocr_carea' id='block_1_23' title="bbox 1826 2239 3377 2322">
    <p class='ocr_par' dir='ltr' id='par_1_23' title="bbox 1826 2239 3377 2311">
     <span class='ocr_line' id='line_1_23' title="bbox 1826 2239 3377 2311; baseline 0.004 -19"><span class='ocrx_word' id='word_1_325' title='bbox 1826 2240 2054 2310; x_wconf 79' lang='lat' dir='ltr'><strong>aagister</strong></span> <span class='ocrx_word' id='word_1_326' title='bbox 2081 2239 2128 2272; x_wconf 81' lang='lat'>&quot;</span> <span class='ocrx_word' id='word_1_327' title='bbox 2155 2241 2556 2311; x_wconf 87' lang='lat' dir='ltr'><strong>pincernarum,</strong></span> <span class='ocrx_word' id='word_1_328' title='bbox 2588 2241 2656 2297; x_wconf 88' lang='lat' dir='ltr'><strong>ad</strong></span> <span class='ocrx_word' id='word_1_329' title='bbox 2689 2242 3135 2298; x_wconf 89' lang='lat' dir='ltr'><strong>commonendum</strong></span> <span class='ocrx_word' id='word_1_330' title='bbox 3158 2250 3213 2298; x_wconf 91' lang='lat' dir='ltr'><strong>et</strong></span> <span class='ocrx_word' id='word_1_331' title='bbox 3249 2257 3377 2298; x_wconf 85' lang='lat' dir='ltr'><strong>con-</strong></span> 
     </span>
    </p>
   </div>
   <div class='ocr_carea' id='block_1_24' title="bbox 110 2321 1661 2411">
    <p class='ocr_par' dir='ltr' id='par_1_24' title="bbox 110 2321 1661 2411">
     <span class='ocr_line' id='line_1_24' title="bbox 110 2321 1661 2411; baseline 0.001 -16"><span class='ocrx_word' id='word_1_332' title='bbox 110 2321 251 2396; x_wconf 81' lang='lat' dir='ltr'><strong>etde</strong></span> <span class='ocrx_word' id='word_1_333' title='bbox 278 2349 436 2410; x_wconf 85' lang='lat' dir='ltr'><strong>parte</strong></span> <span class='ocrx_word' id='word_1_334' title='bbox 465 2321 608 2411; x_wconf 77' lang='lat' dir='ltr'><strong>regis</strong></span> <span class='ocrx_word' id='word_1_335' title='bbox 632 2340 912 2397; x_wconf 80' lang='lat' dir='ltr'><strong>Rieholfus</strong></span> <span class='ocrx_word' id='word_1_336' title='bbox 935 2341 981 2373; x_wconf 72' lang='grc' dir='ltr'>ιδ</span> <span class='ocrx_word' id='word_1_337' title='bbox 1015 2342 1274 2398; x_wconf 83' lang='lat' dir='ltr'><strong>diaconus</strong></span> <span class='ocrx_word' id='word_1_338' title='bbox 1313 2348 1476 2411; x_wconf 88' lang='lat' dir='ltr'><strong>atque</strong></span> <span class='ocrx_word' id='word_1_339' title='bbox 1522 2340 1661 2396; x_wconf 85' lang='lat' dir='ltr'><strong>Eber</strong></span> 
     </span>
    </p>
   </div>
   <div class='ocr_carea' id='block_1_25' title="bbox 1822 2321 3373 2411">
    <p class='ocr_par' dir='ltr' id='par_1_25' title="bbox 1822 2329 3373 2403">
     <span class='ocr_line' id='line_1_25' title="bbox 1822 2329 3373 2403; baseline 0.005 -20"><span class='ocrx_word' id='word_1_340' title='bbox 1822 2329 2128 2396; x_wconf 87' lang='lat' dir='ltr'><strong>estaudum,</strong></span> <span class='ocrx_word' id='word_1_341' title='bbox 2153 2339 2215 2386; x_wconf 87' lang='lat' dir='ltr'><strong>ut</strong></span> <span class='ocrx_word' id='word_1_342' title='bbox 2245 2330 2620 2386; x_wconf 85' lang='lat' dir='ltr'><strong>reminisceret</strong></span> <span class='ocrx_word' id='word_1_343' title='bbox 2645 2331 2692 2361; x_wconf 74' lang='lat'><strong>&quot;</strong></span> <span class='ocrx_word' id='word_1_344' title='bbox 2717 2332 3025 2403; x_wconf 87' lang='lat' dir='ltr'><strong>priscorum</strong></span> <span class='ocrx_word' id='word_1_345' title='bbox 3061 2347 3373 2390; x_wconf 89' lang='lat' dir='ltr'><strong>sacramen-</strong></span> 
     </span>
    </p>
   </div>
   <div class='ocr_carea' id='block_1_26' title="bbox 111 2420 1662 2504">
    <p class='ocr_par' dir='ltr' id='par_1_26' title="bbox 111 2431 1662 2504">
     <span class='ocr_line' id='line_1_26' title="bbox 111 2431 1662 2504; baseline 0 -18"><span class='ocrx_word' id='word_1_346' title='bbox 111 2431 388 2487; x_wconf 83' lang='lat' dir='ltr'><strong>hardus&quot;</strong></span> <span class='ocrx_word' id='word_1_347' title='bbox 425 2433 683 2504; x_wconf 83' lang='lat' dir='ltr'><strong>magister</strong></span> <span class='ocrx_word' id='word_1_348' title='bbox 734 2433 1134 2504; x_wconf 87' lang='lat' dir='ltr'><strong>pincernarum.</strong></span> <span class='ocrx_word' id='word_1_349' title='bbox 1185 2432 1285 2489; x_wconf 94' lang='lat' dir='ltr'><strong>Cui</strong></span> <span class='ocrx_word' id='word_1_350' title='bbox 1322 2448 1479 2498; x_wconf 81' lang='lat' dir='ltr'><strong>cum,</strong></span> <span class='ocrx_word' id='word_1_351' title='bbox 1535 2440 1596 2487; x_wconf 91' lang='lat' dir='ltr'><strong>ut</strong></span> <span class='ocrx_word' id='word_1_352' title='bbox 1647 2432 1662 2464; x_wconf 82' lang='grc'>⁸</span> 
     </span>
    </p>
   </div>
   <div class='ocr_carea' id='block_1_27' title="bbox 1822 2420 3373 2504">
    <p class='ocr_par' dir='ltr' id='par_1_27' title="bbox 1822 2420 3373 2491">
     <span class='ocr_line' id='line_1_27' title="bbox 1822 2420 3373 2491; baseline 0.004 -16"><span class='ocrx_word' id='word_1_353' title='bbox 1822 2435 1975 2476; x_wconf 88' lang='lat' dir='ltr'><strong>orum</strong></span> <span class='ocrx_word' id='word_1_354' title='bbox 2003 2437 2247 2488; x_wconf 87' lang='lat' dir='ltr'><strong>suorum,</strong></span> <span class='ocrx_word' id='word_1_355' title='bbox 2269 2429 2330 2476; x_wconf 91' lang='lat' dir='ltr'><strong>ut</strong></span> <span class='ocrx_word' id='word_1_356' title='bbox 2351 2422 2398 2455; x_wconf 83' lang='lat'>”</span> <span class='ocrx_word' id='word_1_357' title='bbox 2433 2436 2541 2477; x_wconf 89' lang='lat' dir='ltr'><strong>non</strong></span> <span class='ocrx_word' id='word_1_358' title='bbox 2571 2420 2730 2477; x_wconf 86' lang='lat' dir='ltr'><strong>aliter</strong></span> <span class='ocrx_word' id='word_1_359' title='bbox 2757 2422 2987 2491; x_wconf 82' lang='lat' dir='ltr'><strong>faceret,</strong></span> <span class='ocrx_word' id='word_1_360' title='bbox 3017 2424 3122 2480; x_wconf 88' lang='lat' dir='ltr'><strong>nisi</strong></span> <span class='ocrx_word' id='word_1_361' title='bbox 3151 2425 3292 2481; x_wconf 87' lang='lat' dir='ltr'><strong>sicut</strong></span> <span class='ocrx_word' id='word_1_362' title='bbox 3327 2425 3373 2458; x_wconf 83' lang='lat'>&quot;</span> 
     </span>
    </p>
   </div>
   <div class='ocr_carea' id='block_1_28' title="bbox 110 2511 3372 2594">
    <p class='ocr_par' dir='ltr' id='par_1_28' title="bbox 110 2511 3372 2594">
     <span class='ocr_line' id='line_1_28' title="bbox 110 2511 3372 2594; baseline 0.001 -15"><span class='ocrx_word' id='word_1_363' title='bbox 110 2523 242 2579; x_wconf 81' lang='lat' dir='ltr'><strong>iussi</strong></span> <span class='ocrx_word' id='word_1_364' title='bbox 269 2533 452 2589; x_wconf 89' lang='lat' dir='ltr'><strong>erant,</strong></span> <span class='ocrx_word' id='word_1_365' title='bbox 476 2539 598 2580; x_wconf 91' lang='lat' dir='ltr'><strong>cum</strong></span> <span class='ocrx_word' id='word_1_366' title='bbox 624 2517 922 2580; x_wconf 76' lang='lat' dir='ltr'><strong>memorato</strong></span> <span class='ocrx_word' id='word_1_367' title='bbox 953 2525 994 2558; x_wconf 81' lang='lat'><strong>&quot;</strong></span> <span class='ocrx_word' id='word_1_368' title='bbox 1027 2525 1163 2581; x_wconf 89' lang='lat' dir='ltr'><strong>duce</strong></span> <span class='ocrx_word' id='word_1_369' title='bbox 1186 2525 1392 2594; x_wconf 85' lang='lat' dir='ltr'><strong>loquuti</strong></span> <span class='ocrx_word' id='word_1_370' title='bbox 1415 2531 1598 2578; x_wconf 77' lang='lat' dir='ltr'><strong>essent</strong></span> <span class='ocrx_word' id='word_1_371' title='bbox 1620 2522 1686 2589; x_wconf 82' lang='lat'><strong>&quot;&#39;,</strong></span> <span class='ocrx_word' id='word_1_372' title='bbox 1793 2511 2140 2569; x_wconf 66' lang='lat' dir='ltr'><strong>iureiurando</strong></span> <span class='ocrx_word' id='word_1_373' title='bbox 2186 2513 2292 2568; x_wconf 72' lang='lat' dir='ltr'><strong>iam</strong></span> <span class='ocrx_word' id='word_1_374' title='bbox 2340 2512 2540 2567; x_wconf 72' lang='grc' dir='ltr'><strong>άυάυιη</strong></span> <span class='ocrx_word' id='word_1_375' title='bbox 2581 2512 2910 2582; x_wconf 67' lang='grc' dir='ltr'><strong>Ρΐοῐηίεθτθῐ</strong></span> <span class='ocrx_word' id='word_1_376' title='bbox 2957 2513 3026 2569; x_wconf 69' lang='lat' dir='ltr'><strong>ad</strong></span> <span class='ocrx_word' id='word_1_377' title='bbox 3075 2521 3286 2586; x_wconf 59' lang='lat' dir='ltr'><strong>Panem</strong></span> <span class='ocrx_word' id='word_1_378' title='bbox 3328 2515 3372 2547; x_wconf 83' lang='grc'><strong>’⁷</strong></span> 
     </span>
    </p>
   </div>
   <div class='ocr_carea' id='block_1_29' title="bbox 110 2600 1661 2682">
    <p class='ocr_par' dir='ltr' id='par_1_29' title="bbox 110 2613 1658 2682">
     <span class='ocr_line' id='line_1_29' title="bbox 110 2613 1658 2682; baseline -0.001 -14"><span class='ocrx_word' id='word_1_379' title='bbox 110 2614 163 2668; x_wconf 90' lang='lat' dir='ltr'><strong>in</strong></span> <span class='ocrx_word' id='word_1_380' title='bbox 196 2620 414 2668; x_wconf 83' lang='lat' dir='ltr'><strong>tantum</strong></span> <span class='ocrx_word' id='word_1_381' title='bbox 443 2629 539 2669; x_wconf 86' lang='lat' dir='ltr'><strong>cor</strong></span> <span class='ocrx_word' id='word_1_382' title='bbox 557 2615 674 2670; x_wconf 83' lang='lat' dir='ltr'><strong>eius</strong></span> <span class='ocrx_word' id='word_1_383' title='bbox 701 2614 999 2670; x_wconf 88' lang='lat' dir='ltr'><strong>emollitum</strong></span> <span class='ocrx_word' id='word_1_384' title='bbox 1031 2622 1135 2682; x_wconf 76' lang='lat' dir='ltr'><strong>est,</strong></span> <span class='ocrx_word' id='word_1_385' title='bbox 1158 2622 1219 2669; x_wconf 91' lang='lat' dir='ltr'><strong>ut</strong></span> <span class='ocrx_word' id='word_1_386' title='bbox 1244 2613 1469 2678; x_wconf 83' lang='lat' dir='ltr'><strong>diceret,</strong></span> <span class='ocrx_word' id='word_1_387' title='bbox 1492 2627 1553 2668; x_wconf 90' lang='lat' dir='ltr'><strong>se</strong></span> <span class='ocrx_word' id='word_1_388' title='bbox 1575 2618 1658 2667; x_wconf 86' lang='lat' dir='ltr'><strong>sta</strong></span> 
     </span>
    </p>
   </div>
   <div class='ocr_carea' id='block_1_30' title="bbox 1826 2600 3377 2682">
    <p class='ocr_par' dir='ltr' id='par_1_30' title="bbox 1826 2601 3377 2675">
     <span class='ocr_line' id='line_1_30' title="bbox 1826 2601 3377 2675; baseline 0.006 -24"><span class='ocrx_word' id='word_1_389' title='bbox 1826 2601 1977 2657; x_wconf 88' lang='lat' dir='ltr'><strong>omni</strong></span> <span class='ocrx_word' id='word_1_390' title='bbox 2001 2601 2214 2672; x_wconf 90' lang='lat' dir='ltr'><strong>Pippiui</strong></span> <span class='ocrx_word' id='word_1_391' title='bbox 2258 2602 2402 2671; x_wconf 85' lang='lat' dir='ltr'><strong>regis</strong></span> <span class='ocrx_word' id='word_1_392' title='bbox 2430 2611 2484 2656; x_wconf 90' lang='lat' dir='ltr'><strong>et</strong></span> <span class='ocrx_word' id='word_1_393' title='bbox 2507 2602 2552 2634; x_wconf 84' lang='grc'><strong>⁷⁸</strong></span> <span class='ocrx_word' id='word_1_394' title='bbox 2583 2603 2762 2660; x_wconf 87' lang='lat' dir='ltr'><strong>domui</strong></span> <span class='ocrx_word' id='word_1_395' title='bbox 2793 2601 2970 2658; x_wconf 82' lang='lat' dir='ltr'><strong>Caroli</strong></span> <span class='ocrx_word' id='word_1_396' title='bbox 3005 2605 3192 2675; x_wconf 84' lang='lat' dir='ltr'><strong>magni</strong></span> <span class='ocrx_word' id='word_1_397' title='bbox 3234 2607 3377 2675; x_wconf 84' lang='lat' dir='ltr'><strong>regis</strong></span> 
     </span>
    </p>
   </div>
   <div class='ocr_carea' id='block_1_31' title="bbox 109 2690 3373 2776">
    <p class='ocr_par' dir='ltr' id='par_1_31' title="bbox 109 2690 3373 2776">
     <span class='ocr_line' id='line_1_31' title="bbox 109 2690 3373 2776; baseline 0.003 -33"><span class='ocrx_word' id='word_1_398' title='bbox 109 2705 208 2760; x_wconf 72' lang='grc' dir='ltr'><strong>ιίω</strong></span> <span class='ocrx_word' id='word_1_399' title='bbox 237 2704 380 2760; x_wconf 61' lang='lat' dir='ltr'><strong>vene</strong></span> <span class='ocrx_word' id='word_1_400' title='bbox 398 2706 467 2760; x_wconf 68' lang='lat' dir='ltr'><strong>ad</strong></span> <span class='ocrx_word' id='word_1_401' title='bbox 491 2705 634 2775; x_wconf 58' lang='lat' dir='ltr'><strong>regis</strong></span> <span class='ocrx_word' id='word_1_402' title='bbox 659 2717 952 2776; x_wconf 60' lang='lat' dir='ltr'><strong>properare</strong></span> <span class='ocrx_word' id='word_1_403' title='bbox 978 2704 1359 2775; x_wconf 52' lang='lat' dir='ltr'><strong>praesentiam,</strong></span> <span class='ocrx_word' id='word_1_404' title='bbox 1377 2704 1421 2758; x_wconf 67' lang='grc' dir='ltr'><strong>εί</strong></span> <span class='ocrx_word' id='word_1_405' title='bbox 1439 2701 1693 2758; x_wconf 63' lang='grc' dir='ltr'><strong>είδίιηιεε</strong></span> <span class='ocrx_word' id='word_1_406' title='bbox 1792 2690 1878 2745; x_wconf 93' lang='lat' dir='ltr'><strong>vel</strong></span> <span class='ocrx_word' id='word_1_407' title='bbox 1899 2690 1944 2722; x_wconf 82' lang='lat'><strong>&quot;</strong></span> <span class='ocrx_word' id='word_1_408' title='bbox 1971 2690 2328 2747; x_wconf 81' lang='lat' dir='ltr'><strong>Francorum.</strong></span> <span class='ocrx_word' id='word_1_409' title='bbox 2361 2691 2433 2747; x_wconf 85' lang='lat' dir='ltr'><strong>Et</strong></span> <span class='ocrx_word' id='word_1_410' title='bbox 2457 2699 2588 2749; x_wconf 83' lang='lat' dir='ltr'><strong>tunc</strong></span> <span class='ocrx_word' id='word_1_411' title='bbox 2627 2695 2902 2749; x_wconf 86' lang='lat' dir='ltr'><strong>consensit</strong></span> <span class='ocrx_word' id='word_1_412' title='bbox 2945 2695 3154 2752; x_wconf 86' lang='lat' dir='ltr'><strong>Tassilo</strong></span> <span class='ocrx_word' id='word_1_413' title='bbox 3185 2697 3229 2729; x_wconf 77' lang='grc' dir='ltr'><strong>⁸ο</strong></span> <span class='ocrx_word' id='word_1_414' title='bbox 3264 2697 3373 2752; x_wconf 86' lang='lat' dir='ltr'><strong>dux</strong></span> 
     </span>
    </p>
   </div>
   <div class='ocr_carea' id='block_1_32' title="bbox 109 2780 3369 2866">
    <p class='ocr_par' dir='ltr' id='par_1_32' title="bbox 109 2780 3369 2866">
     <span class='ocr_line' id='line_1_32' title="bbox 109 2780 3369 2866; baseline -0.004 -12"><span class='ocrx_word' id='word_1_415' title='bbox 109 2796 332 2854; x_wconf 73' lang='lat' dir='ltr'><strong>obsides</strong></span> <span class='ocrx_word' id='word_1_416' title='bbox 354 2796 550 2852; x_wconf 85' lang='lat' dir='ltr'><strong>dentur</strong></span> <span class='ocrx_word' id='word_1_417' title='bbox 573 2795 636 2862; x_wconf 81' lang='lat'><strong>&quot;,</strong></span> <span class='ocrx_word' id='word_1_418' title='bbox 667 2795 768 2852; x_wconf 90' lang='lat' dir='ltr'><strong>sub</strong></span> <span class='ocrx_word' id='word_1_419' title='bbox 788 2797 983 2866; x_wconf 87' lang='lat' dir='ltr'><strong>quibus</strong></span> <span class='ocrx_word' id='word_1_420' title='bbox 1002 2796 1068 2850; x_wconf 92' lang='lat' dir='ltr'><strong>de</strong></span> <span class='ocrx_word' id='word_1_421' title='bbox 1117 2811 1216 2850; x_wconf 89' lang='lat' dir='ltr'><strong>sua</strong></span> <span class='ocrx_word' id='word_1_422' title='bbox 1247 2794 1420 2850; x_wconf 86' lang='lat' dir='ltr'><strong>salute</strong></span> <span class='ocrx_word' id='word_1_423' title='bbox 1441 2793 1692 2849; x_wconf 89' lang='lat' dir='ltr'><strong>dubitare</strong></span> <span class='ocrx_word' id='word_1_424' title='bbox 1793 2780 2188 2848; x_wconf 68' lang='grc' dir='ltr'><strong>Βδίοπίοτῑιων</strong></span> <span class='ocrx_word' id='word_1_425' title='bbox 2218 2793 2278 2837; x_wconf 78' lang='grc' dir='ltr'><strong>ιιι</strong></span> <span class='ocrx_word' id='word_1_426' title='bbox 2302 2791 2546 2853; x_wconf 75' lang='grc' dir='ltr'><strong>δυωριοε</strong></span> <span class='ocrx_word' id='word_1_427' title='bbox 2572 2784 2790 2840; x_wconf 69' lang='grc' dir='ltr'><strong>οδεὶἀθε</strong></span> <span class='ocrx_word' id='word_1_428' title='bbox 2815 2800 2846 2839; x_wconf 70' lang='grc'>³</span> <span class='ocrx_word' id='word_1_429' title='bbox 2882 2785 3080 2841; x_wconf 84' lang='lat' dir='ltr'><strong>domno</strong></span> <span class='ocrx_word' id='word_1_430' title='bbox 3106 2802 3231 2860; x_wconf 83' lang='lat' dir='ltr'><strong>rege</strong></span> <span class='ocrx_word' id='word_1_431' title='bbox 3265 2788 3369 2844; x_wconf 91' lang='lat' dir='ltr'><strong>Ca-</strong></span> 
     </span>
    </p>
   </div>
   <div class='ocr_carea' id='block_1_33' title="bbox 109 2870 1660 2952">
    <p class='ocr_par' dir='ltr' id='par_1_33' title="bbox 109 2883 1657 2952">
     <span class='ocr_line' id='line_1_33' title="bbox 109 2883 1657 2952; baseline -0.001 -11"><span class='ocrx_word' id='word_1_432' title='bbox 109 2886 254 2942; x_wconf 84' lang='lat' dir='ltr'><strong>unlla</strong></span> <span class='ocrx_word' id='word_1_433' title='bbox 276 2886 353 2940; x_wconf 85' lang='lat' dir='ltr'><strong>sit</strong></span> <span class='ocrx_word' id='word_1_434' title='bbox 371 2886 692 2941; x_wconf 86' lang='lat' dir='ltr'><strong>necessitas.</strong></span> <span class='ocrx_word' id='word_1_435' title='bbox 717 2885 923 2952; x_wconf 85' lang='lat' dir='ltr'><strong>Quibus</strong></span> <span class='ocrx_word' id='word_1_436' title='bbox 966 2885 1129 2950; x_wconf 84' lang='lat' dir='ltr'><strong>datis,</strong></span> <span class='ocrx_word' id='word_1_437' title='bbox 1180 2885 1296 2940; x_wconf 90' lang='lat' dir='ltr'><strong>sine</strong></span> <span class='ocrx_word' id='word_1_438' title='bbox 1334 2883 1657 2940; x_wconf 87' lang='lat' dir='ltr'><strong>cuuctaciou</strong></span> 
     </span>
    </p>
   </div>
   <div class='ocr_carea' id='block_1_34' title="bbox 1823 2870 3374 2952">
    <p class='ocr_par' dir='ltr' id='par_1_34' title="bbox 1823 2870 3374 2951">
     <span class='ocr_line' id='line_1_34' title="bbox 1823 2870 3374 2951; baseline 0.006 -26"><span class='ocrx_word' id='word_1_439' title='bbox 1823 2870 1930 2938; x_wconf 92' lang='lat' dir='ltr'><strong>olo,</strong></span> <span class='ocrx_word' id='word_1_440' title='bbox 1957 2881 2012 2926; x_wconf 93' lang='lat' dir='ltr'><strong>et</strong></span> <span class='ocrx_word' id='word_1_441' title='bbox 2042 2879 2170 2951; x_wconf 85' lang='lat' dir='ltr'><strong>tunc</strong></span> <span class='ocrx_word' id='word_1_442' title='bbox 2190 2871 2234 2903; x_wconf 81' lang='grc'><strong>³¹</strong></span> <span class='ocrx_word' id='word_1_443' title='bbox 2264 2873 2476 2928; x_wconf 79' lang='lat' dir='ltr'><strong>veniret</strong></span> <span class='ocrx_word' id='word_1_444' title='bbox 2500 2872 2549 2904; x_wconf 81' lang='lat'><strong>&quot;</strong></span> <span class='ocrx_word' id='word_1_445' title='bbox 2577 2873 2645 2928; x_wconf 91' lang='lat' dir='ltr'><strong>ad</strong></span> <span class='ocrx_word' id='word_1_446' title='bbox 2668 2875 2788 2930; x_wconf 90' lang='lat' dir='ltr'><strong>eius</strong></span> <span class='ocrx_word' id='word_1_447' title='bbox 2809 2877 3209 2945; x_wconf 87' lang='lat' dir='ltr'><strong>praesenciam;</strong></span> <span class='ocrx_word' id='word_1_448' title='bbox 3233 2880 3374 2948; x_wconf 85' lang='lat' dir='ltr'><strong>quod</strong></span> 
     </span>
    </p>
   </div>
   <div class='ocr_carea' id='block_1_35' title="bbox 109 2961 3376 3049">
    <p class='ocr_par' dir='ltr' id='par_1_35' title="bbox 109 2961 3376 3049">
     <span class='ocr_line' id='line_1_35' title="bbox 109 2961 3376 3049; baseline 0.003 -35"><span class='ocrx_word' id='word_1_449' title='bbox 109 2975 248 3046; x_wconf 58' lang='lat' dir='ltr'><strong>apud</strong></span> <span class='ocrx_word' id='word_1_450' title='bbox 274 2974 646 3032; x_wconf 62' lang='lat' dir='ltr'><strong>wormaciam</strong></span> <span class='ocrx_word' id='word_1_451' title='bbox 670 2978 737 3033; x_wconf 66' lang='lat' dir='ltr'><strong>ad</strong></span> <span class='ocrx_word' id='word_1_452' title='bbox 754 2978 1529 3049; x_wconf 60' lang='grc' dir='ltr'><strong>ηεεωγεηίι,εεοηωθηιυω</strong></span> <span class='ocrx_word' id='word_1_453' title='bbox 1543 2976 1690 3046; x_wconf 71' lang='lat' dir='ltr'><strong>quod</strong></span> <span class='ocrx_word' id='word_1_454' title='bbox 1791 2971 1846 3016; x_wconf 87' lang='lat' dir='ltr'><strong>et</strong></span> <span class='ocrx_word' id='word_1_455' title='bbox 1873 2961 2103 3017; x_wconf 89' lang='lat' dir='ltr'><strong>domnus</strong></span> <span class='ocrx_word' id='word_1_456' title='bbox 2126 2963 2404 3033; x_wconf 72' lang='lat' dir='ltr'><strong>praefatus</strong></span> <span class='ocrx_word' id='word_1_457' title='bbox 2433 2979 2529 3020; x_wconf 89' lang='lat' dir='ltr'><strong>rex</strong></span> <span class='ocrx_word' id='word_1_458' title='bbox 2563 2980 2670 3020; x_wconf 89' lang='lat' dir='ltr'><strong>non</strong></span> <span class='ocrx_word' id='word_1_459' title='bbox 2710 2966 2927 3021; x_wconf 90' lang='lat' dir='ltr'><strong>rennuit</strong></span> <span class='ocrx_word' id='word_1_460' title='bbox 2958 2967 3024 3020; x_wconf 84' lang='grc'><strong>³⁸.</strong></span> <span class='ocrx_word' id='word_1_461' title='bbox 3057 2967 3125 3022; x_wconf 86' lang='lat' dir='ltr'><strong>Et</strong></span> <span class='ocrx_word' id='word_1_462' title='bbox 3151 2970 3376 3025; x_wconf 83' lang='lat' dir='ltr'><strong>coniun-</strong></span> 
     </span>
    </p>
   </div>
   <div class='ocr_carea' id='block_1_36' title="bbox 109 3053 3376 3137">
    <p class='ocr_par' dir='ltr' id='par_1_36' title="bbox 109 3053 3376 3137">
     <span class='ocr_line' id='line_1_36' title="bbox 109 3053 3376 3137; baseline 0.003 -32"><span class='ocrx_word' id='word_1_463' title='bbox 109 3064 404 3121; x_wconf 65' lang='lat' dir='ltr'><strong>iubebam,-</strong></span> <span class='ocrx_word' id='word_1_464' title='bbox 431 3066 634 3125; x_wconf 59' lang='grc' dir='ltr'><strong>ωηγῆ</strong></span> <span class='ocrx_word' id='word_1_465' title='bbox 661 3067 729 3134; x_wconf 61' lang='grc' dir='ltr'><strong>ιο,</strong></span> <span class='ocrx_word' id='word_1_466' title='bbox 760 3067 980 3122; x_wconf 59' lang='lat' dir='ltr'><strong>obsides</strong></span> <span class='ocrx_word' id='word_1_467' title='bbox 998 3067 1282 3123; x_wconf 69' lang='lat' dir='ltr'><strong>duodecim</strong></span> <span class='ocrx_word' id='word_1_468' title='bbox 1318 3067 1412 3137; x_wconf 72' lang='lat' dir='ltr'><strong>qui</strong></span> <span class='ocrx_word' id='word_1_469' title='bbox 1453 3067 1688 3136; x_wconf 64' lang='lat' dir='ltr'><strong>impera-</strong></span> <span class='ocrx_word' id='word_1_470' title='bbox 1721 3119 1759 3137; x_wconf 52' lang='grc' dir='ltr'>η</span> <span class='ocrx_word' id='word_1_471' title='bbox 1792 3066 1924 3122; x_wconf 89' lang='lat' dir='ltr'><strong>gens</strong></span> <span class='ocrx_word' id='word_1_472' title='bbox 1953 3067 2014 3107; x_wconf 90' lang='lat' dir='ltr'><strong>se</strong></span> <span class='ocrx_word' id='word_1_473' title='bbox 2041 3053 2384 3123; x_wconf 87' lang='lat' dir='ltr'><strong>supradictus</strong></span> <span class='ocrx_word' id='word_1_474' title='bbox 2406 3054 2515 3109; x_wconf 75' lang='lat' dir='ltr'><strong>dux</strong></span> <span class='ocrx_word' id='word_1_475' title='bbox 2545 3056 2600 3110; x_wconf 91' lang='lat' dir='ltr'><strong>in</strong></span> <span class='ocrx_word' id='word_1_476' title='bbox 2623 3057 2998 3126; x_wconf 88' lang='lat' dir='ltr'><strong>praesenciam</strong></span> <span class='ocrx_word' id='word_1_477' title='bbox 3026 3060 3258 3128; x_wconf 90' lang='lat' dir='ltr'><strong>piissimi</strong></span> <span class='ocrx_word' id='word_1_478' title='bbox 3284 3076 3376 3116; x_wconf 83' lang='lat' dir='ltr'><strong>re-</strong></span> 
     </span>
    </p>
   </div>
   <div class='ocr_carea' id='block_1_37' title="bbox 109 3119 1660 3228">
    <p class='ocr_par' dir='ltr' id='par_1_37' title="bbox 109 3119 1660 3228">
     <span class='ocr_line' id='line_1_37' title="bbox 109 3119 1660 3228; baseline 0.001 -19"><span class='ocrx_word' id='word_1_479' title='bbox 109 3119 325 3210; x_wconf 53' lang='lat'><strong>1......</strong></span> <span class='ocrx_word' id='word_1_480' title='bbox 338 3119 822 3222; x_wconf 41' lang='lat' dir='ltr'><strong>causam;</strong></span> <span class='ocrx_word' id='word_1_481' title='bbox 834 3119 974 3228; x_wconf 63' lang='grc' dir='ltr'><strong>ξιιῖόὲ</strong></span> <span class='ocrx_word' id='word_1_482' title='bbox 990 3119 1312 3213; x_wconf 51' lang='lat' dir='ltr'><strong>eam...</strong></span> <span class='ocrx_word' id='word_1_483' title='bbox 1326 3119 1407 3223; x_wconf 64' lang='grc' dir='ltr'><strong>ἶι,</strong></span> <span class='ocrx_word' id='word_1_484' title='bbox 1423 3119 1660 3228; x_wconf 63' lang='lat' dir='ltr'><strong>Regi...</strong></span> 
     </span>
    </p>
   </div>
   <div class='ocr_carea' id='block_1_38' title="bbox 1823 3119 3374 3228">
    <p class='ocr_par' dir='ltr' id='par_1_38' title="bbox 1823 3141 3374 3213">
     <span class='ocr_line' id='line_1_38' title="bbox 1823 3141 3374 3213; baseline 0.006 -15"><span class='ocrx_word' id='word_1_485' title='bbox 1823 3143 1875 3205; x_wconf 74' lang='lat' dir='ltr'><strong>is</strong></span> <span class='ocrx_word' id='word_1_486' title='bbox 1897 3142 1965 3198; x_wconf 87' lang='lat' dir='ltr'><strong>ad</strong></span> <span class='ocrx_word' id='word_1_487' title='bbox 1990 3141 2356 3200; x_wconf 86' lang='lat' dir='ltr'><strong>Wormaciam</strong></span> <span class='ocrx_word' id='word_1_488' title='bbox 2384 3145 2431 3178; x_wconf 75' lang='lat'><strong>“</strong></span> <span class='ocrx_word' id='word_1_489' title='bbox 2461 3147 2756 3213; x_wconf 85' lang='lat' dir='ltr'><strong>civitatem,</strong></span> <span class='ocrx_word' id='word_1_490' title='bbox 2795 3148 2870 3203; x_wconf 89' lang='lat' dir='ltr'><strong>ibi</strong></span> <span class='ocrx_word' id='word_1_491' title='bbox 2898 3163 3165 3205; x_wconf 85' lang='lat' dir='ltr'><strong>reuovans</strong></span> <span class='ocrx_word' id='word_1_492' title='bbox 3193 3165 3374 3207; x_wconf 88' lang='lat' dir='ltr'><strong>sacra-</strong></span> 
     </span>
    </p>
   </div>
   <div class='ocr_carea' id='block_1_39' title="bbox 109 3234 1660 3316">
    <p class='ocr_par' dir='ltr' id='par_1_39' title="bbox 109 3245 1660 3316">
     <span class='ocr_line' id='line_1_39' title="bbox 109 3245 1660 3316; baseline 0.001 -18"><span class='ocrx_word' id='word_1_493' title='bbox 109 3245 190 3299; x_wconf 85' lang='lat' dir='ltr'><strong>sis</strong></span> <span class='ocrx_word' id='word_1_494' title='bbox 207 3245 502 3316; x_wconf 86' lang='lat' dir='ltr'><strong>episcopus</strong></span> <span class='ocrx_word' id='word_1_495' title='bbox 514 3247 580 3301; x_wconf 89' lang='lat' dir='ltr'><strong>de</strong></span> <span class='ocrx_word' id='word_1_496' title='bbox 599 3246 868 3312; x_wconf 87' lang='lat' dir='ltr'><strong>Baioaria,</strong></span> <span class='ocrx_word' id='word_1_497' title='bbox 883 3247 939 3301; x_wconf 92' lang='lat' dir='ltr'><strong>in</strong></span> <span class='ocrx_word' id='word_1_498' title='bbox 965 3245 1242 3302; x_wconf 86' lang='lat' dir='ltr'><strong>Carisiaco</strong></span> <span class='ocrx_word' id='word_1_499' title='bbox 1257 3247 1326 3301; x_wconf 89' lang='lat' dir='ltr'><strong>ad</strong></span> <span class='ocrx_word' id='word_1_500' title='bbox 1341 3251 1660 3315; x_wconf 74' lang='lat' dir='ltr'><strong>conspectus</strong></span> 
     </span>
    </p>
   </div>
   <div class='ocr_carea' id='block_1_40' title="bbox 1822 3234 3373 3316">
    <p class='ocr_par' dir='ltr' id='par_1_40' title="bbox 1822 3234 3373 3304">
     <span class='ocr_line' id='line_1_40' title="bbox 1822 3234 3373 3304; baseline 0.005 -14"><span class='ocrx_word' id='word_1_501' title='bbox 1822 3241 1995 3299; x_wconf 78' lang='lat' dir='ltr'><strong>acuta,</strong></span> <span class='ocrx_word' id='word_1_502' title='bbox 2021 3241 2076 3289; x_wconf 90' lang='lat' dir='ltr'><strong>et</strong></span> <span class='ocrx_word' id='word_1_503' title='bbox 2104 3234 2239 3289; x_wconf 83' lang='lat' dir='ltr'><strong>dans</strong></span> <span class='ocrx_word' id='word_1_504' title='bbox 2277 3234 2563 3292; x_wconf 89' lang='lat' dir='ltr'><strong>duodecim</strong></span> <span class='ocrx_word' id='word_1_505' title='bbox 2606 3237 2821 3292; x_wconf 90' lang='lat' dir='ltr'><strong>obsides</strong></span> <span class='ocrx_word' id='word_1_506' title='bbox 2849 3237 3071 3304; x_wconf 88' lang='lat' dir='ltr'><strong>electos,</strong></span> <span class='ocrx_word' id='word_1_507' title='bbox 3107 3247 3167 3295; x_wconf 85' lang='lat' dir='ltr'><strong>ut</strong></span> <span class='ocrx_word' id='word_1_508' title='bbox 3193 3242 3373 3297; x_wconf 83' lang='lat' dir='ltr'><strong>omnia</strong></span> 
     </span>
    </p>
   </div>
   <div class='ocr_carea' id='block_1_41' title="bbox 109 3324 3374 3408">
    <p class='ocr_par' dir='ltr' id='par_1_41' title="bbox 109 3324 3374 3408">
     <span class='ocr_line' id='line_1_41' title="bbox 109 3324 3374 3408; baseline 0.004 -17"><span class='ocrx_word' id='word_1_509' title='bbox 109 3337 254 3408; x_wconf 81' lang='lat' dir='ltr'><strong>regis</strong></span> <span class='ocrx_word' id='word_1_510' title='bbox 275 3336 525 3392; x_wconf 78' lang='lat' dir='ltr'><strong>adduxit.</strong></span> <span class='ocrx_word' id='word_1_511' title='bbox 558 3335 666 3393; x_wconf 89' lang='lat' dir='ltr'><strong>Sed</strong></span> <span class='ocrx_word' id='word_1_512' title='bbox 702 3338 844 3393; x_wconf 86' lang='lat' dir='ltr'><strong>idem</strong></span> <span class='ocrx_word' id='word_1_513' title='bbox 869 3338 977 3393; x_wconf 89' lang='lat' dir='ltr'><strong>dux</strong></span> <span class='ocrx_word' id='word_1_514' title='bbox 995 3338 1212 3393; x_wconf 89' lang='lat' dir='ltr'><strong>domum</strong></span> <span class='ocrx_word' id='word_1_515' title='bbox 1254 3351 1525 3405; x_wconf 74' lang='lat' dir='ltr'><strong>reversus,</strong></span> <span class='ocrx_word' id='word_1_516' title='bbox 1581 3353 1689 3394; x_wconf 88' lang='lat' dir='ltr'><strong>non</strong></span> <span class='ocrx_word' id='word_1_517' title='bbox 1790 3331 2136 3379; x_wconf 68' lang='lat' dir='ltr'><strong>conservaret</strong></span> <span class='ocrx_word' id='word_1_518' title='bbox 2164 3324 2241 3392; x_wconf 72' lang='lat'><strong>&quot;.</strong></span> <span class='ocrx_word' id='word_1_519' title='bbox 2269 3325 2525 3397; x_wconf 71' lang='lat' dir='ltr'><strong>quicquid</strong></span> <span class='ocrx_word' id='word_1_520' title='bbox 2561 3326 2760 3383; x_wconf 73' lang='lat' dir='ltr'><strong>domno</strong></span> <span class='ocrx_word' id='word_1_521' title='bbox 2787 3327 3014 3400; x_wconf 81' lang='lat' dir='ltr'><strong>Pippino</strong></span> <span class='ocrx_word' id='word_1_522' title='bbox 3040 3331 3157 3403; x_wconf 68' lang='grc' dir='ltr'><strong>τεεί</strong></span> <span class='ocrx_word' id='word_1_523' title='bbox 3182 3332 3230 3364; x_wconf 87' lang='grc'><strong><em>³⁸</em></strong></span> <span class='ocrx_word' id='word_1_524' title='bbox 3250 3348 3374 3403; x_wconf 76' lang='lat' dir='ltr'><strong>pro-</strong></span> 
     </span>
    </p>
   </div>
   <div class='ocr_carea' id='block_1_42' title="bbox 109 3414 3374 3495">
    <p class='ocr_par' dir='ltr' id='par_1_42' title="bbox 109 3414 3374 3495">
     <span class='ocr_line' id='line_1_42' title="bbox 109 3414 3374 3495; baseline 0.003 -27"><span class='ocrx_word' id='word_1_525' title='bbox 109 3423 198 3478; x_wconf 76' lang='lat' dir='ltr'><strong>diu</strong></span> <span class='ocrx_word' id='word_1_526' title='bbox 226 3424 286 3479; x_wconf 75' lang='lat' dir='ltr'><strong>in</strong></span> <span class='ocrx_word' id='word_1_527' title='bbox 315 3439 563 3494; x_wconf 66' lang='lat' dir='ltr'><strong>eaquam</strong></span> <span class='ocrx_word' id='word_1_528' title='bbox 584 3425 907 3495; x_wconf 55' lang='lat' dir='ltr'><strong>promiserat</strong></span> <span class='ocrx_word' id='word_1_529' title='bbox 934 3424 1039 3480; x_wconf 69' lang='lat' dir='ltr'><strong>[me</strong></span> <span class='ocrx_word' id='word_1_530' title='bbox 1072 3426 1389 3495; x_wconf 54' lang='lat' dir='ltr'><strong>permansit,</strong></span> <span class='ocrx_word' id='word_1_531' title='bbox 1418 3425 1536 3482; x_wconf 62' lang='lat' dir='ltr'><strong>Rex</strong></span> <span class='ocrx_word' id='word_1_532' title='bbox 1592 3442 1690 3482; x_wconf 70' lang='lat' dir='ltr'><strong>au-</strong></span> <span class='ocrx_word' id='word_1_533' title='bbox 1790 3414 2015 3470; x_wconf 89' lang='lat' dir='ltr'><strong>miserat</strong></span> <span class='ocrx_word' id='word_1_534' title='bbox 2043 3414 2411 3482; x_wconf 86' lang='lat' dir='ltr'><strong>iureiurando,</strong></span> <span class='ocrx_word' id='word_1_535' title='bbox 2445 3416 2499 3471; x_wconf 89' lang='lat' dir='ltr'><strong>in</strong></span> <span class='ocrx_word' id='word_1_536' title='bbox 2528 3431 2692 3474; x_wconf 86' lang='lat' dir='ltr'><strong>causa</strong></span> <span class='ocrx_word' id='word_1_537' title='bbox 2740 3421 3036 3489; x_wconf 83' lang='lat' dir='ltr'><strong>supradicti</strong></span> <span class='ocrx_word' id='word_1_538' title='bbox 3062 3422 3246 3483; x_wconf 62' lang='lat' dir='ltr'><strong>domm</strong></span> <span class='ocrx_word' id='word_1_539' title='bbox 3269 3422 3374 3479; x_wconf 85' lang='lat' dir='ltr'><strong>Ca-</strong></span> 
     </span>
    </p>
   </div>
   <div class='ocr_carea' id='block_1_43' title="bbox 110 3503 3366 3582">
    <p class='ocr_par' dir='ltr' id='par_1_43' title="bbox 110 3503 3366 3582">
     <span class='ocr_line' id='line_1_43' title="bbox 110 3503 3366 3582; baseline 0.003 -12"><span class='ocrx_word' id='word_1_540' title='bbox 110 3525 217 3571; x_wconf 86' lang='lat' dir='ltr'><strong>tem</strong></span> <span class='ocrx_word' id='word_1_541' title='bbox 243 3516 302 3571; x_wconf 79' lang='lat' dir='ltr'><strong>in</strong></span> <span class='ocrx_word' id='word_1_542' title='bbox 322 3517 517 3574; x_wconf 79' lang='lat' dir='ltr'><strong>eadem</strong></span> <span class='ocrx_word' id='word_1_543' title='bbox 543 3517 669 3573; x_wconf 87' lang='lat' dir='ltr'><strong>villa</strong></span> <span class='ocrx_word' id='word_1_544' title='bbox 692 3517 924 3573; x_wconf 90' lang='lat' dir='ltr'><strong>hiemem</strong></span> <span class='ocrx_word' id='word_1_545' title='bbox 963 3517 1234 3573; x_wconf 92' lang='lat' dir='ltr'><strong>transiens</strong></span> <span class='ocrx_word' id='word_1_546' title='bbox 1261 3518 1333 3582; x_wconf 83' lang='lat'><strong>&quot;,</strong></span> <span class='ocrx_word' id='word_1_547' title='bbox 1353 3525 1408 3573; x_wconf 90' lang='lat' dir='ltr'><strong>et</strong></span> <span class='ocrx_word' id='word_1_548' title='bbox 1452 3517 1689 3573; x_wconf 88' lang='lat' dir='ltr'><strong>natalem</strong></span> <span class='ocrx_word' id='word_1_549' title='bbox 1789 3503 1891 3559; x_wconf 71' lang='grc' dir='ltr'><strong>ΐοῙί</strong></span> <span class='ocrx_word' id='word_1_550' title='bbox 1919 3503 2062 3574; x_wconf 73' lang='lat' dir='ltr'><strong>resis</strong></span> <span class='ocrx_word' id='word_1_551' title='bbox 2085 3503 2172 3560; x_wconf 65' lang='grc' dir='ltr'><strong>νει</strong></span> <span class='ocrx_word' id='word_1_552' title='bbox 2199 3504 2436 3560; x_wconf 63' lang='lat' dir='ltr'><strong>ﬁdelium</strong></span> <span class='ocrx_word' id='word_1_553' title='bbox 2478 3521 2738 3575; x_wconf 66' lang='grc' dir='ltr'><strong>δυσαιωὲ</strong></span> <span class='ocrx_word' id='word_1_554' title='bbox 2786 3509 2878 3578; x_wconf 71' lang='lat' dir='ltr'><strong>qui</strong></span> <span class='ocrx_word' id='word_1_555' title='bbox 2924 3518 2980 3566; x_wconf 73' lang='grc' dir='ltr'><strong>ει</strong></span> <span class='ocrx_word' id='word_1_556' title='bbox 3007 3512 3110 3581; x_wconf 73' lang='grc' dir='ltr'><strong>ἱρεί</strong></span> <span class='ocrx_word' id='word_1_557' title='bbox 3148 3513 3366 3572; x_wconf 67' lang='grc' dir='ltr'><strong>οδείϐει</strong></span> 
     </span>
    </p>
   </div>
   <div class='ocr_carea' id='block_1_44' title="bbox 110 3593 3367 3681">
    <p class='ocr_par' dir='ltr' id='par_1_44' title="bbox 110 3593 3367 3681">
     <span class='ocr_line' id='line_1_44' title="bbox 110 3593 3367 3681; baseline 0.002 -29"><span class='ocrx_word' id='word_1_558' title='bbox 110 3607 327 3666; x_wconf 56' lang='lat' dir='ltr'><strong>nomini</strong></span> <span class='ocrx_word' id='word_1_559' title='bbox 356 3616 414 3666; x_wconf 71' lang='grc' dir='ltr'><strong>ει</strong></span> <span class='ocrx_word' id='word_1_560' title='bbox 426 3610 640 3681; x_wconf 65' lang='grc' dir='ltr'><strong>μεεω</strong></span> <span class='ocrx_word' id='word_1_561' title='bbox 661 3609 845 3667; x_wconf 70' lang='lat' dir='ltr'><strong>eodem</strong></span> <span class='ocrx_word' id='word_1_562' title='bbox 868 3609 924 3664; x_wconf 67' lang='lat' dir='ltr'><strong>in</strong></span> <span class='ocrx_word' id='word_1_563' title='bbox 952 3609 1067 3665; x_wconf 72' lang='grc' dir='ltr'><strong>ιοοο</strong></span> <span class='ocrx_word' id='word_1_564' title='bbox 1099 3609 1145 3641; x_wconf 77' lang='grc' dir='ltr'><strong>υ</strong></span> <span class='ocrx_word' id='word_1_565' title='bbox 1171 3608 1464 3666; x_wconf 55' lang='lat' dir='ltr'><strong>celebravi;</strong></span> <span class='ocrx_word' id='word_1_566' title='bbox 1485 3609 1552 3662; x_wconf 68' lang='grc' dir='ltr'><strong>ιδ,</strong></span> <span class='ocrx_word' id='word_1_567' title='bbox 1790 3594 1993 3662; x_wconf 88' lang='lat' dir='ltr'><strong>recepti</strong></span> <span class='ocrx_word' id='word_1_568' title='bbox 2040 3602 2168 3649; x_wconf 89' lang='lat' dir='ltr'><strong>sunt</strong></span> <span class='ocrx_word' id='word_1_569' title='bbox 2214 3593 2270 3648; x_wconf 89' lang='lat' dir='ltr'><strong>in</strong></span> <span class='ocrx_word' id='word_1_570' title='bbox 2314 3594 2653 3651; x_wconf 88' lang='lat' dir='ltr'><strong>Carisiacum</strong></span> <span class='ocrx_word' id='word_1_571' title='bbox 2696 3596 2822 3653; x_wconf 90' lang='lat' dir='ltr'><strong>villa</strong></span> <span class='ocrx_word' id='word_1_572' title='bbox 2851 3598 2896 3630; x_wconf 84' lang='grc'><strong>⁸⁷</strong></span> <span class='ocrx_word' id='word_1_573' title='bbox 2925 3600 2991 3654; x_wconf 88' lang='lat' dir='ltr'><strong>de</strong></span> <span class='ocrx_word' id='word_1_574' title='bbox 3039 3599 3216 3657; x_wconf 83' lang='lat' dir='ltr'><strong>manu&#39;</strong></span> <span class='ocrx_word' id='word_1_575' title='bbox 3242 3602 3367 3659; x_wconf 86' lang='lat' dir='ltr'><strong>Sin-</strong></span> 
     </span>
    </p>
   </div>
   <div class='ocr_carea' id='block_1_45' title="bbox 1788 3688 3373 3762">
    <p class='ocr_par' dir='ltr' id='par_1_45' title="bbox 1788 3688 3373 3762">
     <span class='ocr_line' id='line_1_45' title="bbox 1788 3688 3373 3762; baseline 0.006 -20"><span class='ocrx_word' id='word_1_576' title='bbox 1788 3688 1927 3743; x_wconf 88' lang='lat' dir='ltr'><strong>berti</strong></span> <span class='ocrx_word' id='word_1_577' title='bbox 1960 3688 2006 3721; x_wconf 86' lang='grc'><strong>³⁸</strong></span> <span class='ocrx_word' id='word_1_578' title='bbox 2031 3689 2290 3759; x_wconf 82' lang='lat' dir='ltr'><strong>episcopi.</strong></span> <span class='ocrx_word' id='word_1_579' title='bbox 2329 3688 2435 3745; x_wconf 87' lang='lat' dir='ltr'><strong>Sed</strong></span> <span class='ocrx_word' id='word_1_580' title='bbox 2464 3705 2569 3746; x_wconf 88' lang='lat' dir='ltr'><strong>non</strong></span> <span class='ocrx_word' id='word_1_581' title='bbox 2605 3692 2695 3746; x_wconf 89' lang='lat' dir='ltr'><strong>diu</strong></span> <span class='ocrx_word' id='word_1_582' title='bbox 2725 3692 3001 3762; x_wconf 78' lang='lat' dir='ltr'><strong>praefatus</strong></span> <span class='ocrx_word' id='word_1_583' title='bbox 3026 3695 3135 3750; x_wconf 88' lang='lat' dir='ltr'><strong>dux</strong></span> <span class='ocrx_word' id='word_1_584' title='bbox 3164 3694 3373 3752; x_wconf 83' lang='lat' dir='ltr'><strong>Tassilo</strong></span> 
     </span>
    </p>
   </div>
   <div class='ocr_carea' id='block_1_46' title="bbox 1787 3779 3373 3851">
    <p class='ocr_par' dir='ltr' id='par_1_46' title="bbox 1787 3779 3373 3851">
     <span class='ocr_line' id='line_1_46' title="bbox 1787 3779 3373 3851; baseline 0.008 -18"><span class='ocrx_word' id='word_1_585' title='bbox 1787 3779 2174 3848; x_wconf 86' lang='lat' dir='ltr'><strong>promissiones</strong></span> <span class='ocrx_word' id='word_1_586' title='bbox 2196 3796 2332 3851; x_wconf 85' lang='lat' dir='ltr'><strong>quas</strong></span> <span class='ocrx_word' id='word_1_587' title='bbox 2356 3781 2562 3838; x_wconf 77' lang='lat' dir='ltr'><strong>fecerat</strong></span> <span class='ocrx_word' id='word_1_588' title='bbox 2584 3785 2949 3841; x_wconf 88' lang='lat' dir='ltr'><strong>conservavit.</strong></span> <span class='ocrx_word' id='word_1_589' title='bbox 2983 3787 3053 3842; x_wconf 86' lang='lat' dir='ltr'><strong>Et</strong></span> <span class='ocrx_word' id='word_1_590' title='bbox 3077 3787 3373 3846; x_wconf 84' lang='lat' dir='ltr'><strong>celebravit</strong></span> 
     </span>
    </p>
   </div>
   <div class='ocr_carea' id='block_1_47' title="bbox 1787 3869 3370 3943">
    <p class='ocr_par' dir='ltr' id='par_1_47' title="bbox 1787 3869 3370 3943">
     <span class='ocr_line' id='line_1_47' title="bbox 1787 3869 3370 3943; baseline 0.008 -20"><span class='ocrx_word' id='word_1_591' title='bbox 1787 3869 2098 3938; x_wconf 89' lang='lat' dir='ltr'><strong>praedictus</strong></span> <span class='ocrx_word' id='word_1_592' title='bbox 2121 3871 2352 3927; x_wconf 89' lang='lat' dir='ltr'><strong>domnus</strong></span> <span class='ocrx_word' id='word_1_593' title='bbox 2376 3872 2641 3943; x_wconf 90' lang='lat' dir='ltr'><strong>gloriosus</strong></span> <span class='ocrx_word' id='word_1_594' title='bbox 2667 3890 2762 3929; x_wconf 88' lang='lat' dir='ltr'><strong>rex</strong></span> <span class='ocrx_word' id='word_1_595' title='bbox 2794 3877 3030 3932; x_wconf 86' lang='lat' dir='ltr'><strong>natalem</strong></span> <span class='ocrx_word' id='word_1_596' title='bbox 3060 3877 3273 3934; x_wconf 89' lang='lat' dir='ltr'><strong>Domini</strong></span> <span class='ocrx_word' id='word_1_597' title='bbox 3314 3881 3370 3936; x_wconf 89' lang='lat' dir='ltr'><strong>in</strong></span> 
     </span>
    </p>
   </div>
   <div class='ocr_carea' id='block_1_48' title="bbox 1788 3961 3369 4038">
    <p class='ocr_par' dir='ltr' id='par_1_48' title="bbox 1788 3961 3369 4038">
     <span class='ocr_line' id='line_1_48' title="bbox 1788 3961 3369 4038; baseline 0.008 -24"><span class='ocrx_word' id='word_1_598' title='bbox 1788 3961 2150 4030; x_wconf 87' lang='lat' dir='ltr'><strong>supradictam</strong></span> <span class='ocrx_word' id='word_1_599' title='bbox 2175 3961 2357 4017; x_wconf 88' lang='lat' dir='ltr'><strong>villam</strong></span> <span class='ocrx_word' id='word_1_600' title='bbox 2387 3963 2432 3995; x_wconf 83' lang='grc'><strong>⁸⁹</strong></span> <span class='ocrx_word' id='word_1_601' title='bbox 2458 3962 2790 4020; x_wconf 90' lang='lat' dir='ltr'><strong>Carisiacum</strong></span> <span class='ocrx_word' id='word_1_602' title='bbox 2819 3967 2890 4033; x_wconf 72' lang='grc' dir='ltr'><strong>⁵ο,</strong></span> <span class='ocrx_word' id='word_1_603' title='bbox 2911 3976 2966 4022; x_wconf 91' lang='lat' dir='ltr'><strong>et</strong></span> <span class='ocrx_word' id='word_1_604' title='bbox 2993 3969 3192 4038; x_wconf 87' lang='lat' dir='ltr'><strong>pascha</strong></span> <span class='ocrx_word' id='word_1_605' title='bbox 3219 3970 3369 4026; x_wconf 88' lang='lat' dir='ltr'><strong>simi-</strong></span> 
     </span>
    </p>
   </div>
   <div class='ocr_carea' id='block_1_49' title="bbox 1788 4051 3066 4115">
    <p class='ocr_par' dir='ltr' id='par_1_49' title="bbox 1788 4051 3066 4115">
     <span class='ocr_line' id='line_1_49' title="bbox 1788 4051 3066 4115; baseline 0.007 -9"><span class='ocrx_word' id='word_1_606' title='bbox 1788 4051 1932 4108; x_wconf 89' lang='lat' dir='ltr'><strong>liter.</strong></span> <span class='ocrx_word' id='word_1_607' title='bbox 1959 4052 2026 4108; x_wconf 87' lang='lat' dir='ltr'><strong>Et</strong></span> <span class='ocrx_word' id='word_1_608' title='bbox 2052 4053 2336 4109; x_wconf 88' lang='lat' dir='ltr'><strong>inmutavit</strong></span> <span class='ocrx_word' id='word_1_609' title='bbox 2357 4069 2417 4111; x_wconf 83' lang='lat' dir='ltr'><strong>se</strong></span> <span class='ocrx_word' id='word_1_610' title='bbox 2438 4071 2695 4113; x_wconf 86' lang='lat' dir='ltr'><strong>numerus</strong></span> <span class='ocrx_word' id='word_1_611' title='bbox 2721 4074 2983 4114; x_wconf 90' lang='lat' dir='ltr'><strong>annorum</strong></span> <span class='ocrx_word' id='word_1_612' title='bbox 3012 4061 3066 4115; x_wconf 92' lang='lat' dir='ltr'><strong>in</strong></span> 
     </span>
    </p>
   </div>
   <div class='ocr_carea' id='block_1_50' title="bbox 2177 4183 3006 4246">
    <p class='ocr_par' dir='ltr' id='par_1_50' title="bbox 2177 4183 3006 4246">
     <span class='ocr_line' id='line_1_50' title="bbox 2177 4183 3006 4246; baseline 0.005 -6"><span class='ocrx_word' id='word_1_613' title='bbox 2177 4183 2569 4244; x_wconf 65' lang='lat' dir='ltr'><strong>VARIANTES</strong></span> <span class='ocrx_word' id='word_1_614' title='bbox 2605 4186 3006 4246; x_wconf 84' lang='lat' dir='ltr'><strong>LECTIONES.</strong></span> 
     </span>
    </p>
   </div>
   <div class='ocr_carea' id='block_1_51' title="bbox 1860 4315 3364 4390">
    <p class='ocr_par' dir='ltr' id='par_1_51' title="bbox 1860 4315 3364 4390">
     <span class='ocr_line' id='line_1_51' title="bbox 1860 4315 3364 4390; baseline 0.009 -22"><span class='ocrx_word' id='word_1_615' title='bbox 1860 4315 1971 4390; x_wconf 60' lang='lat' dir='ltr'><strong>“Et</strong></span> <span class='ocrx_word' id='word_1_616' title='bbox 2000 4331 2091 4390; x_wconf 72' lang='lat' dir='ltr'><strong>rex</strong></span> <span class='ocrx_word' id='word_1_617' title='bbox 2121 4316 2333 4390; x_wconf 64' lang='lat' dir='ltr'><strong>carulas</strong></span> <span class='ocrx_word' id='word_1_618' title='bbox 2355 4331 2398 4372; x_wconf 83' lang='lat' dir='ltr'><strong>s.</strong></span> <span class='ocrx_word' id='word_1_619' title='bbox 2430 4319 2467 4374; x_wconf 91' lang='lat' dir='ltr'><strong>i.</strong></span> <span class='ocrx_word' id='word_1_620' title='bbox 2492 4335 2546 4390; x_wconf 90' lang='lat' dir='ltr'><strong>p.</strong></span> <span class='ocrx_word' id='word_1_621' title='bbox 2571 4320 2627 4390; x_wconf 79' lang='grc'><strong>1.</strong></span> <span class='ocrx_word' id='word_1_622' title='bbox 2662 4319 2712 4374; x_wconf 89' lang='lat'><strong>7.</strong></span> <span class='ocrx_word' id='word_1_623' title='bbox 2788 4321 2916 4390; x_wconf 57' lang='lat' dir='ltr'><strong>?est</strong></span> <span class='ocrx_word' id='word_1_624' title='bbox 2939 4321 3079 4378; x_wconf 85' lang='lat' dir='ltr'><strong>deest</strong></span> <span class='ocrx_word' id='word_1_625' title='bbox 3106 4321 3159 4375; x_wconf 96' lang='lat'><strong>2.</strong></span> <span class='ocrx_word' id='word_1_626' title='bbox 3236 4325 3257 4356; x_wconf 87' lang='grc'><em>³</em></span> <span class='ocrx_word' id='word_1_627' title='bbox 3276 4341 3364 4380; x_wconf 88' lang='lat' dir='ltr'><strong>su-</strong></span> 
     </span>
    </p>
   </div>
   <div class='ocr_carea' id='block_1_52' title="bbox 1828 4385 3359 4448">
    <p class='ocr_par' dir='ltr' id='par_1_52' title="bbox 1828 4385 3359 4448">
     <span class='ocr_line' id='line_1_52' title="bbox 1828 4385 3359 4448; baseline 0.005 -8"><span class='ocrx_word' id='word_1_628' title='bbox 1828 4385 2017 4441; x_wconf 84' lang='lat' dir='ltr'><strong>radicti</strong></span> <span class='ocrx_word' id='word_1_629' title='bbox 2049 4386 2101 4439; x_wconf 90' lang='grc'><strong>1.</strong></span> <span class='ocrx_word' id='word_1_630' title='bbox 2130 4385 2182 4440; x_wconf 83' lang='grc'><strong>5.</strong></span> <span class='ocrx_word' id='word_1_631' title='bbox 2209 4385 2262 4440; x_wconf 94' lang='grc'><strong>6.</strong></span> <span class='ocrx_word' id='word_1_632' title='bbox 2292 4386 2344 4439; x_wconf 88' lang='lat'><strong>7.</strong></span> <span class='ocrx_word' id='word_1_633' title='bbox 2373 4385 2510 4442; x_wconf 59' lang='lat' dir='ltr'><strong>etc.‘</strong></span> <span class='ocrx_word' id='word_1_634' title='bbox 2565 4388 2588 4420; x_wconf 75' lang='grc'><strong>⁸</strong></span> <span class='ocrx_word' id='word_1_635' title='bbox 2615 4404 2738 4446; x_wconf 89' lang='lat' dir='ltr'><strong>eum</strong></span> <span class='ocrx_word' id='word_1_636' title='bbox 2760 4389 2900 4445; x_wconf 91' lang='lat' dir='ltr'><strong>deest</strong></span> <span class='ocrx_word' id='word_1_637' title='bbox 2927 4391 2982 4445; x_wconf 89' lang='lat'><strong>2.</strong></span> <span class='ocrx_word' id='word_1_638' title='bbox 3081 4391 3102 4422; x_wconf 86' lang='lat'><strong>&#39;</strong></span> <span class='ocrx_word' id='word_1_639' title='bbox 3129 4395 3273 4448; x_wconf 89' lang='lat' dir='ltr'><strong>uncti</strong></span> <span class='ocrx_word' id='word_1_640' title='bbox 3307 4396 3359 4448; x_wconf 84' lang='lat' dir='ltr'><strong>l.</strong></span> 
     </span>
    </p>
   </div>
   <div class='ocr_carea' id='block_1_53' title="bbox 517 4401 3364 4599">
    <p class='ocr_par' dir='ltr' id='par_1_53' title="bbox 517 4401 3364 4599">
     <span class='ocr_line' id='line_1_53' title="bbox 1828 4401 3359 4448; baseline -0.01 -8"><span class='ocrx_word' id='word_1_641' title='bbox 1828 4401 2017 4441; x_wconf 81' lang='lat' dir='ltr'><strong>raalcu</strong></span> <span class='ocrx_word' id='word_1_642' title='bbox 2049 4401 2101 4439; x_wconf 81' lang='lat'><strong>1.</strong></span> <span class='ocrx_word' id='word_1_643' title='bbox 2130 4401 2182 4440; x_wconf 70' lang='grc' dir='ltr'><strong>δ.</strong></span> <span class='ocrx_word' id='word_1_644' title='bbox 2209 4401 2262 4440; x_wconf 79' lang='grc' dir='ltr'><strong>υ.</strong></span> <span class='ocrx_word' id='word_1_645' title='bbox 2293 4401 2344 4439; x_wconf 80' lang='grc' dir='ltr'><strong>·ι.</strong></span> <span class='ocrx_word' id='word_1_646' title='bbox 2373 4401 2489 4442; x_wconf 70' lang='lat' dir='ltr'><strong>etc.</strong></span> <span class='ocrx_word' id='word_1_647' title='bbox 2565 4401 2588 4420; x_wconf 72' lang='grc' dir='ltr'><strong>ο</strong></span> <span class='ocrx_word' id='word_1_648' title='bbox 2615 4404 2738 4446; x_wconf 73' lang='lat' dir='ltr'><strong>eum</strong></span> <span class='ocrx_word' id='word_1_649' title='bbox 2760 4401 2900 4445; x_wconf 71' lang='grc' dir='ltr'><em>αεεει</em></span> <span class='ocrx_word' id='word_1_650' title='bbox 2927 4401 2982 4445; x_wconf 59' lang='grc' dir='ltr'><strong>κ,</strong></span> <span class='ocrx_word' id='word_1_651' title='bbox 3081 4401 3102 4422; x_wconf 77' lang='grc' dir='ltr'>ι</span> <span class='ocrx_word' id='word_1_652' title='bbox 3129 4401 3273 4448; x_wconf 46' lang='lat' dir='ltr'><strong>una,</strong></span> <span class='ocrx_word' id='word_1_653' title='bbox 3307 4401 3359 4448; x_wconf 49' lang='lat'><strong>1.</strong></span> 
     </span>
     <span class='ocr_line' id='line_1_54' title="bbox 517 4401 3364 4599; baseline -0.012 19"><span class='ocrx_word' id='word_1_654' title='bbox 517 4498 908 4599; x_wconf 55' lang='lat' dir='ltr'><strong>YAB&#39;ANF&#39;ES</strong></span> <span class='ocrx_word' id='word_1_655' title='bbox 941 4499 1338 4599; x_wconf 53' lang='grc' dir='ltr'><strong>ιιξεοῖπιοιῖεξ·</strong></span> <span class='ocrx_word' id='word_1_656' title='bbox 1610 4595 1624 4599; x_wconf 83' lang='grc'><strong>-</strong></span> <span class='ocrx_word' id='word_1_657' title='bbox 1715 4458 1770 4517; x_wconf 74' lang='grc'><strong>¹⁵</strong></span> <span class='ocrx_word' id='word_1_658' title='bbox 1791 4401 1888 4599; x_wconf 65' lang='grc' dir='ltr'><strong>ξξ¹³</strong></span> <span class='ocrx_word' id='word_1_659' title='bbox 1901 4455 2258 4599; x_wconf 60' lang='grc' dir='ltr'><strong>Γεθὲἳέέῶ</strong></span> <span class='ocrx_word' id='word_1_660' title='bbox 2271 4458 3007 4599; x_wconf 46' lang='grc' dir='ltr'><strong>ἒέθξὲέεῖλζξκῶῖῖεὲξξ</strong></span> <span class='ocrx_word' id='word_1_661' title='bbox 3021 4459 3364 4599; x_wconf 55' lang='lat' dir='ltr'><strong>irata-ta?</strong></span> 
     </span>
    </p>
   </div>
   <div class='ocr_carea' id='block_1_54' title="bbox 175 4590 3362 4664">
    <p class='ocr_par' dir='ltr' id='par_1_54' title="bbox 175 4590 3362 4664">
     <span class='ocr_line' id='line_1_55' title="bbox 175 4590 3362 4664; baseline 0.001 -14"><span class='ocrx_word' id='word_1_662' title='bbox 175 4598 190 4628; x_wconf 85' lang='grc'><strong>⁷</strong></span> <span class='ocrx_word' id='word_1_663' title='bbox 218 4591 455 4664; x_wconf 61' lang='lat' dir='ltr'><strong>deest].</strong></span> <span class='ocrx_word' id='word_1_664' title='bbox 476 4660 491 4664; x_wconf 30' lang='grc' dir='ltr'><strong>Δ</strong></span> <span class='ocrx_word' id='word_1_665' title='bbox 553 4590 661 4664; x_wconf 80' lang='lat' dir='ltr'><strong>&#39;_P.</strong></span> <span class='ocrx_word' id='word_1_666' title='bbox 691 4606 742 4664; x_wconf 84' lang='lat' dir='ltr'><strong>e.</strong></span> <span class='ocrx_word' id='word_1_667' title='bbox 768 4592 806 4646; x_wconf 89' lang='lat' dir='ltr'><strong>l&#39;.</strong></span> <span class='ocrx_word' id='word_1_668' title='bbox 837 4591 891 4664; x_wconf 55' lang='lat'><strong>7.</strong></span> <span class='ocrx_word' id='word_1_669' title='bbox 956 4661 969 4664; x_wconf 96' lang='lat'><em>_</em></span> <span class='ocrx_word' id='word_1_670' title='bbox 987 4591 1009 4624; x_wconf 85' lang='grc'>⁸</span> <span class='ocrx_word' id='word_1_671' title='bbox 1029 4593 1185 4664; x_wconf 74' lang='lat' dir='ltr'><strong>deest</strong></span> <span class='ocrx_word' id='word_1_672' title='bbox 1208 4592 1260 4646; x_wconf 86' lang='grc'><strong>5.</strong></span> <span class='ocrx_word' id='word_1_673' title='bbox 1293 4593 1352 4664; x_wconf 82' lang='grc'><strong>9.</strong></span> <span class='ocrx_word' id='word_1_674' title='bbox 1451 4591 1474 4626; x_wconf 74' lang='grc'>⁸</span> <span class='ocrx_word' id='word_1_675' title='bbox 1499 4593 1690 4652; x_wconf 85' lang='lat' dir='ltr'><strong>hludo-</strong></span> <span class='ocrx_word' id='word_1_676' title='bbox 1793 4593 2122 4649; x_wconf 82' lang='lat' dir='ltr'><strong>hlodovrieus</strong></span> <span class='ocrx_word' id='word_1_677' title='bbox 2148 4590 2244 4648; x_wconf 72' lang='lat' dir='ltr'><strong>r&#39;ex</strong></span> <span class='ocrx_word' id='word_1_678' title='bbox 2273 4593 2331 4664; x_wconf 88' lang='lat' dir='ltr'><strong>in</strong></span> <span class='ocrx_word' id='word_1_679' title='bbox 2355 4596 2627 4664; x_wconf 86' lang='lat' dir='ltr'><strong>equitania</strong></span> <span class='ocrx_word' id='word_1_680' title='bbox 2644 4595 2694 4648; x_wconf 91' lang='lat'><strong>7.</strong></span> <span class='ocrx_word' id='word_1_681' title='bbox 2773 4597 2815 4629; x_wconf 76' lang='grc'><strong>⁷⁸</strong></span> <span class='ocrx_word' id='word_1_682' title='bbox 2845 4590 3204 4653; x_wconf 72' lang='lat' dir='ltr'><strong>mediolanufn</strong></span> <span class='ocrx_word' id='word_1_683' title='bbox 3227 4600 3362 4654; x_wconf 88' lang='lat' dir='ltr'><strong>civi-</strong></span> 
     </span>
    </p>
   </div>
   <div class='ocr_carea' id='block_1_55' title="bbox 108 4659 3363 4736">
    <p class='ocr_par' dir='ltr' id='par_1_55' title="bbox 108 4659 3363 4736">
     <span class='ocr_line' id='line_1_56' title="bbox 108 4659 3363 4736; baseline 0 -15"><span class='ocrx_word' id='word_1_684' title='bbox 108 4666 303 4722; x_wconf 75' lang='lat' dir='ltr'><strong>wicum</strong></span> <span class='ocrx_word' id='word_1_685' title='bbox 324 4733 343 4736; x_wconf 82' lang='lat'><strong><em>_</em></strong></span> <span class='ocrx_word' id='word_1_686' title='bbox 364 4663 440 4736; x_wconf 92' lang='lat'><strong>7._</strong></span> <span class='ocrx_word' id='word_1_687' title='bbox 476 4659 832 4736; x_wconf 74' lang='lat' dir='ltr'><strong>lovdevvicum</strong></span> <span class='ocrx_word' id='word_1_688' title='bbox 860 4661 914 4736; x_wconf 71' lang='lat'><strong>5.</strong></span> <span class='ocrx_word' id='word_1_689' title='bbox 955 4661 1276 4736; x_wconf 79' lang='lat' dir='ltr'><strong>ludewicum</strong></span> <span class='ocrx_word' id='word_1_690' title='bbox 1327 4663 1379 4718; x_wconf 74' lang='grc'><strong>1.</strong></span> <span class='ocrx_word' id='word_1_691' title='bbox 1435 4663 1487 4719; x_wconf 88' lang='grc'><strong>6.</strong></span> <span class='ocrx_word' id='word_1_692' title='bbox 1543 4665 1694 4736; x_wconf 83' lang='lat' dir='ltr'><strong>ludo-</strong></span> <span class='ocrx_word' id='word_1_693' title='bbox 1792 4671 1957 4736; x_wconf 78' lang='lat' dir='ltr'><strong>tatem</strong></span> <span class='ocrx_word' id='word_1_694' title='bbox 1986 4664 2036 4717; x_wconf 84' lang='lat' dir='ltr'><strong>l.</strong></span> <span class='ocrx_word' id='word_1_695' title='bbox 2114 4664 2156 4736; x_wconf 72' lang='lat'><strong>‘_‘</strong></span> <span class='ocrx_word' id='word_1_696' title='bbox 2181 4663 2368 4736; x_wconf 73' lang='lat' dir='ltr'><strong>gjstola</strong></span> <span class='ocrx_word' id='word_1_697' title='bbox 2384 4659 2433 4736; x_wconf 77' lang='grc'><strong>1’.</strong></span> <span class='ocrx_word' id='word_1_698' title='bbox 2467 4664 2635 4736; x_wconf 84' lang='lat' dir='ltr'><strong>gisola</strong></span> <span class='ocrx_word' id='word_1_699' title='bbox 2663 4663 2714 4736; x_wconf 64' lang='grc' dir='ltr'><strong>ἶ.</strong></span> <span class='ocrx_word' id='word_1_700' title='bbox 2793 4666 2837 4698; x_wconf 75' lang='grc'>⁸⁸</span> <span class='ocrx_word' id='word_1_701' title='bbox 2855 4667 3049 4736; x_wconf 84' lang='lat' dir='ltr'><strong>dioma-</strong></span> <span class='ocrx_word' id='word_1_702' title='bbox 3075 4669 3138 4721; x_wconf 60' lang='lat' dir='ltr'><strong>l.</strong></span> <span class='ocrx_word' id='word_1_703' title='bbox 3203 4668 3246 4700; x_wconf 73' lang='lat'>”</span> <span class='ocrx_word' id='word_1_704' title='bbox 3278 4685 3363 4725; x_wconf 81' lang='lat' dir='ltr'><strong>sa-</strong></span> 
     </span>
    </p>
   </div>
   <div class='ocr_carea' id='block_1_56' title="bbox 108 4729 3355 4834">
    <p class='ocr_par' dir='ltr' id='par_1_56' title="bbox 108 4729 3355 4834">
     <span class='ocr_line' id='line_1_57' title="bbox 108 4729 3355 4834; baseline 0.001 -43"><span class='ocrx_word' id='word_1_705' title='bbox 108 4735 285 4791; x_wconf 76' lang='lat' dir='ltr'><strong>vicnm</strong></span> <span class='ocrx_word' id='word_1_706' title='bbox 315 4733 376 4789; x_wconf 84' lang='lat'><strong>9.</strong></span> <span class='ocrx_word' id='word_1_707' title='bbox 422 4733 497 4787; x_wconf 83' lang='lat' dir='ltr'><strong>ita</strong></span> <span class='ocrx_word' id='word_1_708' title='bbox 523 4742 571 4786; x_wconf 82' lang='lat' dir='ltr'><strong>et</strong></span> <span class='ocrx_word' id='word_1_709' title='bbox 603 4731 988 4803; x_wconf 68' lang='lat' dir='ltr'><strong>insequentibus</strong></span> <span class='ocrx_word' id='word_1_710' title='bbox 1011 4729 1120 4800; x_wconf 78' lang='lat' dir='ltr'><strong>fere</strong></span> <span class='ocrx_word' id='word_1_711' title='bbox 1147 4740 1449 4787; x_wconf 77' lang='lat' dir='ltr'><strong>constanter</strong></span> <span class='ocrx_word' id='word_1_712' title='bbox 1546 4735 1568 4767; x_wconf 82' lang='lat'><strong>&#39;</strong></span> <span class='ocrx_word' id='word_1_713' title='bbox 1597 4749 1692 4790; x_wconf 52' lang='lat' dir='ltr'><strong>co-</strong></span> <span class='ocrx_word' id='word_1_714' title='bbox 1791 4747 1886 4788; x_wconf 90' lang='lat' dir='ltr'><strong>cro</strong></span> <span class='ocrx_word' id='word_1_715' title='bbox 1929 4731 2080 4814; x_wconf 76' lang='lat' dir='ltr'><strong>fonte</strong></span> <span class='ocrx_word' id='word_1_716' title='bbox 2113 4732 2166 4787; x_wconf 89' lang='lat'><strong>6.</strong></span> <span class='ocrx_word' id='word_1_717' title='bbox 2184 4729 2255 4786; x_wconf 65' lang='lat'><strong>&#39;7.</strong></span> <span class='ocrx_word' id='word_1_718' title='bbox 2291 4729 2559 4834; x_wconf 60' lang='lat' dir='ltr'><strong>baptismo</strong></span> <span class='ocrx_word' id='word_1_719' title='bbox 2586 4734 2638 4815; x_wconf 95' lang='lat'><strong>.</strong></span> <span class='ocrx_word' id='word_1_720' title='bbox 2682 4733 2736 4788; x_wconf 87' lang='grc'><strong>5.</strong></span> <span class='ocrx_word' id='word_1_721' title='bbox 2835 4736 2886 4782; x_wconf 67' lang='grc'><strong>⁷⁵.</strong></span> <span class='ocrx_word' id='word_1_722' title='bbox 2907 4735 3055 4792; x_wconf 74' lang='lat' dir='ltr'><strong>fonte</strong></span> <span class='ocrx_word' id='word_1_723' title='bbox 3081 4737 3286 4793; x_wconf 82' lang='lat' dir='ltr'><strong>levavit</strong></span> <span class='ocrx_word' id='word_1_724' title='bbox 3302 4739 3355 4794; x_wconf 87' lang='lat'><strong>6-.</strong></span> 
     </span>
     <span class='ocr_line' id='line_1_58' title="bbox 108 4799 3334 4834; baseline 0 0"><span class='ocrx_word' id='word_1_725' title='bbox 108 4820 231 4834; x_wconf 57' lang='grc' dir='ltr'><strong>..-Α</strong></span> <span class='ocrx_word' id='word_1_726' title='bbox 287 4803 311 4834; x_wconf 74' lang='grc'><strong>1</strong></span> <span class='ocrx_word' id='word_1_727' title='bbox 473 4801 495 4833; x_wconf 77' lang='grc' dir='ltr'><strong><em>ο</em></strong></span> <span class='ocrx_word' id='word_1_728' title='bbox 524 4801 584 4834; x_wconf 62' lang='grc' dir='ltr'><strong>ἔτι</strong></span> <span class='ocrx_word' id='word_1_729' title='bbox 623 4807 704 4834; x_wconf 64' lang='lat' dir='ltr'><strong>me</strong></span> <span class='ocrx_word' id='word_1_730' title='bbox 750 4799 1089 4834; x_wconf 64' lang='lat' dir='ltr'><strong>Ille-Anniana</strong></span> <span class='ocrx_word' id='word_1_731' title='bbox 1138 4801 1279 4834; x_wconf 65' lang='lat' dir='ltr'><strong>dun</strong></span> <span class='ocrx_word' id='word_1_732' title='bbox 1345 4802 1378 4834; x_wconf 84' lang='lat'><strong>0</strong></span> <span class='ocrx_word' id='word_1_733' title='bbox 1446 4802 1588 4834; x_wconf 55' lang='lat' dir='ltr'><strong>hinc...</strong></span> <span class='ocrx_word' id='word_1_734' title='bbox 1793 4802 1838 4834; x_wconf 76' lang='grc'><strong>11</strong></span> <span class='ocrx_word' id='word_1_735' title='bbox 1866 4803 2014 4834; x_wconf 64' lang='lat' dir='ltr'><strong>mina.</strong></span> <span class='ocrx_word' id='word_1_736' title='bbox 2046 4802 2152 4834; x_wconf 69' lang='lat' dir='ltr'><strong>Ann</strong></span> <span class='ocrx_word' id='word_1_737' title='bbox 2181 4802 2228 4834; x_wconf 71' lang='grc' dir='ltr'><strong>Ι,</strong></span> <span class='ocrx_word' id='word_1_738' title='bbox 2327 4802 2343 4833; x_wconf 79' lang='grc'><strong>1</strong></span> <span class='ocrx_word' id='word_1_739' title='bbox 2398 4803 2704 4834; x_wconf 56' lang='lat' dir='ltr'><strong>nun-“ulmea</strong></span> <span class='ocrx_word' id='word_1_740' title='bbox 2730 4803 2931 4834; x_wconf 61' lang='lat' dir='ltr'><strong>mentm.</strong></span> <span class='ocrx_word' id='word_1_741' title='bbox 2957 4805 2983 4834; x_wconf 76' lang='grc' dir='ltr'><strong>ι’</strong></span> <span class='ocrx_word' id='word_1_742' title='bbox 3031 4806 3050 4834; x_wconf 77' lang='grc' dir='ltr'>ι</span> <span class='ocrx_word' id='word_1_743' title='bbox 3177 4809 3218 4834; x_wconf 76' lang='grc' dir='ltr'>η</span> <span class='ocrx_word' id='word_1_744' title='bbox 3252 4807 3334 4834; x_wconf 67' lang='grc' dir='ltr'><strong>ι’.-</strong></span> 
     </span>
    </p>
   </div>
   <div class='ocr_carea' id='block_1_57' title="bbox 107 4799 3360 4873">
    <p class='ocr_par' dir='ltr' id='par_1_57' title="bbox 107 4799 3360 4873">
     <span class='ocr_line' id='line_1_59' title="bbox 107 4799 3360 4873; baseline 0.001 -13"><span class='ocrx_word' id='word_1_745' title='bbox 107 4820 235 4860; x_wconf 84' lang='lat' dir='ltr'><strong>mna</strong></span> <span class='ocrx_word' id='word_1_746' title='bbox 287 4803 345 4873; x_wconf 80' lang='grc'><strong>1.</strong></span> <span class='ocrx_word' id='word_1_747' title='bbox 451 4801 495 4873; x_wconf 29' lang='grc' dir='ltr'><em>η’</em></span> <span class='ocrx_word' id='word_1_748' title='bbox 524 4801 584 4873; x_wconf 79' lang='lat' dir='ltr'><strong>id</strong></span> <span class='ocrx_word' id='word_1_749' title='bbox 623 4799 1279 4873; x_wconf 58' lang='lat' dir='ltr'><strong>est&#39;llludevricus_deest</strong></span> <span class='ocrx_word' id='word_1_750' title='bbox 1345 4802 1398 4873; x_wconf 85' lang='lat'><strong>9.</strong></span> <span class='ocrx_word' id='word_1_751' title='bbox 1445 4802 1589 4873; x_wconf 89' lang='lat' dir='ltr'><strong>idem</strong></span> <span class='ocrx_word' id='word_1_752' title='bbox 1622 4834 1691 4873; x_wconf 54' lang='grc' dir='ltr'><strong>έ-</strong></span> <span class='ocrx_word' id='word_1_753' title='bbox 1793 4802 1838 4834; x_wconf 84' lang='grc'><strong>¹³</strong></span> <span class='ocrx_word' id='word_1_754' title='bbox 1865 4802 2025 4873; x_wconf 77' lang='lat' dir='ltr'><strong>missi</strong></span> <span class='ocrx_word' id='word_1_755' title='bbox 2046 4802 2164 4873; x_wconf 14' lang='lat' dir='ltr'><strong>duo,</strong></span> <span class='ocrx_word' id='word_1_756' title='bbox 2181 4802 2230 4873; x_wconf 82' lang='grc'><strong>1.</strong></span> <span class='ocrx_word' id='word_1_757' title='bbox 2327 4799 2377 4834; x_wconf 76' lang='grc'><strong>⁸⁷</strong></span> <span class='ocrx_word' id='word_1_758' title='bbox 2398 4803 2706 4873; x_wconf 84' lang='lat' dir='ltr'><strong>supradicto</strong></span> <span class='ocrx_word' id='word_1_759' title='bbox 2730 4803 2934 4860; x_wconf 86' lang='lat' dir='ltr'><strong>scilicet</strong></span> <span class='ocrx_word' id='word_1_760' title='bbox 2957 4805 2994 4859; x_wconf 82' lang='lat' dir='ltr'><strong>l&#39;.</strong></span> <span class='ocrx_word' id='word_1_761' title='bbox 3031 4806 3077 4860; x_wconf 84' lang='lat' dir='ltr'><strong>l.</strong></span> <span class='ocrx_word' id='word_1_762' title='bbox 3177 4809 3218 4838; x_wconf 81' lang='grc'><strong>³⁷</strong></span> <span class='ocrx_word' id='word_1_763' title='bbox 3248 4807 3360 4863; x_wconf 79' lang='lat' dir='ltr'><strong>for-</strong></span> 
     </span>
    </p>
   </div>
   <div class='ocr_carea' id='block_1_58' title="bbox 108 4869 3356 4941">
    <p class='ocr_par' dir='ltr' id='par_1_58' title="bbox 108 4869 3356 4941">
     <span class='ocr_line' id='line_1_60' title="bbox 108 4869 3356 4941; baseline 0.001 -13"><span class='ocrx_word' id='word_1_764' title='bbox 108 4875 247 4930; x_wconf 86' lang='lat' dir='ltr'><strong>idem</strong></span> <span class='ocrx_word' id='word_1_765' title='bbox 285 4871 345 4941; x_wconf 85' lang='grc'><strong>5.</strong></span> <span class='ocrx_word' id='word_1_766' title='bbox 393 4939 405 4941; x_wconf 91' lang='lat'>_</span> <span class='ocrx_word' id='word_1_767' title='bbox 447 4872 469 4904; x_wconf 83' lang='lat'>&#39;</span> <span class='ocrx_word' id='word_1_768' title='bbox 497 4871 780 4941; x_wconf 78' lang='lat' dir='ltr'><strong>episcopus</strong></span> <span class='ocrx_word' id='word_1_769' title='bbox 812 4871 896 4941; x_wconf 14' lang='lat'><strong>9.,</strong></span> <span class='ocrx_word' id='word_1_770' title='bbox 961 4869 983 4902; x_wconf 89' lang='grc'><strong><em>⁸</em></strong></span> <span class='ocrx_word' id='word_1_771' title='bbox 1006 4869 1220 4941; x_wconf 81' lang='lat' dir='ltr'><strong>gisilam</strong></span> <span class='ocrx_word' id='word_1_772' title='bbox 1244 4869 1296 4926; x_wconf 86' lang='lat'><strong>5.</strong></span> <span class='ocrx_word' id='word_1_773' title='bbox 1345 4870 1400 4941; x_wconf 82' lang='lat'><strong>6.</strong></span> <span class='ocrx_word' id='word_1_774' title='bbox 1486 4872 1506 4903; x_wconf 82' lang='lat'>&#39;</span> <span class='ocrx_word' id='word_1_775' title='bbox 1535 4874 1587 4928; x_wconf 90' lang='lat' dir='ltr'><strong>d.</strong></span> <span class='ocrx_word' id='word_1_776' title='bbox 1624 4872 1686 4927; x_wconf 88' lang='grc' dir='ltr'><strong>Β.</strong></span> <span class='ocrx_word' id='word_1_777' title='bbox 1788 4885 1972 4941; x_wconf 88' lang='lat' dir='ltr'><strong>mosus</strong></span> <span class='ocrx_word' id='word_1_778' title='bbox 1995 4871 2048 4925; x_wconf 88' lang='lat'><strong>5.</strong></span> <span class='ocrx_word' id='word_1_779' title='bbox 2086 4939 2094 4941; x_wconf 17' lang='grc'><strong><em>4</em></strong></span> <span class='ocrx_word' id='word_1_780' title='bbox 2128 4872 2174 4904; x_wconf 78' lang='grc'><strong>⁸⁸</strong></span> <span class='ocrx_word' id='word_1_781' title='bbox 2188 4869 2482 4928; x_wconf 77' lang='lat' dir='ltr'><strong>damansus</strong></span> <span class='ocrx_word' id='word_1_782' title='bbox 2506 4873 2557 4927; x_wconf 88' lang='grc'><strong>1.</strong></span> <span class='ocrx_word' id='word_1_783' title='bbox 2637 4872 2679 4904; x_wconf 78' lang='grc'><strong>⁷⁸</strong></span> <span class='ocrx_word' id='word_1_784' title='bbox 2700 4874 3048 4930; x_wconf 83' lang='lat' dir='ltr'><strong>thassilonem</strong></span> <span class='ocrx_word' id='word_1_785' title='bbox 3072 4879 3121 4932; x_wconf 89' lang='grc'><strong>1.</strong></span> <span class='ocrx_word' id='word_1_786' title='bbox 3143 4877 3356 4932; x_wconf 84' lang='lat' dir='ltr'><strong>tessilo-</strong></span> 
     </span>
    </p>
   </div>
   <div class='ocr_carea' id='block_1_59' title="bbox 107 4887 3357 5024">
    <p class='ocr_par' dir='ltr' id='par_1_59' title="bbox 107 4887 3357 5024">
     <span class='ocr_line' id='line_1_61' title="bbox 108 4887 3356 4971; baseline 0.001 -43"><span class='ocrx_word' id='word_1_787' title='bbox 108 4887 247 4930; x_wconf 78' lang='lat' dir='ltr'><strong>idem</strong></span> <span class='ocrx_word' id='word_1_788' title='bbox 285 4887 345 4926; x_wconf 72' lang='grc'><strong>5.</strong></span> <span class='ocrx_word' id='word_1_789' title='bbox 450 4887 464 4904; x_wconf 73' lang='grc' dir='ltr'>ι</span> <span class='ocrx_word' id='word_1_790' title='bbox 497 4887 780 4971; x_wconf 69' lang='lat' dir='ltr'><strong>episcopus</strong></span> <span class='ocrx_word' id='word_1_791' title='bbox 812 4887 866 4928; x_wconf 74' lang='grc' dir='ltr'><strong>υ.</strong></span> <span class='ocrx_word' id='word_1_792' title='bbox 961 4887 983 4902; x_wconf 86' lang='grc'>·</span> <span class='ocrx_word' id='word_1_793' title='bbox 1006 4887 1220 4952; x_wconf 77' lang='lat' dir='ltr'><strong>gtsuam</strong></span> <span class='ocrx_word' id='word_1_794' title='bbox 1244 4887 1296 4926; x_wconf 75' lang='grc' dir='ltr'><strong>ο.</strong></span> <span class='ocrx_word' id='word_1_795' title='bbox 1345 4887 1400 4952; x_wconf 49' lang='grc' dir='ltr'><strong>υ.</strong></span> <span class='ocrx_word' id='word_1_796' title='bbox 1487 4887 1506 4903; x_wconf 75' lang='grc' dir='ltr'><strong>ν</strong></span> <span class='ocrx_word' id='word_1_797' title='bbox 1535 4887 1587 4928; x_wconf 84' lang='lat' dir='ltr'><strong>a.</strong></span> <span class='ocrx_word' id='word_1_798' title='bbox 1624 4887 1686 4927; x_wconf 73' lang='grc' dir='ltr'><strong>υ.</strong></span> <span class='ocrx_word' id='word_1_799' title='bbox 1788 4887 1972 4927; x_wconf 90' lang='lat' dir='ltr'><strong>mosus</strong></span> <span class='ocrx_word' id='word_1_800' title='bbox 1995 4887 2048 4925; x_wconf 74' lang='grc' dir='ltr'><strong>δ.</strong></span> <span class='ocrx_word' id='word_1_801' title='bbox 2128 4887 2174 4904; x_wconf 73' lang='grc' dir='ltr'><strong>ιο</strong></span> <span class='ocrx_word' id='word_1_802' title='bbox 2188 4887 2482 4954; x_wconf 73' lang='lat' dir='ltr'><strong>qamansus</strong></span> <span class='ocrx_word' id='word_1_803' title='bbox 2506 4887 2557 4955; x_wconf 57' lang='grc' dir='ltr'><strong>ξ.</strong></span> <span class='ocrx_word' id='word_1_804' title='bbox 2637 4887 2679 4904; x_wconf 81' lang='grc'><strong><em>³·</em></strong></span> <span class='ocrx_word' id='word_1_805' title='bbox 2700 4887 3048 4956; x_wconf 77' lang='lat' dir='ltr'><strong>suassuonem</strong></span> <span class='ocrx_word' id='word_1_806' title='bbox 3072 4887 3121 4932; x_wconf 77' lang='grc'><strong>1.</strong></span> <span class='ocrx_word' id='word_1_807' title='bbox 3143 4887 3356 4932; x_wconf 84' lang='lat' dir='ltr'><strong>tessilo-</strong></span> 
     </span>
     <span class='ocr_line' id='line_1_62' title="bbox 107 4937 3357 5024; baseline 0.001 -26"><span class='ocrx_word' id='word_1_808' title='bbox 107 4943 157 5024; x_wconf 67' lang='grc' dir='ltr'><strong>5ἷ</strong></span> <span class='ocrx_word' id='word_1_809' title='bbox 191 4943 256 5024; x_wconf 42' lang='lat'><strong>4...</strong></span> <span class='ocrx_word' id='word_1_810' title='bbox 279 4940 335 4996; x_wconf 92' lang='lat'><strong>6.</strong></span> <span class='ocrx_word' id='word_1_811' title='bbox 570 4937 764 5024; x_wconf 12' lang='lat' dir='ltr'><strong>iﬁlnl.</strong></span> <span class='ocrx_word' id='word_1_812' title='bbox 862 4940 902 4971; x_wconf 84' lang='lat'>“</span> <span class='ocrx_word' id='word_1_813' title='bbox 932 4947 1005 5024; x_wconf 69' lang='lat' dir='ltr'><strong>ut</strong></span> <span class='ocrx_word' id='word_1_814' title='bbox 1037 4938 1310 5024; x_wconf 60' lang='lat' dir='ltr'><strong>subiectus</strong></span> <span class='ocrx_word' id='word_1_815' title='bbox 1343 4955 1424 5024; x_wconf 57' lang='lat' dir='ltr'><strong>eis</strong></span> <span class='ocrx_word' id='word_1_816' title='bbox 1466 4951 1691 5024; x_wconf 75' lang='lat' dir='ltr'><strong>essetet</strong></span> <span class='ocrx_word' id='word_1_817' title='bbox 1789 4940 1978 5024; x_wconf 79' lang='lat' dir='ltr'><strong>uem6.</strong></span> <span class='ocrx_word' id='word_1_818' title='bbox 2055 4939 3008 5024; x_wconf 64' lang='lat' dir='ltr'><strong>&quot;regissctltcetncholfusdiaconus</strong></span> <span class='ocrx_word' id='word_1_819' title='bbox 3030 4945 3357 5024; x_wconf 66' lang='lat' dir='ltr'><strong>eteberhar-</strong></span> 
     </span>
    </p>
   </div>
   <div class='ocr_carea' id='block_1_60' title="bbox 107 5009 3356 5070">
    <p class='ocr_par' dir='ltr' id='par_1_60' title="bbox 107 5009 3356 5070">
     <span class='ocr_line' id='line_1_63' title="bbox 107 5009 3356 5070; baseline 0.001 -3"><span class='ocrx_word' id='word_1_820' title='bbox 107 5012 370 5069; x_wconf 80' lang='lat' dir='ltr'><strong>obcdiens</strong></span> <span class='ocrx_word' id='word_1_821' title='bbox 391 5010 446 5064; x_wconf 82' lang='grc'><strong>5.</strong></span> <span class='ocrx_word' id='word_1_822' title='bbox 479 5016 539 5064; x_wconf 92' lang='lat' dir='ltr'><strong>ut</strong></span> <span class='ocrx_word' id='word_1_823' title='bbox 561 5009 832 5064; x_wconf 87' lang='lat' dir='ltr'><strong>subiectus</strong></span> <span class='ocrx_word' id='word_1_824' title='bbox 864 5017 1007 5064; x_wconf 89' lang='lat' dir='ltr'><strong>esset</strong></span> <span class='ocrx_word' id='word_1_825' title='bbox 1030 5024 1096 5064; x_wconf 90' lang='lat' dir='ltr'><strong>ac</strong></span> <span class='ocrx_word' id='word_1_826' title='bbox 1109 5010 1364 5065; x_wconf 87' lang='lat' dir='ltr'><strong>obedieus</strong></span> <span class='ocrx_word' id='word_1_827' title='bbox 1384 5011 1436 5065; x_wconf 91' lang='lat'><strong>9.</strong></span> <span class='ocrx_word' id='word_1_828' title='bbox 1461 5019 1523 5065; x_wconf 93' lang='lat' dir='ltr'><strong>ut</strong></span> <span class='ocrx_word' id='word_1_829' title='bbox 1542 5012 1621 5066; x_wconf 91' lang='lat' dir='ltr'><strong>eis</strong></span> <span class='ocrx_word' id='word_1_830' title='bbox 1638 5027 1684 5066; x_wconf 88' lang='lat' dir='ltr'><strong>s.</strong></span> <span class='ocrx_word' id='word_1_831' title='bbox 1790 5019 1878 5064; x_wconf 89' lang='lat' dir='ltr'><strong>tus</strong></span> <span class='ocrx_word' id='word_1_832' title='bbox 1907 5023 2132 5065; x_wconf 88' lang='lat' dir='ltr'><strong>munere</strong></span> <span class='ocrx_word' id='word_1_833' title='bbox 2156 5009 2497 5070; x_wconf 71' lang='lat' dir='ltr'><strong>tiiucernario</strong></span> <span class='ocrx_word' id='word_1_834' title='bbox 2531 5012 2582 5065; x_wconf 93' lang='grc'><strong>1.</strong></span> <span class='ocrx_word' id='word_1_835' title='bbox 2657 5015 2700 5042; x_wconf 74' lang='grc' dir='ltr'><strong>ἰ</strong></span> <span class='ocrx_word' id='word_1_836' title='bbox 2721 5013 3000 5069; x_wconf 84' lang='lat' dir='ltr'><strong>rucult‘um</strong></span> <span class='ocrx_word' id='word_1_837' title='bbox 3032 5015 3086 5070; x_wconf 91' lang='lat'><strong>6.</strong></span> <span class='ocrx_word' id='word_1_838' title='bbox 3164 5016 3208 5046; x_wconf 83' lang='lat'><strong>&quot;</strong></span> <span class='ocrx_word' id='word_1_839' title='bbox 3230 5016 3356 5070; x_wconf 82' lang='lat' dir='ltr'><strong>ebe-</strong></span> 
     </span>
    </p>
   </div>
   <div class='ocr_carea' id='block_1_61' title="bbox 107 5076 3368 5150">
    <p class='ocr_par' dir='ltr' id='par_1_61' title="bbox 107 5076 3368 5150">
     <span class='ocr_line' id='line_1_64' title="bbox 107 5076 3368 5150; baseline 0.001 -14"><span class='ocrx_word' id='word_1_840' title='bbox 107 5097 154 5136; x_wconf 90' lang='lat' dir='ltr'><strong>e.</strong></span> <span class='ocrx_word' id='word_1_841' title='bbox 183 5097 247 5138; x_wconf 81' lang='lat' dir='ltr'><strong>ac</strong></span> <span class='ocrx_word' id='word_1_842' title='bbox 281 5096 339 5135; x_wconf 91' lang='grc' dir='ltr'><strong>ο.</strong></span> <span class='ocrx_word' id='word_1_843' title='bbox 365 5077 471 5150; x_wconf 76' lang='lat' dir='ltr'><strong>Bq.</strong></span> <span class='ocrx_word' id='word_1_844' title='bbox 547 5079 589 5150; x_wconf 63' lang='lat' dir='ltr'><strong>‘j</strong></span> <span class='ocrx_word' id='word_1_845' title='bbox 616 5076 884 5150; x_wconf 68' lang='lat' dir='ltr'><strong>{annosus</strong></span> <span class='ocrx_word' id='word_1_846' title='bbox 898 5078 955 5150; x_wconf 74' lang='lat'><strong>5.</strong></span> <span class='ocrx_word' id='word_1_847' title='bbox 981 5077 1032 5150; x_wconf 71' lang='lat'><strong>6.</strong></span> <span class='ocrx_word' id='word_1_848' title='bbox 1060 5078 1237 5150; x_wconf 85' lang='lat'><strong>7._9._</strong></span> <span class='ocrx_word' id='word_1_849' title='bbox 1269 5079 1315 5150; x_wconf 60' lang='grc'><strong>⁸⁷</strong></span> <span class='ocrx_word' id='word_1_850' title='bbox 1333 5079 1606 5150; x_wconf 84' lang='lat' dir='ltr'><strong>damasius</strong></span> <span class='ocrx_word' id='word_1_851' title='bbox 1632 5081 1685 5136; x_wconf 87' lang='lat'><strong>6.</strong></span> <span class='ocrx_word' id='word_1_852' title='bbox 1788 5079 2000 5150; x_wconf 72' lang='lat' dir='ltr'><strong>raldum</strong></span> <span class='ocrx_word' id='word_1_853' title='bbox 2024 5081 2077 5132; x_wconf 89' lang='lat'><strong>7.</strong></span> <span class='ocrx_word' id='word_1_854' title='bbox 2153 5076 2200 5110; x_wconf 75' lang='lat'>“</span> <span class='ocrx_word' id='word_1_855' title='bbox 2226 5081 2543 5150; x_wconf 86' lang='lat' dir='ltr'><strong>magistrum</strong></span> <span class='ocrx_word' id='word_1_856' title='bbox 2571 5079 2691 5135; x_wconf 90' lang='lat'><strong>5.6.</strong></span> <span class='ocrx_word' id='word_1_857' title='bbox 2718 5081 2770 5133; x_wconf 88' lang='lat'><strong>7.</strong></span> <span class='ocrx_word' id='word_1_858' title='bbox 2847 5083 2894 5114; x_wconf 73' lang='lat'><strong>“</strong></span> <span class='ocrx_word' id='word_1_859' title='bbox 2915 5084 3368 5141; x_wconf 83' lang='lat' dir='ltr'><strong>reminisceretur</strong></span> 
     </span>
    </p>
   </div>
   <div class='ocr_carea' id='block_1_62' title="bbox 134 5147 3366 5219">
    <p class='ocr_par' dir='ltr' id='par_1_62' title="bbox 134 5147 3366 5219">
     <span class='ocr_line' id='line_1_65' title="bbox 134 5147 3366 5219; baseline 0.001 -13"><span class='ocrx_word' id='word_1_860' title='bbox 134 5153 152 5182; x_wconf 70' lang='grc'>⁸</span> <span class='ocrx_word' id='word_1_861' title='bbox 249 5147 537 5219; x_wconf 79' lang='lat' dir='ltr'><strong>ricolphus</strong></span> <span class='ocrx_word' id='word_1_862' title='bbox 560 5148 614 5204; x_wconf 94' lang='grc'><strong>5.</strong></span> <span class='ocrx_word' id='word_1_863' title='bbox 660 5148 733 5219; x_wconf 25' lang='grc'><strong>,⁷³</strong></span> <span class='ocrx_word' id='word_1_864' title='bbox 761 5147 1098 5219; x_wconf 69' lang='lat' dir='ltr'><strong>eburhardus</strong></span> <span class='ocrx_word' id='word_1_865' title='bbox 1122 5147 1176 5202; x_wconf 86' lang='lat'><strong>2.</strong></span> <span class='ocrx_word' id='word_1_866' title='bbox 1206 5148 1260 5202; x_wconf 88' lang='grc'><strong>5.</strong></span> <span class='ocrx_word' id='word_1_867' title='bbox 1290 5148 1343 5201; x_wconf 73' lang='grc'><strong>4.</strong></span> <span class='ocrx_word' id='word_1_868' title='bbox 1374 5149 1690 5206; x_wconf 86' lang='lat' dir='ltr'><strong>eberhartus</strong></span> <span class='ocrx_word' id='word_1_869' title='bbox 1787 5148 1840 5203; x_wconf 88' lang='lat'><strong>5.</strong></span> <span class='ocrx_word' id='word_1_870' title='bbox 1915 5149 2123 5219; x_wconf 83' lang='lat' dir='ltr'><strong>&quot;etut</strong></span> <span class='ocrx_word' id='word_1_871' title='bbox 2137 5163 2244 5219; x_wconf 81' lang='lat' dir='ltr'><strong>non</strong></span> <span class='ocrx_word' id='word_1_872' title='bbox 2272 5147 2341 5202; x_wconf 71' lang='grc'><strong>1.’</strong></span> <span class='ocrx_word' id='word_1_873' title='bbox 2355 5149 2406 5203; x_wconf 83' lang='grc'><strong>5.</strong></span> <span class='ocrx_word' id='word_1_874' title='bbox 2432 5149 2484 5204; x_wconf 89' lang='lat'><strong>6.</strong></span> <span class='ocrx_word' id='word_1_875' title='bbox 2507 5150 2559 5202; x_wconf 93' lang='lat'><strong>7.</strong></span> <span class='ocrx_word' id='word_1_876' title='bbox 2578 5158 2683 5214; x_wconf 89' lang='lat' dir='ltr'><strong>etc.</strong></span> <span class='ocrx_word' id='word_1_877' title='bbox 2759 5151 2920 5206; x_wconf 79' lang='lat' dir='ltr'><strong>“nisi</strong></span> <span class='ocrx_word' id='word_1_878' title='bbox 2943 5161 3004 5207; x_wconf 90' lang='lat' dir='ltr'><strong>ut</strong></span> <span class='ocrx_word' id='word_1_879' title='bbox 3024 5154 3072 5207; x_wconf 92' lang='grc'><strong>1.</strong></span> <span class='ocrx_word' id='word_1_880' title='bbox 3094 5152 3146 5207; x_wconf 89' lang='grc'><strong>6.</strong></span> <span class='ocrx_word' id='word_1_881' title='bbox 3223 5155 3366 5209; x_wconf 70' lang='lat' dir='ltr'><strong>&quot;ad</strong></span> 
     </span>
    </p>
   </div>
   <div class='ocr_carea' id='block_1_63' title="bbox 109 5216 3362 5318">
    <p class='ocr_par' dir='ltr' id='par_1_63' title="bbox 109 5216 3362 5318">
     <span class='ocr_line' id='line_1_66' title="bbox 109 5216 3362 5318; baseline 0 -42"><span class='ocrx_word' id='word_1_882' title='bbox 109 5223 158 5277; x_wconf 84' lang='lat'><strong>9.</strong></span> <span class='ocrx_word' id='word_1_883' title='bbox 233 5220 280 5252; x_wconf 81' lang='lat'>“</span> <span class='ocrx_word' id='word_1_884' title='bbox 300 5216 436 5274; x_wconf 79' lang='lat' dir='ltr'><strong>cum</strong></span> <span class='ocrx_word' id='word_1_885' title='bbox 481 5231 619 5286; x_wconf 89' lang='lat' dir='ltr'><strong>quae</strong></span> <span class='ocrx_word' id='word_1_886' title='bbox 658 5216 788 5273; x_wconf 87' lang='lat' dir='ltr'><strong>iussi</strong></span> <span class='ocrx_word' id='word_1_887' title='bbox 817 5217 868 5270; x_wconf 92' lang='lat'><strong>7.</strong></span> <span class='ocrx_word' id='word_1_888' title='bbox 947 5217 987 5249; x_wconf 81' lang='lat'>&quot;</span> <span class='ocrx_word' id='word_1_889' title='bbox 1013 5226 1434 5272; x_wconf 89' lang='lat' dir='ltr'><strong>commemorato</strong></span> <span class='ocrx_word' id='word_1_890' title='bbox 1474 5219 1596 5274; x_wconf 89' lang='lat' dir='ltr'><strong>duci</strong></span> <span class='ocrx_word' id='word_1_891' title='bbox 1633 5219 1685 5274; x_wconf 92' lang='lat'><strong>9.</strong></span> <span class='ocrx_word' id='word_1_892' title='bbox 1787 5226 1997 5318; x_wconf 78' lang='lat' dir='ltr'><strong>partem</strong></span> <span class='ocrx_word' id='word_1_893' title='bbox 2019 5218 2161 5272; x_wconf 79' lang='lat' dir='ltr'><strong>deest</strong></span> <span class='ocrx_word' id='word_1_894' title='bbox 2189 5217 2242 5272; x_wconf 88' lang='lat'><strong>5.</strong></span> <span class='ocrx_word' id='word_1_895' title='bbox 2317 5219 2363 5252; x_wconf 78' lang='lat'><strong>&quot;</strong></span> <span class='ocrx_word' id='word_1_896' title='bbox 2383 5219 2565 5273; x_wconf 83' lang='lat' dir='ltr'><strong>domui</strong></span> <span class='ocrx_word' id='word_1_897' title='bbox 2599 5219 2803 5289; x_wconf 87' lang='lat' dir='ltr'><strong>pippini</strong></span> <span class='ocrx_word' id='word_1_898' title='bbox 2829 5222 2972 5291; x_wconf 88' lang='lat' dir='ltr'><strong>regis</strong></span> <span class='ocrx_word' id='word_1_899' title='bbox 2995 5231 3052 5276; x_wconf 89' lang='lat' dir='ltr'><strong>et</strong></span> <span class='ocrx_word' id='word_1_900' title='bbox 3103 5223 3243 5277; x_wconf 80' lang='lat' dir='ltr'><strong>deest</strong></span> <span class='ocrx_word' id='word_1_901' title='bbox 3297 5221 3362 5276; x_wconf 84' lang='lat'><strong>6.</strong></span> 
     </span>
     <span class='ocr_line' id='line_1_67' title="bbox 111 5285 3327 5318; baseline 0 0"><span class='ocrx_word' id='word_1_902' title='bbox 111 5293 152 5318; x_wconf 76' lang='grc' dir='ltr'>ιι</span> <span class='ocrx_word' id='word_1_903' title='bbox 178 5289 346 5318; x_wconf 65' lang='grc' dir='ltr'><strong>ΙΑι-..ιὲ</strong></span> <span class='ocrx_word' id='word_1_904' title='bbox 374 5287 605 5318; x_wconf 63' lang='grc' dir='ltr'><strong>ξηῖωΔ-ιο</strong></span> <span class='ocrx_word' id='word_1_905' title='bbox 641 5286 676 5318; x_wconf 78' lang='grc' dir='ltr'><strong>ο</strong></span> <span class='ocrx_word' id='word_1_906' title='bbox 771 5286 815 5318; x_wconf 74' lang='lat' dir='ltr'><strong>II</strong></span> <span class='ocrx_word' id='word_1_907' title='bbox 842 5287 1102 5318; x_wconf 59' lang='lat' dir='ltr'><strong>alam-nn-</strong></span> <span class='ocrx_word' id='word_1_908' title='bbox 1138 5285 1169 5318; x_wconf 69' lang='grc' dir='ltr'><strong><em>Κ</em></strong></span> <span class='ocrx_word' id='word_1_909' title='bbox 1227 5286 1258 5318; x_wconf 82' lang='grc' dir='ltr'>Ἰ</span> <span class='ocrx_word' id='word_1_910' title='bbox 1310 5287 1504 5318; x_wconf 62' lang='lat' dir='ltr'><strong>Anne..-</strong></span> <span class='ocrx_word' id='word_1_911' title='bbox 1545 5289 1660 5318; x_wconf 59' lang='lat' dir='ltr'><strong>ntu:</strong></span> <span class='ocrx_word' id='word_1_912' title='bbox 1812 5287 1833 5318; x_wconf 75' lang='grc' dir='ltr'><strong><em>ο</em></strong></span> <span class='ocrx_word' id='word_1_913' title='bbox 1862 5287 1943 5318; x_wconf 63' lang='grc' dir='ltr'><strong>ενοι</strong></span> <span class='ocrx_word' id='word_1_914' title='bbox 1975 5287 2113 5318; x_wconf 58' lang='lat' dir='ltr'><strong>ll...“</strong></span> <span class='ocrx_word' id='word_1_915' title='bbox 2139 5288 2161 5318; x_wconf 71' lang='grc' dir='ltr'><strong><em>Δ</em></strong></span> <span class='ocrx_word' id='word_1_916' title='bbox 2267 5288 2312 5318; x_wconf 83' lang='lat' dir='ltr'><strong>so</strong></span> <span class='ocrx_word' id='word_1_917' title='bbox 2338 5289 2489 5318; x_wconf 65' lang='lat' dir='ltr'><strong>lna:ln</strong></span> <span class='ocrx_word' id='word_1_918' title='bbox 2511 5288 2543 5318; x_wconf 69' lang='grc' dir='ltr'><strong><em>Ω</em></strong></span> <span class='ocrx_word' id='word_1_919' title='bbox 2639 5289 2682 5318; x_wconf 75' lang='lat' dir='ltr'><strong>ll</strong></span> <span class='ocrx_word' id='word_1_920' title='bbox 2714 5291 2893 5318; x_wconf 65' lang='grc' dir='ltr'><strong>,ιη-ΑΙΛ</strong></span> <span class='ocrx_word' id='word_1_921' title='bbox 2921 5301 3047 5318; x_wconf 66' lang='lat' dir='ltr'><strong>an..-</strong></span> <span class='ocrx_word' id='word_1_922' title='bbox 3075 5292 3106 5318; x_wconf 73' lang='grc'><strong>’1</strong></span> <span class='ocrx_word' id='word_1_923' title='bbox 3204 5291 3250 5318; x_wconf 73' lang='grc' dir='ltr'><strong>ΙΙ</strong></span> <span class='ocrx_word' id='word_1_924' title='bbox 3265 5307 3327 5318; x_wconf 63' lang='grc' dir='ltr'><strong>..Α</strong></span> 
     </span>
    </p>
   </div>
   <div class='ocr_carea' id='block_1_64' title="bbox 111 5285 3364 5346">
    <p class='ocr_par' dir='ltr' id='par_1_64' title="bbox 111 5285 3364 5346">
     <span class='ocr_line' id='line_1_68' title="bbox 111 5285 3364 5346; baseline 0 0"><span class='ocrx_word' id='word_1_925' title='bbox 111 5293 152 5324; x_wconf 78' lang='grc'><strong>⁸³</strong></span> <span class='ocrx_word' id='word_1_926' title='bbox 178 5289 350 5346; x_wconf 85' lang='lat' dir='ltr'><strong>locuti</strong></span> <span class='ocrx_word' id='word_1_927' title='bbox 374 5285 610 5342; x_wconf 74' lang='lat' dir='ltr'><strong>fuissent</strong></span> <span class='ocrx_word' id='word_1_928' title='bbox 641 5286 696 5342; x_wconf 91' lang='lat'><strong>9.</strong></span> <span class='ocrx_word' id='word_1_929' title='bbox 771 5286 815 5318; x_wconf 81' lang='lat'>“</span> <span class='ocrx_word' id='word_1_930' title='bbox 841 5287 1102 5342; x_wconf 87' lang='lat' dir='ltr'><strong>darentur</strong></span> <span class='ocrx_word' id='word_1_931' title='bbox 1134 5285 1188 5340; x_wconf 85' lang='lat'><strong>5.</strong></span> <span class='ocrx_word' id='word_1_932' title='bbox 1227 5286 1278 5340; x_wconf 91' lang='lat'><strong>7.</strong></span> <span class='ocrx_word' id='word_1_933' title='bbox 1310 5287 1504 5342; x_wconf 89' lang='lat' dir='ltr'><strong>dentur</strong></span> <span class='ocrx_word' id='word_1_934' title='bbox 1544 5289 1690 5343; x_wconf 82' lang='lat' dir='ltr'><strong>obsi-</strong></span> <span class='ocrx_word' id='word_1_935' title='bbox 1789 5285 1833 5318; x_wconf 78' lang='grc'><strong>⁷⁷</strong></span> <span class='ocrx_word' id='word_1_936' title='bbox 1862 5287 1946 5341; x_wconf 90' lang='lat' dir='ltr'><strong>vel</strong></span> <span class='ocrx_word' id='word_1_937' title='bbox 1973 5287 2113 5341; x_wconf 84' lang='lat' dir='ltr'><strong>deest</strong></span> <span class='ocrx_word' id='word_1_938' title='bbox 2139 5288 2189 5341; x_wconf 90' lang='grc'><strong>1.</strong></span> <span class='ocrx_word' id='word_1_939' title='bbox 2267 5288 2312 5320; x_wconf 80' lang='grc' dir='ltr'><strong>⁸ο</strong></span> <span class='ocrx_word' id='word_1_940' title='bbox 2338 5289 2490 5344; x_wconf 85' lang='lat' dir='ltr'><strong>tesilo</strong></span> <span class='ocrx_word' id='word_1_941' title='bbox 2511 5288 2563 5342; x_wconf 89' lang='lat'><strong>6.</strong></span> <span class='ocrx_word' id='word_1_942' title='bbox 2600 5285 2618 5289; x_wconf 78' lang='grc'><em>’</em></span> <span class='ocrx_word' id='word_1_943' title='bbox 2639 5285 3048 5346; x_wconf 56' lang='lat' dir='ltr'><strong>ﬂ&#39;carolo&#39;tunc</strong></span> <span class='ocrx_word' id='word_1_944' title='bbox 3075 5292 3126 5344; x_wconf 86' lang='lat'><strong>7.</strong></span> <span class='ocrx_word' id='word_1_945' title='bbox 3204 5291 3364 5346; x_wconf 79' lang='lat' dir='ltr'><strong>&quot;ve-</strong></span> 
     </span>
    </p>
   </div>
   <div class='ocr_carea' id='block_1_65' title="bbox 109 5356 3367 5424">
    <p class='ocr_par' dir='ltr' id='par_1_65' title="bbox 109 5356 3367 5424">
     <span class='ocr_line' id='line_1_69' title="bbox 109 5356 3367 5424; baseline -0.001 -6"><span class='ocrx_word' id='word_1_946' title='bbox 109 5360 292 5418; x_wconf 62' lang='lat' dir='ltr'><strong>dua?</strong></span> <span class='ocrx_word' id='word_1_947' title='bbox 318 5359 377 5414; x_wconf 83' lang='lat'><strong>9.</strong></span> <span class='ocrx_word' id='word_1_948' title='bbox 477 5356 523 5387; x_wconf 81' lang='lat'><strong>&#39;°</strong></span> <span class='ocrx_word' id='word_1_949' title='bbox 559 5364 960 5413; x_wconf 87' lang='lat' dir='ltr'><strong>sacramentum</strong></span> <span class='ocrx_word' id='word_1_950' title='bbox 1006 5370 1061 5424; x_wconf 87' lang='lat' dir='ltr'><strong>q.</strong></span> <span class='ocrx_word' id='word_1_951' title='bbox 1111 5356 1148 5411; x_wconf 89' lang='lat' dir='ltr'><strong>i.</strong></span> <span class='ocrx_word' id='word_1_952' title='bbox 1193 5356 1392 5411; x_wconf 88' lang='lat' dir='ltr'><strong>iuravit</strong></span> <span class='ocrx_word' id='word_1_953' title='bbox 1425 5357 1587 5412; x_wconf 82' lang='lat' dir='ltr'><strong>deest.</strong></span> <span class='ocrx_word' id='word_1_954' title='bbox 1632 5359 1684 5411; x_wconf 82' lang='lat' dir='ltr'><strong>l.</strong></span> <span class='ocrx_word' id='word_1_955' title='bbox 1786 5357 1899 5412; x_wconf 87' lang='lat' dir='ltr'><strong>niet</strong></span> <span class='ocrx_word' id='word_1_956' title='bbox 1924 5357 1979 5410; x_wconf 93' lang='lat'><strong>2.</strong></span> <span class='ocrx_word' id='word_1_957' title='bbox 2001 5357 2211 5412; x_wconf 89' lang='lat' dir='ltr'><strong>veniret</strong></span> <span class='ocrx_word' id='word_1_958' title='bbox 2234 5357 2374 5411; x_wconf 84' lang='lat' dir='ltr'><strong>deest</strong></span> <span class='ocrx_word' id='word_1_959' title='bbox 2402 5357 2454 5412; x_wconf 88' lang='lat'><strong>6.</strong></span> <span class='ocrx_word' id='word_1_960' title='bbox 2531 5357 2578 5389; x_wconf 86' lang='grc'><strong><em>³³</em></strong></span> <span class='ocrx_word' id='word_1_961' title='bbox 2604 5360 2781 5414; x_wconf 91' lang='lat' dir='ltr'><strong>renuit</strong></span> <span class='ocrx_word' id='word_1_962' title='bbox 2821 5361 2871 5414; x_wconf 90' lang='grc'><strong>1.</strong></span> <span class='ocrx_word' id='word_1_963' title='bbox 2901 5360 2954 5414; x_wconf 92' lang='lat'><strong>7.</strong></span> <span class='ocrx_word' id='word_1_964' title='bbox 2994 5360 3077 5424; x_wconf 14' lang='lat' dir='ltr'><strong>ﬂ“</strong></span> <span class='ocrx_word' id='word_1_965' title='bbox 3138 5375 3367 5414; x_wconf 73' lang='lat' dir='ltr'><strong>vurma—</strong></span> 
     </span>
    </p>
   </div>
   <div class='ocr_carea' id='block_1_66' title="bbox 110 5422 3369 5496">
    <p class='ocr_par' dir='ltr' id='par_1_66' title="bbox 110 5422 3369 5496">
     <span class='ocr_line' id='line_1_70' title="bbox 110 5422 3369 5496; baseline -0.001 -12"><span class='ocrx_word' id='word_1_966' title='bbox 110 5433 150 5463; x_wconf 81' lang='lat'><strong>&quot;</strong></span> <span class='ocrx_word' id='word_1_967' title='bbox 197 5426 531 5496; x_wconf 70' lang='lat' dir='ltr'><strong>sindberdus</strong></span> <span class='ocrx_word' id='word_1_968' title='bbox 565 5427 618 5496; x_wconf 81' lang='grc'><strong>1.</strong></span> <span class='ocrx_word' id='word_1_969' title='bbox 646 5427 965 5496; x_wconf 16' lang='grc' dir='ltr'><strong>ίβυίάὺεηῑιε</strong></span> <span class='ocrx_word' id='word_1_970' title='bbox 989 5422 1086 5496; x_wconf 75' lang='lat' dir='ltr'><strong>Bq.</strong></span> <span class='ocrx_word' id='word_1_971' title='bbox 1128 5495 1131 5496; x_wconf 16' lang='grc' dir='ltr'><em>ν</em></span> <span class='ocrx_word' id='word_1_972' title='bbox 1181 5426 1226 5458; x_wconf 78' lang='grc'><strong>⁸⁷</strong></span> <span class='ocrx_word' id='word_1_973' title='bbox 1246 5427 1515 5496; x_wconf 85' lang='lat' dir='ltr'><strong>transiens</strong></span> <span class='ocrx_word' id='word_1_974' title='bbox 1551 5428 1688 5481; x_wconf 77' lang='lat' dir='ltr'><strong>idem</strong></span> <span class='ocrx_word' id='word_1_975' title='bbox 1787 5427 1918 5481; x_wconf 90' lang='lat' dir='ltr'><strong>tiam</strong></span> <span class='ocrx_word' id='word_1_976' title='bbox 1943 5426 1995 5480; x_wconf 90' lang='lat'><strong>5.</strong></span> <span class='ocrx_word' id='word_1_977' title='bbox 2025 5427 2380 5481; x_wconf 88' lang='lat' dir='ltr'><strong>vurmaticam</strong></span> <span class='ocrx_word' id='word_1_978' title='bbox 2406 5427 2459 5481; x_wconf 90' lang='lat'><strong>6.</strong></span> <span class='ocrx_word' id='word_1_979' title='bbox 2489 5428 2835 5482; x_wconf 86' lang='lat' dir='ltr'><strong>warmaciam</strong></span> <span class='ocrx_word' id='word_1_980' title='bbox 2867 5430 2918 5482; x_wconf 94' lang='lat'><strong>7.</strong></span> <span class='ocrx_word' id='word_1_981' title='bbox 2987 5422 3034 5455; x_wconf 84' lang='grc'><strong>⁸⁸</strong></span> <span class='ocrx_word' id='word_1_982' title='bbox 3067 5444 3369 5484; x_wconf 55' lang='lat' dir='ltr'><strong>conserva-</strong></span> 
     </span>
    </p>
   </div>
   <div class='ocr_carea' id='block_1_67' title="bbox 111 5494 3365 5569">
    <p class='ocr_par' dir='ltr' id='par_1_67' title="bbox 111 5494 3365 5569">
     <span class='ocr_line' id='line_1_71' title="bbox 111 5494 3365 5569; baseline -0.001 -14"><span class='ocrx_word' id='word_1_983' title='bbox 111 5518 168 5555; x_wconf 86' lang='lat' dir='ltr'><strong>ac</strong></span> <span class='ocrx_word' id='word_1_984' title='bbox 187 5499 443 5569; x_wconf 61' lang='lat' dir='ltr'><strong>codictms</strong></span> <span class='ocrx_word' id='word_1_985' title='bbox 465 5494 608 5569; x_wconf 56' lang='lat'><strong>5?}.</strong></span> <span class='ocrx_word' id='word_1_986' title='bbox 641 5495 694 5549; x_wconf 92' lang='lat'><strong>5.</strong></span> <span class='ocrx_word' id='word_1_987' title='bbox 721 5495 772 5569; x_wconf 81' lang='grc'><strong>6.</strong></span> <span class='ocrx_word' id='word_1_988' title='bbox 802 5494 1318 5569; x_wconf 24' lang='grc' dir='ltr'><strong>“ζ.Α9.λιιτιίι-ξίιςθηει.⁸</strong></span> <span class='ocrx_word' id='word_1_989' title='bbox 1364 5495 1411 5569; x_wconf 64' lang='grc'><strong>⁷³</strong></span> <span class='ocrx_word' id='word_1_990' title='bbox 1434 5511 1485 5550; x_wconf 92' lang='lat' dir='ltr'><strong>e.</strong></span> <span class='ocrx_word' id='word_1_991' title='bbox 1509 5497 1544 5549; x_wconf 91' lang='lat' dir='ltr'><strong>i.</strong></span> <span class='ocrx_word' id='word_1_992' title='bbox 1571 5496 1688 5569; x_wconf 76' lang='lat' dir='ltr'><strong>loco</strong></span> <span class='ocrx_word' id='word_1_993' title='bbox 1788 5511 1847 5569; x_wconf 80' lang='lat' dir='ltr'><strong>re</strong></span> <span class='ocrx_word' id='word_1_994' title='bbox 1873 5496 1920 5548; x_wconf 83' lang='lat' dir='ltr'><strong>l.</strong></span> <span class='ocrx_word' id='word_1_995' title='bbox 1945 5503 2344 5569; x_wconf 68' lang='lat' dir='ltr'><strong>conseruarent</strong></span> <span class='ocrx_word' id='word_1_996' title='bbox 2363 5496 2418 5549; x_wconf 94' lang='lat'><strong>2.</strong></span> <span class='ocrx_word' id='word_1_997' title='bbox 2455 5497 2560 5569; x_wconf 34' lang='grc' dir='ltr'><strong>μη-</strong></span> <span class='ocrx_word' id='word_1_998' title='bbox 2595 5499 2823 5569; x_wconf 80' lang='lat' dir='ltr'><strong>domnus</strong></span> <span class='ocrx_word' id='word_1_999' title='bbox 2859 5499 3109 5569; x_wconf 91' lang='lat' dir='ltr'><strong>pippinus</strong></span> <span class='ocrx_word' id='word_1_1000' title='bbox 3133 5512 3252 5569; x_wconf 16' lang='lat' dir='ltr'><strong>grex</strong></span> <span class='ocrx_word' id='word_1_1001' title='bbox 3295 5498 3365 5569; x_wconf 69' lang='lat'><strong>2-</strong></span> 
     </span>
    </p>
   </div>
   <div class='ocr_carea' id='block_1_68' title="bbox 112 5563 3364 5624">
    <p class='ocr_par' dir='ltr' id='par_1_68' title="bbox 112 5563 3364 5624">
     <span class='ocr_line' id='line_1_72' title="bbox 112 5563 3364 5624; baseline 0 -2"><span class='ocrx_word' id='word_1_1002' title='bbox 112 5572 244 5624; x_wconf 77' lang='lat' dir='ltr'><strong>deest</strong></span> <span class='ocrx_word' id='word_1_1003' title='bbox 269 5568 322 5620; x_wconf 89' lang='lat'><strong>7.</strong></span> <span class='ocrx_word' id='word_1_1004' title='bbox 404 5564 455 5596; x_wconf 74' lang='lat'><strong>”</strong></span> <span class='ocrx_word' id='word_1_1005' title='bbox 476 5563 784 5620; x_wconf 86' lang='lat' dir='ltr'><strong>celebravit.</strong></span> <span class='ocrx_word' id='word_1_1006' title='bbox 819 5564 1035 5619; x_wconf 88' lang='lat' dir='ltr'><strong>Hisdem</strong></span> <span class='ocrx_word' id='word_1_1007' title='bbox 1065 5563 1252 5620; x_wconf 87' lang='lat' dir='ltr'><strong>diebus</strong></span> <span class='ocrx_word' id='word_1_1008' title='bbox 1288 5565 1536 5620; x_wconf 80' lang='lat' dir='ltr'><strong>defuncto</strong></span> <span class='ocrx_word' id='word_1_1009' title='bbox 1561 5566 1688 5621; x_wconf 79' lang='lat' dir='ltr'><strong>Gui-</strong></span> <span class='ocrx_word' id='word_1_1010' title='bbox 1789 5567 1832 5598; x_wconf 86' lang='grc'><strong>³⁷</strong></span> <span class='ocrx_word' id='word_1_1011' title='bbox 1862 5566 2123 5620; x_wconf 85' lang='lat' dir='ltr'><strong>carisiaca</strong></span> <span class='ocrx_word' id='word_1_1012' title='bbox 2171 5565 2295 5620; x_wconf 87' lang='lat' dir='ltr'><strong>uilla</strong></span> <span class='ocrx_word' id='word_1_1013' title='bbox 2328 5565 2373 5619; x_wconf 36' lang='lat' dir='ltr'><strong>&#39;l.</strong></span> <span class='ocrx_word' id='word_1_1014' title='bbox 2451 5565 2495 5597; x_wconf 78' lang='grc'><strong>³⁸</strong></span> <span class='ocrx_word' id='word_1_1015' title='bbox 2519 5567 2760 5620; x_wconf 89' lang='lat' dir='ltr'><strong>simberti</strong></span> <span class='ocrx_word' id='word_1_1016' title='bbox 2797 5563 3094 5623; x_wconf 48' lang='lat' dir='ltr'><strong>lfsi&#39;nberti</strong></span> <span class='ocrx_word' id='word_1_1017' title='bbox 3123 5567 3176 5621; x_wconf 87' lang='lat'><strong>2.</strong></span> <span class='ocrx_word' id='word_1_1018' title='bbox 3211 5568 3266 5620; x_wconf 88' lang='grc'><strong>5.</strong></span> <span class='ocrx_word' id='word_1_1019' title='bbox 3293 5566 3364 5623; x_wconf 81' lang='lat'><strong>5..</strong></span> 
     </span>
    </p>
   </div>
   <div class='ocr_carea' id='block_1_69' title="bbox 112 5633 3362 5708">
    <p class='ocr_par' dir='ltr' id='par_1_69' title="bbox 112 5633 3362 5708">
     <span class='ocr_line' id='line_1_73' title="bbox 112 5633 3362 5708; baseline -0 -15"><span class='ocrx_word' id='word_1_1020' title='bbox 112 5638 310 5693; x_wconf 83' lang='lat' dir='ltr'><strong>ehardo</strong></span> <span class='ocrx_word' id='word_1_1021' title='bbox 332 5635 535 5708; x_wconf 75' lang='lat' dir='ltr'><strong>abbate</strong></span> <span class='ocrx_word' id='word_1_1022' title='bbox 561 5635 815 5708; x_wconf 33' lang='lat' dir='ltr'><strong>coe‘nobii</strong></span> <span class='ocrx_word' id='word_1_1023' title='bbox 835 5635 1004 5690; x_wconf 86' lang='lat' dir='ltr'><strong>sancti</strong></span> <span class='ocrx_word' id='word_1_1024' title='bbox 1029 5633 1302 5702; x_wconf 82' lang='lat' dir='ltr'><strong>Germani,</strong></span> <span class='ocrx_word' id='word_1_1025' title='bbox 1337 5635 1601 5693; x_wconf 81' lang='lat' dir='ltr'><strong>Robertus</strong></span> <span class='ocrx_word' id='word_1_1026' title='bbox 1633 5635 1686 5691; x_wconf 92' lang='lat' dir='ltr'><strong>in</strong></span> <span class='ocrx_word' id='word_1_1027' title='bbox 1788 5635 1838 5690; x_wconf 89' lang='lat'><strong>6.</strong></span> <span class='ocrx_word' id='word_1_1028' title='bbox 1873 5636 2100 5708; x_wconf 76' lang='lat' dir='ltr'><strong>ingberti</strong></span> <span class='ocrx_word' id='word_1_1029' title='bbox 2123 5635 2173 5687; x_wconf 94' lang='lat'><strong>7.</strong></span> <span class='ocrx_word' id='word_1_1030' title='bbox 2218 5635 2295 5708; x_wconf 82' lang='lat'><strong>_”</strong></span> <span class='ocrx_word' id='word_1_1031' title='bbox 2319 5635 2495 5692; x_wconf 88' lang='lat' dir='ltr'><strong>villam</strong></span> <span class='ocrx_word' id='word_1_1032' title='bbox 2519 5636 2656 5691; x_wconf 80' lang='lat' dir='ltr'><strong>deest</strong></span> <span class='ocrx_word' id='word_1_1033' title='bbox 2682 5637 2736 5690; x_wconf 86' lang='lat'><strong>2.</strong></span> <span class='ocrx_word' id='word_1_1034' title='bbox 2815 5638 2858 5670; x_wconf 67' lang='grc' dir='ltr'><strong>⁸ο</strong></span> <span class='ocrx_word' id='word_1_1035' title='bbox 2893 5638 3196 5708; x_wconf 84' lang='lat' dir='ltr'><strong>supradicta</strong></span> <span class='ocrx_word' id='word_1_1036' title='bbox 3224 5637 3362 5693; x_wconf 54' lang='lat' dir='ltr'><strong>civi.</strong></span> 
     </span>
    </p>
   </div>
   <div class='ocr_carea' id='block_1_70' title="bbox 116 5703 2259 5779">
    <p class='ocr_par' dir='ltr' id='par_1_70' title="bbox 116 5703 2259 5779">
     <span class='ocr_line' id='line_1_74' title="bbox 116 5703 2259 5779; baseline -0.002 -17"><span class='ocrx_word' id='word_1_1037' title='bbox 116 5708 371 5779; x_wconf 79' lang='lat' dir='ltr'><strong>regimine</strong></span> <span class='ocrx_word' id='word_1_1038' title='bbox 417 5703 761 5760; x_wconf 85' lang='lat' dir='ltr'><strong>substituitur</strong></span> <span class='ocrx_word' id='word_1_1039' title='bbox 785 5704 840 5757; x_wconf 88' lang='lat'><strong>7.</strong></span> <span class='ocrx_word' id='word_1_1040' title='bbox 1791 5714 1895 5759; x_wconf 80' lang='lat' dir='ltr'><strong>tate</strong></span> <span class='ocrx_word' id='word_1_1041' title='bbox 1930 5703 2187 5760; x_wconf 80' lang='lat' dir='ltr'><strong>carisiaca</strong></span> <span class='ocrx_word' id='word_1_1042' title='bbox 2213 5705 2259 5758; x_wconf 91' lang='grc'><strong>1.</strong></span> 
     </span>
    </p>
   </div>
  </div>
