3928 6314
485 323 592 378 415

957 447 1193 488 ΑΝΝΑιεε
1231 444 1631 486 ιΑυιιιεεειιίδεδ.

1086 521 1485 578 DCCLXXXII.

557 618 709 672 Tunc
731 617 960 671 domnus
988 613 1217 668 Carolus
1253 628 1350 667 rex
1394 613 1498 667 iter
1539 627 1830 683 peragens,
1865 611 2076 665 Renum

490 711 762 765 transiens
789 708 804 738 ¹
840 707 909 760 ad
954 695 1255 770 Celoniam,
1307 712 1364 758 et
1411 703 1679 774 synodum
1704 704 1724 733 ¹
1757 702 1930 756 tenuit
1986 702 2079 756 ubi

485 802 676 874 Lippia
705 798 1004 868 consurgit.
1034 797 1221 867 Ibique
1254 810 1445 851 omnes
1469 794 1714 850 Saxones
1741 793 2078 860 venientes',

486 904 712 963 excepto
738 893 958 959 rebellis
994 891 1391 947 Widochindus
1418 889 1460 956 ⁸,
1512 891 1674 946 etiam
1706 890 1836 944 illuc
1885 904 2082 944 conve-

486 995 686 1046 nerunt
714 986 736 1018 ³
775 985 1109 1040 Nordmanni
1142 986 1163 1017 ⁸
1202 984 1357 1040 missi
1416 982 1659 1054 Sigifridi
1686 984 1706 1014 ⁷
1736 983 1882 1054 regis
1919 981 1940 1010 ⁸
1983 999 1996 1035 :
2030 980 2083 1034 id

490 1087 573 1134 est
602 1078 854 1147 Halptani
887 1077 908 1109 ’
945 1093 1069 1133 cum
1101 1078 1263 1134 sociis
1293 1077 1426 1132 suis.
1494 1075 1760 1130 Similiter
1807 1082 1862 1128 et
1917 1073 2083 1126 Avari

490 1173 620 1226 illuc
646 1178 1037 1235 convenerunt,
1071 1169 1222 1225 missi
1256 1183 1286 1222 a
1311 1166 1533 1238 Cagano
1559 1174 1614 1222 et
1645 1164 1891 1235 lugurro.
1925 1163 1966 1194 “
2008 1163 2084 1218 lbi

495 1273 719 1335 peracto
747 1264 969 1333 placito,
1000 1277 1254 1317 reversus
1279 1269 1364 1315 est
1394 1260 1626 1314 domnus
1650 1256 1880 1312 Carolus
1910 1270 2005 1309 rex
2030 1254 2086 1307 in

496 1356 809 1411 Franciam.
842 1356 1054 1410 Etcum
1077 1368 1330 1409 reversus
1380 1351 1590 1414 fuisset,
1652 1349 1842 1404 statim
1889 1348 2087 1402 iterum

499 1445 744 1502 Saxones
767 1445 928 1502 solito
953 1457 1105 1500 more
1127 1443 1372 1498 rebellati
1407 1449 1554 1507 sunt,
1607 1440 1867 1496 suadente
1907 1437 2091 1493 Wido-

497 1536 717 1592 chindo.
746 1537 788 1568 ¹¹
829 1529 1243 1605 Etignorante
1295 1533 1400 1587 hoc
1451 1532 1648 1587 domno
1696 1529 1893 1586 Carolo
1938 1542 2086 1597 rege,

495 1629 649 1684 misit
677 1631 873 1684 missos
897 1644 1024 1683 suos
1044 1625 1406 1698 .Adalghisu‘m
1426 1625 1468 1656 "
1495 1632 1550 1679 et
1570 1623 1851 1679 Gailonem
1867 1620 2092 1690 "atque

495 1718 817 1782 Woradum,
849 1725 909 1773 ut
975 1723 1256 1773 moverent
1295 1717 1598 1772 exercitum
1647 1713 1985 1768 Francorum
2036 1716 2093 1763 et

1602 308 1979 367 ECIN‘HARDI
2019 302 2315 360 ABBATIS
2350 302 2675 370 ANNAIJ‘JS

2116 426 2164 486 Α

3673 306 3772 359 HG

2696 433 2933 473 ANNALES
2969 431 3278 473 EGINHARDI.

2781 507 3154 564 DCCLXXXII
3165 548 3176 559 .

2251 601 2491 657 Aestatis
2535 601 2712 666 initio,
2743 615 2869 654 cum
2915 599 3023 652 iam
3075 606 3297 668 prOpter
3344 597 3532 667 pabuli
3573 598 3773 670 copiam

2182 696 2456 752 exercitus
2482 695 2604 750 duci
2636 701 2866 763 poterat,
2895 692 2950 746 in
2985 691 3280 745 Saxoniam
3307 691 3570 755 eundum,
3602 699 3659 744 et
3687 692 3776 752 ibi,

2182 795 2244 841 ut
2282 788 2337 841 in
2367 787 2597 842 Francia
2638 785 2931 856 quotannis
2965 785 2980 814 ⁸
3013 782 3242 848 solebat,
3292 783 3602 853 generalem
3650 798 3776 837 con-

2183 884 2401 932 ventum
2446 876 2754 931 habendum
2798 875 3032 940 censuit.
3059 873 3417 943 Traiectoque
3457 874 3603 943 apud
3632 871 3785 927 Colo-

2185 969 2330 1022 niam
2357 967 2568 1032 Rheno,
2595 982 2718 1021 cum
2757 966 2904 1022 omni
2935 964 3271 1019 Francorum
3301 964 3548 1019 exercitu
3569 962 3641 1017 ad
3671 962 3785 1017 lon-

2187 1068 2296 1114 tem
2325 1059 2546 1130 Lippiae
2575 1059 2743 1123 venit,
2778 1067 2834 1113 et
2869 1057 3068 1112 castris
3118 1056 3195 1110 ibi
3233 1056 3253 1087 ε
3293 1056 3508 1126 positis,
3545 1039 3645 1124 per
3673 1054 3786 1109 dies

2186 1167 2296 1206 non
2317 1166 2522 1221 paucos
2561 1150 2765 1206 ibidem
2820 1159 3066 1206 moratus
3110 1156 3211 1203 est.
3261 1147 3363 1203 Ubi
3422 1148 3568 1201 inter
3607 1156 3786 1200 cetera

2187 1243 2400 1314 negotia
2441 1242 2606 1296 etiam
2641 1240 2662 1271 ⁸
2695 1240 2903 1311 legatos
2925 1240 2945 1271 ⁸
2968 1238 3210 1310 Sigifridi
3238 1239 3279 1303 ⁸,
3303 1238 3448 1308 regis
3487 1237 3786 1300 Danorum,

2187 1344 2243 1389 et
2267 1351 2406 1406 quos
2443 1333 2510 1388 ad
2546 1333 2677 1389 se~‘
2724 1332 2974 1403 Caganus
3019 1341 3075 1386 et
3128 1331 3410 1402 lugurrus,
3455 1328 3734 1398 principes
3766 1328 3785 1357 ⁷

2188 1423 2488 1490 Hunorum,
2523 1423 2674 1478 velut
2701 1422 2853 1494 pacis
2892 1436 3056 1476 causa
3091 1422 3378 1484 miserunt,
3412 1428 3469 1474 et
3503 1418 3714 1473 audivit
3739 1425 3792 1472 et

2189 1517 2420 1571 absolvit
2447 1516 2490 1569 ⁸.
2528 1514 2792 1585 Cumque,
2835 1523 3106 1570 conventu
3143 1512 3431 1582 completo,
3463 1520 3618 1566 trans
3645 1510 3790 1565 Rbe-

2189 1629 2320 1668 num
2346 1612 2400 1666 in
2425 1611 2655 1667 Galliam
2683 1626 2742 1665 se
2768 1611 3084 1681 recepisset,
3128 1607 3486 1664 Widokindus
3523 1605 3568 1671 ’,
3605 1605 3701 1675 qui
3728 1604 3791 1658 ad

2191 1704 2572 1759 Nordmannos
2605 1705 2650 1734 ¹⁶
2676 1701 3010 1772 profugerat,
3045 1702 3098 1755 in
3132 1701 3364 1771 patriam
3393 1713 3672 1762 reversus,
3701 1711 3794 1750 va-

497 1807 773 1863 Saxonum
792 1809 957 1878 super
971 1807 1193 1862 Sclavos
1207 1822 1431 1876 paucos,
1450 1806 1543 1876 qui
1557 1804 1787 1860 rebelles
1800 1799 2086 1858 fuerant“.
2121 1786 2166 1844 Β
2188 1797 2282 1865 nis
2306 1798 2504 1866 spebus
2534 1795 2816 1851 Saxonum
2840 1794 3051 1849 animos
3080 1793 3119 1824 “
3152 1792 3219 1848 ad
3264 1791 3628 1848 defectionem
3665 1803 3796 1844 con-

497 1897 568 1952 Et
593 1898 1026 1966 supranominati
1057 1897 1289 1951 missi’in
1316 1897 1405 1951 via
1427 1897 1731 1958 audientes,
1759 1891 1903 1964 quod
1920 1891 2093 1946 Saxo-

494 2005 592 2044 nes
618 1989 864 2044 rebellati
911 1987 1143 2043 fuissent
1175 1989 1242 2053 ",
1290 1989 1680 2059 coniungentes
1725 1985 2091 2055 Supradictam

495 2096 734 2146 scaram,
765 2079 1049 2136 inruerunt
1075 2096 1239 2151 super
1260 2079 1505 2136 Saxones
1532 2080 1600 2144 “,
1629 2085 1684 2134 et
1707 2078 1910 2133 nullum
1939 2094 2093 2132 man-

498 2173 684 2227 datum
727 2172 937 2240 exinde
979 2172 1225 2230 fecerunt
1263 2174 1460 2228 domno
1507 2171 1701 2227 Carolo
1744 2186 1870 2243 rege
1900 2171 1966 2225 ".
2025 2170 2095 2225 Et

495 2262 891 2319 commiserunt
910 2262 1107 2318 bellum
1140 2279 1264 2319 cum
1291 2262 1625 2327 Saxonibus,
1652 2269 1707 2318 et
1741 2261 1958 2316 fortiter
1983 2274 2089 2329 pu-

496 2362 749 2425 gnantes,
777 2361 832 2408 et
869 2353 1068 2408 multos
1107 2352 1353 2409 Saxones
1393 2355 1782 2408 interementes
1818 2351 1881 2415 “,
1922 2351 2094 2406 victo-

498 2455 587 2494 res
616 2442 913 2495 extiterunt
940 2439 982 2472 ¹⁹
1013 2439 1230 2495 Franci.
1260 2441 1328 2495 Et
1374 2441 1689 2496 ceciderunt
1748 2440 1822 2494 ibi
1873 2439 1980 2494 duo
2026 2453 2094 2493 ex

498 2529 633 2601 ipsis
661 2531 863 2596 missis,
893 2529 1183 2602 Adalgisus
1205 2538 1259 2585 et
1284 2529 1457 2595 Gailo,
1514 2529 1569 2584 in
1610 2536 1796 2584 monte
1828 2528 1921 2597 qui
1953 2527 2089 2583 dici-

499 2628 588 2676 tur
616 2620 821 2676 Sundal
850 2623 894 2653 ὀ
920 2635 967 2675 ι.
999 2621 1114 2677 Hoc
1139 2623 1474 2690 audiensque
1499 2621 1544 2650 “
1589 2620 1820 2685 domnus
1866 2616 2094 2674 Carolus

499 2727 619 2778 rex,
643 2729 748 2768 una
777 2729 898 2768 cum
927 2713 1156 2768 Francis
1186 2728 1323 2783 quos
1351 2711 1453 2766 sub
1474 2710 1751 2765 celeritate
1799 2710 2094 2781 coniunge—

499 2815 559 2855 re
583 2803 775 2870 potuit,
799 2803 926 2856 illuc
955 2805 1213 2873 perrexit,
1238 2811 1293 2856 et
1312 2801 1561 2872 pervenit
1592 2814 1766 2869 usque
1811 2802 1879 2855 ad
1913 2801 2093 2855 locum

500 2890 593 2944 ubi
625 2890 786 2944 Alara
831 2892 877 2921 “
926 2891 1147 2946 confluit
1190 2893 1244 2946 in
1289 2890 1528 2945 Wisora.
1593 2890 1746 2944 Tunc
1770 2903 1960 2945 omnes
1995 2889 2094 2944 Sa-

501 2994 672 3033 xones
724 2981 920 3035 iterum
987 2982 1411 3046 convenientes,
1485 2978 1844 3034 subdiderunt
1897 2993 1954 3034 se
1990 2979 2094 3034 sub

500 3079 775 3141 potestate
824 3074 1123 3144 supradicti
1181 3075 1379 3127 domno
1433 3085 1561 3140 rege
1622 3069 1688 3134 “,
1738 3077 1793 3124 et
1847 3069 2096 3125 reddide-

502 3133 628 3214 runt
655 3177 845 3217 omnes
866 3133 1240 3217 inalel'actores
1265 3160 1313 3192 “
1348 3133 1614 3229 illos,-qui
1661 3159 1817 3230 ipsud
1840 3159 1887 3191 "
1918 3159 2095 3215 rebel-
2125 3133 2168 3195 C

501 3247 634 3308 lium
667 3252 1368 3315 maximeterminaverunt,
1386 3250 1453 3304 ad
1468 3248 1847 3314 occidendum,
1866 3257 2102 3319 quatuor

503 3330 652 3393 milia
688 3341 1051 3411 quingentos;
1086 3343 1229 3411 quod
1264 3342 1340 3395 ita
1379 3350 1435 3395 et
1468 3338 1672 3394 factum
1712 3347 1815 3405 est,
1871 3348 2101 3410 excepto

503 3427 927 3486 Widocbindum
954 3431 1020 3496 ",
1047 3433 1139 3501 qui
1165 3432 1288 3502 fuga
1314 3431 1497 3501 lapsus
1530 3431 1574 3463 ’⁷
1600 3436 1686 3485 est
1711 3430 1756 3462 ’⁸
1790 3430 2040 3501 partibus
2054 3429 2100 3460 "

507 3517 913 3576 Nordmanniae
937 3521 1001 3574 δ’.
1034 3521 1179 3577 Haec
1201 3523 1382 3576 omnia
1407 3528 1628 3591 peracta
1650 3520 1719 3585 ⁸³,
1741 3535 1992 3575 reversus
2019 3527 2100 3575 est

505 3614 787 3683 praefatus
807 3615 1040 3670 domnus
1067 3632 1160 3670 rex
1185 3617 1238 3669 in
1275 3615 1526 3669 Francia.
1553 3614 1928 3668 Etcelebr’avit
1951 3621 2104 3666 nata-

509 3709 616 3763 lem
654 3709 868 3764 Domini
893 3711 948 3764 in
973 3711 1099 3764 villa
1133 3725 1274 3780 quae
1293 3710 1494 3764 dicitur
1516 3709 1929 3765 Teodone-villa
1955 3709 2000 3741 ⁸¹
2047 3719 2102 3764 et

511 3800 718 3869 pascha
729 3800 1000 3855 similiter.
1017 3801 1087 3855 Et
1101 3801 1390 3855 inmutavit
1404 3815 1463 3855 se
1481 3814 1742 3855 numerus
1764 3810 2029 3854 annorum
2046 3799 2102 3854 in

913 4019 1307 4076 VARIANTES
1347 4019 1754 4077 LECTIONES.

587 4173 603 4205 ¹
635 4173 1006 4244 pertransiens
1032 4174 1084 4228 6.
1138 4175 1182 4244 γ’
1211 4174 1502 4244 coloniam'
1524 4169 1879 4244 synodu_m__7.
1958 4169 2103 4244 ’_ve-

512 4236 713 4297 nerunt
753 4259 802 4298 e.
842 4245 1042 4299 rebelle
1097 4236 1410 4298 vindikinde
1469 4239 1521 4294 1.
1555 4236 1570 4242 ⁷
1609 4239 1631 4270 ⁸
1664 4238 1864 4294 rebelle
1910 4241 2103 4294 uuido—

516 4313 714 4367 chindo
743 4312 795 4366 5.
826 4313 1240 4369 windocbindus
1263 4313 1313 4365 7.
1418 4313 1444 4342 ⁵
1478 4319 1740 4375 venerunt

517 4381 570 4451 1.
663 4383 683 4413 ⁸
711 4385 981 4437 nortmani
1007 4384 1059 4438 5.
1092 4382 1440 4443 nortbmanni
1471 4380 1523 4435 6.
1583 4450 1590 4451 ί
1620 4382 1639 4412 ⁷
1663 4377 1857 4451 8ἰῖνὶἀίΔ
1891 4379 1947 4451 1.
1972 4380 2103 4451 δὶεἱῖ

921 4451 1342 4549 go.defri.diq7b;
1384 4451 1473 4549 9b..
1541 4450 1597 4549 "
1630 4449 1772 4549 regis:

516 4533 642 4575 cum
699 4522 862 4576 sociis
919 4518 1033 4583 suis
1090 4520 1361 4578 similiter.
1417 4529 1472 4575 et
1541 4519 1590 4571 1.
1692 4518 1714 4549 ⁹
1763 4518 1967 4572 haltani
2039 4518 2094 4571 5.

514 4588 722 4644 baltoni
762 4591 812 4644 7.
844 4592 1082 4657 balptani
1122 4591 1176 4645 2.
1204 4591 1256 4646 5‘.
1286 4591 1342 4646 6.
1420 4589 1462 4622 ³⁸
1491 4589 1694 4657 vigerio
1716 4588 1767 4641 1.
1793 4589 2016 4657 vigurro
2039 4589 2095 4641 7.

515 4658 746 4740 iugumo
774 4661 827 4715 5.
908 4657 951 4693 ’ί
977 4661 1304 4717 vindekindo
1325 4662 1377 4725 1,
1401 4658 1728 4715 widicbindo
1755 4658 1808 4711 2.
1886 4658 1927 4687 ι’
1957 4657 2099 4712 adal—

515 4743 692 4784 nisum
725 4731 773 4784 1.
800 4729 854 4784 5.
880 4729 931 4784 6.
965 4731 1017 4784 7.
1125 4732 1169 4762 ¹³
1197 4731 1444 4784 alaonem
1492 4730 1544 4782 1.
1592 4728 1837 4784 ealonem
1888 4727 1942 4780 5.
2000 4743 2096 4784 tta-

537 4743 692 4796 nsum
725 4743 773 4784 1.
800 4743 854 4785 5.
880 4743 931 4784 ti.
967 4743 1017 4784 7.
1125 4743 1169 4762 "
1197 4743 1444 4801 atgonem
1492 4743 1544 4782 1.
1592 4743 1837 4799 gaionem
1888 4743 1942 4780 ο.
2000 4743 2096 4797 ga-

537 4797 826 4869 olonem6.
859 4801 1146 4858 wailoaem
1166 4802 1218 4855 7.
1299 4801 1341 4832 ιδ
1377 4801 1598 4869 fuerunt
1625 4799 1676 4851 1.
1740 4799 1802 4869 ff
1837 4797 2096 4869 rebellas-

516 4876 641 4925 sent
674 4868 837 4966 1;⁸5;ι
883 4870 1381 4966 ¹ξὶτιίιθιύηξίηκι
1522 4868 1596 4966 Ἶίτ
1639 4866 1826 4966 τςξη.
1957 4866 2010 4920 6.
2045 4867 2096 4919 7.

519 4944 606 4966 Λοιιι
791 4946 1161 4966 .ne.._.....u.a_--
1768 4945 1997 4966 n-IIIA—n
2045 4938 2065 4966 Ι

518 4944 626 4992 etc.
707 4939 749 4969 ¹⁸
791 4939 1165 4996 interimentes
1219 4940 1268 4993 l.
1297 4939 1350 4993 5.
1420 4939 1472 4992 6.
1522 4937 1571 4989 7.
1684 4936 1725 4967 ¹⁹
1766 4936 1998 4991 extitere
2045 4938 2096 4996 1.

517 5005 565 5080 gf
621 5006 798 5080 suntal
845 5009 894 5062 l.
943 4994 1212 5080 sumptdal
1257 5009 1310 5063 5.
1357 5005 1697 5080 sumptae.
1748 5006 1984 5080 Sintula]
2048 4994 2100 5080 1.

519 5074 566 5148 ff
615 5079 839 5148 audiens
882 5081 1025 5148 quod
1064 5074 1130 5133 '2.
1177 5080 1404 5148 audiens
1438 5074 1671 5148 reliqui.
1742 5077 1787 5108 ιι
1817 5076 1998 5148 alacra
2049 5075 2101 5129 6.

619 5144 994 5220 domniure—gis
1044 5147 1095 5202 1.
1147 5148 1211 5220 5.
1241 5147 1291 5201 6.
1343 5149 1393 5201 7.
1429 5144 1556 5201 εις(
1637 5146 1682 5177 ’⁸
1725 5145 2106 5220 ma_l_ef_ac_tores

519 5213 642 5296 illos
689 5213 949 5296 rebelles:
964 5226 1033 5296 et
1063 5218 1661 5296 occiderunt
1687 5215 2009 5296 .vindilgindno
2053 5216 2104 5296 _l_.

520 5283 570 5317 "
614 5285 789 5354 ipsum
823 5289 875 5341 1.
917 5289 970 5343 5.
1002 5288 1055 5342 6.
1091 5288 1142 5340 7.
1185 5293 1292 5342 etc.
1399 5286 1445 5317 ’⁸
1468 5283 1812 5354 vvidochindo
1860 5284 1912 5339 5.
1955 5285 2006 5344 6.
2053 5285 2103 5338 7.

520 5363 631 5427 etc.
659 5357 751 5427 __"
779 5355 994 5427 elapsus
1021 5359 1072 5412 1.
1105 5357 1157 5410 7.
1234 5358 1280 5390 "
1309 5371 1427 5412 exc.

1861 4309 2101 4364 stlimani

1462 5343 1552 5409 Ψ.
1596 5371 1650 5424 q.
1684 5355 1721 5408 f.
1753 5355 1790 5409 l.
1827 5364 1912 5409 est
1943 5354 2104 5408 deest.

1775 4489 1789 4532 π
1834 4447 2096 4532 Pa"?in
2123 4474 2176 4532 D

2195 1885 2401 1942 citavit.
2451 1883 2660 1939 Interea
2713 1883 2826 1954 regi
2871 1882 3111 1938 adlatum
3161 1882 3206 1912 ³⁸
3251 1888 3355 1945 est,
3407 1879 3552 1949 quod
3599 1877 3796 1932 Sorabi

2196 1975 2395 2041 Sclavi,
2427 1975 2519 2044 qui
2548 1989 2769 2044 campos
2799 1973 2943 2027 inter
2975 1971 3152 2025 Albim
3203 1970 3247 2002 ⁸³
3294 1978 3352 2025 et
3396 1967 3576 2023 Salam
3623 1968 3799 2023 inter-

2195 2066 2434 2121 iacentes
2460 2063 2721 2128 incolunt,
2768 2062 2821 2116 in
2857 2061 2992 2116 ﬁnes
3018 2061 3422 2131 Thuringorum
3453 2060 3498 2090 “
3526 2073 3589 2113 ac
3620 2057 3800 2113 Saxo-

2194 2173 2346 2221 num,
2375 2156 2466 2224 qui
2489 2155 2569 2209 eis
2587 2160 2752 2209 erant
2779 2152 3124 2215 contermini,
3149 2150 3440 2221 praedandi
3464 2163 3630 2204 causa
3660 2147 3795 2204 fuis-

2195 2257 2317 2304 sent
2363 2248 2629 2317 ingressi,
2689 2253 2744 2301 et
2782 2245 3176 2315 direptionibus
3241 2251 3403 2312 atque
3445 2242 3490 2273 "
3527 2241 3801 2295 incendiis

2195 2341 2459 2410 quaedam
2486 2339 2603 2393 loca
2641 2345 2969 2393 vastassent.
3005 2334 3129 2402 Qui,
3162 2334 3348 2390 statim
3388 2333 3577 2388 accitis
3619 2332 3690 2386 ad
3739 2347 3800 2387 se

2195 2433 2372 2486 tribus
2392 2430 2658 2485 ministris
2681 2429 2815 2494 suis,
2843 2427 3101 2498 Adalgiso
3126 2427 3427 2482 camerario
3454 2425 3495 2457 “
3519 2433 3574 2480 et
3601 2426 3647 2456 "
3671 2423 3803 2480 Gei-

2195 2519 2320 2575 lone
2350 2520 2393 2551 ²⁸
2419 2519 2618 2573 comite
2656 2517 2859 2573 stabuli
2902 2523 2958 2572 et
2984 2515 3025 2547 ¹⁹
3076 2515 3317 2570 Worado
3357 2515 3553 2570 comite
3578 2514 3798 2584 palatii,

2194 2611 2495 2682 praecepit,
2547 2618 2608 2665 ut
2652 2610 2885 2680 sumptis
2934 2620 3119 2663 secum
3153 2607 3520 2664 orientalibus
3565 2606 3804 2661 Francis

2197 2708 2361 2772 atque
2392 2699 2719 2766 Saxonibus,
2741 2698 3143 2754 contumacium
3169 2696 3485 2752 Sclavorum
3514 2696 3801 2750 audatiam

2197 2801 2398 2864 quanta
2446 2793 2753 2864 potuissent
2801 2790 3082 2846 celeritate
3119 2789 3163 2821 ’°
3209 2790 3630 2859 eonprimerent.
3692 2788 3801 2856 Qui

2197 2873 2320 2944 cum
2344 2889 2491 2943 iussa
2521 2886 2719 2942 facturi
2751 2884 3021 2940 Saxoniae
3045 2883 3181 2938 fines
3207 2883 3437 2954 ingressi
3462 2881 3699 2936 fuissent
3725 2884 3802 2946 ",

2198 2987 2580 3048 compererunt
2628 2976 2872 3032 Saxones
2926 2988 2993 3030 ex
3041 2973 3270 3029 consilio
3313 2973 3621 3028 Widukindi
3653 2973 3704 3004 "
3733 2973 3804 3026 ad

2199 3072 2403 3126 bellum
2452 3071 2675 3126 Francis
2727 3067 3070 3123 inferendum
3123 3081 3243 3122 esse
3298 3073 3651 3136 praeparatos
3712 3065 3800 3129 '3;

2201 3163 2513 3232 omissoque
2537 3162 2752 3226 itinere,
2786 3173 2893 3229 quo
2921 3158 2990 3212 ad
3021 3157 3244 3212 Sclavos
3274 3157 3402 3211 ituri
3447 3163 3623 3219 erant,
3673 3170 3804 3210 eum

2201 3251 2552 3307 orientalium
2571 3250 2903 3305 Francorum
2922 3247 3091 3318 cepiis
3111 3247 3180 3301 ad
3201 3246 3402 3310 locum,
3423 3246 3600 3315 inquo
3628 3244 3806 3301 Saxo-

2202 3359 2299 3399 nes
2322 3343 2606 3398 audierant
2630 3341 2679 3373 “
2706 3349 3083 3411 congregatos,
3111 3341 3190 3395 ire
3211 3338 3561 3394 contendunt.
3588 3336 3806 3404 Quibus

2202 3435 2256 3489 in
2290 3434 2665 3504 ipsaSaxonia
2693 3433 2929 3488 obviavit
2959 3432 3326 3488 Theodericus
3356 3432 3402 3464 ”
3431 3445 3637 3496 comes,
3676 3445 3805 3501 pro-

2201 3526 2436 3594 pinquus
2465 3524 2631 3594 regis,
2664 3523 2901 3577 cumbis
2930 3522 2977 3553 "
3005 3522 3197 3591 copiis,
3229 3533 3376 3590 quas
3411 3520 3589 3575 audita
3626 3518 3806 3575 Saxo-

2200 3633 2330 3670 num
2360 3614 2663 3670 defectione
2689 3611 2884 3691 raptim
2932 3613 2986 3667 in
3032 3612 3293 3667 Ribuaria
3319 3613 3365 3644 ⁸⁷
3393 3626 3734 3682 congregare
3755 3612 3803 3643 "

2200 3709 2393 3778 potuit.
2434 3707 2484 3762 ls
2531 3705 2911 3762 festinantibus
2960 3705 3154 3776 legatis
3189 3704 3474 3760 consilium
3524 3703 3699 3767 dedit,
3747 3717 3805 3758 ut

2200 3799 2378 3868 primo
2429 3811 2528 3867 per
2580 3795 2974 3865 exploratores,
3028 3795 3120 3850 ubi
3184 3793 3428 3850 Saxones
3478 3803 3664 3850 essent
3716 3795 3803 3847 vel

2201 3888 2332 3957 quid
2357 3895 2488 3956 aput
2513 3875 2559 3916 ’δ
2585 3900 2679 3940 eos
2705 3894 2971 3954 ageretur,
3007 3883 3108 3939 sub
3137 3892 3340 3953 quanta
3381 3883 3495 3938 fleri
3539 3892 3731 3953 posset
3758 3884 3804 3915 ³⁸

2204 3977 2482 4032 celeritate
2506 3981 2915 4047 cognoscerent,
2944 3981 3082 4040 tum,
3121 3973 3168 4028 si
3197 3973 3299 4028 loci
3324 3974 3559 4044 qualitas
3590 3983 3805 4044 patere-

2206 4078 2316 4133 tur,
2355 4066 2514 4122 simul
2537 4082 2632 4122 eos
2671 4066 3035 4120 adorirentur.
3087 4063 3253 4120 Cuius
3305 4065 3532 4120 consilio
3574 4066 3803 4121 conlau-

2201 4160 2348 4226 dato,
2380 4174 2486 4213 una
2516 4173 2639 4213 cum
2690 4156 2783 4212 illo
2828 4170 2999 4224 usque
3041 4156 3108 4210 ad
3137 4162 3376 4210 montem
3405 4157 3498 4225 qui
3532 4155 3730 4212 Suntal
3757 4159 3799 4189 "

2202 4249 2522 4320 appellatur,
2565 4249 2619 4301 in
2663 4247 2817 4301 cuius
2855 4245 3266 4315 septentrionali
3314 4245 3484 4300 latere
3521 4246 3800 4302 Saxonum

2599 4352 2990 4411 VARIANTES
3027 4352 3432 4409 LECTIONES.

2277 4447 2290 4476 '
2323 4447 2461 4499 deest
2487 4445 2538 4498 5.
2617 4447 2636 4476 ¹
2676 4446 2815 4498 deest
2837 4444 2893 4497 2.
2923 4443 2977 4496 4.
3016 4443 3070 4497 5.
3095 4444 3148 4497 6.
3181 4443 3232 4496 7.
3309 4443 3329 4473 ³
3355 4451 3410 4498 et
3439 4445 3492 4498 3.
3518 4442 3569 4498 9.
3648 4444 3672 4474 ⁴
3728 4445 3800 4499 le-

2198 4517 2339 4617 gatis
2379 4517 2428 4568 1.
2483 4515 2536 4569 Ξ.
2616 4516 2636 4546 ⁸
2693 4513 2936 4595 sigefridi
3001 4513 3052 4566 7.
3113 4513 3164 4568 9.
3199 4584 3210 4594 .
3269 4513 3291 4544 ⁸
3331 4513 3401 4594 ad
3444 4529 3506 4568 se
3547 4514 3692 4595 deest
3743 4515 3798 4568 ἓ.

2241 4601 2486 4617 nmnnom
2548 4586 2582 4617 ο
2697 4586 2718 4617 ο
2762 4585 2921 4617 οηΙιιη
2968 4584 3002 4617 0
3099 4582 3515 4617 οωιδηιιιιηηληε
3544 4583 3575 4617 κ
3622 4585 3797 4617 τιν-ΑΛ..

2199 4582 2510 4656 τρτίηρερε.
2548 4586 2601 4639 2.
2697 4586 2718 4617 ⁸
2749 4582 2925 4639 ’δοινὶι
2968 4584 3022 4639 9.
3099 4583 3120 4614 ⁹
3141 4582 3518 4638 vvidochindus
3541 4583 3594 4636 5.
3622 4585 3799 4638 wide-

2199 4657 2389 4710 cindus
2425 4657 2478 4708 6.
2505 4655 2830 4709 widikindus
2860 4656 2912 4707 5.
2944 4655 2994 4708 7.
3032 4651 3085 4708 9.
3175 4655 3218 4685 ⁸ο
3240 4668 3572 4707 normannos
3595 4653 3648 4706 2.
3690 4655 3799 4723 (ae-

2199 4726 2372 4797 canda
2419 4725 2631 4797 manu);
2683 4726 2735 4777 7.
2841 4724 2883 4754 “
2935 4739 2984 4777 a.
3017 4723 3163 4797 8.15?
3196 4723 3251 4788 9,
3329 4723 3702 4797 '_‘_nu_n_tiatur_n
3740 4725 3796 4778 7.

2204 4795 2246 4826 ’⁸
2276 4795 2458 4865 albino
2487 4796 2535 4848 1.
2583 4789 3021 4865 ’ίδειιιτὶηεοι-υιη
3060 4791 3394 4865 (typographi
3424 4793 3570 4865 vitio)
3592 4789 3795 4865 Clima.

2205 4809 2246 4826 ὀ
2276 4809 2458 4849 atumo
2487 4809 2535 4848 1.
2617 4809 3021 4865 "euringorum
3060 4809 3206 4915 (ιῖρο
3245 4810 3303 4846 ra
3340 4809 3393 4846 ru
3424 4809 3570 4863 eum)
3603 4809 3795 4846 onem.

2203 4866 2248 4896 ¹⁸
2276 4874 2330 4917 et
2355 4864 2406 4918 7.
2450 4881 2458 4889 ·
2515 4865 2559 4895 ⁸⁸
2600 4865 2904 4919 camerario
2952 4878 3050 4918 suo
3141 4901 3153 4914 .
3390 4861 3796 4918 cubiculario9.

2209 4937 2250 4966 ¹⁷
2273 4934 2481 5005 deest9.
2562 4935 2604 4965 ¹⁸
2621 4935 2826 5005 gedone
2845 4933 2900 4986 5.
2960 4931 3018 5005 _"
3047 4933 3188 5005 deest

2207 5014 2323 5058 sent
2359 5004 2457 5076 cel.
2494 5005 2553 5076 ᾖ.
2597 5001 2650 5057 ’Ξῖ
2686 5017 2855 5076 quam
2895 5002 3182 5076 celerrime
3206 5002 3378 5076 9.___'f
3411 5001 3800 5076 fuissentjnes

2210 5075 2439 5142 ingressi
2493 5073 2543 5126 7.
2655 5070 2730 5106 Τ
2749 5072 3040 5127 widokindi
3085 5071 3138 5124 4.
3182 5070 3462 5126 widikindi
3523 5071 3578 5124 5.
3635 5071 3692 5124 7.
3739 5072 3792 5125 9.

2211 5147 2230 5174 ²
2288 5152 2508 5198 paratos
2547 5145 2603 5198 5.
2640 5143 2694 5196 5.
2727 5142 2779 5196 6.
2819 5142 2872 5197 9.
2950 5141 2997 5172 ’⁵
3041 5157 3091 5194 a.
3139 5157 3182 5195 s.
3221 5142 3283 5198 9.
3327 5157 3379 5194 a.
3421 5155 3468 5193 s.
3520 5154 3642 5194 esse
3695 5141 3791 5198 Ba.

2211 5152 2230 5174 '
2288 5152 2508 5212 paratos
2547 5152 2603 5198 '5.
2640 5152 2694 5196 5.
2727 5152 2779 5196 6.
2819 5152 2872 5197 9.
2950 5152 2997 5172 "
3041 5157 3091 5194 a.
3139 5157 3182 5195 s.
3221 5152 3283 5205 9,
3327 5157 3379 5194 a.
3421 5155 3468 5193 s.
3520 5154 3642 5194 esse
3695 5152 3791 5210 δᾳ.

2211 5215 2258 5245 ³⁸
2291 5214 2593 5268 teodericus
2648 5213 2701 5265 4.
2752 5212 3098 5267 thedericbus
3144 5212 3195 5266 9.
3233 5209 3544 5280 tbedericus
3569 5209 3668 5280 Bg.
3721 5211 3797 5263 ita

2214 5284 2472 5352 deinceps.
2573 5283 2620 5316 ⁸⁸
2673 5283 2738 5336 iis
2764 5280 3036 5336 9.'hi'85.
3069 5281 3120 5335 6.
3154 5350 3165 5352 4
3198 5281 3242 5352 ξ’
3273 5279 3511 5352 τὶρᾼιιξιτίξ
3562 5279 3633 5333 2.
3661 5280 3716 5334 5.
3740 5281 3792 5333 9.

2215 5355 2260 5384 ’⁸
2304 5350 2465 5422 quam
2490 5384 2559 5393 —
2580 5367 2844 5424 congrega
2871 5353 2924 5424 2.
2957 5352 3001 5382 ¹⁹
3029 5350 3176 5424 apud
3197 5350 3233 5404 2
3252 5380 3321 5390 —
3340 5350 3393 5405 9.

3367 4932 3643 5012 3'-qu

3473 5349 3518 5423 ξο
3546 5360 3799 5423 ageretur

520 5421 576 5482 6.
655 5423 702 5455 ”
736 5427 804 5482 ad
836 5419 1022 5494 partes
1068 5429 1118 5481 1.
1197 5427 1241 5460 ³ο
1287 5419 1641 5482 normanniae
1687 5425 1738 5479 7.
1816 5425 1860 5456 “
1887 5425 1954 5479 iis
1987 5439 2109 5494 per—
2215 5419 2415 5492 quanta
2444 5419 2709 5494 rpossent'
2737 5419 3033 5477 celeritate.
3063 5419 3079 5422 ⁷
3137 5421 3181 5452 ³¹
3219 5420 3418 5476 sunttal
3464 5419 3518 5473 2.
3557 5419 3796 5475 sinltalt.

519 5495 657 5549 actis
709 5497 759 5553 1.
834 5493 879 5530 ³¹
906 5496 1187 5554 tbeodonis
1232 5496 1282 5551 1.
1330 5494 1600 5552 theodone
1645 5495 1694 5548 7.
1990 5493 2003 5494 ί
2216 5495 2391 5548 sontal
2429 5493 2483 5547 9.

2039 5583 2270 5639 NOTE.

565 5690 618 5733 .0
655 5679 757 5733 Der
804 5678 1018 5743 Sindel,
1068 5677 1266 5744 Siintel,
1322 5679 1376 5732 in
1424 5677 1828 5744 septentrionali
1876 5677 2103 5731 Wiserae

523 5750 659 5821 ripa,
707 5751 848 5806 inter
894 5749 1205 5808 Miinderam
1234 5757 1287 5805 et
1318 5747 1604 5814 Rintclam,
1645 5748 1699 5803 in
1734 5747 1886 5818 cuius
1939 5747 2107 5802 latere

2213 5675 2614 5746 septentrionali
2642 5675 2736 5730 das
2767 5671 3112 5743 Dachtelfeld,
3155 5671 3207 5728 id
3235 5679 3315 5729 est
3351 5687 3582 5744 campus
3613 5673 3665 5728 in
3698 5688 3801 5746 quo

2215 5748 2335 5817 quis
2362 5745 2650 5815 vapulavit.
