3928 6356
131 378 230 432 617

677 502 911 545 Απκλιεε
945 503 1234 543 ECINIMRDI
1247 529 1257 539 .

132 592 313 636 castra
339 592 497 636 erant
539 583 736 652 posita,
772 592 1154 651 pervenerunt.
1194 580 1251 634 In
1297 596 1402 649 quo
1445 581 1565 637 loco
1610 597 1736 637 cum

137 674 514 730 Theodericus
561 683 738 729 castra
787 674 1078 742 posuisset,
1129 673 1261 742 ipsi,
1313 673 1453 728 sicut
1496 689 1620 728 cum
1669 688 1736 728 eo

1753 496 1803 554 Α

132 774 466 820 convenerat
503 766 546 831 ί,
574 780 681 835 quo
713 762 925 818 facilius
977 772 1212 818 montem
1265 764 1593 818 circumire'
1619 779 1736 833 pos-

133 867 288 922 sent,
343 859 670 930 transgressi
710 857 1018 921 Wisuram,
1066 857 1120 911 in
1165 857 1282 925 ipsa
1328 855 1564 911 fluminis
1619 858 1734 927 ripa

137 958 320 1004 castra
356 958 674 1020 posuerunt.
719 951 1024 1020 liabitoque
1055 950 1199 1004 inter
1225 965 1284 1004 se
1310 949 1620 1020 conloquio,
1643 965 1737 1006 ve-

134 1040 220 1093 riti
271 1047 402 1095 sunt
442 1055 512 1095 ne
551 1041 619 1096 ad
658 1040 679 1072 ³
722 1054 916 1095 nomen
954 1037 1271 1094 Theoderici
1302 1038 1562 1093 victoriae
1589 1036 1734 1092 fama

137 1129 424 1194 transiret,
449 1130 494 1185 si
524 1145 647 1185 eum
676 1131 728 1184 in
765 1131 955 1184 eodem
987 1129 1193 1199 proelio
1221 1145 1405 1184 secum
1450 1129 1734 1184 haberent.

132 1218 256 1273 Ideo
305 1220 326 1251 ⁸
366 1220 486 1276 sine
532 1221 624 1275 illo
655 1222 675 1253 ⁸
726 1236 848 1276 cum
899 1220 1206 1275 Saxonibus
1249 1220 1504 1291 congredi
1551 1221 1735 1275 decer-

134 1324 295 1378 nunt,
326 1315 666 1385 sumptisque
711 1315 901 1378 armis,
951 1328 1057 1368 non
1104 1312 1259 1382 quasi
1310 1313 1378 1366 ad
1427 1312 1637 1367 hostem
1683 1312 1736 1365 in

134 1405 252 1460 acie
299 1413 556 1470 stantem,
589 1406 683 1461 sed
728 1405 882 1475 quasi
915 1404 982 1459 ad
1023 1403 1348 1474 fugientium
1394 1411 1543 1472 terga
1595 1402 1738 1456 inse-

134 1493 352 1563 quenda
398 1493 676 1564 spoliaque
729 1492 1028 1563 diripienda
1078 1491 1115 1557 ⁸,
1167 1499 1329 1561 prout
1395 1505 1665 1560 quemque
1713 1490 1737 1522 '

133 1585 399 1641 velocitas
442 1587 570 1657 equi
600 1586 683 1641 sui
719 1585 942 1650 tulerat,
972 1600 1079 1655 qua
1124 1583 1370 1639 Saxones
1413 1599 1512 1654 pro
1543 1581 1737 1637 castris

135 1677 189 1731 in
216 1677 335 1732 acie
364 1677 387 1709 ’⁵
413 1678 652 1743 stabant,
695 1676 1068 1746 unusquisque
1102 1689 1291 1730 eorum
1335 1688 1549 1728 summa
1590 1671 1739 1727 festi-

138 1769 356 1826 natione
379 1769 703 1825 contendit.’
719 1771 837 1837 Qno
860 1783 982 1823 cum
1003 1765 1308 1822 esset-male
1329 1767 1370 1797 ⁸ο
1393 1772 1731 1836 perventum,

139 1859 276 1915 male
305 1859 470 1915 etiam
506 1868 800 1932 pugnatum
836 1867 951 1925 est;
991 1875 1116 1914 nam
1145 1859 1436 1915 commisso
1463 1858 1504 1888 ”
1528 1856 1734 1927 proelio
1763 1839 1811 1898 Β

139 1949 493 2004 circumventi
509 1965 538 2004 a
556 1949 884 2014 Saxonibus,
899 1964 1071 2018 paene
1089 1964 1279 2004 omnes
1294 1947 1562 2003 interfecti
1585 1957 1712 2004 sunt
1724 1990 1739 2006 .

139 2042 238 2110 Qui
261 2050 448 2097 tamen
472 2043 702 2097 evadere
723 2049 1033 2111 potuerunt,
1059 2057 1168 2096 non
1195 2041 1248 2094 in
1272 2041 1537 2106 sua,unde
1556 2039 1736 2110 profe-

140 2135 212 2189 cti
247 2141 398 2198 sunt,
426 2132 533 2207 sed.
557 2133 612 2187 in
643 2132 959 2188 Theoderici
994 2141 1193 2197 castra,
1230 2146 1369 2202 quae
1403 2141 1555 2186 trans
1576 2146 1733 2186 mon-

143 2231 248 2278 tem
276 2231 458 2287 erant,
488 2221 738 2294 fugiendo
763 2230 1143 2293 pervenerunt.
1178 2221 1285 2277 Sed
1310 2223 1484 2276 maior
1513 2221 1737 2277 Francis

143 2327 299 2380 quam
329 2326 432 2380 pro
460 2327 686 2367 numero
715 2313 923 2367 iactura
955 2311 1078 2377 fuit,
1110 2313 1237 2382 quia
1273 2312 1576 2382 legatorum
1606 2312 1735 2376 duo,

143 2403 429 2473 Adalgisus
455 2412 509 2457 et
537 2401 709 2466 Geilo,
733 2405 990 2458 comitum
1023 2412 1281 2474 quattuor
1310 2405 1374 2469 “i
1401 2404 1738 2474 aliorumque

147 2491 417 2546 clarorum
442 2499 606 2561 atque
633 2493 893 2548 nobilium
924 2473 1095 2562 usque
1129 2473 1196 2548 ad
1223 2494 1412 2562 viginti
1444 2473 1735 2558 interfecti,

145 2591 358 2651 praeter
405 2590 675 2649 caeteros,
721 2584 813 2653 qui
855 2585 969 2640 hos.
999 2585 1232 2655 sequuti,
1273 2585 1451 2655 potius
1491 2600 1620 2640 cum
1658 2586 1739 2640 eis

149 2675 322 2744 perire
372 2690 538 2744 quam
571 2684 693 2745 post
720 2691 816 2731 eos
860 2677 1043 2733 vivere
1072 2676 1397 2732 maluerunt.
1447 2676 1613 2732 Cuius
1659 2678 1736 2731 rei

145 2765 396 2819 nuntium
437 2781 560 2820 cum
604 2782 699 2822 rex
746 2768 1046 2837 accepisset
1071 2767 1135 2834 ¹³,
1165 2767 1301 2821 nihil
1347 2768 1451 2823 sibi
1481 2777 1737 2822 cunctan-

145 2856 264 2910 dum
315 2857 646 2924 arbitratus,
697 2856 922 2914 collecto
982 2857 1304 2913 festinanter
1352 2859 1623 2923 exercitu,
1679 2859 1736 2912 in

147 2944 437 3003 Saxoniam
474 2947 865 3018 proficiscitur,
895 2949 1190 3019 accitisque
1221 2949 1290 3004 ad
1321 2963 1379 3003 se
1404 2949 1612 3003 cunctis
1637 2946 1737 3001 Sa-

147 3051 340 3090 xonum
387 3037 740 3106 primoribus,
781 3039 1190 3094 de-auctoribus
1211 3038 1386 3094 factae
1416 3038 1736 3094 defectionis

145 3127 440 3196 inquisivit.
491 3128 557 3183 Et
607 3144 733 3184 cum
776 3143 969 3185 omnes
1014 3128 1401 3188 Widokindum
1429 3131 1473 3160 “‘
1499 3129 1657 3184 huius
1691 3129 1737 3161 ¹⁸

144 3216 358 3272 sceleris
399 3228 677 3274 auctorem
720 3217 1143 3290 proclamarem,
1175 3235 1299 3274 eum
1330 3219 1373 3250 ¹⁶
1416 3227 1594 3274 tamen
1623 3227 1734 3273 tra-
1763 3188 1808 3249 C

146 3307 266 3362 dere
293 3308 608 3378 nequirent,
632 3323 698 3368 eo
733 3309 880 3378 quod
903 3309 949 3363 is
973 3309 1013 3339 "
1044 3323 1103 3363 re
1130 3315 1442 3378 perpetrata
1473 3309 1542 3364 ad
1568 3307 1737 3363 Nord-

147 3414 366 3455 mannos
417 3415 479 3456 se
521 3400 844 3466 contulerat,
881 3407 1221 3455 caeterorum
1271 3399 1335 3464 '°,
1373 3399 1465 3469 qui
1507 3413 1733 3468 persua-

147 3493 277 3547 sioni
317 3493 437 3546 eius
467 3506 674 3547 morem
701 3500 951 3560 gerentes
996 3498 1206 3544 tantum
1251 3487 1464 3544 facinus
1507 3503 1732 3559 perege-

148 3591 264 3638 runt
287 3583 355 3649 ¹⁹,
398 3597 572 3652 usque
606 3582 674 3636 ad
702 3590 960 3650 quattuor
1007 3580 1155 3635 milia
1197 3580 1480 3650 quingenti
1524 3579 1733 3645 traditi,

147 3685 197 3730 et
215 3691 376 3746 super
395 3674 617 3730 Alaram
645 3675 688 3705 ’θ
716 3673 958 3740 ﬂuvium,
984 3674 1037 3728 in
1079 3675 1200 3729 loco
1221 3675 1314 3743 qui
1339 3672 1500 3729 Ferdi
1521 3674 1562 3704 ’ί
1590 3686 1615 3714 ι
1637 3689 1738 3730 vo-

149 3777 316 3832 catur,
343 3767 496 3821 iussu
535 3765 679 3835 regis
700 3779 890 3820 omnes
921 3780 1027 3818 una
1053 3765 1139 3834 die
1165 3764 1412 3820 decollati
1446 3772 1591 3819 sunt.
1623 3763 1735 3820 Hu-

150 3859 370 3915 iusmodi
402 3858 642 3912 vindicta
667 3865 975 3926 perpetrata
1006 3858 1070 3920 ¹¹,
1103 3873 1198 3911 rex
1228 3857 1518 3912 Theodone
1541 3856 1664 3909 villa
1686 3856 1733 3888 “

150 3949 199 4003 in
222 3950 443 4004 hiberna
471 3948 758 4012 concessit,
792 3947 972 4016 ibique
995 3945 1041 3977 “
1063 3946 1298 4002 natalem
1325 3947 1562 4014 Domini,
1588 3946 1663 4002 ibi
1686 3946 1732 3980 ¹⁸

151 4049 199 4095 et
229 4040 428 4112 pascha
459 4053 611 4095 more
639 4039 800 4093 solito
821 4037 1135 4093 celebravit.

735 4129 1146 4187 DCCLXXXHI.

216 4222 507 4279 Adridente
537 4221 683 4277 veris
724 4221 1015 4291 temperie,
1053 4236 1177 4276 cum
1219 4221 1289 4278 ad
1333 4223 1729 4294 expeditionem

153 4315 472 4370 Saxonicam
526 4327 586 4368 se
629 4319 1008 4382 praeparasset
1045 4341 1114 4352 —
1149 4327 1275 4367 nam
1313 4314 1380 4368 de
1422 4315 1733 4370 omnimoda

154 4421 327 4461 eorum
357 4405 405 4436 "
441 4403 747 4459 defectione
793 4402 861 4456 ad
901 4415 1025 4456 eum
1053 4402 1098 4433 "
1139 4401 1406 4472 perlatum
1459 4404 1636 4459 fuerat
1661 4435 1733 4450 .—

155 4498 456 4566 priusquam
502 4495 570 4550 de
608 4500 908 4549 memorata
936 4493 1060 4546 villa
1088 4501 1330 4548 moveret
1357 4493 1400 4524 "'
1421 4535 1435 4558 ,
1467 4495 1730 4566 Hildigar—
1755 4529 1807 4588 D

158 4587 231 4642 dis
253 4587 296 4618 "
324 4586 512 4657 regina
557 4598 697 4639 uxor
723 4582 840 4638 eius
865 4582 1098 4637 decessit
1123 4582 1176 4635 2.
1210 4581 1326 4635 Kal.
1356 4583 1538 4639 Maias.
1563 4583 1729 4640 Cuius

529 4689 922 4748 VARIANTES
960 4689 1362 4747 LECTIONES.

187 4787 238 4848 ,ι
278 4793 650 4841 convenerant
701 4785 736 4839 5
770 4811 842 4823 -
869 4781 926 4837 9.
971 4781 976 4784 ⁷
1014 4783 1034 4813 ³
1063 4782 1298 4837 circuire
1353 4785 1404 4838 5.
1455 4783 1508 4838 4.
1565 4785 1616 4838 7.
1673 4787 1724 4842 9.

174 4851 324 4908 'in7.
426 4854 709 4923 ‘ideoque
755 4851 910 4923 3‘16.
958 4850 1013 4905 9.
1084 4853 1131 4923 7‘
1187 4868 1252 4906 eo
1306 4853 1358 4907 5.
1423 4855 1475 4909 9.
1588 4855 1608 4886 ⁸
1660 4857 1729 4910 ad

159 4921 440 4995 fugientem
489 4921 839 4979 contendunt.
869 4921 1048 4995 Terga
1080 4922 1290 4995 insequi
1344 4925 1620 4995 spoliaque
1648 4927 1731 4980 di-

164 4991 327 5062 ripere
352 4994 405 5050 9.
483 4995 503 5024 "
544 5007 872 5062 quemquam
902 4991 953 5047 9.
1031 4991 1051 5022 ⁸
1089 4992 1142 5045 in
1172 4991 1230 5045 a.’
1254 5007 1306 5061 p.
1332 4991 1387 5047 cI
1416 4995 1470 5049 9.
1533 4991 1574 5028 ’θ
1603 4999 1729 5051 ado-

163 5063 358 5117 riuntur
384 5064 440 5118 9.
518 5063 560 5094 ¹⁶
581 5063 726 5116 deest
751 5063 804 5117 5.
836 5063 889 5117 9.
951 5063 1008 5133 _“
1040 5077 1163 5133 cum
1197 5063 1370 5133 misso
1401 5065 1446 5117 l.
1527 5066 1570 5096 “
1602 5081 1732 5133 qua-

164 5142 273 5188 tnor
293 5133 453 5188 2—9.
532 5133 574 5164 ³³
601 5133 927 5202 suscepisset
943 5130 996 5202 9.
1075 5131 1119 5161 “
1140 5131 1490 5202 widikindum
1513 5137 1564 5191 5.
1591 5130 1644 5189 5.
1673 5137 1726 5191 9.

168 5202 206 5272 'l
243 5205 392 5258 cuius
437 5203 488 5256 l.
565 5202 608 5234 ¹⁶
644 5201 818 5272 ipsum
846 5203 900 5257 5.
933 5201 989 5255 9.
1090 5202 1131 5232 ιτ
1179 5201 1273 5272 his
1321 5202 1357 5256 2
1384 5204 1524 5258 deest
1566 5207 1619 5260 5.
1672 5207 1726 5262 9.

169 5271 205 5302 η
232 5271 746 5342 maeror-umque].
827 5272 868 5303 "
893 5285 1150 5341 peregere
1175 5271 1227 5325 7.
1262 5341 1265 5342 ν
1298 5272 1342 5302 ³ο
1365 5273 1572 5328 alarum
1597 5275 1651 5329 2.
1675 5276 1728 5329 7.

167 5342 206 5373 “
228 5341 389 5398 ferdia
423 5342 481 5396 2.
511 5341 646 5397 fredi
675 5343 726 5395 7.
824 5343 870 5373 “
905 5351 1121 5411 patrata
1150 5341 1201 5396 6.
1238 5341 1290 5395 7.
1397 5343 1442 5374 ⁸³
1494 5345 1547 5398 in
1587 5346 1733 5401 theo-

160 5411 344 5484 ‘tjonem
373 5413 558 5484 villam
611 5411 663 5484 7.
709 5412 996 5484 theodonis
1027 5411 1206 5484 villam
1234 5412 1313 5484 79.
1372 5413 1437 5484 6“
1466 5414 1646 5484 ibique
1671 5425 1727 5471 et

168 5479 214 5534 3.
250 5483 300 5538 9.
372 5482 420 5517 ’⁸
437 5484 578 5536 deest
609 5483 661 5535 7.
714 5482 766 5537 9.
863 5482 907 5512 "
933 5483 1073 5535 deest
1100 5482 1153 5535 4.
1229 5483 1272 5514 ³⁷
1319 5482 1386 5537 ad
1427 5479 1730 5540 eum'deest

171 5550 215 5604 9.
287 5551 331 5585 ⁸⁸
361 5568 419 5608 se
449 5560 690 5607 moveret
718 5552 771 5607 9.
847 5551 893 5582 "
923 5552 1228 5622 hiltigardis
1251 5551 1304 5607 5.
1334 5553 1661 5625 hildegardis
1675 5559 1726 5611 7.

1216 373 1359 427 CUM
1384 365 2001 429 ~LAURISSENSIBUS
2039 371 2350 430 COLLATI.

3319 378 3371 432 41
3385 380 3414 432 S

2297 504 2534 546 ANNALES
2570 505 2969 550 ιλυιιιεεειηιδ.

2431 4121 2843 4178 DCCLXXXIII.

1903 4213 2057 4269 Tunc
2091 4213 2227 4268 obiit
2258 4211 2453 4270 domna
2480 4228 2542 4269 ac
2566 4213 2704 4269 bene
2738 4212 2935 4269 merita
2964 4211 3304 4285 Hildegardis
3334 4231 3424 4274 reo

1832 4306 1956 4374 gina
1986 4303 2158 4372 pridie
2188 4301 2308 4357 Kal.
2343 4301 2466 4358 Mai.
2497 4304 2536 4367 ί,
2574 4301 2718 4372 quod
2760 4303 2942 4358 evenit
2984 4303 3039 4357 in
3079 4303 3165 4358 die
3209 4312 3338 4359 tunc
3369 4305 3424 4360 in

1834 4406 2076 4465 tempore
2105 4395 2284 4467 vigilia
2313 4395 2340 4434 ι)
2383 4395 2718 4449 ascensionis
2753 4393 2984 4450 Domini.
3029 4396 3061 4429 ⁸
3091 4395 3158 4449 Et
3193 4395 3427 4450 domnus

1833 4504 1930 4544 rex
1967 4486 2194 4543 Carolus
2224 4487 2329 4542 iter
2363 4485 2494 4541 fecit
2533 4487 2781 4556 partibus
2805 4486 2826 4516 ‘
2854 4483 3145 4551 Saxoniae,
3185 4500 3251 4541 eo
3279 4487 3427 4556 quod

1835 4577 2078 4632 Saxones
2113 4577 2309 4630 iterum
2350 4574 2580 4630 rebelles
2626 4574 2854 4630 fuissent
2891 4575 2935 4642 ³,
2979 4584 3030 4630 et
3071 4591 3194 4631 cum
3237 4577 3425 4645 paucis

1832 4669 2057 4725 Francis
2108 4669 2175 4722 ad
2219 4666 2540 4722 Theotmalli
2585 4664 2607 4697 ⁸
2661 4676 2683 4705 ο
2734 4667 2999 4736 pervenit.
3019 4732 3029 4747 ε
3057 4665 3134 4720 lbi
3182 4663 3426 4721 Saxones

1832 4767 2294 4833 praeparaverunt
2345 4772 2525 4829 pugna
2556 4757 2577 4788 ⁸
2622 4757 2676 4812 in
2726 4771 2918 4826 campo
2943 4797 2958 4821 ,
3008 4756 3101 4826 qui
3135 4756 3157 4787 ⁸
3196 4754 3426 4811 viriliter

1833 4853 2065 4907 domnus
2089 4849 2312 4905 Carolus
2341 4863 2435 4903 rex
2465 4854 2520 4902 et
2557 4847 2752 4902 Franci
2777 4847 2936 4903 solito
2966 4854 3116 4902 more
3143 4861 3306 4917 super
3329 4862 3424 4902 eos

1834 4944 2113 4998 inruentes
2135 4939 2212 5011 [et
2227 4938 2470 4993 Saxones
2493 4946 2645 5008 terga
2669 4945 2947 4992 vertentes
2964 4935 3033 5008 '1,
3058 4944 3114 4991 et
3144 4936 3376 4994 Domino
3403 4937 3425 4969 “

2228 5089 2624 5148 VARIANTES
2668 5090 3051 5148 LECTIONES

1913 5209 1926 5239 ⁸
1976 5207 2103 5261 maii
2128 5219 2267 5275 quae
2297 5211 2427 5287 erat
2457 5203 2638 5287 vigilia
2665 5204 2718 5287 .
2783 5205 3272 5287 :pqr.P:l_l'leS_tfa_
3295 5221 3421 5287 eop-

1839 5288 2057 5342 stanter,
2102 5271 2166 5330 ei:
2192 5275 2490 5328 coniectura
2518 5271 2572 5328 hi
2602 5273 2761 5342 fallor
2779 5271 2981 5328 Cdnisit'
3015 5275 3065 5328 1.
3145 5276 3166 5306 ³
3198 5277 3425 5332 rebella-

1841 5355 1964 5403 rent
1997 5348 2045 5399 l.
2135 5346 2156 5376 ⁸
2185 5344 2496 5399 theutvvaldi
2545 5344 2596 5396 1.
2647 5343 2938 5402 theodmali
2977 5343 3029 5399 6.
3069 5346 3423 5401 theotmallim

1838 5419 1888 5472 7.
1941 5415 2254 5471 theodmalli
2283 5415 2335 5469 9.
2432 5415 2454 5445 ⁸
2480 5428 2714 5484 pugnam
2751 5411 2798 5466 1.
2851 5413 2905 5468 5.
2953 5414 3006 5469 6.
3037 5416 3089 5468 7.

3187 5415 3208 5486 ξ
3234 5431 3340 5486 quo
3367 5417 3420 5473 7.

1839 5489 1978 5542 deest
2026 5487 2076 5540 1.

2193 5486 2299 5555 '7et
2343 5497 2586 5555 sationes
2647 5491 2796 5555 terga
2852 5493 3120 5541 vertentes
3166 5484 3306 5540 deest
3361 5486 3422 5542 2.

1840 5558 1861 5589 ⁸
1892 5564 2164 5613 vertentes
2210 5554 2428 5610 domino
2462 5553 2515 5607 7.

1673 5645 1878 5704 NOTAE
1889 5687 1903 5701 .

236 5741 262 5836 ἶ
296 5727 630 5872 ltitique
663 5801 862 5873 pascha
896 5801 947 5855 in
980 5801 1122 5857 diem
1154 5800 1224 5856 εδ
1253 5800 1430 5857 Martii
1457 5803 1672 5860 cecidit.

1934 5816 1954 5844 ε
2001 5803 2258 5859 Detmold.
