3928 6306
500 402 604 461 M9

968 529 1202 570 Ακιυιεε
1241 529 1644 570 ιΑυιιιδεεΝεεε.

500 611 812 675 auxiliante,
835 607 1030 663 Franci
1053 610 1287 663 victores
1307 609 1624 672 extiterunt.
1658 607 1724 662 Et
1746 607 1941 663 cecidit
1973 606 2044 662 ibi
2076 606 2093 637 ί

502 705 740 762 maxima
768 705 788 734 ²
823 701 1110 757 multitudo
1142 699 1438 766 Saxonum,
1483 701 1558 754 ita
1589 707 1648 754 ut
1677 699 1834 770 pauci
1870 698 2049 769 fugam
2077 697 2096 729 ³

499 797 820 857 evasissent.
852 795 921 850 Et
950 794 1075 850 inde
1104 809 1226 849 cum
1254 793 1480 849 victoria
1516 792 1663 848 venit
1698 792 2098 861 suprascriptus

501 888 772 961 gloriosus
812 901 908 940 rex
950 883 1018 939 ad
1064 882 1486 938 Paderbrunnen
1543 881 1586 947 ‘,
1633 881 1708 936 ibi
1765 881 2099 950 coniungens

501 977 806 1035 exercitum
825 990 1005 1031 suum.
1035 973 1106 1027 Et
1129 975 1368 1043 perrexit
1390 973 1481 1027 ubi
1504 973 1698 1040 iterum
1727 972 1747 1004 ⁸
1769 971 2010 1027 Saxones
2042 984 2100 1025 se

503 1069 896 1126 coniunxerunt
926 1066 994 1122 ad
1016 1064 1240 1120 ﬂuvium
1261 1065 1414 1122 cuius
1435 1065 1757 1120 vocabulum
1780 1070 1866 1120 est
1893 1063 2036 1119 Hasa
2050 1075 2095 1116 ι.

503 1161 583 1217 lbi
607 1161 626 1190 ⁸
643 1160 841 1214 iterum
860 1171 1039 1229 pugna
1063 1156 1198 1210 inita
1209 1197 1222 1220 ,
1237 1171 1344 1210 non
1361 1156 1540 1209 minor
1553 1168 1811 1209 numerus
1825 1153 2098 1208 Saxonum

503 1249 580 1306 ibi
615 1248 828 1310 cecidit,
855 1254 912 1302 et
942 1234 1172 1302 Domino
1203 1244 1498 1300 auxiliante
1519 1243 1714 1298 Franci
1744 1242 1978 1297 victores
2008 1256 2103 1296 ex-

506 1341 749 1396 titerunt.
774 1338 842 1393 Et
881 1337 985 1392 iter
1014 1351 1278 1406 peragens
1303 1335 1411 1389 iam
1445 1334 1621 1389 dictus
1643 1333 1872 1387 domnus
1906 1330 1952 1396 ',
1987 1328 2104 1384 Wi-

504 1448 688 1490 soram
730 1429 954 1485 ﬂuvium
991 1428 1227 1493 transiit,
1269 1427 1338 1482 ad
1391 1424 1605 1480 Albiam
1631 1424 1653 1456 ⁸
1683 1421 1907 1478 ﬂuvium
1931 1435 2104 1490 usque

504 1522 786 1596 pervenit;
815 1529 871 1576 et
903 1519 1030 1584 inde
1063 1533 1316 1578 reversus
1349 1515 1626 1587 praefatus
1659 1528 1886 1586 magnus
1917 1526 2012 1568 rex
2050 1511 2104 1565 in

505 1612 819 1671 Franciam.
850 1611 919 1666 Et
944 1611 997 1665 in
1030 1610 1221 1665 eodem
1261 1624 1404 1663 anno
1429 1608 1566 1662 obiit
1591 1607 1765 1662 bonae
1807 1604 2104 1660 memoriae

505 1703 706 1762 domna
750 1701 914 1756 Berta
944 1700 1132 1770 regina
1161 1699 1195 1752 4
1224 1698 1349 1753 ldus
1375 1696 1473 1753 lul.
1504 1698 1569 1732 **
1596 1697 1664 1750 Et
1695 1711 1819 1752 cum
1845 1694 2104 1778 Worma-

506 1795 648 1852 ciam
692 1793 714 1824 ⁹
757 1791 1098 1863 pervenisset
1151 1790 1382 1845 domnus
1424 1803 1520 1843 rex
1581 1785 1831 1852 Carolus,
1878 1785 2105 1842 sociavit

506 1884 612 1940 sibi
641 1884 697 1938 iu
728 1881 1140 1937 matrimonium
1170 1880 1211 1910 ¹⁰
1241 1880 1436 1934 domna
1471 1877 1802 1933 Fastradane
1825 1877 2010 1945 regina
2039 1878 2101 1930 “.
2135 1871 2183 1930 B

506 1974 576 2032 Et
603 1975 902 2031 celebravit
947 1972 1181 2028 natalem
1228 1957 1441 2026 Domini
1477 1970 1532 2024 in
1576 1969 1701 2023 villa
1745 1984 1866 2038 qum
1908 1969 2108 2024 dicitur

508 2068 823 2126 Haristailio
873 2068 937 2133 ",
963 2072 1018 2122 et
1059 2066 1261 2136 pascha
1298 2064 1566 2120 similiter.
1611 2063 1680 2118 Et
1716 2063 2006 2118 inmutavit
2051 2078 2112 2118 se

509 2176 770 2234 numerus
801 2173 1069 2214 annorum
1096 2174 1150 2211 tu

579 2254 612 2288 ¥
636 2251 714 2324 [et
755 2250 961 2324 sepulta
997 2258 1083 2306 est
1114 2250 1274 2324 iuxta
1305 2249 1506 2324 urbem
1536 2247 1856 2324 Mettensem
1884 2248 1936 2302 in
1965 2247 2110 2303 basi-

509 2325 613 2380 lica
638 2317 1010 2391 apostolorum
1035 2329 1089 2376 et
1114 2321 1260 2391 beati
1290 2318 1517 2374 Arnulﬁ.
1544 2318 1576 2391 9
1604 2317 1685 2391 b.]

581 2393 646 2428 ’"
674 2388 751 2463 [et
776 2392 986 2463 sepulta
1021 2401 1108 2446 est
1138 2391 1196 2463 in
1231 2390 1513 2463 Causiaco.
1548 2388 1815 2463 Sed'inde
1846 2388 2110 2463 translata

513 2459 775 2527 Parisius,
805 2459 1012 2532 sepulta
1059 2468 1143 2516 est
1185 2460 1553 2532 iuxtavirum
1583 2474 1741 2514 suum
1785 2460 1841 2515 in
1879 2459 2109 2516 ecclesia

510 2535 686 2590 sancti
718 2527 963 2605 Dionisii
994 2531 1269 2603 martyris.
1295 2530 1328 2586 9
1349 2527 1429 2600 b.]

1105 3270 1524 3329 DCCLXXXIV.

590 3369 662 3428 Et
687 3378 819 3431 tunc
859 3368 901 3399 ¹³
939 3365 1184 3422 rebellati
1216 3373 1343 3420 sunt
1376 3363 1417 3394 ιδ
1445 3363 1644 3416 iterum
1674 3358 1921 3414 Saxones
1953 3354 2111 3411 solito

514 3478 695 3531 more,
720 3470 776 3520 et
801 3475 927 3516 cum
969 3459 1049 3514 eis
1075 3471 1204 3527 pars
1237 3456 1282 3486 ¹⁶
1315 3454 1495 3523 aliqua
1531 3451 1840 3506 Frisonum.
1883 3447 1925 3479 ¹⁶
1962 3447 2113 3501 Tunc

517 3553 716 3614 deinde
769 3551 1001 3606 domnus
1039 3547 1265 3603 Carolus
1308 3561 1402 3600 rex
1437 3545 1540 3598 iter
1577 3555 1862 3612 peragens,
1901 3539 2112 3592 Renum

1615 400 2002 458 EGINHARDI
2041 400 2335 459 ABBATIS
2371 403 2693 459 ANNALES

2122 521 2173 580 Α

3685 412 3784 465 ﬁt)

2700 528 2937 569 ΑΝΝΑιεε
2971 528 3280 570 ΕςιΝιιΑιιιιι.

2199 602 2376 659 funeri
2413 618 2537 658 cum
2571 603 2588 635 ⁸
2621 619 2774 661 more
2813 605 3038 660 solemni
3085 606 3227 660 iusta
3275 606 3616 676 persolveret
3651 612 3694 676 ',
3740 612 3790 664 in

2203 693 2520 762 Saxoniam,
2550 695 2694 750 sicut
2718 695 3042 766 dispositum
3069 697 3309 753 habebat
3348 698 3369 729 ³
3396 699 3554 754 duxit
3587 703 3794 756 exerci-

2201 799 2336 844 tum.
2374 790 2619 863 Cumque
2666 791 2911 848 Saxones
2947 793 2999 847 in
3043 808 3110 849 eo
3155 793 3276 849 loco
3306 794 3399 864 qui
3427 794 3752 850 Theotmelli
3778 798 3796 824 ³

2203 894 2228 923 ι
2258 892 2504 952 vocatur,
2522 885 2590 939 ad
2617 900 2852 956 pugnam
2889 900 2948 941 se
2976 901 3306 957 praeparare
3327 887 3347 918 '
3371 889 3729 957 comperisset
3753 889 3796 954 ⁸,

2202 975 2269 1031 ad
2294 991 2390 1032 eos
2437 986 2640 1046 quanta
2685 977 2861 1047 potuit
2909 978 2928 1008 '
2965 977 3245 1033 celeritate
3291 979 3604 1044 contendit;
3647 994 3800 1036 com-

2202 1065 2477 1136 missaque
2506 1081 2631 1121 cum
2666 1067 2746 1123 eis
2773 1066 3000 1138 proelio,
3037 1075 3189 1123 tanta
3220 1084 3315 1124 eos
3357 1071 3526 1126 caede
3551 1079 3799 1142 prostra-

2201 1155 2300 1221 vit,
2340 1163 2399 1210 ut
2425 1156 2492 1212 de
2523 1157 2905 1214 innumerabili
2950 1171 3139 1213 eorum
3170 1159 3516 1218 multitudine
3543 1164 3804 1233 perpauci

2203 1246 2442 1306 evasisse
2479 1248 2747 1304 dicantur.
2774 1242 3016 1319 Cumque
3041 1249 3110 1305 de
3134 1249 3254 1305 loco
3278 1250 3471 1321 proelii
3499 1252 3568 1306 ad
3596 1251 3804 1308 Padra-

2203 1337 2456 1393 brunnon
2504 1338 2625 1401 “,se
2671 1353 2796 1394 cum
2841 1341 3100 1395 exercitus
3136 1341 3458 1412 recepisset,
3512 1351 3680 1413 atque
3730 1343 3806 1400 ibi

2205 1431 2400 1487 castris
2411 1431 2606 1502 positis
2624 1441 2837 1502 partem
2859 1434 3170 1500 exercitus,
3182 1449 3322 1505 quae
3341 1436 3524 1492 adhuc
3544 1437 3616 1492 de
3639 1436 3810 1492 Fran-

2205 1521 2292 1576 cia
2317 1522 2504 1578 venire
2537 1523 2820 1591 debuerat,
2857 1524 3187 1595 operiretur,
3233 1524 3441 1581 audivit
3471 1524 3724 1584 Saxones
3751 1527 3807 1582 in

2206 1613 2406 1670 ﬂnibus
2434 1614 2858 1672 Westfalaorum
2898 1631 3063 1686 super
3101 1614 3325 1672 ﬂuvium
3355 1616 3557 1673 Hasam
3606 1617 3677 1673 ad
3704 1618 3808 1676 hoc

2207 1704 2547 1775 congregari,
2584 1712 2646 1760 ut
2693 1704 2768 1761 ibi
2794 1719 2917 1761 cum
2959 1719 3057 1771 eo,
3099 1707 3144 1762 si
3171 1707 3432 1774 venisset,
3469 1708 3590 1764 acie
3615 1707 3640 1739 '
3673 1723 3807 1764 cou-

2208 1792 2475 1865 ﬂigerent.
2513 1794 2632 1864 Quo
2659 1795 3199 1864 nuntio‘commotus,
3235 1799 3491 1856 adunatis
3513 1814 3661 1870 quae
3694 1808 3808 1854 tum

2211 1885 2281 1941 ad
2307 1901 2365 1942 se
2394 1895 2680 1955 venerant,
2711 1903 2955 1959 quasque
2984 1897 3109 1945 ante
3138 1905 3323 1945 secum
3351 1890 3612 1957 habebat,
3635 1891 3812 1947 Frau-

2213 1994 2404 2035 corum
2428 1981 2619 2050 copiis,
2658 1981 2728 2037 ad
2752 1980 2932 2038 locum
2951 1983 3043 2038 ubi
3070 1983 3112 2016 ¹⁰
3141 1985 3459 2056 congregati
3485 1995 3667 2052 erant,
3693 1986 3813 2042 sine

2213 2069 2472 2126 dilatione
2500 2070 2777 2142 profectus
2803 2080 2906 2138 est,
2937 2087 3369 2145 congressusque
3400 2091 3525 2131 cum
3568 2078 3672 2142 eis,
3716 2092 3811 2132 ea-

2214 2159 2337 2215 dem
2363 2175 2470 2230 qua
2507 2167 2565 2215 et
2591 2160 2741 2231 prius
2767 2159 3029 2217 felicitate
3056 2163 3355 2220 dimicavit.
3398 2164 3571 2221 Caesa
3601 2175 3688 2222 est
3723 2182 3818 2222 eo-

2216 2270 2336 2309 rum
2372 2253 2584 2309 inﬂnita
2628 2255 2937 2322 multitudo,
2978 2256 3257 2327 spoliaque
3295 2258 3526 2330 direpta,
3560 2260 3812 2330 captivo-

2216 2362 2338 2401 rum
2387 2361 2606 2417 quoque
2660 2361 2889 2417 magnus
2934 2346 3200 2403 abductus
3247 2357 3331 2404 est
3371 2363 3655 2404 numerus.
3686 2350 3817 2404 lude

2213 2437 2391 2493 victor
2419 2436 2486 2491 ad
2511 2436 2777 2492 orientem
2806 2436 2910 2492 iter
2942 2438 2983 2468 ”
3014 2439 3301 2504 convertit,
3333 2441 3623 2510 primoque
3643 2456 3817 2510 usque

2213 2527 2282 2582 ad
2312 2525 2612 2593 Wisuram,
2641 2527 2838 2582 deinde
2869 2542 3041 2598 usque
3073 2529 3141 2583 ad
3167 2528 3377 2585 Albiam
3417 2532 3460 2562 “
3489 2540 3689 2587 cuncta
3720 2532 3819 2587 de-

2216 2623 2483 2679 vastando
2528 2623 2857 2694 peragravit.
2911 2623 3040 2680 inde
3092 2638 3344 2680 reversus
3396 2626 3453 2680 in
3502 2625 3819 2687 Franciam.

2216 2715 2370 2769 duxit
2394 2729 2622 2769 uxorem
2653 2713 2818 2769 ﬁliam
2845 2713 3054 2771 Radolii
3090 2714 3133 2746 ¹³
3161 2716 3377 2772 comitis
3404 2716 3628 2772 natione
3649 2716 3824 2770 Fran-

2218 2821 2360 2874 cam,
2393 2806 2612 2863 nomine
2637 2805 2984 2872 Fastradam,
3014 2822 3082 2862 ex
3107 2822 3213 2877 qua
3236 2808 3372 2863 duas
3395 2806 3542 2864 ﬁlias
3565 2822 3824 2878 procrea-

2216 2898 2316 2952 vit.
2345 2895 2548 2952 Eodem
2573 2912 2718 2952 anno
2746 2895 3002 2951 defuncta
3024 2903 3108 2952 est
3128 2895 3305 2952 bonae
3327 2896 3627 2952 memoriae
3649 2903 3825 2950 mater

2216 2987 2364 3057 regis
2389 2985 2691 3041 Berhtrada
2720 2985 2764 3017 ιδ
2793 2985 2845 3040 4.
2878 2984 2934 3040 ld
2969 2984 3065 3039 Iul.
3097 2985 3216 3056 Ipse
3247 2986 3302 3040 in
3335 2984 3654 3041 Heristallio
3697 2985 3825 3039 villa

2217 3077 2418 3132 ibidem
2451 3077 2497 3108 η
2524 3077 2862 3131 hiematurus
2907 3076 3174 3141 consedit,
3209 3075 3390 3147 ibique
3432 3077 3674 3132 natalem
3721 3075 3826 3132 Do-

2222 3167 2355 3221 mini
2379 3182 2442 3222 ac
2469 3173 2718 3221 sanctum
2747 3166 2951 3235 pascha
2977 3165 3292 3221 celebravit.

2805 3264 3222 3321 DCCLXXXIV.

2287 3360 2421 3417 Cum
2474 3361 2712 3431 primum
2759 3359 3100 3430 oportunitas
3136 3359 3398 3430 temporis
3445 3359 3710 3426 advenit,
3759 3361 3824 3413 ad

2217 3455 2474 3527 reliquias
2499 3455 2628 3511 belli
2671 3453 2926 3510 Saxonici
2958 3453 3324 3510 conficiendas
3368 3468 3464 3509 rex
3496 3453 3684 3508 animo
3737 3455 3823 3508 in-

2217 3557 2386 3615 tento,
2418 3563 2542 3603 cum
2568 3546 2812 3603 exercitu
2838 3546 2893 3600 in
2917 3546 3035 3601 loco
3063 3548 3153 3616 qui
3181 3547 3476 3616 Lippeham
3501 3547 3544 3578 ¹⁶
3569 3555 3823 3606 vocatur,

517 3647 736 3704 transiit
767 3644 835 3699 ad
868 3643 1158 3713 Lippiham
1194 3638 1260 3704 ⁸⁷,
1294 3646 1350 3692 et
1383 3637 1664 3706 ingressus
1700 3639 1784 3686 est
1821 3630 2107 3684 Saxoniam

2216 3640 2470 3695 Rhenum
2499 3639 2715 3694 traiecit
2747 3639 2811 3703 ¹⁷,
2853 3646 2907 3693 et
2933 3639 3163 3693 vastatis
3191 3636 3608 3692 Westfalaorum
3639 3639 3824 3709 pagis,

516 3735 831 3793 circuiendo
870 3732 912 3764 ⁸⁸
941 3739 997 3786 el
1023 3729 1306 3792 vastando,
1337 3739 1511 3795 usque
1551 3722 1694 3793 (ἰυοά
1724 3721 1765 3751 ¹⁰
1793 3719 2040 3790 Pervenit
2068 3718 2113 3748 ¹⁰
2217 3731 2365 3785 venit
2391 3731 2458 3785 ad
2484 3730 2783 3785 Wisuram.
2813 3728 3057 3797 Cumque
3094 3713 3154 3782 in‘
3189 3743 3253 3782 eo
3293 3727 3411 3782 loco
3441 3727 3535 3796 qui
3579 3725 3826 3784 Huculbi

517 3828 585 3883 ad
615 3824 844 3881 Huculvi
878 3824 923 3854 “
956 3822 1006 3875 δ.
1044 3821 1120 3876 Ibi
1173 3818 1402 3875 consilio
1432 3817 1589 3881 ίηίῑο,
1628 3829 1713 3878 θον
1748 3813 1793 3844 ¹¹
1829 3812 1974 3882 ‘Iu0d
2028 3810 2114 3865 ni‘
2218 3822 2435 3886 dicitur,
2488 3822 2686 3877 castris
2740 3834 2905 3889 super
2940 3817 3163 3874 ﬂuvium
3209 3819 3401 3889 positis
3454 3818 3821 3882 consedisset,

518 3919 689 3976 mium
719 3913 1110 3971 inundaciones
1141 3924 1406 3980 aquarum
1440 3906 1671 3961 fuisse!!!
1701 3904 1768 3969 ’³,
1800 3913 1861 3957 ιιι
1885 3916 1984 3972 De?
2018 3901 2121 3956 Το-
2218 3912 2354 3967 vidit
2379 3927 2437 3968 se
2464 3913 2518 3967 in
2546 3910 2882 3982 aquilonales
2914 3911 2954 3943 ιε
2985 3910 3254 3966 Saxoniae
3280 3917 3480 3980 partes,
3513 3910 3658 3966 sicut
3700 3920 3823 3964 sta-

521 4008 758 4080 ringiam
780 4005 829 4037 ³⁸
855 4004 922 4059 de
956 4001 1221 4059 orientale
1250 4007 1404 4071 parte
1441 3997 1721 4052 introisset
1750 4010 1912 4065 super
1937 3991 2118 4050 Ostfa-
2218 4012 2413 4068 mer-at,
2445 4009 2668 4073 propter
2693 4002 2890 4056 nimias
2932 4015 3199 4070 aquarum
3239 4000 3641 4065 inundationes,
3676 4015 3827 4071 quae

522 4103 641 4158 laos
676 4101 744 4167 ",
770 4108 825 4154 et
854 4097 1027 4152 ﬁlium
1062 4111 1218 4152 suum
1245 4095 1504 4149 domnum
1545 4091 1796 4147 Carolum
1823 4089 2120 4144 dimiSissel
2202 4105 2334 4151 -tum
2354 4095 2392 4126 ι’
2421 4096 2601 4151 subito
2625 4110 2690 4150 ex
2715 4095 2940 4166 iugitate
2965 4094 3271 4164 pluviarum
3290 4094 3616 4159 acciderant,
3643 4104 3827 4150 trans-

521 4208 628 4249 una
662 4207 788 4248 cum
819 4204 979 4245 scara
1012 4196 1204 4244 contra
1233 4183 1565 4240 Westfalaos
1594 4183 1640 4214 "
1670 4198 1684 4237 :
1714 4182 1858 4252 Quod
1891 4189 1946 4236 et
1972 4181 2045 4235 ita
2065 4182 2116 4210 ‘"
2220 4187 2302 4241 ire
2326 4201 2433 4241 non
2461 4201 2640 4255 posse.
2692 4184 2903 4241 Idcirco
2933 4187 3036 4240 iter
3062 4186 3118 4240 in
3146 4185 3501 4255 Thuringiam
3523 4188 3822 4251 convertit,

522 4285 729 4340 factum
756 4289 861 4337 est.
891 4280 1137 4336 Domuus
1161 4293 1258 4332 rex
1285 4275 1513 4332 Carolus
1534 4273 1776 4343 perrexit
1803 4287 1901 4342 per
1929 4270 2121 4326 Torin-
2221 4282 2278 4328 et
2305 4273 2476 4327 tilium
2520 4289 2677 4328 suum
2705 4272 2964 4328 Karolum
3012 4273 3058 4305 '°
3094 4289 3217 4328 cum
3259 4282 3415 4344 parte
3442 4274 3717 4330 exercitus
3769 4276 3822 4329 in

521 4375 667 4447 giam
695 4373 741 4405 ³⁸
771 4386 948 4441 usque
995 4371 1064 4425 ad
1096 4368 1316 4423 ﬂuvium
1370 4364 1604 4428 Albiam,
1648 4369 1702 4417 et
1737 4362 1863 4418 inde
1895 4361 1965 4417 ad
1995 4360 2120 4416 Sta-
2221 4363 2643 4420 Westfalaorum
2673 4364 2871 4420 ﬁnibus
2911 4363 3100 4420 sedere
3129 4365 3171 4396 “
3203 4365 3377 4420 iussit.
3409 4365 3526 4436 Ipse
3550 4380 3650 4436 per
3671 4365 3826 4422 Thu-

893 4456 1287 4517 VARIANTES
1324 4451 1728 4511 LECTlONES.
2221 4457 2449 4527 ringiam
2482 4457 2527 4487 “
2561 4457 2665 4512 iter
2691 4455 2898 4511 faciens
2924 4456 2991 4522 ”,
3022 4457 3170 4512 venit
3197 4458 3252 4512 in
3283 4459 3602 4527 campestria
3645 4458 3822 4513 Saxo-

595 4555 716 4637 ‘_ibi
751 4555 892 4637 deest
940 4551 1000 4637 ἲ.
1023 4546 1463 4637 ἣξιιιιιιὶςιιεξᾼῖἔ
1541 4545 1562 4576 ³
1588 4542 1919 4637 fpgfgSL‘
1976 4545 2117 4637 :pg-
2142 4578 2195 4637 D
2222 4546 2379 4613 uiae,
2430 4561 2568 4616 quae
2609 4547 2729 4603 Albi
2773 4557 2936 4618 atque
2983 4546 3140 4603 Salae
3189 4546 3501 4604 ﬂuminibus
3537 4549 3795 4605 adiacent

523 4627 767 4683 denbrun
823 4625 873 4678 1.
981 4621 1218 4677 ‘iterum
1263 4627 1406 4673 deest
1441 4617 1493 4670 1.
1608 4613 1733 4669 ‘ibi
1778 4613 1919 4668 deest
1976 4613 2042 4667 1.“
2061 4615 2111 4671 7.

522 4699 542 4729 ⁷
581 4696 813 4751 domnus
862 4707 957 4747 rex
1009 4691 1058 4744 l.
1116 4690 1172 4742 7.
1277 4687 1298 4719 ⁸
1329 4685 1533 4742 albium
1580 4684 1631 4738 5.
1733 4683 2118 4741 ’uurmaciam

522 4766 575 4821 5.
621 4764 967 4820 warmaeiam
1011 4761 1061 4814 7.
1142 4759 1183 4790 ⁸ο
1214 4756 1314 4813 sibi
1359 4756 1592 4810 matrim.
1623 4753 1674 4808 5.
1774 4753 1816 4784 ¹¹
1844 4752 2117 4809 dominam

523 4835 841 4891 Fastradam
872 4832 1129 4902 reginam”
1165 4829 1216 4883 1.
1239 4898 1252 4902 Δ
1271 4827 1523 4902 domitam
1563 4822 1933 4902 fastradanern
1948 4900 1953 4902 α
1985 4826 2120 4894 regi.

526 4920 654 4961 nam
681 4905 734 4957 7.
824 4904 866 4934 “
891 4893 1192 4957 haristalho
1231 4898 1284 4952 1.
1393 4897 1436 4926 η
1469 4895 1713 4950 Saxones
1751 4901 1879 4948 tunc
1919 4893 2116 4949 iterum

526 4974 860 5031 rebellarunt
907 4972 957 5025 1.
1040 4967 1495 5023 "rebellaveruut
1524 4964 1577 5018 5.
1642 4963 1877 5032 “par2.
1951 4963 2119 5019 “fre.

526 5061 719 5100 sonum
768 5043 820 5098 5.
865 5041 1163 5097 forisonum
1200 5038 1252 5092 6.
1353 5037 1393 5067 ”
1451 5033 1863 5106 lippiam_l._2.
1915 5033 1969 5106 7_.
2016 5034 2117 5104 lip—

2625 4706 3016 4763 VARJANTES
3053 4706 3457 4764 LECTIONES.

2301 4824 2315 4853 ¹
2344 4830 2632 4892 postquam
2671 4821 2721 4874 7.
2786 4890 2791 4892 _
2823 4822 2842 4852 ⁹
2871 4820 3309 4892 persolveratV.
3355 4818 3714 4892 persolvisset
3764 4823 3816 4877 9.

2228 4892 2248 4924 ³
2283 4888 2623 4949 disposuerat
2650 4892 2704 4946 9.
2781 4890 2802 4921 ⁴
2831 4888 3089 4949 teotmelli
3123 4890 3176 4944 4.
3208 4888 3545 4946 theothmelli
3583 4888 3632 4942 7.
3665 4891 3820 4946 theo-

2227 4958 2393 5016 tinelli
2443 4962 2497 5015 6.
2542 4960 2844 5016 thietmelle
2886 4962 2938 5017 9.
3017 4962 3036 4992 ⁵
3061 4974 3415 5032 praeparasse
3439 4960 3490 5032 7_.
3562 4958 3820 5032 foogno-

2223 5035 2390 5088 visset
2423 5033 2476 5087 9.
2583 5034 2602 5064 ⁷
2637 5045 2731 5087 eos
2775 5046 2983 5085 summa
3015 5029 3117 5086 cel.
3151 5029 3211 5085 9.
3312 5031 3333 5062 ⁸
3363 5029 3817 5099 patherbrunnon

523 5099 744 5188 piaham
787 5112 865 5188 Δ5.
911 5107 1269 5188 lippihamﬁ.
1316 5108 1395 5188 ﬂ”
1447 5099 1737 5188 ci'r'cuendo
1910 5099 2114 5188 ‘°_quod
2323 5101 2774 5188 padrabruu‘nam
2811 5102 2884 5188 Δ9ἰ
2904 5101 3333 5188 opa‘drabpnnpm
3760 5103 3811 5188 βλ

525 5169 1029 5256 ἷιέεὲῑίοβευδιιῖιὲθ
1052 5176 1238 5256 (1207-
1316 5177 1361 5256 ’.°
1385 5176 1638 5256 Ρξτῐέηὲι
1658 5175 1797 5256 (ἔδειξε
1822 5174 1872 5256 1ο
1951 5169 2113 5256 'f.h"-
2220 5174 2265 5256 1°
2302 5169 2410 5256 εἱυο
2451 5172 2648 5256 ‘.‘
2684 5169 3060 5256 dief‘éiﬂz.
3099 5171 3141 5256 1'
3177 5169 3468 5256 alPimP‘t-
3519 5169 3813 5256 3'99"”

526 5255 710 5310 culum
742 5254 792 5307 1.
825 5239 1145 5307 Ιιιιούιὶη.’7.
1179 5239 1474 5302 Ιιιιοιιιιιῖἳ.
1502 5247 1556 5299 ὅ.
1581 5244 1633 5298 5.
1660 5243 1713 5296 6.
1742 5243 1793 5298 8.
1822 5244 1873 5298 9.
1977 5246 2022 5276 ’⁸
2047 5259 2112 5299 eo
2220 5244 2273 5298 5.
2302 5239 2352 5295 7.
2384 5243 2587 5297 radoldi
2611 5241 2666 5295 4.
2694 5239 2886 5297 rﬁdolﬂ
2911 5239 2945 5294 5
3021 5241 3066 5272 “
3102 5239 3398 5296 berthrada
3427 5239 3480 5294 3.
3516 5239 3652 5310 5.9.
3686 5241 3814 5296 ber-

525 5309 665 5379 ἇὲεει
694 5323 746 5377 6.
823 5323 870 5353 ³³
909 5321 1051 5390 quod
1080 5318 1512 5390 minimeessent
1543 5315 1581 5390 i_.
1615 5313 1753 5390 δέ.
1829 5313 2113 5390 “_t_hurin-
2220 5312 2472 5390 tradant.
2516 5313 2567 5368 7.
2599 5312 2924 5390 berchtrada
2966 5310 3032 5390 6._
3106 5312 3165 5390 _‘_'
3191 5311 3335 5390 deest
3363 5310 3458 5390 5.“
3508 5309 3812 5390 “_l_ippeam

525 5394 670 5466 giam
690 5394 743 5466 1.
768 5383 1101 5466 durringiam
1114 5388 1166 5443 6.
1186 5387 1512 5466 thoringiam
1671 5385 1717 5415 "
1740 5383 2034 5466 hostfalaos
2056 5384 2107 5466 5ἒ

526 5454 803 5520 astualaos
844 5466 895 5517 1.
962 5454 1027 5492 ’³⁸
1051 5454 1420 5531 westualosl.
1447 5454 1728 5531 vveti‘alaos
1769 5455 1821 5508 5.
1864 5525 1876 5531 _
1901 5455 1942 5486 ’⁷
1968 5455 2112 5531 quod

528 5535 603 5590 ita
663 5535 712 5587 1.
762 5534 816 5588 2.
851 5533 902 5586 7.
941 5525 1163 5600 etquod
1213 5529 1285 5582 ita
1327 5528 1378 5600 6.
1459 5525 1822 5600 ’{turingiam
1857 5525 1907 5578 l.
1942 5525 2110 5580 torin-

528 5619 649 5673 gain
661 5604 714 5657 2.
732 5597 1054 5672 durringam
1061 5600 1112 5655 6.
1141 5598 1465 5668 thoringiam
1489 5597 1541 5649 7.

2219 5384 2271 5436 5.
2303 5383 2355 5436 4.
2389 5382 2561 5452 lippea
2605 5381 2658 5436 5.
2691 5382 2744 5436 6.
2800 5380 2960 5450 lippia
3002 5382 3053 5436 7.
3106 5381 3397 5452 lippeheim
3429 5379 3480 5434 9.
3511 5381 3604 5452 __"
3632 5388 3812 5452 trans-

2220 5454 2316 5507 ivit
2357 5449 2444 5507 ·5.“
2464 5449 2531 5506 “6.
2713 5451 2756 5483 ³⁸
2785 5453 3127 5520 aquilonares
3146 5449 3161 5451 ⁷
3183 5449 3259 5505 5?
3287 5450 3342 5505 9.
3412 5519 3420 5520 ί
3507 5449 3562 5520 ¹⁹Λ
3598 5458 3708 5503 tam
3739 5451 3772 5505 3
3791 5452 3816 5503 ἲ

2218 5523 2269 5577 9.
2348 5524 2390 5554 ³ο
2408 5522 2651 5577 karolum
2677 5522 2726 5575 l.
2804 5518 2850 5553 ’ί
2877 5522 3170 5577 subsistere
3189 5522 3242 5576 9.
3319 5521 3364 5551 η
3388 5518 3697 5577 thorginatn
3715 5522 3811 5575 hac

2220 5594 2325 5647 vice
2352 5593 2405 5647 ﬂ.
2483 5593 2529 5624 ³³
2557 5608 2721 5664 agens
2749 5593 2801 5645 7.
2834 5593 3080 5662 perciens
3102 5589 3412 5662 (perﬂcieus
3432 5589 3477 5657 ?)
3501 5589 3557 5643 2.

600 5765 711 5820 bln
741 5766 892 5834 cujus
925 5766 1042 5834 ripa
1077 5761 1459 5834 Osnabrﬂck.__
1586 5824 1626 5834 __
1700 5823 1709 5834 ι
1761 5824 1770 5834 ,
2146 5827 2159 5834 _
2237 5825 2268 5834 η
2787 5823 2798 5834 ,
2965 5821 2975 5831 .
3022 5821 3054 5834 ._
3102 5819 3135 5834 _.

601 5848 622 5876 ¢
654 5823 922 5911 Oppidum
971 5823 1340 5904 Petershagen,
1393 5830 1520 5885 olim
1577 5823 1878 5892 Hockeleve,
1912 5841 2107 5883 nomen
2146 5825 2466 5884 hodiernum
2499 5839 2604 5879 una
2632 5837 2753 5878 cum
2781 5823 2902 5894 jure
2930 5823 3170 5876 civitatis
3199 5823 3470 5875 sortitum.
