  <div class='ocr_page' id='page_1' title='image "/cluster/home/n/w/nwhite01/storage/ocr_20150623/104/uva.x000827061/219.png"; bbox 0 0 3928 6324; ppageno 0'>
   <div class='ocr_carea' id='block_1_1' title="bbox 880 448 1558 490">
    <p class='ocr_par' dir='ltr' id='par_1_1' title="bbox 880 448 1558 490">
     <span class='ocr_line' id='line_1_1' title="bbox 880 448 1558 490; baseline -0.004 0"><span class='ocrx_word' id='word_1_1' title='bbox 880 449 1116 490; x_wconf 54' lang='grc' dir='ltr'><strong>ΑΜΑιεε</strong></span> <span class='ocrx_word' id='word_1_2' title='bbox 1153 448 1558 489; x_wconf 60' lang='grc' dir='ltr'><strong>ιλῦιιιεεεκεεδ.</strong></span> 
     </span>
    </p>
   </div>
   <div class='ocr_carea' id='block_1_2' title="bbox 1562 311 2646 370">
    <p class='ocr_par' dir='ltr' id='par_1_2' title="bbox 1562 311 2646 370">
     <span class='ocr_line' id='line_1_2' title="bbox 1562 311 2646 370; baseline -0.005 0"><span class='ocrx_word' id='word_1_3' title='bbox 1562 313 1943 370; x_wconf 77' lang='lat' dir='ltr'><strong>EGINHARDI</strong></span> <span class='ocrx_word' id='word_1_4' title='bbox 1984 312 2282 368; x_wconf 79' lang='lat' dir='ltr'><strong>ABBATIS</strong></span> <span class='ocrx_word' id='word_1_5' title='bbox 2321 311 2646 368; x_wconf 78' lang='lat' dir='ltr'><strong>ANNALES</strong></span> 
     </span>
    </p>
   </div>
   <div class='ocr_carea' id='block_1_3' title="bbox 2067 437 2119 493">
    <p class='ocr_par' dir='ltr' id='par_1_3' title="bbox 2067 437 2119 493">
     <span class='ocr_line' id='line_1_3' title="bbox 2067 437 2119 493; baseline 0 0"><span class='ocrx_word' id='word_1_6' title='bbox 2067 437 2119 493; x_wconf 80' lang='grc' dir='ltr'>Α</span> 
     </span>
    </p>
   </div>
   <div class='ocr_carea' id='block_1_4' title="bbox 3641 311 3750 364">
    <p class='ocr_par' dir='ltr' id='par_1_4' title="bbox 3641 311 3750 364">
     <span class='ocr_line' id='line_1_4' title="bbox 3641 311 3750 364; baseline 0 0"><span class='ocrx_word' id='word_1_7' title='bbox 3641 311 3750 364; x_wconf 62' lang='grc' dir='ltr'><strong>4-3ιῦ</strong></span> 
     </span>
    </p>
   </div>
   <div class='ocr_carea' id='block_1_5' title="bbox 2643 444 3230 485">
    <p class='ocr_par' dir='ltr' id='par_1_5' title="bbox 2643 444 3230 485">
     <span class='ocr_line' id='line_1_5' title="bbox 2643 444 3230 485; baseline -0.002 -2"><span class='ocrx_word' id='word_1_8' title='bbox 2643 444 2882 484; x_wconf 67' lang='grc' dir='ltr'><strong>ΑΝΝΑιεδ</strong></span> <span class='ocrx_word' id='word_1_9' title='bbox 2918 444 3230 485; x_wconf 61' lang='grc' dir='ltr'><strong>εοικιιλκυι.</strong></span> 
     </span>
    </p>
   </div>
   <div class='ocr_carea' id='block_1_6' title="bbox 447 519 3754 590">
    <p class='ocr_par' dir='ltr' id='par_1_6' title="bbox 447 519 3754 590">
     <span class='ocr_line' id='line_1_6' title="bbox 447 519 3754 590; baseline -0.003 -2"><span class='ocrx_word' id='word_1_10' title='bbox 447 545 570 588; x_wconf 82' lang='lat' dir='ltr'><strong>rum</strong></span> <span class='ocrx_word' id='word_1_11' title='bbox 607 528 815 584; x_wconf 90' lang='lat' dir='ltr'><strong>munita</strong></span> <span class='ocrx_word' id='word_1_12' title='bbox 853 526 1217 590; x_wconf 75' lang='lat' dir='ltr'><strong>intervenit‘,</strong></span> <span class='ocrx_word' id='word_1_13' title='bbox 1259 534 1314 580; x_wconf 92' lang='lat' dir='ltr'><strong>et</strong></span> <span class='ocrx_word' id='word_1_14' title='bbox 1350 525 1466 580; x_wconf 84' lang='lat' dir='ltr'><strong>vias</strong></span> <span class='ocrx_word' id='word_1_15' title='bbox 1501 524 1783 580; x_wconf 88' lang='lat' dir='ltr'><strong>mundavit</strong></span> <span class='ocrx_word' id='word_1_16' title='bbox 1817 524 1870 589; x_wconf 79' lang='lat'><strong>&#39;,</strong></span> <span class='ocrx_word' id='word_1_17' title='bbox 1913 532 1974 576; x_wconf 92' lang='lat' dir='ltr'><strong>ut</strong></span> <span class='ocrx_word' id='word_1_18' title='bbox 2019 523 2039 554; x_wconf 86' lang='grc'>³</span> <span class='ocrx_word' id='word_1_19' title='bbox 2143 519 2530 578; x_wconf 87' lang='lat' dir='ltr'><strong>Widokindum</strong></span> <span class='ocrx_word' id='word_1_20' title='bbox 2574 521 2589 551; x_wconf 88' lang='grc'>¹</span> <span class='ocrx_word' id='word_1_21' title='bbox 2642 536 2707 577; x_wconf 90' lang='lat' dir='ltr'><strong>ac</strong></span> <span class='ocrx_word' id='word_1_22' title='bbox 2763 523 2783 551; x_wconf 82' lang='grc'>³</span> <span class='ocrx_word' id='word_1_23' title='bbox 2822 521 3123 578; x_wconf 85' lang='lat' dir='ltr'><strong>Abbionem</strong></span> <span class='ocrx_word' id='word_1_24' title='bbox 3168 521 3189 553; x_wconf 84' lang='grc'><strong><em>³</em></strong></span> <span class='ocrx_word' id='word_1_25' title='bbox 3234 537 3355 578; x_wconf 91' lang='lat' dir='ltr'><strong>esse</strong></span> <span class='ocrx_word' id='word_1_26' title='bbox 3413 522 3464 577; x_wconf 92' lang='lat' dir='ltr'><strong>in</strong></span> <span class='ocrx_word' id='word_1_27' title='bbox 3516 523 3754 579; x_wconf 69' lang='lat' dir='ltr'><strong>transaL</strong></span> 
     </span>
    </p>
   </div>
   <div class='ocr_carea' id='block_1_7' title="bbox 448 610 3752 690">
    <p class='ocr_par' dir='ltr' id='par_1_7' title="bbox 448 610 3752 690">
     <span class='ocr_line' id='line_1_7' title="bbox 448 610 3752 690; baseline -0.001 -15"><span class='ocrx_word' id='word_1_28' title='bbox 448 620 615 675; x_wconf 67' lang='lat' dir='ltr'><strong>‘dum</strong></span> <span class='ocrx_word' id='word_1_29' title='bbox 637 627 852 690; x_wconf 78' lang='lat' dir='ltr'><strong>tempus</strong></span> <span class='ocrx_word' id='word_1_30' title='bbox 873 629 1172 686; x_wconf 90' lang='lat' dir='ltr'><strong>congruum</strong></span> <span class='ocrx_word' id='word_1_31' title='bbox 1200 615 1459 681; x_wconf 78' lang='lat' dir='ltr'><strong>venisset,</strong></span> <span class='ocrx_word' id='word_1_32' title='bbox 1491 615 1742 670; x_wconf 92' lang='lat' dir='ltr'><strong>sinodum</strong></span> <span class='ocrx_word' id='word_1_33' title='bbox 1765 612 2039 685; x_wconf 90' lang='lat' dir='ltr'><strong>publicum</strong></span> <span class='ocrx_word' id='word_1_34' title='bbox 2144 611 2306 666; x_wconf 86' lang='lat' dir='ltr'><strong>biana</strong></span> <span class='ocrx_word' id='word_1_35' title='bbox 2337 612 2358 642; x_wconf 73' lang='grc'>⁸</span> <span class='ocrx_word' id='word_1_36' title='bbox 2389 610 2666 666; x_wconf 78' lang='lat' dir='ltr'><strong>Saxonum</strong></span> <span class='ocrx_word' id='word_1_37' title='bbox 2705 611 2947 683; x_wconf 77' lang='lat' dir='ltr'><strong>regione.</strong></span> <span class='ocrx_word' id='word_1_38' title='bbox 2991 613 3167 683; x_wconf 89' lang='lat' dir='ltr'><strong>primo</strong></span> <span class='ocrx_word' id='word_1_39' title='bbox 3201 614 3281 669; x_wconf 90' lang='lat' dir='ltr'><strong>eis</strong></span> <span class='ocrx_word' id='word_1_40' title='bbox 3308 615 3328 646; x_wconf 85' lang='lat'><strong>&#39;</strong></span> <span class='ocrx_word' id='word_1_41' title='bbox 3352 629 3453 685; x_wconf 89' lang='lat' dir='ltr'><strong>per</strong></span> <span class='ocrx_word' id='word_1_42' title='bbox 3483 613 3752 672; x_wconf 75' lang='lat' dir='ltr'><strong>Saxones.</strong></span> 
     </span>
    </p>
   </div>
   <div class='ocr_carea' id='block_1_8' title="bbox 452 703 2043 782">
    <p class='ocr_par' dir='ltr' id='par_1_8' title="bbox 452 703 2043 782">
     <span class='ocr_line' id='line_1_8' title="bbox 452 703 2043 782; baseline -0.003 -16"><span class='ocrx_word' id='word_1_43' title='bbox 452 711 622 768; x_wconf 86' lang='lat' dir='ltr'><strong>tenuit</strong></span> <span class='ocrx_word' id='word_1_44' title='bbox 650 709 719 765; x_wconf 89' lang='lat' dir='ltr'><strong>ad</strong></span> <span class='ocrx_word' id='word_1_45' title='bbox 746 703 808 736; x_wconf 68' lang='lat'><strong>&#39;“</strong></span> <span class='ocrx_word' id='word_1_46' title='bbox 831 709 1275 764; x_wconf 89' lang='lat' dir='ltr'><strong>Paderbrunncu.</strong></span> <span class='ocrx_word' id='word_1_47' title='bbox 1325 708 1393 763; x_wconf 87' lang='lat' dir='ltr'><strong>Et</strong></span> <span class='ocrx_word' id='word_1_48' title='bbox 1435 709 1560 764; x_wconf 90' lang='lat' dir='ltr'><strong>inde</strong></span> <span class='ocrx_word' id='word_1_49' title='bbox 1600 709 1705 764; x_wconf 89' lang='lat' dir='ltr'><strong>iter</strong></span> <span class='ocrx_word' id='word_1_50' title='bbox 1740 723 2043 782; x_wconf 75' lang='lat' dir='ltr'><strong>peragens,</strong></span> 
     </span>
    </p>
   </div>
   <div class='ocr_carea' id='block_1_9' title="bbox 451 798 2043 872">
    <p class='ocr_par' dir='ltr' id='par_1_9' title="bbox 451 798 2043 872">
     <span class='ocr_line' id='line_1_9' title="bbox 451 798 2043 872; baseline -0.004 -12"><span class='ocrx_word' id='word_1_51' title='bbox 451 803 570 860; x_wconf 88' lang='lat' dir='ltr'><strong>vias</strong></span> <span class='ocrx_word' id='word_1_52' title='bbox 599 808 817 872; x_wconf 89' lang='lat' dir='ltr'><strong>apertas</strong></span> <span class='ocrx_word' id='word_1_53' title='bbox 870 798 922 866; x_wconf 84' lang='lat'><strong>&#39;.</strong></span> <span class='ocrx_word' id='word_1_54' title='bbox 956 800 1160 855; x_wconf 87' lang='lat' dir='ltr'><strong>nemini</strong></span> <span class='ocrx_word' id='word_1_55' title='bbox 1199 801 1217 832; x_wconf 91' lang='grc'><strong>⁷</strong></span> <span class='ocrx_word' id='word_1_56' title='bbox 1256 801 1684 865; x_wconf 76' lang='lat' dir='ltr'><strong>contradicente,</strong></span> <span class='ocrx_word' id='word_1_57' title='bbox 1730 816 1827 870; x_wconf 90' lang='lat' dir='ltr'><strong>per</strong></span> <span class='ocrx_word' id='word_1_58' title='bbox 1874 808 2043 854; x_wconf 88' lang='lat' dir='ltr'><strong>totam</strong></span> 
     </span>
    </p>
   </div>
   <div class='ocr_carea' id='block_1_10' title="bbox 451 891 2046 964">
    <p class='ocr_par' dir='ltr' id='par_1_10' title="bbox 451 891 2046 964">
     <span class='ocr_line' id='line_1_10' title="bbox 451 891 2046 964; baseline -0.003 -14"><span class='ocrx_word' id='word_1_59' title='bbox 451 893 745 951; x_wconf 86' lang='lat' dir='ltr'><strong>Saxoniam</strong></span> <span class='ocrx_word' id='word_1_60' title='bbox 781 907 1124 964; x_wconf 85' lang='lat' dir='ltr'><strong>quocumque</strong></span> <span class='ocrx_word' id='word_1_61' title='bbox 1165 892 1186 922; x_wconf 82' lang='grc'><strong>⁸</strong></span> <span class='ocrx_word' id='word_1_62' title='bbox 1235 892 1425 947; x_wconf 89' lang='lat' dir='ltr'><strong>voluit.</strong></span> <span class='ocrx_word' id='word_1_63' title='bbox 1463 893 1529 946; x_wconf 90' lang='lat' dir='ltr'><strong>Et</strong></span> <span class='ocrx_word' id='word_1_64' title='bbox 1569 892 1590 922; x_wconf 83' lang='lat'>&#39;</span> <span class='ocrx_word' id='word_1_65' title='bbox 1638 902 1767 946; x_wconf 90' lang='lat' dir='ltr'><strong>tunc</strong></span> <span class='ocrx_word' id='word_1_66' title='bbox 1810 892 1864 946; x_wconf 93' lang='lat' dir='ltr'><strong>in</strong></span> <span class='ocrx_word' id='word_1_67' title='bbox 1911 891 2046 945; x_wconf 81' lang='lat' dir='ltr'><strong>Bar-</strong></span> 
     </span>
    </p>
   </div>
   <div class='ocr_carea' id='block_1_11' title="bbox 450 983 2043 1058">
    <p class='ocr_par' dir='ltr' id='par_1_11' title="bbox 450 983 2043 1058">
     <span class='ocr_line' id='line_1_11' title="bbox 450 983 2043 1058; baseline -0.001 -18"><span class='ocrx_word' id='word_1_68' title='bbox 450 985 696 1058; x_wconf 83' lang='lat' dir='ltr'><strong>dengawi</strong></span> <span class='ocrx_word' id='word_1_69' title='bbox 720 986 762 1016; x_wconf 82' lang='grc'><strong>¹⁰</strong></span> <span class='ocrx_word' id='word_1_70' title='bbox 776 986 944 1050; x_wconf 85' lang='lat' dir='ltr'><strong>venit,</strong></span> <span class='ocrx_word' id='word_1_71' title='bbox 961 985 1144 1054; x_wconf 93' lang='lat' dir='ltr'><strong>ibique</strong></span> <span class='ocrx_word' id='word_1_72' title='bbox 1164 985 1386 1040; x_wconf 90' lang='lat' dir='ltr'><strong>mittens</strong></span> <span class='ocrx_word' id='word_1_73' title='bbox 1415 995 1540 1055; x_wconf 93' lang='lat' dir='ltr'><strong>post</strong></span> <span class='ocrx_word' id='word_1_74' title='bbox 1560 984 1987 1040; x_wconf 88' lang='lat' dir='ltr'><strong>Widochindum</strong></span> <span class='ocrx_word' id='word_1_75' title='bbox 2003 983 2043 1015; x_wconf 80' lang='lat'>“</span> 
     </span>
    </p>
   </div>
   <div class='ocr_carea' id='block_1_12' title="bbox 450 1074 2049 1145">
    <p class='ocr_par' dir='ltr' id='par_1_12' title="bbox 450 1074 2049 1145">
     <span class='ocr_line' id='line_1_12' title="bbox 450 1074 2049 1145; baseline -0.003 -14"><span class='ocrx_word' id='word_1_76' title='bbox 450 1085 508 1131; x_wconf 91' lang='lat' dir='ltr'><strong>et</strong></span> <span class='ocrx_word' id='word_1_77' title='bbox 554 1075 893 1142; x_wconf 82' lang='lat' dir='ltr'><strong>Abbionem,</strong></span> <span class='ocrx_word' id='word_1_78' title='bbox 940 1082 996 1129; x_wconf 88' lang='lat' dir='ltr'><strong>et</strong></span> <span class='ocrx_word' id='word_1_79' title='bbox 1043 1083 1302 1145; x_wconf 89' lang='lat' dir='ltr'><strong>utrosque</strong></span> <span class='ocrx_word' id='word_1_80' title='bbox 1360 1075 1401 1105; x_wconf 83' lang='grc'><strong>¹¹</strong></span> <span class='ocrx_word' id='word_1_81' title='bbox 1450 1076 1518 1130; x_wconf 87' lang='lat' dir='ltr'><strong>ad</strong></span> <span class='ocrx_word' id='word_1_82' title='bbox 1563 1090 1623 1130; x_wconf 92' lang='lat' dir='ltr'><strong>se</strong></span> <span class='ocrx_word' id='word_1_83' title='bbox 1671 1074 1950 1137; x_wconf 89' lang='lat' dir='ltr'><strong>conduxit,</strong></span> <span class='ocrx_word' id='word_1_84' title='bbox 1991 1080 2049 1127; x_wconf 91' lang='lat' dir='ltr'><strong>et</strong></span> 
     </span>
    </p>
   </div>
   <div class='ocr_carea' id='block_1_13' title="bbox 451 1163 2046 1231">
    <p class='ocr_par' dir='ltr' id='par_1_13' title="bbox 451 1163 2046 1231">
     <span class='ocr_line' id='line_1_13' title="bbox 451 1163 2046 1231; baseline -0.001 -11"><span class='ocrx_word' id='word_1_85' title='bbox 451 1164 709 1231; x_wconf 80' lang='lat' dir='ltr'><strong>ﬁrmavit,</strong></span> <span class='ocrx_word' id='word_1_86' title='bbox 741 1175 801 1220; x_wconf 91' lang='lat' dir='ltr'><strong>ut</strong></span> <span class='ocrx_word' id='word_1_87' title='bbox 826 1181 932 1221; x_wconf 90' lang='lat' dir='ltr'><strong>non</strong></span> <span class='ocrx_word' id='word_1_88' title='bbox 959 1180 1018 1220; x_wconf 91' lang='lat' dir='ltr'><strong>se</strong></span> <span class='ocrx_word' id='word_1_89' title='bbox 1045 1166 1449 1220; x_wconf 88' lang='lat' dir='ltr'><strong>subtrahissent</strong></span> <span class='ocrx_word' id='word_1_90' title='bbox 1477 1166 1542 1230; x_wconf 70' lang='grc'><strong>’³,</strong></span> <span class='ocrx_word' id='word_1_91' title='bbox 1580 1165 1686 1220; x_wconf 86' lang='lat' dir='ltr'><strong>nisi</strong></span> <span class='ocrx_word' id='word_1_92' title='bbox 1716 1164 1758 1195; x_wconf 73' lang='lat'>”</span> <span class='ocrx_word' id='word_1_93' title='bbox 1790 1165 1845 1218; x_wconf 89' lang='lat' dir='ltr'><strong>in</strong></span> <span class='ocrx_word' id='word_1_94' title='bbox 1873 1163 2046 1219; x_wconf 87' lang='lat' dir='ltr'><strong>Fran-</strong></span> 
     </span>
    </p>
   </div>
   <div class='ocr_carea' id='block_1_14' title="bbox 451 1256 2050 1344">
    <p class='ocr_par' dir='ltr' id='par_1_14' title="bbox 451 1256 2050 1344">
     <span class='ocr_line' id='line_1_14' title="bbox 451 1256 2050 1344; baseline -0.003 -30"><span class='ocrx_word' id='word_1_95' title='bbox 451 1259 594 1344; x_wconf 61' lang='lat' dir='ltr'><strong>ci.am</strong></span> <span class='ocrx_word' id='word_1_96' title='bbox 633 1259 677 1290; x_wconf 79' lang='lat'>”</span> <span class='ocrx_word' id='word_1_97' title='bbox 712 1260 780 1313; x_wconf 89' lang='lat' dir='ltr'><strong>ad</strong></span> <span class='ocrx_word' id='word_1_98' title='bbox 835 1275 960 1313; x_wconf 92' lang='lat' dir='ltr'><strong>eum</strong></span> <span class='ocrx_word' id='word_1_99' title='bbox 1007 1259 1425 1328; x_wconf 83' lang='lat' dir='ltr'><strong>pervenissent:</strong></span> <span class='ocrx_word' id='word_1_100' title='bbox 1465 1258 1774 1328; x_wconf 88' lang='lat' dir='ltr'><strong>petentibus</strong></span> <span class='ocrx_word' id='word_1_101' title='bbox 1815 1256 1952 1320; x_wconf 88' lang='lat' dir='ltr'><strong>illis,</strong></span> <span class='ocrx_word' id='word_1_102' title='bbox 1989 1265 2050 1312; x_wconf 90' lang='lat' dir='ltr'><strong>ut</strong></span> 
     </span>
    </p>
   </div>
   <div class='ocr_carea' id='block_1_15' title="bbox 451 1347 2048 1419">
    <p class='ocr_par' dir='ltr' id='par_1_15' title="bbox 451 1347 2048 1419">
     <span class='ocr_line' id='line_1_15' title="bbox 451 1347 2048 1419; baseline -0.002 -15"><span class='ocrx_word' id='word_1_103' title='bbox 451 1349 762 1404; x_wconf 89' lang='lat' dir='ltr'><strong>credentias</strong></span> <span class='ocrx_word' id='word_1_104' title='bbox 789 1350 1072 1415; x_wconf 86' lang='lat' dir='ltr'><strong>haberent,</strong></span> <span class='ocrx_word' id='word_1_105' title='bbox 1103 1350 1249 1419; x_wconf 90' lang='lat' dir='ltr'><strong>quod</strong></span> <span class='ocrx_word' id='word_1_106' title='bbox 1274 1349 1470 1407; x_wconf 81' lang='lat' dir='ltr'><strong>inlaesi</strong></span> <span class='ocrx_word' id='word_1_107' title='bbox 1501 1347 1730 1404; x_wconf 84' lang='lat' dir='ltr'><strong>fuissent</strong></span> <span class='ocrx_word' id='word_1_108' title='bbox 1761 1366 1773 1402; x_wconf 88' lang='lat'><strong>:</strong></span> <span class='ocrx_word' id='word_1_109' title='bbox 1805 1348 1948 1404; x_wconf 90' lang='lat' dir='ltr'><strong>sicut</strong></span> <span class='ocrx_word' id='word_1_110' title='bbox 1995 1356 2048 1402; x_wconf 91' lang='lat' dir='ltr'><strong>et</strong></span> 
     </span>
    </p>
   </div>
   <div class='ocr_carea' id='block_1_16' title="bbox 451 1440 2050 1498">
    <p class='ocr_par' dir='ltr' id='par_1_16' title="bbox 451 1440 2050 1498">
     <span class='ocr_line' id='line_1_16' title="bbox 451 1440 2050 1498; baseline -0.001 -3"><span class='ocrx_word' id='word_1_111' title='bbox 451 1442 657 1496; x_wconf 80' lang='lat' dir='ltr'><strong>factum</strong></span> <span class='ocrx_word' id='word_1_112' title='bbox 685 1450 787 1497; x_wconf 89' lang='lat' dir='ltr'><strong>est.</strong></span> <span class='ocrx_word' id='word_1_113' title='bbox 805 1441 1016 1498; x_wconf 81' lang='lat' dir='ltr'><strong>“Tunc</strong></span> <span class='ocrx_word' id='word_1_114' title='bbox 1041 1441 1275 1497; x_wconf 87' lang='lat' dir='ltr'><strong>domnus</strong></span> <span class='ocrx_word' id='word_1_115' title='bbox 1295 1456 1390 1496; x_wconf 84' lang='lat' dir='ltr'><strong>rex</strong></span> <span class='ocrx_word' id='word_1_116' title='bbox 1416 1454 1669 1495; x_wconf 78' lang='lat' dir='ltr'><strong>reversus</strong></span> <span class='ocrx_word' id='word_1_117' title='bbox 1695 1449 1778 1495; x_wconf 84' lang='lat' dir='ltr'><strong>est</strong></span> <span class='ocrx_word' id='word_1_118' title='bbox 1801 1441 1855 1494; x_wconf 92' lang='lat' dir='ltr'><strong>in</strong></span> <span class='ocrx_word' id='word_1_119' title='bbox 1878 1440 2050 1494; x_wconf 84' lang='lat' dir='ltr'><strong>Fran-</strong></span> 
     </span>
    </p>
   </div>
   <div class='ocr_carea' id='block_1_17' title="bbox 451 1530 2049 1601">
    <p class='ocr_par' dir='ltr' id='par_1_17' title="bbox 451 1530 2049 1601">
     <span class='ocr_line' id='line_1_17' title="bbox 451 1530 2049 1601; baseline -0.002 -14"><span class='ocrx_word' id='word_1_120' title='bbox 451 1532 614 1596; x_wconf 89' lang='lat' dir='ltr'><strong>ciam,</strong></span> <span class='ocrx_word' id='word_1_121' title='bbox 651 1541 709 1586; x_wconf 91' lang='lat' dir='ltr'><strong>et</strong></span> <span class='ocrx_word' id='word_1_122' title='bbox 736 1531 959 1587; x_wconf 89' lang='lat' dir='ltr'><strong>mittens</strong></span> <span class='ocrx_word' id='word_1_123' title='bbox 984 1532 1052 1586; x_wconf 87' lang='lat' dir='ltr'><strong>ad</strong></span> <span class='ocrx_word' id='word_1_124' title='bbox 1078 1531 1448 1601; x_wconf 88' lang='lat' dir='ltr'><strong>supradictum</strong></span> <span class='ocrx_word' id='word_1_125' title='bbox 1480 1531 1520 1562; x_wconf 81' lang='grc'><strong>¹¹¹</strong></span> <span class='ocrx_word' id='word_1_126' title='bbox 1550 1530 1972 1586; x_wconf 88' lang='lat' dir='ltr'><strong>Widochindum</strong></span> <span class='ocrx_word' id='word_1_127' title='bbox 2005 1531 2049 1563; x_wconf 82' lang='lat'>&quot;</span> 
     </span>
    </p>
   </div>
   <div class='ocr_carea' id='block_1_18' title="bbox 451 1623 2051 1696">
    <p class='ocr_par' dir='ltr' id='par_1_18' title="bbox 451 1623 2051 1696">
     <span class='ocr_line' id='line_1_18' title="bbox 451 1623 2051 1696; baseline -0.003 -15"><span class='ocrx_word' id='word_1_128' title='bbox 451 1633 509 1681; x_wconf 90' lang='lat' dir='ltr'><strong>et</strong></span> <span class='ocrx_word' id='word_1_129' title='bbox 530 1625 831 1681; x_wconf 76' lang='lat' dir='ltr'><strong>Abbiouem</strong></span> <span class='ocrx_word' id='word_1_130' title='bbox 859 1625 1076 1683; x_wconf 85' lang='lat' dir='ltr'><strong>obsides</strong></span> <span class='ocrx_word' id='word_1_131' title='bbox 1109 1640 1208 1696; x_wconf 91' lang='lat' dir='ltr'><strong>per</strong></span> <span class='ocrx_word' id='word_1_132' title='bbox 1242 1625 1472 1680; x_wconf 89' lang='lat' dir='ltr'><strong>missum</strong></span> <span class='ocrx_word' id='word_1_133' title='bbox 1528 1639 1690 1679; x_wconf 88' lang='lat' dir='ltr'><strong>suum</strong></span> <span class='ocrx_word' id='word_1_134' title='bbox 1715 1623 1758 1654; x_wconf 83' lang='grc'><strong>¹⁹</strong></span> <span class='ocrx_word' id='word_1_135' title='bbox 1794 1623 2051 1677; x_wconf 80' lang='lat' dir='ltr'><strong>Amalwi-</strong></span> 
     </span>
    </p>
   </div>
   <div class='ocr_carea' id='block_1_19' title="bbox 2147 701 3755 772">
    <p class='ocr_par' dir='ltr' id='par_1_19' title="bbox 2147 701 3755 772">
     <span class='ocr_line' id='line_1_19' title="bbox 2147 701 3755 772; baseline 0.004 -16"><span class='ocrx_word' id='word_1_136' title='bbox 2147 710 2206 756; x_wconf 90' lang='lat' dir='ltr'><strong>ut</strong></span> <span class='ocrx_word' id='word_1_137' title='bbox 2230 701 2431 757; x_wconf 90' lang='lat' dir='ltr'><strong>omissa</strong></span> <span class='ocrx_word' id='word_1_138' title='bbox 2461 702 2686 772; x_wconf 72' lang='lat' dir='ltr'><strong>perfidia</strong></span> <span class='ocrx_word' id='word_1_139' title='bbox 2730 704 2798 757; x_wconf 91' lang='lat' dir='ltr'><strong>ad</strong></span> <span class='ocrx_word' id='word_1_140' title='bbox 2838 718 2992 758; x_wconf 90' lang='lat' dir='ltr'><strong>suam</strong></span> <span class='ocrx_word' id='word_1_141' title='bbox 3021 704 3181 761; x_wconf 81' lang='lat' dir='ltr'><strong>ﬁdem</strong></span> <span class='ocrx_word' id='word_1_142' title='bbox 3209 707 3397 762; x_wconf 90' lang='lat' dir='ltr'><strong>venire</strong></span> <span class='ocrx_word' id='word_1_143' title='bbox 3431 723 3544 762; x_wconf 91' lang='lat' dir='ltr'><strong>non</strong></span> <span class='ocrx_word' id='word_1_144' title='bbox 3575 709 3755 762; x_wconf 87' lang='lat' dir='ltr'><strong>ambi-</strong></span> 
     </span>
    </p>
   </div>
   <div class='ocr_carea' id='block_1_20' title="bbox 2147 792 3756 868">
    <p class='ocr_par' dir='ltr' id='par_1_20' title="bbox 2147 792 3756 868">
     <span class='ocr_line' id='line_1_20' title="bbox 2147 792 3756 868; baseline 0.004 -22"><span class='ocrx_word' id='word_1_145' title='bbox 2147 802 2337 862; x_wconf 82' lang='lat' dir='ltr'><strong>gerent</strong></span> <span class='ocrx_word' id='word_1_146' title='bbox 2365 792 2406 858; x_wconf 79' lang='lat'><strong>°,</strong></span> <span class='ocrx_word' id='word_1_147' title='bbox 2455 793 2687 848; x_wconf 85' lang='lat' dir='ltr'><strong>suadere</strong></span> <span class='ocrx_word' id='word_1_148' title='bbox 2741 794 2939 863; x_wconf 88' lang='lat' dir='ltr'><strong>coepit.</strong></span> <span class='ocrx_word' id='word_1_149' title='bbox 2978 794 3222 866; x_wconf 87' lang='lat' dir='ltr'><strong>Cumque</strong></span> <span class='ocrx_word' id='word_1_150' title='bbox 3267 797 3390 868; x_wconf 86' lang='lat' dir='ltr'><strong>ipsi,</strong></span> <span class='ocrx_word' id='word_1_151' title='bbox 3444 796 3756 853; x_wconf 84' lang='lat' dir='ltr'><strong>facinorum</strong></span> 
     </span>
    </p>
   </div>
   <div class='ocr_carea' id='block_1_21' title="bbox 2148 884 3760 957">
    <p class='ocr_par' dir='ltr' id='par_1_21' title="bbox 2148 884 3760 957">
     <span class='ocr_line' id='line_1_21' title="bbox 2148 884 3760 957; baseline 0.005 -20"><span class='ocrx_word' id='word_1_152' title='bbox 2148 897 2369 938; x_wconf 91' lang='lat' dir='ltr'><strong>suorum</strong></span> <span class='ocrx_word' id='word_1_153' title='bbox 2405 885 2510 938; x_wconf 87' lang='lat' dir='ltr'><strong>sibi</strong></span> <span class='ocrx_word' id='word_1_154' title='bbox 2553 885 2572 916; x_wconf 84' lang='lat'>&#39;</span> <span class='ocrx_word' id='word_1_155' title='bbox 2603 884 2830 949; x_wconf 87' lang='lat' dir='ltr'><strong>conscii,</strong></span> <span class='ocrx_word' id='word_1_156' title='bbox 2892 887 3036 957; x_wconf 88' lang='lat' dir='ltr'><strong>regis</strong></span> <span class='ocrx_word' id='word_1_157' title='bbox 3071 887 3195 942; x_wconf 80' lang='lat' dir='ltr'><strong>ﬁdei</strong></span> <span class='ocrx_word' id='word_1_158' title='bbox 3237 904 3295 944; x_wconf 90' lang='lat' dir='ltr'><strong>se</strong></span> <span class='ocrx_word' id='word_1_159' title='bbox 3353 891 3705 944; x_wconf 84' lang='lat' dir='ltr'><strong>committere</strong></span> <span class='ocrx_word' id='word_1_160' title='bbox 3739 891 3760 921; x_wconf 84' lang='lat'><strong>&#39;</strong></span> 
     </span>
    </p>
   </div>
   <div class='ocr_carea' id='block_1_22' title="bbox 2150 974 3759 1052">
    <p class='ocr_par' dir='ltr' id='par_1_22' title="bbox 2150 974 3759 1052">
     <span class='ocr_line' id='line_1_22' title="bbox 2150 974 3759 1052; baseline 0.003 -23"><span class='ocrx_word' id='word_1_161' title='bbox 2150 974 2482 1042; x_wconf 85' lang='lat' dir='ltr'><strong>dubitarent,</strong></span> <span class='ocrx_word' id='word_1_162' title='bbox 2536 976 2756 1031; x_wconf 89' lang='lat' dir='ltr'><strong>tandem</strong></span> <span class='ocrx_word' id='word_1_163' title='bbox 2802 987 3024 1048; x_wconf 84' lang='lat' dir='ltr'><strong>accepta</strong></span> <span class='ocrx_word' id='word_1_164' title='bbox 3055 980 3124 1033; x_wconf 85' lang='lat' dir='ltr'><strong>ab</strong></span> <span class='ocrx_word' id='word_1_165' title='bbox 3154 996 3240 1044; x_wconf 88' lang='lat' dir='ltr'><strong>eo,</strong></span> <span class='ocrx_word' id='word_1_166' title='bbox 3272 996 3436 1050; x_wconf 91' lang='lat' dir='ltr'><strong>quam</strong></span> <span class='ocrx_word' id='word_1_167' title='bbox 3465 983 3759 1052; x_wconf 78' lang='lat' dir='ltr'><strong>optabant,</strong></span> 
     </span>
    </p>
   </div>
   <div class='ocr_carea' id='block_1_23' title="bbox 2150 1065 3760 1141">
    <p class='ocr_par' dir='ltr' id='par_1_23' title="bbox 2150 1065 3760 1141">
     <span class='ocr_line' id='line_1_23' title="bbox 2150 1065 3760 1141; baseline 0.005 -24"><span class='ocrx_word' id='word_1_168' title='bbox 2150 1065 2474 1134; x_wconf 86' lang='lat' dir='ltr'><strong>inpunitatis</strong></span> <span class='ocrx_word' id='word_1_169' title='bbox 2520 1068 2848 1136; x_wconf 88' lang='lat' dir='ltr'><strong>sponsione,</strong></span> <span class='ocrx_word' id='word_1_170' title='bbox 2903 1077 3065 1138; x_wconf 91' lang='lat' dir='ltr'><strong>atque</strong></span> <span class='ocrx_word' id='word_1_171' title='bbox 3095 1071 3424 1140; x_wconf 87' lang='lat' dir='ltr'><strong>impetratis,</strong></span> <span class='ocrx_word' id='word_1_172' title='bbox 3473 1087 3616 1141; x_wconf 89' lang='lat' dir='ltr'><strong>quos</strong></span> <span class='ocrx_word' id='word_1_173' title='bbox 3655 1073 3760 1128; x_wconf 81' lang='lat' dir='ltr'><strong>sibi</strong></span> 
     </span>
    </p>
   </div>
   <div class='ocr_carea' id='block_1_24' title="bbox 2152 1157 3763 1234">
    <p class='ocr_par' dir='ltr' id='par_1_24' title="bbox 2152 1157 3763 1234">
     <span class='ocr_line' id='line_1_24' title="bbox 2152 1157 3763 1234; baseline 0.006 -24"><span class='ocrx_word' id='word_1_174' title='bbox 2152 1157 2269 1211; x_wconf 89' lang='lat' dir='ltr'><strong>dari</strong></span> <span class='ocrx_word' id='word_1_175' title='bbox 2317 1159 2701 1228; x_wconf 89' lang='lat' dir='ltr'><strong>precabantur,</strong></span> <span class='ocrx_word' id='word_1_176' title='bbox 2751 1176 2881 1215; x_wconf 88' lang='lat' dir='ltr'><strong>suae</strong></span> <span class='ocrx_word' id='word_1_177' title='bbox 2925 1161 3116 1217; x_wconf 89' lang='lat' dir='ltr'><strong>salutis</strong></span> <span class='ocrx_word' id='word_1_178' title='bbox 3149 1164 3460 1230; x_wconf 88' lang='lat' dir='ltr'><strong>obsidibus,</strong></span> <span class='ocrx_word' id='word_1_179' title='bbox 3511 1181 3654 1234; x_wconf 90' lang='lat' dir='ltr'><strong>quos</strong></span> <span class='ocrx_word' id='word_1_180' title='bbox 3683 1165 3763 1219; x_wconf 91' lang='lat' dir='ltr'><strong>eis</strong></span> 
     </span>
    </p>
   </div>
   <div class='ocr_carea' id='block_1_25' title="bbox 2151 1248 3764 1327">
    <p class='ocr_par' dir='ltr' id='par_1_25' title="bbox 2151 1248 3764 1327">
     <span class='ocr_line' id='line_1_25' title="bbox 2151 1248 3764 1327; baseline 0.005 -23"><span class='ocrx_word' id='word_1_181' title='bbox 2151 1248 2510 1315; x_wconf 81' lang='lat' dir='ltr'><strong>Amalwinus,</strong></span> <span class='ocrx_word' id='word_1_182' title='bbox 2549 1267 2690 1312; x_wconf 88' lang='lat' dir='ltr'><strong>unus</strong></span> <span class='ocrx_word' id='word_1_183' title='bbox 2715 1253 3040 1320; x_wconf 86' lang='lat' dir='ltr'><strong>aulicorum,</strong></span> <span class='ocrx_word' id='word_1_184' title='bbox 3073 1270 3102 1308; x_wconf 88' lang='lat' dir='ltr'><strong>a</strong></span> <span class='ocrx_word' id='word_1_185' title='bbox 3132 1271 3258 1327; x_wconf 88' lang='lat' dir='ltr'><strong>rege</strong></span> <span class='ocrx_word' id='word_1_186' title='bbox 3285 1257 3486 1313; x_wconf 90' lang='lat' dir='ltr'><strong>missus</strong></span> <span class='ocrx_word' id='word_1_187' title='bbox 3515 1258 3764 1312; x_wconf 54' lang='lat' dir='ltr'><strong>adduxe-</strong></span> 
     </span>
    </p>
   </div>
   <div class='ocr_carea' id='block_1_26' title="bbox 2151 1343 3766 1416">
    <p class='ocr_par' dir='ltr' id='par_1_26' title="bbox 2151 1343 3766 1416">
     <span class='ocr_line' id='line_1_26' title="bbox 2151 1343 3766 1416; baseline 0.004 -20"><span class='ocrx_word' id='word_1_188' title='bbox 2151 1350 2254 1407; x_wconf 89' lang='lat' dir='ltr'><strong>rat,</strong></span> <span class='ocrx_word' id='word_1_189' title='bbox 2295 1358 2419 1397; x_wconf 86' lang='lat' dir='ltr'><strong>cum</strong></span> <span class='ocrx_word' id='word_1_190' title='bbox 2448 1343 2638 1398; x_wconf 88' lang='lat' dir='ltr'><strong>eodem</strong></span> <span class='ocrx_word' id='word_1_191' title='bbox 2668 1343 2784 1413; x_wconf 91' lang='lat' dir='ltr'><strong>ipso</strong></span> <span class='ocrx_word' id='word_1_192' title='bbox 2827 1346 2851 1379; x_wconf 81' lang='grc'><strong>⁸</strong></span> <span class='ocrx_word' id='word_1_193' title='bbox 2898 1347 2966 1400; x_wconf 89' lang='lat' dir='ltr'><strong>ad</strong></span> <span class='ocrx_word' id='word_1_194' title='bbox 3013 1346 3132 1400; x_wconf 87' lang='lat' dir='ltr'><strong>eius</strong></span> <span class='ocrx_word' id='word_1_195' title='bbox 3159 1349 3506 1416; x_wconf 62' lang='lat' dir='ltr'><strong>praesentiam</strong></span> <span class='ocrx_word' id='word_1_196' title='bbox 3542 1349 3596 1401; x_wconf 90' lang='lat' dir='ltr'><strong>in</strong></span> <span class='ocrx_word' id='word_1_197' title='bbox 3625 1348 3766 1402; x_wconf 84' lang='lat' dir='ltr'><strong>Atti-</strong></span> 
     </span>
    </p>
   </div>
   <div class='ocr_carea' id='block_1_27' title="bbox 2152 1431 3760 1506">
    <p class='ocr_par' dir='ltr' id='par_1_27' title="bbox 2152 1431 3760 1506">
     <span class='ocr_line' id='line_1_27' title="bbox 2152 1431 3760 1506; baseline 0.002 -20"><span class='ocrx_word' id='word_1_198' title='bbox 2152 1432 2308 1487; x_wconf 88' lang='lat' dir='ltr'><strong>niaco</strong></span> <span class='ocrx_word' id='word_1_199' title='bbox 2345 1433 2386 1464; x_wconf 85' lang='grc'><strong>¹⁰</strong></span> <span class='ocrx_word' id='word_1_200' title='bbox 2409 1431 2535 1487; x_wconf 85' lang='lat' dir='ltr'><strong>villa</strong></span> <span class='ocrx_word' id='word_1_201' title='bbox 2575 1443 2863 1500; x_wconf 89' lang='lat' dir='ltr'><strong>venerunt,</strong></span> <span class='ocrx_word' id='word_1_202' title='bbox 2899 1442 3063 1506; x_wconf 90' lang='lat' dir='ltr'><strong>atque</strong></span> <span class='ocrx_word' id='word_1_203' title='bbox 3098 1436 3170 1491; x_wconf 89' lang='lat' dir='ltr'><strong>ibi</strong></span> <span class='ocrx_word' id='word_1_204' title='bbox 3219 1435 3476 1505; x_wconf 88' lang='lat' dir='ltr'><strong>baptizati</strong></span> <span class='ocrx_word' id='word_1_205' title='bbox 3524 1439 3565 1468; x_wconf 82' lang='grc'><strong>¹¹</strong></span> <span class='ocrx_word' id='word_1_206' title='bbox 3611 1446 3760 1492; x_wconf 90' lang='lat' dir='ltr'><strong>sunt.</strong></span> 
     </span>
    </p>
   </div>
   <div class='ocr_carea' id='block_1_28' title="bbox 2153 1514 3766 1595">
    <p class='ocr_par' dir='ltr' id='par_1_28' title="bbox 2153 1514 3766 1595">
     <span class='ocr_line' id='line_1_28' title="bbox 2153 1514 3766 1595; baseline 0.002 -18"><span class='ocrx_word' id='word_1_207' title='bbox 2153 1523 2287 1578; x_wconf 84' lang='lat' dir='ltr'><strong>Nam</strong></span> <span class='ocrx_word' id='word_1_208' title='bbox 2321 1539 2438 1590; x_wconf 85' lang='lat' dir='ltr'><strong>rex,</strong></span> <span class='ocrx_word' id='word_1_209' title='bbox 2471 1514 2756 1595; x_wconf 78' lang='lat' dir='ltr'><strong>postquam</strong></span> <span class='ocrx_word' id='word_1_210' title='bbox 2786 1526 2854 1580; x_wconf 87' lang='lat' dir='ltr'><strong>ad</strong></span> <span class='ocrx_word' id='word_1_211' title='bbox 2880 1541 2975 1589; x_wconf 89' lang='lat' dir='ltr'><strong>eos</strong></span> <span class='ocrx_word' id='word_1_212' title='bbox 3002 1527 3379 1584; x_wconf 89' lang='lat' dir='ltr'><strong>accersiendos</strong></span> <span class='ocrx_word' id='word_1_213' title='bbox 3410 1530 3457 1560; x_wconf 87' lang='grc'><strong>¹¹</strong></span> <span class='ocrx_word' id='word_1_214' title='bbox 3490 1544 3766 1590; x_wconf 85' lang='lat' dir='ltr'><strong>memora-</strong></span> 
     </span>
    </p>
   </div>
   <div class='ocr_carea' id='block_1_29' title="bbox 2154 1615 3762 1686">
    <p class='ocr_par' dir='ltr' id='par_1_29' title="bbox 2154 1615 3762 1686">
     <span class='ocr_line' id='line_1_29' title="bbox 2154 1615 3762 1686; baseline 0.002 -17"><span class='ocrx_word' id='word_1_215' title='bbox 2154 1622 2269 1669; x_wconf 89' lang='lat' dir='ltr'><strong>tum</strong></span> <span class='ocrx_word' id='word_1_216' title='bbox 2297 1615 2660 1672; x_wconf 82' lang='lat' dir='ltr'><strong>Amalwinum</strong></span> <span class='ocrx_word' id='word_1_217' title='bbox 2684 1618 2902 1683; x_wconf 84' lang='lat' dir='ltr'><strong>direxit,</strong></span> <span class='ocrx_word' id='word_1_218' title='bbox 2936 1618 2991 1672; x_wconf 90' lang='lat' dir='ltr'><strong>in</strong></span> <span class='ocrx_word' id='word_1_219' title='bbox 3037 1617 3328 1674; x_wconf 88' lang='lat' dir='ltr'><strong>Franciam</strong></span> <span class='ocrx_word' id='word_1_220' title='bbox 3356 1635 3617 1675; x_wconf 85' lang='lat' dir='ltr'><strong>reversus</strong></span> <span class='ocrx_word' id='word_1_221' title='bbox 3647 1628 3731 1674; x_wconf 85' lang='lat' dir='ltr'><strong>est</strong></span> <span class='ocrx_word' id='word_1_222' title='bbox 3749 1663 3762 1686; x_wconf 88' lang='lat'><strong>,</strong></span> 
     </span>
    </p>
   </div>
   <div class='ocr_carea' id='block_1_30' title="bbox 452 1707 3770 1788">
    <p class='ocr_par' dir='ltr' id='par_1_30' title="bbox 452 1707 3770 1788">
     <span class='ocr_line' id='line_1_30' title="bbox 452 1707 3770 1788; baseline 0.006 -44"><span class='ocrx_word' id='word_1_223' title='bbox 452 1733 586 1773; x_wconf 70' lang='lat' dir='ltr'><strong>num</strong></span> <span class='ocrx_word' id='word_1_224' title='bbox 621 1719 699 1784; x_wconf 66' lang='lat' dir='ltr'><strong>so;</strong></span> <span class='ocrx_word' id='word_1_225' title='bbox 730 1719 821 1787; x_wconf 69' lang='lat' dir='ltr'><strong>qui</strong></span> <span class='ocrx_word' id='word_1_226' title='bbox 853 1733 978 1773; x_wconf 70' lang='lat' dir='ltr'><strong>cum</strong></span> <span class='ocrx_word' id='word_1_227' title='bbox 1025 1719 1346 1788; x_wconf 57' lang='lat' dir='ltr'><strong>ncipissem</strong></span> <span class='ocrx_word' id='word_1_228' title='bbox 1381 1717 1424 1750; x_wconf 72' lang='lat' dir='ltr'><strong>It</strong></span> <span class='ocrx_word' id='word_1_229' title='bbox 1454 1717 1671 1774; x_wconf 68' lang='lat' dir='ltr'><strong>obsides</strong></span> <span class='ocrx_word' id='word_1_230' title='bbox 1699 1717 1838 1772; x_wconf 70' lang='grc' dir='ltr'><strong>ίιιοε.</strong></span> <span class='ocrx_word' id='word_1_231' title='bbox 1864 1731 2048 1772; x_wconf 75' lang='lat' dir='ltr'><strong>secum</strong></span> <span class='ocrx_word' id='word_1_232' title='bbox 2155 1707 2470 1777; x_wconf 90' lang='lat' dir='ltr'><strong>quievitque</strong></span> <span class='ocrx_word' id='word_1_233' title='bbox 2495 1708 2588 1763; x_wconf 88' lang='lat' dir='ltr'><strong>illa</strong></span> <span class='ocrx_word' id='word_1_234' title='bbox 2615 1708 2919 1765; x_wconf 85' lang='lat' dir='ltr'><strong>Saxonicae</strong></span> <span class='ocrx_word' id='word_1_235' title='bbox 2945 1710 3204 1780; x_wconf 82' lang='lat' dir='ltr'><strong>perﬁdiae</strong></span> <span class='ocrx_word' id='word_1_236' title='bbox 3224 1713 3588 1780; x_wconf 87' lang='lat' dir='ltr'><strong>pervicacitas</strong></span> <span class='ocrx_word' id='word_1_237' title='bbox 3614 1712 3770 1781; x_wconf 82' lang='lat' dir='ltr'><strong>&quot;per</strong></span> 
     </span>
    </p>
   </div>
   <div class='ocr_carea' id='block_1_31' title="bbox 453 1797 3772 1870">
    <p class='ocr_par' dir='ltr' id='par_1_31' title="bbox 453 1797 3772 1870">
     <span class='ocr_line' id='line_1_31' title="bbox 453 1797 3772 1870; baseline -0.001 -12"><span class='ocrx_word' id='word_1_238' title='bbox 453 1804 784 1859; x_wconf 90' lang='lat' dir='ltr'><strong>deducentes</strong></span> <span class='ocrx_word' id='word_1_239' title='bbox 817 1805 893 1868; x_wconf 83' lang='lat'><strong>&quot;,</strong></span> <span class='ocrx_word' id='word_1_240' title='bbox 938 1805 1337 1859; x_wconf 90' lang='lat' dir='ltr'><strong>coniunxerunt</strong></span> <span class='ocrx_word' id='word_1_241' title='bbox 1364 1804 1413 1835; x_wconf 83' lang='lat'>“</span> <span class='ocrx_word' id='word_1_242' title='bbox 1451 1819 1510 1860; x_wconf 93' lang='lat' dir='ltr'><strong>se</strong></span> <span class='ocrx_word' id='word_1_243' title='bbox 1545 1804 1614 1858; x_wconf 88' lang='lat' dir='ltr'><strong>ad</strong></span> <span class='ocrx_word' id='word_1_244' title='bbox 1640 1804 1687 1835; x_wconf 76' lang='lat'>“</span> <span class='ocrx_word' id='word_1_245' title='bbox 1717 1804 2049 1858; x_wconf 83' lang='lat' dir='ltr'><strong>Attiniacum</strong></span> <span class='ocrx_word' id='word_1_246' title='bbox 2078 1802 2126 1860; x_wconf 89' lang='lat' dir='ltr'><strong>B</strong></span> <span class='ocrx_word' id='word_1_247' title='bbox 2154 1805 2326 1850; x_wconf 66' lang='lat' dir='ltr'><strong>annos</strong></span> <span class='ocrx_word' id='word_1_248' title='bbox 2353 1797 2557 1867; x_wconf 83' lang='lat' dir='ltr'><strong>aliquot</strong></span> <span class='ocrx_word' id='word_1_249' title='bbox 2591 1797 2654 1862; x_wconf 74' lang='lat'><strong>“,</strong></span> <span class='ocrx_word' id='word_1_250' title='bbox 2697 1799 2766 1853; x_wconf 92' lang='lat' dir='ltr'><strong>ob</strong></span> <span class='ocrx_word' id='word_1_251' title='bbox 2811 1800 2914 1854; x_wconf 86' lang='lat' dir='ltr'><strong>hoc</strong></span> <span class='ocrx_word' id='word_1_252' title='bbox 2942 1800 3197 1868; x_wconf 80' lang='lat' dir='ltr'><strong>maxime,</strong></span> <span class='ocrx_word' id='word_1_253' title='bbox 3226 1801 3485 1870; x_wconf 87' lang='lat' dir='ltr'><strong>quoniam</strong></span> <span class='ocrx_word' id='word_1_254' title='bbox 3520 1803 3772 1856; x_wconf 83' lang='lat' dir='ltr'><strong>occasio-</strong></span> 
     </span>
    </p>
   </div>
   <div class='ocr_carea' id='block_1_32' title="bbox 453 1893 2056 1967">
    <p class='ocr_par' dir='ltr' id='par_1_32' title="bbox 453 1893 2056 1967">
     <span class='ocr_line' id='line_1_32' title="bbox 453 1893 2056 1967; baseline 0 -18"><span class='ocrx_word' id='word_1_255' title='bbox 453 1895 578 1950; x_wconf 84' lang='lat' dir='ltr'><strong>villa</strong></span> <span class='ocrx_word' id='word_1_256' title='bbox 607 1896 654 1927; x_wconf 86' lang='lat'>&quot;</span> <span class='ocrx_word' id='word_1_257' title='bbox 679 1896 748 1950; x_wconf 90' lang='lat' dir='ltr'><strong>ad</strong></span> <span class='ocrx_word' id='word_1_258' title='bbox 777 1897 1033 1951; x_wconf 89' lang='lat' dir='ltr'><strong>domuum</strong></span> <span class='ocrx_word' id='word_1_259' title='bbox 1059 1909 1241 1967; x_wconf 81' lang='lat' dir='ltr'><strong>regem</strong></span> <span class='ocrx_word' id='word_1_260' title='bbox 1266 1893 1504 1951; x_wconf 89' lang='lat' dir='ltr'><strong>Carlum.</strong></span> <span class='ocrx_word' id='word_1_261' title='bbox 1537 1894 1582 1926; x_wconf 81' lang='lat'><strong>&quot;</strong></span> <span class='ocrx_word' id='word_1_262' title='bbox 1606 1895 1675 1950; x_wconf 88' lang='lat' dir='ltr'><strong>Et</strong></span> <span class='ocrx_word' id='word_1_263' title='bbox 1705 1895 1748 1926; x_wconf 80' lang='grc'><strong>⁸⁷</strong></span> <span class='ocrx_word' id='word_1_264' title='bbox 1777 1895 1852 1951; x_wconf 92' lang='lat' dir='ltr'><strong>ibi</strong></span> <span class='ocrx_word' id='word_1_265' title='bbox 1878 1895 2056 1964; x_wconf 84' lang='lat' dir='ltr'><strong>bapti-</strong></span> 
     </span>
    </p>
   </div>
   <div class='ocr_carea' id='block_1_33' title="bbox 453 1987 2054 2058">
    <p class='ocr_par' dir='ltr' id='par_1_33' title="bbox 453 1987 2054 2058">
     <span class='ocr_line' id='line_1_33' title="bbox 453 1987 2054 2058; baseline 0.001 -16"><span class='ocrx_word' id='word_1_266' title='bbox 453 1987 564 2043; x_wconf 74' lang='lat' dir='ltr'><strong>zati</strong></span> <span class='ocrx_word' id='word_1_267' title='bbox 609 1997 738 2043; x_wconf 88' lang='lat' dir='ltr'><strong>sunt</strong></span> <span class='ocrx_word' id='word_1_268' title='bbox 779 1988 1212 2058; x_wconf 86' lang='lat' dir='ltr'><strong>supranominati</strong></span> <span class='ocrx_word' id='word_1_269' title='bbox 1248 1987 1646 2049; x_wconf 85' lang='lat' dir='ltr'><strong>Widochindus</strong></span> <span class='ocrx_word' id='word_1_270' title='bbox 1677 1989 1724 2020; x_wconf 80' lang='grc'><strong>³⁸</strong></span> <span class='ocrx_word' id='word_1_271' title='bbox 1754 1997 1809 2042; x_wconf 88' lang='lat' dir='ltr'><strong>et</strong></span> <span class='ocrx_word' id='word_1_272' title='bbox 1835 1988 1975 2044; x_wconf 79' lang='lat' dir='ltr'><strong>Abbi</strong></span> <span class='ocrx_word' id='word_1_273' title='bbox 2007 1987 2054 2019; x_wconf 70' lang='grc' dir='ltr'><strong>’θ</strong></span> 
     </span>
    </p>
   </div>
   <div class='ocr_carea' id='block_1_34' title="bbox 453 2076 2055 2134">
    <p class='ocr_par' dir='ltr' id='par_1_34' title="bbox 453 2076 2055 2134">
     <span class='ocr_line' id='line_1_34' title="bbox 453 2076 2055 2134; baseline -0.001 -1"><span class='ocrx_word' id='word_1_274' title='bbox 453 2093 564 2133; x_wconf 90' lang='lat' dir='ltr'><strong>una</strong></span> <span class='ocrx_word' id='word_1_275' title='bbox 595 2076 638 2108; x_wconf 80' lang='grc'><strong>³⁸</strong></span> <span class='ocrx_word' id='word_1_276' title='bbox 669 2093 792 2133; x_wconf 91' lang='lat' dir='ltr'><strong>cum</strong></span> <span class='ocrx_word' id='word_1_277' title='bbox 841 2079 1006 2134; x_wconf 90' lang='lat' dir='ltr'><strong>sociis</strong></span> <span class='ocrx_word' id='word_1_278' title='bbox 1051 2094 1261 2133; x_wconf 88' lang='lat' dir='ltr'><strong>eorum.</strong></span> <span class='ocrx_word' id='word_1_279' title='bbox 1305 2077 1373 2132; x_wconf 84' lang='lat' dir='ltr'><strong>Et</strong></span> <span class='ocrx_word' id='word_1_280' title='bbox 1404 2078 1446 2110; x_wconf 79' lang='grc'><strong>³¹</strong></span> <span class='ocrx_word' id='word_1_281' title='bbox 1481 2087 1609 2134; x_wconf 90' lang='lat' dir='ltr'><strong>tunc</strong></span> <span class='ocrx_word' id='word_1_282' title='bbox 1659 2087 1772 2133; x_wconf 89' lang='lat' dir='ltr'><strong>tota</strong></span> <span class='ocrx_word' id='word_1_283' title='bbox 1816 2077 2055 2132; x_wconf 89' lang='lat' dir='ltr'><strong>Saxonia</strong></span> 
     </span>
    </p>
   </div>
   <div class='ocr_carea' id='block_1_35' title="bbox 456 2168 2056 2240">
    <p class='ocr_par' dir='ltr' id='par_1_35' title="bbox 456 2168 2056 2240">
     <span class='ocr_line' id='line_1_35' title="bbox 456 2168 2056 2240; baseline -0.001 -16"><span class='ocrx_word' id='word_1_284' title='bbox 456 2169 742 2240; x_wconf 75' lang='lat' dir='ltr'><strong>subiugata</strong></span> <span class='ocrx_word' id='word_1_285' title='bbox 774 2179 877 2224; x_wconf 85' lang='lat' dir='ltr'><strong>est.</strong></span> <span class='ocrx_word' id='word_1_286' title='bbox 912 2168 1225 2224; x_wconf 88' lang='lat' dir='ltr'><strong>Couiuratio</strong></span> <span class='ocrx_word' id='word_1_287' title='bbox 1254 2168 1298 2200; x_wconf 84' lang='lat'><strong>&quot;</strong></span> <span class='ocrx_word' id='word_1_288' title='bbox 1335 2169 1599 2224; x_wconf 89' lang='lat' dir='ltr'><strong>Hardradi</strong></span> <span class='ocrx_word' id='word_1_289' title='bbox 1628 2176 1682 2223; x_wconf 90' lang='lat' dir='ltr'><strong>et</strong></span> <span class='ocrx_word' id='word_1_290' title='bbox 1708 2168 2056 2224; x_wconf 88' lang='lat' dir='ltr'><strong>orientalium</strong></span> 
     </span>
    </p>
   </div>
   <div class='ocr_carea' id='block_1_36' title="bbox 455 2260 2054 2336">
    <p class='ocr_par' dir='ltr' id='par_1_36' title="bbox 455 2260 2054 2336">
     <span class='ocr_line' id='line_1_36' title="bbox 455 2260 2054 2336; baseline -0.001 -19"><span class='ocrx_word' id='word_1_291' title='bbox 455 2260 814 2327; x_wconf 85' lang='lat' dir='ltr'><strong>Francorum,</strong></span> <span class='ocrx_word' id='word_1_292' title='bbox 870 2277 1006 2334; x_wconf 79' lang='lat' dir='ltr'><strong>quos</strong></span> <span class='ocrx_word' id='word_1_293' title='bbox 1040 2270 1229 2317; x_wconf 91' lang='lat' dir='ltr'><strong>contra</strong></span> <span class='ocrx_word' id='word_1_294' title='bbox 1274 2261 1320 2293; x_wconf 87' lang='grc'><strong>⁸³</strong></span> <span class='ocrx_word' id='word_1_295' title='bbox 1364 2276 1545 2336; x_wconf 90' lang='lat' dir='ltr'><strong>regem</strong></span> <span class='ocrx_word' id='word_1_296' title='bbox 1587 2263 2054 2334; x_wconf 88' lang='lat' dir='ltr'><strong>conspiraverant,</strong></span> 
     </span>
    </p>
   </div>
   <div class='ocr_carea' id='block_1_37' title="bbox 458 2352 2059 2424">
    <p class='ocr_par' dir='ltr' id='par_1_37' title="bbox 458 2352 2059 2424">
     <span class='ocr_line' id='line_1_37' title="bbox 458 2352 2059 2424; baseline -0.002 -15"><span class='ocrx_word' id='word_1_297' title='bbox 458 2353 797 2424; x_wconf 87' lang='lat' dir='ltr'><strong>deprehensa</strong></span> <span class='ocrx_word' id='word_1_298' title='bbox 827 2362 931 2419; x_wconf 91' lang='lat' dir='ltr'><strong>est,</strong></span> <span class='ocrx_word' id='word_1_299' title='bbox 978 2361 1034 2407; x_wconf 90' lang='lat' dir='ltr'><strong>et</strong></span> <span class='ocrx_word' id='word_1_300' title='bbox 1063 2361 1315 2408; x_wconf 89' lang='lat' dir='ltr'><strong>auctores</strong></span> <span class='ocrx_word' id='word_1_301' title='bbox 1342 2367 1532 2410; x_wconf 91' lang='lat' dir='ltr'><strong>eorum</strong></span> <span class='ocrx_word' id='word_1_302' title='bbox 1563 2352 1610 2383; x_wconf 68' lang='grc'>³⁸</span> <span class='ocrx_word' id='word_1_303' title='bbox 1639 2352 1836 2421; x_wconf 90' lang='lat' dir='ltr'><strong>partim</strong></span> <span class='ocrx_word' id='word_1_304' title='bbox 1883 2358 2059 2406; x_wconf 92' lang='lat' dir='ltr'><strong>morte</strong></span> 
     </span>
    </p>
   </div>
   <div class='ocr_carea' id='block_1_38' title="bbox 457 2441 2060 2516">
    <p class='ocr_par' dir='ltr' id='par_1_38' title="bbox 457 2441 2060 2516">
     <span class='ocr_line' id='line_1_38' title="bbox 457 2441 2060 2516; baseline -0.001 -20"><span class='ocrx_word' id='word_1_305' title='bbox 457 2444 658 2516; x_wconf 90' lang='lat' dir='ltr'><strong>partim</strong></span> <span class='ocrx_word' id='word_1_306' title='bbox 686 2443 851 2498; x_wconf 84' lang='lat' dir='ltr'><strong>exilio</strong></span> <span class='ocrx_word' id='word_1_307' title='bbox 878 2443 1120 2498; x_wconf 89' lang='lat' dir='ltr'><strong>damnati</strong></span> <span class='ocrx_word' id='word_1_308' title='bbox 1151 2451 1297 2497; x_wconf 90' lang='lat' dir='ltr'><strong>sunt.</strong></span> <span class='ocrx_word' id='word_1_309' title='bbox 1329 2442 1396 2498; x_wconf 86' lang='lat' dir='ltr'><strong>Et</strong></span> <span class='ocrx_word' id='word_1_310' title='bbox 1423 2443 1478 2496; x_wconf 90' lang='lat' dir='ltr'><strong>in</strong></span> <span class='ocrx_word' id='word_1_311' title='bbox 1523 2443 1712 2497; x_wconf 88' lang='lat' dir='ltr'><strong>eadem</strong></span> <span class='ocrx_word' id='word_1_312' title='bbox 1745 2441 1882 2496; x_wconf 87' lang='lat' dir='ltr'><strong>villa</strong></span> <span class='ocrx_word' id='word_1_313' title='bbox 1918 2441 2060 2496; x_wconf 90' lang='lat' dir='ltr'><strong>cele-</strong></span> 
     </span>
    </p>
   </div>
   <div class='ocr_carea' id='block_1_39' title="bbox 458 2529 2056 2606">
    <p class='ocr_par' dir='ltr' id='par_1_39' title="bbox 458 2529 2056 2606">
     <span class='ocr_line' id='line_1_39' title="bbox 458 2529 2056 2606; baseline -0.002 -19"><span class='ocrx_word' id='word_1_314' title='bbox 458 2532 638 2587; x_wconf 82' lang='lat' dir='ltr'><strong>bravit</strong></span> <span class='ocrx_word' id='word_1_315' title='bbox 675 2531 1018 2605; x_wconf 73' lang='lat' dir='ltr'><strong>saepedictus</strong></span> <span class='ocrx_word' id='word_1_316' title='bbox 1048 2532 1094 2564; x_wconf 85' lang='lat'><strong>&quot;</strong></span> <span class='ocrx_word' id='word_1_317' title='bbox 1139 2531 1406 2606; x_wconf 83' lang='lat' dir='ltr'><strong>gloriosus</strong></span> <span class='ocrx_word' id='word_1_318' title='bbox 1432 2546 1528 2586; x_wconf 90' lang='lat' dir='ltr'><strong>rex</strong></span> <span class='ocrx_word' id='word_1_319' title='bbox 1559 2529 1794 2585; x_wconf 88' lang='lat' dir='ltr'><strong>natalem</strong></span> <span class='ocrx_word' id='word_1_320' title='bbox 1820 2530 2056 2597; x_wconf 90' lang='lat' dir='ltr'><strong>Domini,</strong></span> 
     </span>
    </p>
   </div>
   <div class='ocr_carea' id='block_1_40' title="bbox 460 2623 2056 2693">
    <p class='ocr_par' dir='ltr' id='par_1_40' title="bbox 460 2623 2056 2693">
     <span class='ocr_line' id='line_1_40' title="bbox 460 2623 2056 2693; baseline 0 -15"><span class='ocrx_word' id='word_1_321' title='bbox 460 2631 516 2678; x_wconf 91' lang='lat' dir='ltr'><strong>et</strong></span> <span class='ocrx_word' id='word_1_322' title='bbox 545 2625 748 2693; x_wconf 85' lang='lat' dir='ltr'><strong>pascha</strong></span> <span class='ocrx_word' id='word_1_323' title='bbox 773 2623 1046 2680; x_wconf 87' lang='lat' dir='ltr'><strong>similiter.</strong></span> <span class='ocrx_word' id='word_1_324' title='bbox 1083 2623 1151 2678; x_wconf 87' lang='lat' dir='ltr'><strong>Et</strong></span> <span class='ocrx_word' id='word_1_325' title='bbox 1178 2623 1467 2679; x_wconf 87' lang='lat' dir='ltr'><strong>iumutavit</strong></span> <span class='ocrx_word' id='word_1_326' title='bbox 1507 2637 1566 2678; x_wconf 90' lang='lat' dir='ltr'><strong>se</strong></span> <span class='ocrx_word' id='word_1_327' title='bbox 1595 2635 1854 2690; x_wconf 74' lang='lat' dir='ltr'><strong>numerus</strong></span> <span class='ocrx_word' id='word_1_328' title='bbox 1881 2636 2056 2678; x_wconf 90' lang='lat' dir='ltr'><strong>anno-</strong></span> 
     </span>
    </p>
   </div>
   <div class='ocr_carea' id='block_1_41' title="bbox 463 2715 672 2771">
    <p class='ocr_par' dir='ltr' id='par_1_41' title="bbox 463 2715 672 2771">
     <span class='ocr_line' id='line_1_41' title="bbox 463 2715 672 2771; baseline 0.005 -1"><span class='ocrx_word' id='word_1_329' title='bbox 463 2729 586 2770; x_wconf 89' lang='lat' dir='ltr'><strong>rum</strong></span> <span class='ocrx_word' id='word_1_330' title='bbox 615 2715 672 2771; x_wconf 92' lang='lat' dir='ltr'><strong>in</strong></span> 
     </span>
    </p>
   </div>
   <div class='ocr_carea' id='block_1_42' title="bbox 1053 2803 1472 2860">
    <p class='ocr_par' dir='ltr' id='par_1_42' title="bbox 1053 2803 1472 2860">
     <span class='ocr_line' id='line_1_42' title="bbox 1053 2803 1472 2860; baseline -0.002 0"><span class='ocrx_word' id='word_1_331' title='bbox 1053 2803 1472 2860; x_wconf 79' lang='lat' dir='ltr'><strong>DCCLXXXVI.</strong></span> 
     </span>
    </p>
   </div>
   <div class='ocr_carea' id='block_1_43' title="bbox 535 2916 2062 2976">
    <p class='ocr_par' dir='ltr' id='par_1_43' title="bbox 535 2916 2062 2976">
     <span class='ocr_line' id='line_1_43' title="bbox 535 2916 2062 2976; baseline 0.001 -4"><span class='ocrx_word' id='word_1_332' title='bbox 535 2917 690 2972; x_wconf 86' lang='lat' dir='ltr'><strong>Tunc</strong></span> <span class='ocrx_word' id='word_1_333' title='bbox 729 2916 961 2972; x_wconf 91' lang='lat' dir='ltr'><strong>domnus</strong></span> <span class='ocrx_word' id='word_1_334' title='bbox 999 2916 1230 2973; x_wconf 86' lang='lat' dir='ltr'><strong>Carolus</strong></span> <span class='ocrx_word' id='word_1_335' title='bbox 1259 2933 1355 2973; x_wconf 86' lang='lat' dir='ltr'><strong>rex</strong></span> <span class='ocrx_word' id='word_1_336' title='bbox 1395 2917 1543 2974; x_wconf 88' lang='lat' dir='ltr'><strong>misit</strong></span> <span class='ocrx_word' id='word_1_337' title='bbox 1570 2926 1874 2974; x_wconf 81' lang='lat' dir='ltr'><strong>exercitum</strong></span> <span class='ocrx_word' id='word_1_338' title='bbox 1902 2934 2062 2976; x_wconf 84' lang='lat' dir='ltr'><strong>suum</strong></span> 
     </span>
    </p>
   </div>
   <div class='ocr_carea' id='block_1_44' title="bbox 462 3011 2060 3084">
    <p class='ocr_par' dir='ltr' id='par_1_44' title="bbox 462 3011 2060 3084">
     <span class='ocr_line' id='line_1_44' title="bbox 462 3011 2060 3084; baseline 0.002 -18"><span class='ocrx_word' id='word_1_339' title='bbox 462 3013 713 3084; x_wconf 85' lang='lat' dir='ltr'><strong>partibus</strong></span> <span class='ocrx_word' id='word_1_340' title='bbox 738 3011 1038 3067; x_wconf 78' lang='lat' dir='ltr'><strong>Brittaniae</strong></span> <span class='ocrx_word' id='word_1_341' title='bbox 1061 3011 1108 3042; x_wconf 80' lang='grc'><strong>³⁸</strong></span> <span class='ocrx_word' id='word_1_342' title='bbox 1143 3026 1248 3070; x_wconf 82' lang='lat' dir='ltr'><strong>una</strong></span> <span class='ocrx_word' id='word_1_343' title='bbox 1285 3025 1409 3067; x_wconf 90' lang='lat' dir='ltr'><strong>cum</strong></span> <span class='ocrx_word' id='word_1_344' title='bbox 1435 3011 1606 3067; x_wconf 86' lang='lat' dir='ltr'><strong>misso</strong></span> <span class='ocrx_word' id='word_1_345' title='bbox 1632 3027 1730 3070; x_wconf 89' lang='lat' dir='ltr'><strong>suo</strong></span> <span class='ocrx_word' id='word_1_346' title='bbox 1756 3011 1990 3069; x_wconf 80' lang='lat' dir='ltr'><strong>Audulfo</strong></span> <span class='ocrx_word' id='word_1_347' title='bbox 2014 3013 2060 3047; x_wconf 80' lang='lat'>&quot;</span> 
     </span>
    </p>
   </div>
   <div class='ocr_carea' id='block_1_45' title="bbox 465 3100 2060 3173">
    <p class='ocr_par' dir='ltr' id='par_1_45' title="bbox 465 3100 2060 3173">
     <span class='ocr_line' id='line_1_45' title="bbox 465 3100 2060 3173; baseline -0.001 -15"><span class='ocrx_word' id='word_1_348' title='bbox 465 3101 767 3173; x_wconf 88' lang='lat' dir='ltr'><strong>sinescalco</strong></span> <span class='ocrx_word' id='word_1_349' title='bbox 817 3101 896 3167; x_wconf 85' lang='grc'><strong>⁸⁸,</strong></span> <span class='ocrx_word' id='word_1_350' title='bbox 945 3109 1003 3157; x_wconf 91' lang='lat' dir='ltr'><strong>et</strong></span> <span class='ocrx_word' id='word_1_351' title='bbox 1051 3101 1122 3157; x_wconf 90' lang='lat' dir='ltr'><strong>ibi</strong></span> <span class='ocrx_word' id='word_1_352' title='bbox 1172 3101 1370 3157; x_wconf 88' lang='lat' dir='ltr'><strong>multos</strong></span> <span class='ocrx_word' id='word_1_353' title='bbox 1407 3100 1681 3157; x_wconf 83' lang='lat' dir='ltr'><strong>Brittones</strong></span> <span class='ocrx_word' id='word_1_354' title='bbox 1739 3102 2060 3173; x_wconf 86' lang='lat' dir='ltr'><strong>conquesie-</strong></span> 
     </span>
    </p>
   </div>
   <div class='ocr_carea' id='block_1_46' title="bbox 464 3193 2060 3252">
    <p class='ocr_par' dir='ltr' id='par_1_46' title="bbox 464 3193 2060 3252">
     <span class='ocr_line' id='line_1_46' title="bbox 464 3193 2060 3252; baseline 0 0"><span class='ocrx_word' id='word_1_355' title='bbox 464 3204 595 3252; x_wconf 92' lang='lat' dir='ltr'><strong>runt</strong></span> <span class='ocrx_word' id='word_1_356' title='bbox 609 3195 655 3228; x_wconf 79' lang='lat'><strong>&quot;</strong></span> <span class='ocrx_word' id='word_1_357' title='bbox 676 3211 781 3250; x_wconf 90' lang='lat' dir='ltr'><strong>una</strong></span> <span class='ocrx_word' id='word_1_358' title='bbox 796 3211 920 3251; x_wconf 90' lang='lat' dir='ltr'><strong>cum</strong></span> <span class='ocrx_word' id='word_1_359' title='bbox 935 3194 1177 3252; x_wconf 87' lang='lat' dir='ltr'><strong>castellis</strong></span> <span class='ocrx_word' id='word_1_360' title='bbox 1197 3193 1555 3250; x_wconf 60' lang='lat' dir='ltr'><strong>et&#39;ﬂrmitates</strong></span> <span class='ocrx_word' id='word_1_361' title='bbox 1576 3193 1622 3225; x_wconf 79' lang='lat'><strong>“</strong></span> <span class='ocrx_word' id='word_1_362' title='bbox 1639 3209 1829 3250; x_wconf 84' lang='lat' dir='ltr'><strong>eorum</strong></span> <span class='ocrx_word' id='word_1_363' title='bbox 1854 3195 1900 3227; x_wconf 76' lang='lat'>“</span> <span class='ocrx_word' id='word_1_364' title='bbox 1925 3194 2060 3252; x_wconf 92' lang='lat' dir='ltr'><strong>locis</strong></span> 
     </span>
    </p>
   </div>
   <div class='ocr_carea' id='block_1_47' title="bbox 464 3273 2062 3360">
    <p class='ocr_par' dir='ltr' id='par_1_47' title="bbox 464 3273 2062 3360">
     <span class='ocr_line' id='line_1_47' title="bbox 464 3273 2062 3360; baseline -0.001 -16"><span class='ocrx_word' id='word_1_365' title='bbox 464 3273 826 3360; x_wconf 70' lang='lat' dir='ltr'><strong>palustribus,</strong></span> <span class='ocrx_word' id='word_1_366' title='bbox 879 3301 971 3343; x_wconf 88' lang='lat' dir='ltr'><strong>seu</strong></span> <span class='ocrx_word' id='word_1_367' title='bbox 1018 3294 1074 3341; x_wconf 90' lang='lat' dir='ltr'><strong>et</strong></span> <span class='ocrx_word' id='word_1_368' title='bbox 1101 3287 1148 3317; x_wconf 73' lang='grc' dir='ltr'>η</span> <span class='ocrx_word' id='word_1_369' title='bbox 1181 3287 1237 3341; x_wconf 91' lang='lat' dir='ltr'><strong>in</strong></span> <span class='ocrx_word' id='word_1_370' title='bbox 1278 3286 1471 3342; x_wconf 88' lang='lat' dir='ltr'><strong>caesis.</strong></span> <span class='ocrx_word' id='word_1_371' title='bbox 1521 3283 1567 3317; x_wconf 80' lang='lat'>“</span> <span class='ocrx_word' id='word_1_372' title='bbox 1598 3285 1667 3340; x_wconf 86' lang='lat' dir='ltr'><strong>Et</strong></span> <span class='ocrx_word' id='word_1_373' title='bbox 1709 3287 1853 3342; x_wconf 87' lang='lat' dir='ltr'><strong>sicut</strong></span> <span class='ocrx_word' id='word_1_374' title='bbox 1897 3301 2062 3357; x_wconf 88' lang='lat' dir='ltr'><strong>supra</strong></span> 
     </span>
    </p>
   </div>
   <div class='ocr_carea' id='block_1_48' title="bbox 468 3373 2064 3445">
    <p class='ocr_par' dir='ltr' id='par_1_48' title="bbox 468 3373 2064 3445">
     <span class='ocr_line' id='line_1_48' title="bbox 468 3373 2064 3445; baseline -0.001 -13"><span class='ocrx_word' id='word_1_375' title='bbox 468 3377 744 3442; x_wconf 75' lang='lat' dir='ltr'><strong>diximus,</strong></span> <span class='ocrx_word' id='word_1_376' title='bbox 783 3376 838 3430; x_wconf 92' lang='lat' dir='ltr'><strong>in</strong></span> <span class='ocrx_word' id='word_1_377' title='bbox 866 3374 1054 3430; x_wconf 82' lang='lat' dir='ltr'><strong>multis</strong></span> <span class='ocrx_word' id='word_1_378' title='bbox 1098 3374 1446 3428; x_wconf 78' lang='lat' dir='ltr'><strong>ﬁrmitatibus</strong></span> <span class='ocrx_word' id='word_1_379' title='bbox 1489 3373 1795 3428; x_wconf 90' lang='lat' dir='ltr'><strong>Brittonum</strong></span> <span class='ocrx_word' id='word_1_380' title='bbox 1835 3390 2064 3445; x_wconf 87' lang='lat' dir='ltr'><strong>praeva-</strong></span> 
     </span>
    </p>
   </div>
   <div class='ocr_carea' id='block_1_49' title="bbox 467 3463 2061 3531">
    <p class='ocr_par' dir='ltr' id='par_1_49' title="bbox 467 3463 2061 3531">
     <span class='ocr_line' id='line_1_49' title="bbox 467 3463 2061 3531; baseline 0.003 -12"><span class='ocrx_word' id='word_1_381' title='bbox 467 3465 686 3522; x_wconf 90' lang='lat' dir='ltr'><strong>luerunt</strong></span> <span class='ocrx_word' id='word_1_382' title='bbox 733 3464 954 3531; x_wconf 87' lang='lat' dir='ltr'><strong>Franci,</strong></span> <span class='ocrx_word' id='word_1_383' title='bbox 1001 3472 1057 3519; x_wconf 89' lang='lat' dir='ltr'><strong>et</strong></span> <span class='ocrx_word' id='word_1_384' title='bbox 1099 3479 1223 3519; x_wconf 89' lang='lat' dir='ltr'><strong>cum</strong></span> <span class='ocrx_word' id='word_1_385' title='bbox 1250 3463 1474 3519; x_wconf 87' lang='lat' dir='ltr'><strong>victoria</strong></span> <span class='ocrx_word' id='word_1_386' title='bbox 1503 3504 1518 3531; x_wconf 91' lang='lat'><strong>,</strong></span> <span class='ocrx_word' id='word_1_387' title='bbox 1557 3463 1788 3521; x_wconf 88' lang='lat' dir='ltr'><strong>Domino</strong></span> <span class='ocrx_word' id='word_1_388' title='bbox 1824 3465 2061 3524; x_wconf 86' lang='lat' dir='ltr'><strong>volente.</strong></span> 
     </span>
    </p>
   </div>
   <div class='ocr_carea' id='block_1_50' title="bbox 864 3645 1699 3704">
    <p class='ocr_par' dir='ltr' id='par_1_50' title="bbox 864 3645 1699 3704">
     <span class='ocr_line' id='line_1_50' title="bbox 864 3645 1699 3704; baseline 0.002 -4"><span class='ocrx_word' id='word_1_389' title='bbox 864 3646 1259 3702; x_wconf 77' lang='lat' dir='ltr'><strong>VARIANTES</strong></span> <span class='ocrx_word' id='word_1_390' title='bbox 1296 3645 1699 3704; x_wconf 79' lang='lat' dir='ltr'><strong>LECTIONES.</strong></span> 
     </span>
    </p>
   </div>
   <div class='ocr_carea' id='block_1_51' title="bbox 550 3760 2067 3817">
    <p class='ocr_par' dir='ltr' id='par_1_51' title="bbox 550 3760 2067 3817">
     <span class='ocr_line' id='line_1_51' title="bbox 550 3760 2067 3817; baseline 0 0"><span class='ocrx_word' id='word_1_391' title='bbox 550 3765 565 3795; x_wconf 88' lang='grc'>¹</span> <span class='ocrx_word' id='word_1_392' title='bbox 597 3763 822 3817; x_wconf 88' lang='lat' dir='ltr'><strong>intravit</strong></span> <span class='ocrx_word' id='word_1_393' title='bbox 850 3762 900 3816; x_wconf 87' lang='grc'><strong>1.</strong></span> <span class='ocrx_word' id='word_1_394' title='bbox 979 3762 998 3791; x_wconf 77' lang='grc'><strong><em>⁸</em></strong></span> <span class='ocrx_word' id='word_1_395' title='bbox 1032 3760 1316 3815; x_wconf 88' lang='lat' dir='ltr'><strong>inundavit</strong></span> <span class='ocrx_word' id='word_1_396' title='bbox 1350 3761 1400 3813; x_wconf 95' lang='grc'><strong>1.</strong></span> <span class='ocrx_word' id='word_1_397' title='bbox 1480 3761 1501 3792; x_wconf 87' lang='grc'>³</span> <span class='ocrx_word' id='word_1_398' title='bbox 1528 3768 1589 3815; x_wconf 90' lang='lat' dir='ltr'><strong>ut</strong></span> <span class='ocrx_word' id='word_1_399' title='bbox 1637 3761 1778 3815; x_wconf 83' lang='lat' dir='ltr'><strong>deest</strong></span> <span class='ocrx_word' id='word_1_400' title='bbox 1812 3761 1862 3813; x_wconf 88' lang='lat'><strong>7.</strong></span> <span class='ocrx_word' id='word_1_401' title='bbox 1942 3760 1964 3793; x_wconf 76' lang='grc'><strong>⁸</strong></span> <span class='ocrx_word' id='word_1_402' title='bbox 1992 3763 2067 3817; x_wconf 92' lang='lat' dir='ltr'><strong>si-</strong></span> 
     </span>
    </p>
   </div>
   <div class='ocr_carea' id='block_1_52' title="bbox 470 3829 2062 3902">
    <p class='ocr_par' dir='ltr' id='par_1_52' title="bbox 470 3829 2062 3902">
     <span class='ocr_line' id='line_1_52' title="bbox 470 3829 2062 3902; baseline -0.003 -13"><span class='ocrx_word' id='word_1_403' title='bbox 470 3834 672 3889; x_wconf 86' lang='lat' dir='ltr'><strong>nodum</strong></span> <span class='ocrx_word' id='word_1_404' title='bbox 718 3841 849 3888; x_wconf 62' lang='grc' dir='ltr'>νει-ο</span> <span class='ocrx_word' id='word_1_405' title='bbox 889 3831 1158 3902; x_wconf 75' lang='lat' dir='ltr'><strong>publicam</strong></span> <span class='ocrx_word' id='word_1_406' title='bbox 1179 3829 1523 3902; x_wconf 14' lang='lat' dir='ltr'><strong>5.7Sinadum</strong></span> <span class='ocrx_word' id='word_1_407' title='bbox 1552 3845 1682 3902; x_wconf 86' lang='lat' dir='ltr'><strong>vero</strong></span> <span class='ocrx_word' id='word_1_408' title='bbox 1705 3830 1979 3902; x_wconf 90' lang='lat' dir='ltr'><strong>publicum</strong></span> <span class='ocrx_word' id='word_1_409' title='bbox 2008 3833 2062 3885; x_wconf 88' lang='lat'><strong>6.</strong></span> 
     </span>
    </p>
   </div>
   <div class='ocr_carea' id='block_1_53' title="bbox 474 3901 2068 3972">
    <p class='ocr_par' dir='ltr' id='par_1_53' title="bbox 474 3901 2068 3972">
     <span class='ocr_line' id='line_1_53' title="bbox 474 3901 2068 3972; baseline -0.002 -13"><span class='ocrx_word' id='word_1_410' title='bbox 474 3906 495 3936; x_wconf 87' lang='lat'><strong>&quot;</strong></span> <span class='ocrx_word' id='word_1_411' title='bbox 518 3903 814 3959; x_wconf 82' lang='lat' dir='ltr'><strong>celebravit</strong></span> <span class='ocrx_word' id='word_1_412' title='bbox 834 3901 977 3972; x_wconf 84' lang='lat' dir='ltr'><strong>apud</strong></span> <span class='ocrx_word' id='word_1_413' title='bbox 1014 3903 1068 3972; x_wconf 80' lang='grc'><strong>1.</strong></span> <span class='ocrx_word' id='word_1_414' title='bbox 1101 3901 1152 3953; x_wconf 90' lang='lat'><strong>7.</strong></span> <span class='ocrx_word' id='word_1_415' title='bbox 1224 3901 1250 3972; x_wconf 75' lang='lat'><strong>_&#39;</strong></span> <span class='ocrx_word' id='word_1_416' title='bbox 1285 3910 1524 3972; x_wconf 87' lang='lat' dir='ltr'><strong>apertas,</strong></span> <span class='ocrx_word' id='word_1_417' title='bbox 1572 3901 1777 3972; x_wconf 75' lang='lat' dir='ltr'><strong>faciens</strong></span> <span class='ocrx_word' id='word_1_418' title='bbox 1802 3902 1853 3954; x_wconf 91' lang='lat'><strong>7.</strong></span> <span class='ocrx_word' id='word_1_419' title='bbox 1930 3903 1950 3934; x_wconf 85' lang='grc'><strong>⁷</strong></span> <span class='ocrx_word' id='word_1_420' title='bbox 1978 3917 2068 3956; x_wconf 89' lang='lat' dir='ltr'><strong>ne-</strong></span> 
     </span>
    </p>
   </div>
   <div class='ocr_carea' id='block_1_54' title="bbox 473 3970 2061 4040">
    <p class='ocr_par' dir='ltr' id='par_1_54' title="bbox 473 3970 2061 4040">
     <span class='ocr_line' id='line_1_54' title="bbox 473 3970 2061 4040; baseline -0.003 -11"><span class='ocrx_word' id='word_1_421' title='bbox 473 3976 620 4030; x_wconf 83' lang='lat' dir='ltr'><strong>ruine</strong></span> <span class='ocrx_word' id='word_1_422' title='bbox 651 3974 702 4027; x_wconf 92' lang='grc'><strong>1.</strong></span> <span class='ocrx_word' id='word_1_423' title='bbox 737 3972 789 4026; x_wconf 85' lang='grc'><strong>5.</strong></span> <span class='ocrx_word' id='word_1_424' title='bbox 826 3970 884 4027; x_wconf 72' lang='grc' dir='ltr'><strong>ϐξ</strong></span> <span class='ocrx_word' id='word_1_425' title='bbox 917 3972 970 4025; x_wconf 83' lang='grc'><strong>’7.</strong></span> <span class='ocrx_word' id='word_1_426' title='bbox 1045 3971 1067 4002; x_wconf 84' lang='grc'><strong><em>⁸</em></strong></span> <span class='ocrx_word' id='word_1_427' title='bbox 1094 3970 1470 4040; x_wconf 88' lang='lat' dir='ltr'><strong>quodcumque</strong></span> <span class='ocrx_word' id='word_1_428' title='bbox 1496 3971 1559 4040; x_wconf 84' lang='lat'><strong>7.</strong></span> <span class='ocrx_word' id='word_1_429' title='bbox 1650 3971 1671 4002; x_wconf 83' lang='lat'><strong>’</strong></span> <span class='ocrx_word' id='word_1_430' title='bbox 1712 3971 1780 4026; x_wconf 89' lang='lat' dir='ltr'><strong>Et</strong></span> <span class='ocrx_word' id='word_1_431' title='bbox 1820 3972 1963 4026; x_wconf 88' lang='lat' dir='ltr'><strong>deest</strong></span> <span class='ocrx_word' id='word_1_432' title='bbox 2010 3973 2061 4025; x_wconf 91' lang='grc'><strong>1.</strong></span> 
     </span>
    </p>
   </div>
   <div class='ocr_carea' id='block_1_55' title="bbox 477 4039 2064 4122">
    <p class='ocr_par' dir='ltr' id='par_1_55' title="bbox 477 4039 2064 4122">
     <span class='ocr_line' id='line_1_55' title="bbox 477 4039 2064 4122; baseline 0.01 -15"><span class='ocrx_word' id='word_1_433' title='bbox 477 4043 521 4122; x_wconf 66' lang='grc' dir='ltr'><strong>ξξ</strong></span> <span class='ocrx_word' id='word_1_434' title='bbox 590 4043 994 4122; x_wconf 62' lang='grc' dir='ltr'><strong>ιξθτρειῐιεὶληίαῖ</strong></span> <span class='ocrx_word' id='word_1_435' title='bbox 1044 4039 1493 4122; x_wconf 48' lang='lat' dir='ltr'><strong>Liberque?“</strong></span> <span class='ocrx_word' id='word_1_436' title='bbox 1522 4039 1600 4122; x_wconf 76' lang='lat'><strong>_5-</strong></span> <span class='ocrx_word' id='word_1_437' title='bbox 1642 4041 1962 4122; x_wconf 60' lang='grc' dir='ltr'><strong>ρξςιξηερπί</strong></span> <span class='ocrx_word' id='word_1_438' title='bbox 2011 4042 2064 4122; x_wconf 69' lang='lat'><strong>9-</strong></span> 
     </span>
    </p>
   </div>
   <div class='ocr_carea' id='block_1_56' title="bbox 478 4109 2064 4168">
    <p class='ocr_par' dir='ltr' id='par_1_56' title="bbox 478 4109 2064 4168">
     <span class='ocr_line' id='line_1_56' title="bbox 478 4109 2064 4168; baseline -0.001 -1"><span class='ocrx_word' id='word_1_439' title='bbox 478 4115 520 4147; x_wconf 80' lang='lat'>“</span> <span class='ocrx_word' id='word_1_440' title='bbox 579 4109 948 4168; x_wconf 70' lang='lat' dir='ltr'><strong>vindikitidem</strong></span> <span class='ocrx_word' id='word_1_441' title='bbox 971 4111 1021 4164; x_wconf 90' lang='grc'><strong>1.</strong></span> <span class='ocrx_word' id='word_1_442' title='bbox 1065 4109 1499 4165; x_wconf 78' lang='lat' dir='ltr'><strong>windochindum</strong></span> <span class='ocrx_word' id='word_1_443' title='bbox 1522 4110 1574 4164; x_wconf 88' lang='lat'><strong>7.</strong></span> <span class='ocrx_word' id='word_1_444' title='bbox 1598 4109 1986 4166; x_wconf 76' lang='lat' dir='ltr'><strong>widichiudum</strong></span> <span class='ocrx_word' id='word_1_445' title='bbox 2009 4113 2064 4167; x_wconf 89' lang='lat'><strong>6.</strong></span> 
     </span>
    </p>
   </div>
   <div class='ocr_carea' id='block_1_57' title="bbox 479 4179 2070 4282">
    <p class='ocr_par' dir='ltr' id='par_1_57' title="bbox 479 4179 2070 4282">
     <span class='ocr_line' id='line_1_57' title="bbox 479 4179 2070 4282; baseline 0.007 -56"><span class='ocrx_word' id='word_1_446' title='bbox 479 4185 521 4282; x_wconf 51' lang='grc' dir='ltr'><strong>ἒ·</strong></span> <span class='ocrx_word' id='word_1_447' title='bbox 550 4183 838 4282; x_wconf 44' lang='lat' dir='ltr'><strong>namque?</strong></span> <span class='ocrx_word' id='word_1_448' title='bbox 859 4192 1116 4282; x_wconf 39' lang='lat' dir='ltr'><strong>untrosqpe</strong></span> <span class='ocrx_word' id='word_1_449' title='bbox 1142 4180 1199 4282; x_wconf 55' lang='lat'><strong>2&#39;;</strong></span> <span class='ocrx_word' id='word_1_450' title='bbox 1226 4179 1403 4282; x_wconf 47' lang='lat' dir='ltr'><strong>LM&quot;</strong></span> <span class='ocrx_word' id='word_1_451' title='bbox 1432 4179 1832 4282; x_wconf 45' lang='lat' dir='ltr'><strong>subtr‘ah‘eren‘t&#39;</strong></span> <span class='ocrx_word' id='word_1_452' title='bbox 1851 4179 1901 4282; x_wconf 51' lang='lat' dir='ltr'><strong>ir.</strong></span> <span class='ocrx_word' id='word_1_453' title='bbox 1941 4183 2070 4264; x_wconf 77' lang='lat' dir='ltr'><strong>sub-</strong></span> 
     </span>
    </p>
   </div>
   <div class='ocr_carea' id='block_1_58' title="bbox 479 4246 2069 4320">
    <p class='ocr_par' dir='ltr' id='par_1_58' title="bbox 479 4246 2069 4320">
     <span class='ocr_line' id='line_1_58' title="bbox 479 4246 2069 4320; baseline -0.001 -13"><span class='ocrx_word' id='word_1_454' title='bbox 479 4246 772 4313; x_wconf 83' lang='lat' dir='ltr'><strong>traxisse&#39;nt</strong></span> <span class='ocrx_word' id='word_1_455' title='bbox 798 4251 854 4306; x_wconf 85' lang='grc'><strong>5.</strong></span> <span class='ocrx_word' id='word_1_456' title='bbox 881 4252 933 4304; x_wconf 89' lang='lat'><strong>7.</strong></span> <span class='ocrx_word' id='word_1_457' title='bbox 990 4319 999 4320; x_wconf 16' lang='grc' dir='ltr'>ί</span> <span class='ocrx_word' id='word_1_458' title='bbox 1028 4246 1071 4282; x_wconf 73' lang='grc'><strong>¹⁵</strong></span> <span class='ocrx_word' id='word_1_459' title='bbox 1091 4265 1137 4305; x_wconf 92' lang='lat' dir='ltr'><strong>s.</strong></span> <span class='ocrx_word' id='word_1_460' title='bbox 1164 4249 1477 4320; x_wconf 85' lang='lat' dir='ltr'><strong>priusquam</strong></span> <span class='ocrx_word' id='word_1_461' title='bbox 1501 4249 1554 4303; x_wconf 91' lang='lat' dir='ltr'><strong>in</strong></span> <span class='ocrx_word' id='word_1_462' title='bbox 1576 4247 1615 4320; x_wconf 84' lang='lat' dir='ltr'><strong>f.</strong></span> <span class='ocrx_word' id='word_1_463' title='bbox 1643 4250 1694 4304; x_wconf 93' lang='grc'><strong>1.</strong></span> <span class='ocrx_word' id='word_1_464' title='bbox 1787 4250 1832 4282; x_wconf 74' lang='grc'>⁸⁸</span> <span class='ocrx_word' id='word_1_465' title='bbox 1852 4248 2069 4320; x_wconf 14' lang='grc' dir='ltr'><strong>ίΐηηοὶθ</strong></span> 
     </span>
    </p>
   </div>
   <div class='ocr_carea' id='block_1_59' title="bbox 478 4319 2065 4390">
    <p class='ocr_par' dir='ltr' id='par_1_59' title="bbox 478 4319 2065 4390">
     <span class='ocr_line' id='line_1_59' title="bbox 478 4319 2065 4390; baseline -0.001 -13"><span class='ocrx_word' id='word_1_466' title='bbox 478 4322 665 4378; x_wconf 84' lang='lat'><strong>5.6.7.</strong></span> <span class='ocrx_word' id='word_1_467' title='bbox 739 4321 784 4354; x_wconf 84' lang='grc'><strong>¹⁶</strong></span> <span class='ocrx_word' id='word_1_468' title='bbox 812 4322 955 4376; x_wconf 89' lang='lat' dir='ltr'><strong>sicut</strong></span> <span class='ocrx_word' id='word_1_469' title='bbox 974 4319 1261 4390; x_wconf 68' lang='lat' dir='ltr'><strong>factuml.</strong></span> <span class='ocrx_word' id='word_1_470' title='bbox 1329 4320 1371 4390; x_wconf 48' lang='grc' dir='ltr'><strong>δ’</strong></span> <span class='ocrx_word' id='word_1_471' title='bbox 1402 4319 1742 4390; x_wconf 79' lang='lat' dir='ltr'><strong>supradictas</strong></span> <span class='ocrx_word' id='word_1_472' title='bbox 1771 4320 1823 4376; x_wconf 94' lang='grc'><strong>1.</strong></span> <span class='ocrx_word' id='word_1_473' title='bbox 1845 4319 1899 4374; x_wconf 89' lang='lat'><strong>5.</strong></span> <span class='ocrx_word' id='word_1_474' title='bbox 1932 4321 1986 4376; x_wconf 90' lang='lat'><strong>6.</strong></span> <span class='ocrx_word' id='word_1_475' title='bbox 2013 4323 2065 4376; x_wconf 92' lang='lat'><strong>7.</strong></span> 
     </span>
    </p>
   </div>
   <div class='ocr_carea' id='block_1_60' title="bbox 483 4389 2069 4448">
    <p class='ocr_par' dir='ltr' id='par_1_60' title="bbox 483 4389 2069 4448">
     <span class='ocr_line' id='line_1_60' title="bbox 483 4389 2069 4448; baseline 0.001 -3"><span class='ocrx_word' id='word_1_476' title='bbox 483 4393 527 4425; x_wconf 80' lang='lat'><strong>“‘</strong></span> <span class='ocrx_word' id='word_1_477' title='bbox 616 4391 1014 4448; x_wconf 80' lang='lat' dir='ltr'><strong>windekindem</strong></span> <span class='ocrx_word' id='word_1_478' title='bbox 1038 4391 1088 4444; x_wconf 96' lang='grc'><strong>1.</strong></span> <span class='ocrx_word' id='word_1_479' title='bbox 1119 4389 1558 4444; x_wconf 80' lang='lat' dir='ltr'><strong>windochindum</strong></span> <span class='ocrx_word' id='word_1_480' title='bbox 1588 4389 1640 4445; x_wconf 88' lang='lat'><strong>5.</strong></span> <span class='ocrx_word' id='word_1_481' title='bbox 1685 4390 1736 4444; x_wconf 93' lang='lat'><strong>7.</strong></span> <span class='ocrx_word' id='word_1_482' title='bbox 1830 4390 1874 4423; x_wconf 71' lang='grc' dir='ltr'><strong>ι’</strong></span> <span class='ocrx_word' id='word_1_483' title='bbox 1909 4394 2069 4446; x_wconf 84' lang='lat' dir='ltr'><strong>suum</strong></span> 
     </span>
    </p>
   </div>
   <div class='ocr_carea' id='block_1_61' title="bbox 482 4458 2072 4519">
    <p class='ocr_par' dir='ltr' id='par_1_61' title="bbox 482 4458 2072 4519">
     <span class='ocr_line' id='line_1_61' title="bbox 482 4458 2072 4519; baseline -0.001 -1"><span class='ocrx_word' id='word_1_484' title='bbox 482 4464 624 4519; x_wconf 84' lang='lat' dir='ltr'><strong>deest</strong></span> <span class='ocrx_word' id='word_1_485' title='bbox 647 4461 700 4516; x_wconf 89' lang='lat'><strong>6.</strong></span> <span class='ocrx_word' id='word_1_486' title='bbox 775 4462 820 4499; x_wconf 75' lang='grc' dir='ltr'><strong>⁸ο</strong></span> <span class='ocrx_word' id='word_1_487' title='bbox 851 4460 1200 4516; x_wconf 84' lang='lat' dir='ltr'><strong>amulwinum</strong></span> <span class='ocrx_word' id='word_1_488' title='bbox 1226 4458 1280 4512; x_wconf 87' lang='lat'><strong>2.</strong></span> <span class='ocrx_word' id='word_1_489' title='bbox 1321 4459 1700 4516; x_wconf 87' lang='lat' dir='ltr'><strong>amalwionem</strong></span> <span class='ocrx_word' id='word_1_490' title='bbox 1723 4461 1776 4514; x_wconf 92' lang='lat'><strong>7.</strong></span> <span class='ocrx_word' id='word_1_491' title='bbox 1809 4507 1819 4518; x_wconf 93' lang='lat'><strong>.</strong></span> <span class='ocrx_word' id='word_1_492' title='bbox 1851 4461 1895 4492; x_wconf 81' lang='lat'>“</span> <span class='ocrx_word' id='word_1_493' title='bbox 1924 4476 2072 4517; x_wconf 88' lang='lat' dir='ltr'><strong>rece-</strong></span> 
     </span>
    </p>
   </div>
   <div class='ocr_carea' id='block_1_62' title="bbox 479 4497 2150 4615">
    <p class='ocr_par' dir='ltr' id='par_1_62' title="bbox 479 4497 2150 4615">
     <span class='ocr_line' id='line_1_62' title="bbox 479 4497 2150 4615; baseline -0.003 -27"><span class='ocrx_word' id='word_1_494' title='bbox 479 4497 769 4615; x_wconf 60' lang='grc' dir='ltr'><strong>ἷιῖζὲἑηῖἰ.</strong></span> <span class='ocrx_word' id='word_1_495' title='bbox 791 4497 2072 4615; x_wconf 39' lang='lat' dir='ltr'><strong>g.“é:;§&#39;.&quot;&quot;:;‘§u;e,3tfgjgfinsessam</strong></span> <span class='ocrx_word' id='word_1_496' title='bbox 2095 4497 2150 4558; x_wconf 77' lang='grc' dir='ltr'><strong>ι)</strong></span> 
     </span>
    </p>
   </div>
   <div class='ocr_carea' id='block_1_63' title="bbox 483 4598 2070 4670">
    <p class='ocr_par' dir='ltr' id='par_1_63' title="bbox 483 4598 2070 4670">
     <span class='ocr_line' id='line_1_63' title="bbox 483 4598 2070 4670; baseline -0.001 -12"><span class='ocrx_word' id='word_1_497' title='bbox 483 4598 777 4660; x_wconf 80' lang='lat' dir='ltr'><strong>iunxerunt</strong></span> <span class='ocrx_word' id='word_1_498' title='bbox 799 4601 852 4656; x_wconf 91' lang='lat'><strong>6.</strong></span> <span class='ocrx_word' id='word_1_499' title='bbox 928 4600 976 4633; x_wconf 72' lang='lat'><strong><em>“</em></strong></span> <span class='ocrx_word' id='word_1_500' title='bbox 996 4600 1138 4670; x_wconf 88' lang='lat' dir='ltr'><strong>apud</strong></span> <span class='ocrx_word' id='word_1_501' title='bbox 1167 4598 1218 4652; x_wconf 90' lang='grc'><strong>1.</strong></span> <span class='ocrx_word' id='word_1_502' title='bbox 1250 4667 1260 4670; x_wconf 23' lang='grc' dir='ltr'><strong>Α</strong></span> <span class='ocrx_word' id='word_1_503' title='bbox 1295 4599 1341 4630; x_wconf 75' lang='grc'><strong>’³</strong></span> <span class='ocrx_word' id='word_1_504' title='bbox 1362 4599 1553 4670; x_wconf 14' lang='grc' dir='ltr'><strong>ίνίῌξιη)</strong></span> <span class='ocrx_word' id='word_1_505' title='bbox 1576 4600 1626 4670; x_wconf 92' lang='grc'><strong>1.</strong></span> <span class='ocrx_word' id='word_1_506' title='bbox 1651 4599 1704 4654; x_wconf 87' lang='grc'><strong>5.</strong></span> <span class='ocrx_word' id='word_1_507' title='bbox 1738 4601 1790 4655; x_wconf 93' lang='lat'><strong>7.</strong></span> <span class='ocrx_word' id='word_1_508' title='bbox 1867 4601 1913 4632; x_wconf 81' lang='lat'><strong>“</strong></span> <span class='ocrx_word' id='word_1_509' title='bbox 1943 4616 2070 4656; x_wconf 88' lang='lat' dir='ltr'><strong>car-</strong></span> 
     </span>
    </p>
   </div>
   <div class='ocr_carea' id='block_1_64' title="bbox 483 4667 2075 4727">
    <p class='ocr_par' dir='ltr' id='par_1_64' title="bbox 483 4667 2075 4727">
     <span class='ocr_line' id='line_1_64' title="bbox 483 4667 2075 4727; baseline -0.002 0"><span class='ocrx_word' id='word_1_510' title='bbox 483 4673 598 4727; x_wconf 89' lang='lat' dir='ltr'><strong>lum</strong></span> <span class='ocrx_word' id='word_1_511' title='bbox 624 4670 678 4725; x_wconf 79' lang='lat'><strong>2.</strong></span> <span class='ocrx_word' id='word_1_512' title='bbox 753 4673 797 4702; x_wconf 82' lang='lat'><strong>&quot;</strong></span> <span class='ocrx_word' id='word_1_513' title='bbox 831 4680 888 4727; x_wconf 89' lang='lat' dir='ltr'><strong>et</strong></span> <span class='ocrx_word' id='word_1_514' title='bbox 909 4667 1052 4726; x_wconf 69' lang='lat' dir='ltr'><strong>deest</strong></span> <span class='ocrx_word' id='word_1_515' title='bbox 1091 4671 1142 4724; x_wconf 92' lang='lat'><strong>7.</strong></span> <span class='ocrx_word' id='word_1_516' title='bbox 1219 4667 1264 4701; x_wconf 82' lang='lat'><strong>&quot;</strong></span> <span class='ocrx_word' id='word_1_517' title='bbox 1303 4667 1618 4724; x_wconf 78' lang='lat' dir='ltr'><strong>windiltind.</strong></span> <span class='ocrx_word' id='word_1_518' title='bbox 1657 4669 1708 4722; x_wconf 94' lang='grc'><strong>1.</strong></span> <span class='ocrx_word' id='word_1_519' title='bbox 1739 4671 2075 4727; x_wconf 84' lang='lat' dir='ltr'><strong>windocbin-</strong></span> 
     </span>
    </p>
   </div>
   <div class='ocr_carea' id='block_1_65' title="bbox 487 4738 2069 4798">
    <p class='ocr_par' dir='ltr' id='par_1_65' title="bbox 487 4738 2069 4798">
     <span class='ocr_line' id='line_1_65' title="bbox 487 4738 2069 4798; baseline -0.003 -1"><span class='ocrx_word' id='word_1_520' title='bbox 487 4743 589 4797; x_wconf 84' lang='lat' dir='ltr'><strong>dus</strong></span> <span class='ocrx_word' id='word_1_521' title='bbox 616 4741 670 4795; x_wconf 85' lang='lat'><strong>5.</strong></span> <span class='ocrx_word' id='word_1_522' title='bbox 707 4741 1066 4798; x_wconf 80' lang='lat' dir='ltr'><strong>&#39;widichindus</strong></span> <span class='ocrx_word' id='word_1_523' title='bbox 1103 4739 1158 4794; x_wconf 90' lang='lat'><strong>6.</strong></span> <span class='ocrx_word' id='word_1_524' title='bbox 1254 4738 1300 4770; x_wconf 80' lang='lat'><strong>”</strong></span> <span class='ocrx_word' id='word_1_525' title='bbox 1327 4738 1486 4793; x_wconf 82' lang='lat' dir='ltr'><strong>abbio</strong></span> <span class='ocrx_word' id='word_1_526' title='bbox 1517 4740 1568 4793; x_wconf 85' lang='lat' dir='ltr'><strong>l.</strong></span> <span class='ocrx_word' id='word_1_527' title='bbox 1612 4740 1665 4793; x_wconf 92' lang='lat'><strong>7.</strong></span> <span class='ocrx_word' id='word_1_528' title='bbox 1697 4738 1892 4795; x_wconf 90' lang='lat' dir='ltr'><strong>abbiou</strong></span> <span class='ocrx_word' id='word_1_529' title='bbox 1932 4757 2069 4794; x_wconf 89' lang='lat' dir='ltr'><strong>corr.</strong></span> 
     </span>
    </p>
   </div>
   <div class='ocr_carea' id='block_1_66' title="bbox 484 4807 2075 4878">
    <p class='ocr_par' dir='ltr' id='par_1_66' title="bbox 484 4807 2075 4878">
     <span class='ocr_line' id='line_1_66' title="bbox 484 4807 2075 4878; baseline -0.002 -12"><span class='ocrx_word' id='word_1_530' title='bbox 484 4811 648 4867; x_wconf 83' lang='lat' dir='ltr'><strong>abbio</strong></span> <span class='ocrx_word' id='word_1_531' title='bbox 671 4811 725 4866; x_wconf 88' lang='lat'><strong>6.</strong></span> <span class='ocrx_word' id='word_1_532' title='bbox 756 4812 813 4865; x_wconf 88' lang='lat' dir='ltr'><strong>in</strong></span> <span class='ocrx_word' id='word_1_533' title='bbox 841 4811 1017 4865; x_wconf 80' lang='lat' dir='ltr'><strong>codice</strong></span> <span class='ocrx_word' id='word_1_534' title='bbox 1044 4809 1097 4864; x_wconf 93' lang='lat'><strong>6.</strong></span> <span class='ocrx_word' id='word_1_535' title='bbox 1143 4808 1310 4878; x_wconf 58' lang='lat' dir='ltr'><strong>hinc.</strong></span> <span class='ocrx_word' id='word_1_536' title='bbox 1343 4824 1393 4878; x_wconf 71' lang='lat' dir='ltr'><strong>g.</strong></span> <span class='ocrx_word' id='word_1_537' title='bbox 1421 4809 1478 4862; x_wconf 86' lang='lat' dir='ltr'><strong>in</strong></span> <span class='ocrx_word' id='word_1_538' title='bbox 1517 4825 1636 4863; x_wconf 83' lang='lat' dir='ltr'><strong>voce</strong></span> <span class='ocrx_word' id='word_1_539' title='bbox 1673 4809 1811 4864; x_wconf 83' lang='lat' dir='ltr'><strong>abba</strong></span> <span class='ocrx_word' id='word_1_540' title='bbox 1839 4809 1927 4863; x_wconf 86' lang='lat' dir='ltr'><strong>ubi</strong></span> <span class='ocrx_word' id='word_1_541' title='bbox 1954 4807 2075 4863; x_wconf 77' lang='lat' dir='ltr'><strong>nul~</strong></span> 
     </span>
    </p>
   </div>
   <div class='ocr_carea' id='block_1_67' title="bbox 485 4875 2072 4949">
    <p class='ocr_par' dir='ltr' id='par_1_67' title="bbox 485 4875 2072 4949">
     <span class='ocr_line' id='line_1_67' title="bbox 485 4875 2072 4949; baseline -0.001 -14"><span class='ocrx_word' id='word_1_542' title='bbox 485 4881 597 4936; x_wconf 83' lang='lat' dir='ltr'><strong>lunt</strong></span> <span class='ocrx_word' id='word_1_543' title='bbox 623 4898 686 4935; x_wconf 88' lang='lat' dir='ltr'><strong>ea</strong></span> <span class='ocrx_word' id='word_1_544' title='bbox 709 4881 774 4935; x_wconf 84' lang='lat' dir='ltr'><strong>de</strong></span> <span class='ocrx_word' id='word_1_545' title='bbox 810 4897 865 4935; x_wconf 87' lang='lat' dir='ltr'><strong>re</strong></span> <span class='ocrx_word' id='word_1_546' title='bbox 909 4879 1126 4949; x_wconf 80' lang='lat' dir='ltr'><strong>dubium</strong></span> <span class='ocrx_word' id='word_1_547' title='bbox 1150 4877 1206 4932; x_wconf 80' lang='grc' dir='ltr'><strong>ΙΙ)</strong></span> <span class='ocrx_word' id='word_1_548' title='bbox 1233 4877 1312 4949; x_wconf 79' lang='lat' dir='ltr'><strong>(ut</strong></span> <span class='ocrx_word' id='word_1_549' title='bbox 1337 4875 1474 4949; x_wconf 62' lang='lat' dir='ltr'><strong>alias</strong></span> <span class='ocrx_word' id='word_1_550' title='bbox 1511 4893 1582 4949; x_wconf 90' lang='lat' dir='ltr'><strong>pp</strong></span> <span class='ocrx_word' id='word_1_551' title='bbox 1616 4901 1676 4928; x_wconf 91' lang='lat'><strong><em>=</em></strong></span> <span class='ocrx_word' id='word_1_552' title='bbox 1702 4881 1781 4949; x_wconf 83' lang='lat' dir='ltr'><strong>lp)</strong></span> <span class='ocrx_word' id='word_1_553' title='bbox 1808 4880 2072 4944; x_wconf 73' lang='lat' dir='ltr'><strong>scribitur,</strong></span> 
     </span>
    </p>
   </div>
   <div class='ocr_carea' id='block_1_68' title="bbox 485 4947 2078 5019">
    <p class='ocr_par' dir='ltr' id='par_1_68' title="bbox 485 4947 2078 5019">
     <span class='ocr_line' id='line_1_68' title="bbox 485 4947 2078 5019; baseline -0.001 -15"><span class='ocrx_word' id='word_1_554' title='bbox 485 4952 561 5004; x_wconf 86' lang='lat' dir='ltr'><strong>ita</strong></span> <span class='ocrx_word' id='word_1_555' title='bbox 584 4958 643 5004; x_wconf 87' lang='lat' dir='ltr'><strong>et</strong></span> <span class='ocrx_word' id='word_1_556' title='bbox 663 4950 968 5004; x_wconf 81' lang='lat' dir='ltr'><strong>uocabulum</strong></span> <span class='ocrx_word' id='word_1_557' title='bbox 1002 4948 1126 5004; x_wconf 89' lang='lat' dir='ltr'><strong>abbi</strong></span> <span class='ocrx_word' id='word_1_558' title='bbox 1147 4956 1196 5002; x_wconf 89' lang='lat' dir='ltr'><strong>et</strong></span> <span class='ocrx_word' id='word_1_559' title='bbox 1224 4947 1575 5019; x_wconf 76' lang='lat' dir='ltr'><strong>abbio,_qubd</strong></span> <span class='ocrx_word' id='word_1_560' title='bbox 1602 4949 1690 5018; x_wconf 82' lang='lat' dir='ltr'><strong>qui</strong></span> <span class='ocrx_word' id='word_1_561' title='bbox 1718 4947 1978 5019; x_wconf 70' lang='lat' dir='ltr'><strong>nesciebat</strong></span> <span class='ocrx_word' id='word_1_562' title='bbox 2000 4949 2078 5003; x_wconf 88' lang='lat' dir='ltr'><strong>al-</strong></span> 
     </span>
    </p>
   </div>
   <div class='ocr_carea' id='block_1_69' title="bbox 486 5017 2078 5088">
    <p class='ocr_par' dir='ltr' id='par_1_69' title="bbox 486 5017 2078 5088">
     <span class='ocr_line' id='line_1_69' title="bbox 486 5017 2078 5088; baseline -0.001 -12"><span class='ocrx_word' id='word_1_563' title='bbox 486 5021 578 5076; x_wconf 87' lang='lat' dir='ltr'><strong>bio</strong></span> <span class='ocrx_word' id='word_1_564' title='bbox 619 5020 895 5088; x_wconf 86' lang='lat' dir='ltr'><strong>legendum</strong></span> <span class='ocrx_word' id='word_1_565' title='bbox 937 5035 1047 5073; x_wconf 86' lang='lat' dir='ltr'><strong>esse</strong></span> <span class='ocrx_word' id='word_1_566' title='bbox 1085 5019 1321 5088; x_wconf 51' lang='lat' dir='ltr'><strong>putavit.</strong></span> <span class='ocrx_word' id='word_1_567' title='bbox 1406 5017 1455 5048; x_wconf 71' lang='grc'><strong>⁸⁸</strong></span> <span class='ocrx_word' id='word_1_568' title='bbox 1497 5017 1772 5074; x_wconf 56' lang='grc' dir='ltr'><strong>υηαάεεει</strong></span> <span class='ocrx_word' id='word_1_569' title='bbox 1801 5019 1851 5073; x_wconf 89' lang='grc'><strong>1.</strong></span> <span class='ocrx_word' id='word_1_570' title='bbox 1943 5018 1985 5050; x_wconf 86' lang='grc'><strong>⁸¹</strong></span> <span class='ocrx_word' id='word_1_571' title='bbox 2010 5019 2078 5074; x_wconf 86' lang='lat' dir='ltr'><strong>Et</strong></span> 
     </span>
    </p>
   </div>
   <div class='ocr_carea' id='block_1_70' title="bbox 485 5087 2078 5144">
    <p class='ocr_par' dir='ltr' id='par_1_70' title="bbox 485 5087 2078 5144">
     <span class='ocr_line' id='line_1_70' title="bbox 485 5087 2078 5144; baseline -0.002 0"><span class='ocrx_word' id='word_1_572' title='bbox 485 5091 627 5144; x_wconf 86' lang='lat' dir='ltr'><strong>deest</strong></span> <span class='ocrx_word' id='word_1_573' title='bbox 659 5087 711 5143; x_wconf 59' lang='grc' dir='ltr'><strong>1η.</strong></span> <span class='ocrx_word' id='word_1_574' title='bbox 788 5089 833 5120; x_wconf 84' lang='grc'>⁸¹</span> <span class='ocrx_word' id='word_1_575' title='bbox 859 5087 1261 5144; x_wconf 88' lang='lat' dir='ltr'><strong>Coniuratio....</strong></span> <span class='ocrx_word' id='word_1_576' title='bbox 1293 5087 1532 5142; x_wconf 88' lang='lat' dir='ltr'><strong>damnati</strong></span> <span class='ocrx_word' id='word_1_577' title='bbox 1562 5096 1689 5143; x_wconf 91' lang='lat' dir='ltr'><strong>sunt</strong></span> <span class='ocrx_word' id='word_1_578' title='bbox 1713 5088 1853 5143; x_wconf 84' lang='lat' dir='ltr'><strong>deest</strong></span> <span class='ocrx_word' id='word_1_579' title='bbox 1881 5089 1937 5142; x_wconf 90' lang='lat' dir='ltr'><strong>in</strong></span> <span class='ocrx_word' id='word_1_580' title='bbox 1966 5105 2078 5141; x_wconf 88' lang='lat' dir='ltr'><strong>om-</strong></span> 
     </span>
    </p>
   </div>
   <div class='ocr_carea' id='block_1_71' title="bbox 487 5154 2075 5228">
    <p class='ocr_par' dir='ltr' id='par_1_71' title="bbox 487 5154 2075 5228">
     <span class='ocr_line' id='line_1_71' title="bbox 487 5154 2075 5228; baseline -0.002 -15"><span class='ocrx_word' id='word_1_581' title='bbox 487 5160 639 5213; x_wconf 87' lang='lat' dir='ltr'><strong>nibus</strong></span> <span class='ocrx_word' id='word_1_582' title='bbox 675 5154 1304 5228; x_wconf 26' lang='lat' dir='ltr'><strong>codicibusexceptis‘5.</strong></span> <span class='ocrx_word' id='word_1_583' title='bbox 1343 5166 1392 5209; x_wconf 84' lang='lat' dir='ltr'><strong>et</strong></span> <span class='ocrx_word' id='word_1_584' title='bbox 1429 5158 1500 5221; x_wconf 87' lang='lat'><strong>6;</strong></span> <span class='ocrx_word' id='word_1_585' title='bbox 1549 5157 1741 5228; x_wconf 82' lang='lat' dir='ltr'><strong>legitur</strong></span> <span class='ocrx_word' id='word_1_586' title='bbox 1784 5159 1840 5212; x_wconf 86' lang='lat' dir='ltr'><strong>in</strong></span> <span class='ocrx_word' id='word_1_587' title='bbox 1878 5157 2075 5212; x_wconf 83' lang='lat' dir='ltr'><strong>Annal.</strong></span> 
     </span>
    </p>
   </div>
   <div class='ocr_carea' id='block_1_72' title="bbox 490 5225 2078 5298">
    <p class='ocr_par' dir='ltr' id='par_1_72' title="bbox 490 5225 2078 5298">
     <span class='ocr_line' id='line_1_72' title="bbox 490 5225 2078 5298; baseline 0.001 -17"><span class='ocrx_word' id='word_1_588' title='bbox 490 5229 754 5282; x_wconf 82' lang='lat' dir='ltr'><strong>Einhardi</strong></span> <span class='ocrx_word' id='word_1_589' title='bbox 779 5238 826 5282; x_wconf 84' lang='lat' dir='ltr'><strong>et</strong></span> <span class='ocrx_word' id='word_1_590' title='bbox 857 5225 1116 5298; x_wconf 75' lang='lat' dir='ltr'><strong>Fuldens.</strong></span> <span class='ocrx_word' id='word_1_591' title='bbox 1193 5225 1237 5257; x_wconf 81' lang='grc'><em>³³</em></span> <span class='ocrx_word' id='word_1_592' title='bbox 1269 5241 1408 5295; x_wconf 90' lang='lat' dir='ltr'><strong>quae</strong></span> <span class='ocrx_word' id='word_1_593' title='bbox 1425 5225 1624 5298; x_wconf 78' lang='lat' dir='ltr'><strong>contra</strong></span> <span class='ocrx_word' id='word_1_594' title='bbox 1642 5228 1695 5282; x_wconf 84' lang='lat'><strong>5.</strong></span> <span class='ocrx_word' id='word_1_595' title='bbox 1731 5228 1853 5298; x_wconf 91' lang='lat' dir='ltr'><strong>quia</strong></span> <span class='ocrx_word' id='word_1_596' title='bbox 1888 5236 2078 5283; x_wconf 83' lang='lat' dir='ltr'><strong>contra</strong></span> 
     </span>
    </p>
   </div>
   <div class='ocr_carea' id='block_1_73' title="bbox 490 5295 2079 5362">
    <p class='ocr_par' dir='ltr' id='par_1_73' title="bbox 490 5295 2079 5362">
     <span class='ocr_line' id='line_1_73' title="bbox 490 5295 2079 5362; baseline 0.001 -11"><span class='ocrx_word' id='word_1_597' title='bbox 490 5299 544 5351; x_wconf 94' lang='lat'><strong>6.</strong></span> <span class='ocrx_word' id='word_1_598' title='bbox 622 5297 667 5329; x_wconf 73' lang='lat'><strong>”</strong></span> <span class='ocrx_word' id='word_1_599' title='bbox 698 5299 816 5353; x_wconf 90' lang='lat' dir='ltr'><strong>eius</strong></span> <span class='ocrx_word' id='word_1_600' title='bbox 841 5297 895 5352; x_wconf 88' lang='lat'><strong>6.</strong></span> <span class='ocrx_word' id='word_1_601' title='bbox 922 5308 1159 5351; x_wconf 81' lang='lat' dir='ltr'><strong>auctores</strong></span> <span class='ocrx_word' id='word_1_602' title='bbox 1203 5312 1382 5350; x_wconf 89' lang='lat' dir='ltr'><strong>eorum</strong></span> <span class='ocrx_word' id='word_1_603' title='bbox 1412 5295 1465 5349; x_wconf 79' lang='lat' dir='ltr'><strong>It.</strong></span> <span class='ocrx_word' id='word_1_604' title='bbox 1504 5313 1549 5350; x_wconf 89' lang='lat' dir='ltr'><strong>e.</strong></span> <span class='ocrx_word' id='word_1_605' title='bbox 1581 5295 1762 5362; x_wconf 72' lang='lat' dir='ltr'><strong>duces,</strong></span> <span class='ocrx_word' id='word_1_606' title='bbox 1787 5299 2079 5353; x_wconf 87' lang='lat' dir='ltr'><strong>incentores</strong></span> 
     </span>
    </p>
   </div>
   <div class='ocr_carea' id='block_1_74' title="bbox 489 5365 2068 5448">
    <p class='ocr_par' dir='ltr' id='par_1_74' title="bbox 489 5365 2068 5448">
     <span class='ocr_line' id='line_1_74' title="bbox 489 5365 2068 5448; baseline 0.001 -28"><span class='ocrx_word' id='word_1_607' title='bbox 489 5365 874 5448; x_wconf 48' lang='lat' dir='ltr'><strong>Francorum.“</strong></span> <span class='ocrx_word' id='word_1_608' title='bbox 932 5367 992 5448; x_wconf 52' lang='grc' dir='ltr'><strong>ξ’</strong></span> <span class='ocrx_word' id='word_1_609' title='bbox 1019 5366 1356 5448; x_wconf 78' lang='lat' dir='ltr'><strong>supradictus</strong></span> <span class='ocrx_word' id='word_1_610' title='bbox 1370 5365 1446 5448; x_wconf 90' lang='lat'><strong>_6.</strong></span> <span class='ocrx_word' id='word_1_611' title='bbox 1477 5437 1507 5448; x_wconf 23' lang='grc' dir='ltr'><strong>,Α</strong></span> <span class='ocrx_word' id='word_1_612' title='bbox 1545 5366 1985 5448; x_wconf 47' lang='lat' dir='ltr'><strong>“_brittauiaej.</strong></span> <span class='ocrx_word' id='word_1_613' title='bbox 2008 5368 2068 5422; x_wconf 73' lang='lat'><strong>2.</strong></span> 
     </span>
    </p>
   </div>
   <div class='ocr_carea' id='block_1_75' title="bbox 487 5435 2074 5507">
    <p class='ocr_par' dir='ltr' id='par_1_75' title="bbox 487 5435 2074 5507">
     <span class='ocr_line' id='line_1_75' title="bbox 487 5435 2074 5507; baseline 0.002 -18"><span class='ocrx_word' id='word_1_614' title='bbox 487 5437 815 5507; x_wconf 81' lang='lat' dir='ltr'><strong>brittanniae</strong></span> <span class='ocrx_word' id='word_1_615' title='bbox 842 5437 896 5492; x_wconf 87' lang='lat'><strong>5.</strong></span> <span class='ocrx_word' id='word_1_616' title='bbox 929 5437 982 5492; x_wconf 89' lang='lat'><strong>6.</strong></span> <span class='ocrx_word' id='word_1_617' title='bbox 1027 5435 1332 5507; x_wconf 85' lang='lat' dir='ltr'><strong>britanniae</strong></span> <span class='ocrx_word' id='word_1_618' title='bbox 1370 5437 1421 5489; x_wconf 91' lang='lat'><strong>7.</strong></span> <span class='ocrx_word' id='word_1_619' title='bbox 1469 5437 1545 5507; x_wconf 80' lang='lat' dir='ltr'><strong>ita</strong></span> <span class='ocrx_word' id='word_1_620' title='bbox 1570 5435 1829 5507; x_wconf 84' lang='lat' dir='ltr'><strong>deinceps.</strong></span> <span class='ocrx_word' id='word_1_621' title='bbox 1909 5438 1953 5471; x_wconf 82' lang='lat'><strong>&quot;</strong></span> <span class='ocrx_word' id='word_1_622' title='bbox 1980 5454 2074 5492; x_wconf 81' lang='lat' dir='ltr'><strong>an-</strong></span> 
     </span>
    </p>
   </div>
   <div class='ocr_carea' id='block_1_76' title="bbox 485 5505 2076 5578">
    <p class='ocr_par' dir='ltr' id='par_1_76' title="bbox 485 5505 2076 5578">
     <span class='ocr_line' id='line_1_76' title="bbox 485 5505 2076 5578; baseline 0.002 -19"><span class='ocrx_word' id='word_1_623' title='bbox 485 5505 634 5578; x_wconf 75' lang='lat' dir='ltr'><strong>dult‘o</strong></span> <span class='ocrx_word' id='word_1_624' title='bbox 687 5507 975 5563; x_wconf 80' lang='lat' dir='ltr'><strong>sinestalco</strong></span> <span class='ocrx_word' id='word_1_625' title='bbox 1027 5507 1080 5578; x_wconf 63' lang='grc'><strong>1,</strong></span> <span class='ocrx_word' id='word_1_626' title='bbox 1127 5575 1142 5578; x_wconf 90' lang='lat'>_</span> <span class='ocrx_word' id='word_1_627' title='bbox 1212 5505 1256 5578; x_wconf 81' lang='lat'><strong>&quot;_</strong></span> <span class='ocrx_word' id='word_1_628' title='bbox 1285 5505 1586 5578; x_wconf 78' lang='lat' dir='ltr'><strong>sinescalvo</strong></span> <span class='ocrx_word' id='word_1_629' title='bbox 1611 5507 1662 5578; x_wconf 79' lang='lat'><strong>6.</strong></span> <span class='ocrx_word' id='word_1_630' title='bbox 1733 5505 2076 5578; x_wconf 60' lang='lat' dir='ltr'><strong>_&quot;&#39;conqui-</strong></span> 
     </span>
    </p>
   </div>
   <div class='ocr_carea' id='block_1_77' title="bbox 487 5575 2077 5634">
    <p class='ocr_par' dir='ltr' id='par_1_77' title="bbox 487 5575 2077 5634">
     <span class='ocr_line' id='line_1_77' title="bbox 487 5575 2077 5634; baseline 0.002 -4"><span class='ocrx_word' id='word_1_631' title='bbox 487 5576 698 5630; x_wconf 90' lang='lat' dir='ltr'><strong>sierunt</strong></span> <span class='ocrx_word' id='word_1_632' title='bbox 724 5577 775 5631; x_wconf 86' lang='lat'><strong>5.</strong></span> <span class='ocrx_word' id='word_1_633' title='bbox 802 5578 854 5632; x_wconf 91' lang='lat'><strong>6.</strong></span> <span class='ocrx_word' id='word_1_634' title='bbox 898 5578 950 5631; x_wconf 94' lang='lat'><strong>7.</strong></span> <span class='ocrx_word' id='word_1_635' title='bbox 1035 5575 1081 5608; x_wconf 80' lang='lat'><strong>“</strong></span> <span class='ocrx_word' id='word_1_636' title='bbox 1116 5575 1461 5632; x_wconf 81' lang='lat' dir='ltr'><strong>ﬁrmitatibus</strong></span> <span class='ocrx_word' id='word_1_637' title='bbox 1483 5576 1530 5629; x_wconf 93' lang='grc'><strong>1.</strong></span> <span class='ocrx_word' id='word_1_638' title='bbox 1558 5577 1609 5630; x_wconf 90' lang='grc'><strong>7.</strong></span> <span class='ocrx_word' id='word_1_639' title='bbox 1644 5576 1687 5608; x_wconf 68' lang='grc' dir='ltr'>δ’</span> <span class='ocrx_word' id='word_1_640' title='bbox 1719 5576 1858 5632; x_wconf 81' lang='lat' dir='ltr'><strong>ﬁrm.</strong></span> <span class='ocrx_word' id='word_1_641' title='bbox 1886 5575 2077 5634; x_wconf 79' lang='lat' dir='ltr'><strong>britto-</strong></span> 
     </span>
    </p>
   </div>
   <div class='ocr_carea' id='block_1_78' title="bbox 487 5645 2076 5769">
    <p class='ocr_par' dir='ltr' id='par_1_78' title="bbox 487 5645 2076 5769">
     <span class='ocr_line' id='line_1_78' title="bbox 489 5645 2076 5704; baseline 0.003 -5"><span class='ocrx_word' id='word_1_642' title='bbox 489 5661 618 5700; x_wconf 90' lang='lat' dir='ltr'><strong>num</strong></span> <span class='ocrx_word' id='word_1_643' title='bbox 643 5646 694 5699; x_wconf 91' lang='lat' dir='ltr'><strong>in</strong></span> <span class='ocrx_word' id='word_1_644' title='bbox 717 5647 849 5702; x_wconf 89' lang='lat' dir='ltr'><strong>locis</strong></span> <span class='ocrx_word' id='word_1_645' title='bbox 880 5647 930 5700; x_wconf 92' lang='grc'><strong>1.</strong></span> <span class='ocrx_word' id='word_1_646' title='bbox 1007 5646 1053 5678; x_wconf 75' lang='grc'><strong>⁸⁸</strong></span> <span class='ocrx_word' id='word_1_647' title='bbox 1080 5654 1133 5702; x_wconf 91' lang='lat' dir='ltr'><strong>et</strong></span> <span class='ocrx_word' id='word_1_648' title='bbox 1161 5646 1302 5702; x_wconf 83' lang='lat' dir='ltr'><strong>deest</strong></span> <span class='ocrx_word' id='word_1_649' title='bbox 1333 5645 1382 5700; x_wconf 91' lang='grc'><strong>1.</strong></span> <span class='ocrx_word' id='word_1_650' title='bbox 1459 5647 1506 5678; x_wconf 76' lang='grc'><strong>⁸³</strong></span> <span class='ocrx_word' id='word_1_651' title='bbox 1540 5647 1764 5704; x_wconf 88' lang='lat' dir='ltr'><strong>incessis</strong></span> <span class='ocrx_word' id='word_1_652' title='bbox 1801 5649 1855 5702; x_wconf 92' lang='grc'><strong>1.</strong></span> <span class='ocrx_word' id='word_1_653' title='bbox 1879 5648 2076 5704; x_wconf 84' lang='lat' dir='ltr'><strong>incesis</strong></span> 
     </span>
     <span class='ocr_line' id='line_1_79' title="bbox 487 5715 937 5769; baseline 0 0"><span class='ocrx_word' id='word_1_654' title='bbox 487 5715 542 5769; x_wconf 74' lang='grc'><strong>2.</strong></span> <span class='ocrx_word' id='word_1_655' title='bbox 569 5715 620 5768; x_wconf 88' lang='grc'><strong>7.</strong></span> <span class='ocrx_word' id='word_1_656' title='bbox 652 5716 862 5769; x_wconf 86' lang='lat' dir='ltr'><strong>incesos</strong></span> <span class='ocrx_word' id='word_1_657' title='bbox 886 5719 937 5769; x_wconf 89' lang='lat'><strong>6.</strong></span> 
     </span>
    </p>
   </div>
   <div class='ocr_carea' id='block_1_79' title="bbox 529 5716 937 5774">
    <p class='ocr_par' dir='ltr' id='par_1_79' title="bbox 529 5716 937 5774">
     <span class='ocr_line' id='line_1_80' title="bbox 529 5716 937 5774; baseline 0 -4"><span class='ocrx_word' id='word_1_658' title='bbox 529 5753 542 5770; x_wconf 94' lang='lat'><strong>.</strong></span> <span class='ocrx_word' id='word_1_659' title='bbox 569 5716 620 5768; x_wconf 88' lang='lat'><strong>7.</strong></span> <span class='ocrx_word' id='word_1_660' title='bbox 652 5716 862 5774; x_wconf 87' lang='lat' dir='ltr'><strong>iucesos</strong></span> <span class='ocrx_word' id='word_1_661' title='bbox 886 5719 937 5772; x_wconf 89' lang='lat'><strong>6.</strong></span> 
     </span>
    </p>
   </div>
   <div class='ocr_carea' id='block_1_80' title="bbox 2086 3153 2134 3218">
    <p class='ocr_par' dir='ltr' id='par_1_80' title="bbox 2086 3153 2134 3218">
     <span class='ocr_line' id='line_1_81' title="bbox 2086 3153 2134 3218; baseline 0 0"><span class='ocrx_word' id='word_1_662' title='bbox 2086 3153 2134 3218; x_wconf 90' lang='lat' dir='ltr'><strong>C</strong></span> 
     </span>
    </p>
   </div>
   <div class='ocr_carea' id='block_1_81' title="bbox 2144 5298 2493 5354">
    <p class='ocr_par' dir='ltr' id='par_1_81' title="bbox 2144 5298 2493 5354">
     <span class='ocr_line' id='line_1_82' title="bbox 2144 5298 2493 5354; baseline -0.011 0"><span class='ocrx_word' id='word_1_663' title='bbox 2144 5302 2166 5323; x_wconf 80' lang='lat'>‘</span> <span class='ocrx_word' id='word_1_664' title='bbox 2179 5298 2412 5354; x_wconf 77' lang='lat' dir='ltr'><strong>versitas</strong></span> <span class='ocrx_word' id='word_1_665' title='bbox 2439 5298 2493 5351; x_wconf 95' lang='lat'><strong>2.</strong></span> 
     </span>
    </p>
   </div>
   <div class='ocr_carea' id='block_1_82' title="bbox 2155 1888 3769 1964">
    <p class='ocr_par' dir='ltr' id='par_1_82' title="bbox 2155 1888 3769 1964">
     <span class='ocr_line' id='line_1_83' title="bbox 2155 1888 3769 1964; baseline 0.003 -23"><span class='ocrx_word' id='word_1_666' title='bbox 2155 1903 2254 1943; x_wconf 91' lang='lat' dir='ltr'><strong>nes</strong></span> <span class='ocrx_word' id='word_1_667' title='bbox 2285 1888 2571 1944; x_wconf 81' lang='lat' dir='ltr'><strong>deiiciendi</strong></span> <span class='ocrx_word' id='word_1_668' title='bbox 2599 1890 2667 1945; x_wconf 91' lang='lat' dir='ltr'><strong>ad</strong></span> <span class='ocrx_word' id='word_1_669' title='bbox 2707 1905 2822 1945; x_wconf 90' lang='lat' dir='ltr'><strong>rem</strong></span> <span class='ocrx_word' id='word_1_670' title='bbox 2868 1891 3209 1960; x_wconf 89' lang='lat' dir='ltr'><strong>pertinentes</strong></span> <span class='ocrx_word' id='word_1_671' title='bbox 3239 1893 3487 1946; x_wconf 84' lang='lat' dir='ltr'><strong>invenire</strong></span> <span class='ocrx_word' id='word_1_672' title='bbox 3510 1909 3624 1946; x_wconf 88' lang='lat' dir='ltr'><strong>non</strong></span> <span class='ocrx_word' id='word_1_673' title='bbox 3673 1908 3769 1964; x_wconf 90' lang='lat' dir='ltr'><strong>po-</strong></span> 
     </span>
    </p>
   </div>
   <div class='ocr_carea' id='block_1_83' title="bbox 2154 1983 3772 2056">
    <p class='ocr_par' dir='ltr' id='par_1_83' title="bbox 2154 1983 3772 2056">
     <span class='ocr_line' id='line_1_84' title="bbox 2154 1983 3772 2056; baseline 0.002 -19"><span class='ocrx_word' id='word_1_674' title='bbox 2154 1991 2396 2039; x_wconf 91' lang='lat' dir='ltr'><strong>tuerunt.</strong></span> <span class='ocrx_word' id='word_1_675' title='bbox 2438 1983 2606 2039; x_wconf 88' lang='lat' dir='ltr'><strong>Facta</strong></span> <span class='ocrx_word' id='word_1_676' title='bbox 2642 1993 2724 2040; x_wconf 91' lang='lat' dir='ltr'><strong>est</strong></span> <span class='ocrx_word' id='word_1_677' title='bbox 2752 1985 2945 2039; x_wconf 89' lang='lat' dir='ltr'><strong>eodem</strong></span> <span class='ocrx_word' id='word_1_678' title='bbox 2975 1999 3119 2039; x_wconf 89' lang='lat' dir='ltr'><strong>anno</strong></span> <span class='ocrx_word' id='word_1_679' title='bbox 3153 1993 3304 2041; x_wconf 88' lang='lat' dir='ltr'><strong>trans</strong></span> <span class='ocrx_word' id='word_1_680' title='bbox 3339 1985 3593 2040; x_wconf 79' lang='lat' dir='ltr'><strong>Rhenum</strong></span> <span class='ocrx_word' id='word_1_681' title='bbox 3624 1987 3772 2056; x_wconf 84' lang='lat' dir='ltr'><strong>apud</strong></span> 
     </span>
    </p>
   </div>
   <div class='ocr_carea' id='block_1_84' title="bbox 2155 2074 3769 2145">
    <p class='ocr_par' dir='ltr' id='par_1_84' title="bbox 2155 2074 3769 2145">
     <span class='ocr_line' id='line_1_85' title="bbox 2155 2074 3769 2145; baseline 0 -15"><span class='ocrx_word' id='word_1_682' title='bbox 2155 2075 2449 2131; x_wconf 89' lang='lat' dir='ltr'><strong>orientales</strong></span> <span class='ocrx_word' id='word_1_683' title='bbox 2473 2074 2715 2131; x_wconf 85' lang='lat' dir='ltr'><strong>Francos</strong></span> <span class='ocrx_word' id='word_1_684' title='bbox 2745 2077 3006 2132; x_wconf 86' lang='lat' dir='ltr'><strong>adversus</strong></span> <span class='ocrx_word' id='word_1_685' title='bbox 3050 2090 3236 2145; x_wconf 89' lang='lat' dir='ltr'><strong>regem</strong></span> <span class='ocrx_word' id='word_1_686' title='bbox 3283 2076 3576 2131; x_wconf 90' lang='lat' dir='ltr'><strong>immodica</strong></span> <span class='ocrx_word' id='word_1_687' title='bbox 3631 2091 3769 2131; x_wconf 86' lang='lat' dir='ltr'><strong>con-</strong></span> 
     </span>
    </p>
   </div>
   <div class='ocr_carea' id='block_1_85' title="bbox 2157 2165 3772 2231">
    <p class='ocr_par' dir='ltr' id='par_1_85' title="bbox 2157 2165 3772 2231">
     <span class='ocr_line' id='line_1_86' title="bbox 2157 2165 3772 2231; baseline 0.001 -12"><span class='ocrx_word' id='word_1_688' title='bbox 2157 2165 2384 2231; x_wconf 90' lang='lat' dir='ltr'><strong>iuratio,</strong></span> <span class='ocrx_word' id='word_1_689' title='bbox 2458 2166 2614 2222; x_wconf 92' lang='lat' dir='ltr'><strong>cuius</strong></span> <span class='ocrx_word' id='word_1_690' title='bbox 2661 2174 2942 2222; x_wconf 90' lang='lat' dir='ltr'><strong>auctorem</strong></span> <span class='ocrx_word' id='word_1_691' title='bbox 3017 2165 3358 2222; x_wconf 84' lang='lat' dir='ltr'><strong>Hardradum</strong></span> <span class='ocrx_word' id='word_1_692' title='bbox 3411 2167 3456 2198; x_wconf 83' lang='grc'><strong>¹⁸</strong></span> <span class='ocrx_word' id='word_1_693' title='bbox 3505 2167 3772 2222; x_wconf 88' lang='lat' dir='ltr'><strong>comitem</strong></span> 
     </span>
    </p>
   </div>
   <div class='ocr_carea' id='block_1_86' title="bbox 2157 2257 3773 2329">
    <p class='ocr_par' dir='ltr' id='par_1_86' title="bbox 2157 2257 3773 2329">
     <span class='ocr_line' id='line_1_87' title="bbox 2157 2257 3773 2329; baseline 0.001 -17"><span class='ocrx_word' id='word_1_694' title='bbox 2157 2257 2325 2313; x_wconf 81' lang='lat' dir='ltr'><strong>fuisse</strong></span> <span class='ocrx_word' id='word_1_695' title='bbox 2350 2258 2656 2314; x_wconf 85' lang='lat' dir='ltr'><strong>constabat.</strong></span> <span class='ocrx_word' id='word_1_696' title='bbox 2707 2257 2816 2313; x_wconf 87' lang='lat' dir='ltr'><strong>Sed</strong></span> <span class='ocrx_word' id='word_1_697' title='bbox 2851 2258 3012 2313; x_wconf 89' lang='lat' dir='ltr'><strong>huius</strong></span> <span class='ocrx_word' id='word_1_698' title='bbox 3038 2258 3298 2314; x_wconf 87' lang='lat' dir='ltr'><strong>indicium</strong></span> <span class='ocrx_word' id='word_1_699' title='bbox 3341 2259 3446 2318; x_wconf 78' lang='lat' dir='ltr'><strong>cito</strong></span> <span class='ocrx_word' id='word_1_700' title='bbox 3479 2260 3550 2314; x_wconf 88' lang='lat' dir='ltr'><strong>ad</strong></span> <span class='ocrx_word' id='word_1_701' title='bbox 3581 2275 3773 2329; x_wconf 82' lang='lat' dir='ltr'><strong>regem</strong></span> 
     </span>
    </p>
   </div>
   <div class='ocr_carea' id='block_1_87' title="bbox 2159 2347 3776 2420">
    <p class='ocr_par' dir='ltr' id='par_1_87' title="bbox 2159 2347 3776 2420">
     <span class='ocr_line' id='line_1_88' title="bbox 2159 2347 3776 2420; baseline -0.001 -17"><span class='ocrx_word' id='word_1_702' title='bbox 2159 2347 2400 2403; x_wconf 90' lang='lat' dir='ltr'><strong>delatum</strong></span> <span class='ocrx_word' id='word_1_703' title='bbox 2429 2356 2537 2414; x_wconf 90' lang='lat' dir='ltr'><strong>est,</strong></span> <span class='ocrx_word' id='word_1_704' title='bbox 2583 2349 2814 2419; x_wconf 86' lang='lat' dir='ltr'><strong>eiusque</strong></span> <span class='ocrx_word' id='word_1_705' title='bbox 2851 2347 3091 2403; x_wconf 87' lang='lat' dir='ltr'><strong>sollertia</strong></span> <span class='ocrx_word' id='word_1_706' title='bbox 3120 2357 3231 2402; x_wconf 89' lang='lat' dir='ltr'><strong>tam</strong></span> <span class='ocrx_word' id='word_1_707' title='bbox 3278 2348 3457 2404; x_wconf 89' lang='lat' dir='ltr'><strong>valida</strong></span> <span class='ocrx_word' id='word_1_708' title='bbox 3483 2350 3776 2420; x_wconf 70' lang='lat' dir='ltr'><strong>conSpiia—</strong></span> 
     </span>
    </p>
   </div>
   <div class='ocr_carea' id='block_1_88' title="bbox 2160 2436 3775 2509">
    <p class='ocr_par' dir='ltr' id='par_1_88' title="bbox 2160 2436 3775 2509">
     <span class='ocr_line' id='line_1_89' title="bbox 2160 2436 3775 2509; baseline -0.001 -17"><span class='ocrx_word' id='word_1_709' title='bbox 2160 2437 2238 2492; x_wconf 92' lang='lat' dir='ltr'><strong>tio</strong></span> <span class='ocrx_word' id='word_1_710' title='bbox 2279 2439 2416 2492; x_wconf 90' lang='lat' dir='ltr'><strong>citra</strong></span> <span class='ocrx_word' id='word_1_711' title='bbox 2441 2437 2611 2492; x_wconf 89' lang='lat' dir='ltr'><strong>ullum</strong></span> <span class='ocrx_word' id='word_1_712' title='bbox 2657 2436 2861 2509; x_wconf 88' lang='lat' dir='ltr'><strong>grande</strong></span> <span class='ocrx_word' id='word_1_713' title='bbox 2899 2437 3206 2507; x_wconf 86' lang='lat' dir='ltr'><strong>periculum</strong></span> <span class='ocrx_word' id='word_1_714' title='bbox 3238 2438 3291 2491; x_wconf 92' lang='lat' dir='ltr'><strong>in</strong></span> <span class='ocrx_word' id='word_1_715' title='bbox 3317 2437 3471 2492; x_wconf 88' lang='lat' dir='ltr'><strong>brevi</strong></span> <span class='ocrx_word' id='word_1_716' title='bbox 3503 2440 3775 2509; x_wconf 81' lang='lat' dir='ltr'><strong>conquie—</strong></span> 
     </span>
    </p>
   </div>
   <div class='ocr_carea' id='block_1_89' title="bbox 2158 2531 3772 2601">
    <p class='ocr_par' dir='ltr' id='par_1_89' title="bbox 2158 2531 3772 2601">
     <span class='ocr_line' id='line_1_90' title="bbox 2158 2531 3772 2601; baseline 0 -15"><span class='ocrx_word' id='word_1_717' title='bbox 2158 2531 2280 2598; x_wconf 85' lang='lat' dir='ltr'><strong>vit,</strong></span> <span class='ocrx_word' id='word_1_718' title='bbox 2333 2532 2650 2588; x_wconf 87' lang='lat' dir='ltr'><strong>auctoribus</strong></span> <span class='ocrx_word' id='word_1_719' title='bbox 2700 2531 2820 2587; x_wconf 92' lang='lat' dir='ltr'><strong>eius</strong></span> <span class='ocrx_word' id='word_1_720' title='bbox 2868 2531 3069 2601; x_wconf 89' lang='lat' dir='ltr'><strong>partim</strong></span> <span class='ocrx_word' id='word_1_721' title='bbox 3119 2531 3422 2601; x_wconf 85' lang='lat' dir='ltr'><strong>privatione</strong></span> <span class='ocrx_word' id='word_1_722' title='bbox 3473 2531 3772 2596; x_wconf 89' lang='lat' dir='ltr'><strong>luminum,</strong></span> 
     </span>
    </p>
   </div>
   <div class='ocr_carea' id='block_1_90' title="bbox 2159 2622 3452 2694">
    <p class='ocr_par' dir='ltr' id='par_1_90' title="bbox 2159 2622 3452 2694">
     <span class='ocr_line' id='line_1_91' title="bbox 2159 2622 3452 2694; baseline -0.004 -16"><span class='ocrx_word' id='word_1_723' title='bbox 2159 2623 2362 2694; x_wconf 85' lang='lat' dir='ltr'><strong>partim</strong></span> <span class='ocrx_word' id='word_1_724' title='bbox 2390 2623 2540 2680; x_wconf 87' lang='lat' dir='ltr'><strong>exilii</strong></span> <span class='ocrx_word' id='word_1_725' title='bbox 2570 2622 2952 2694; x_wconf 87' lang='lat' dir='ltr'><strong>deportatione</strong></span> <span class='ocrx_word' id='word_1_726' title='bbox 2984 2622 3030 2652; x_wconf 79' lang='grc'>¹⁸</span> <span class='ocrx_word' id='word_1_727' title='bbox 3058 2622 3452 2678; x_wconf 86' lang='lat' dir='ltr'><strong>condemnatis.</strong></span> 
     </span>
    </p>
   </div>
   <div class='ocr_carea' id='block_1_91' title="bbox 2742 2817 3164 2875">
    <p class='ocr_par' dir='ltr' id='par_1_91' title="bbox 2742 2817 3164 2875">
     <span class='ocr_line' id='line_1_92' title="bbox 2742 2817 3164 2875; baseline -0.005 -2"><span class='ocrx_word' id='word_1_728' title='bbox 2742 2817 3164 2875; x_wconf 72' lang='lat' dir='ltr'><strong>DCCLXXXVI.</strong></span> 
     </span>
    </p>
   </div>
   <div class='ocr_carea' id='block_1_92' title="bbox 2233 2911 3772 2983">
    <p class='ocr_par' dir='ltr' id='par_1_92' title="bbox 2233 2911 3772 2983">
     <span class='ocr_line' id='line_1_93' title="bbox 2233 2911 3772 2983; baseline -0.002 -14"><span class='ocrx_word' id='word_1_729' title='bbox 2233 2911 2369 2969; x_wconf 91' lang='lat' dir='ltr'><strong>Cum</strong></span> <span class='ocrx_word' id='word_1_730' title='bbox 2395 2921 2453 2968; x_wconf 91' lang='lat' dir='ltr'><strong>et</strong></span> <span class='ocrx_word' id='word_1_731' title='bbox 2494 2912 2689 2968; x_wconf 87' lang='lat' dir='ltr'><strong>hiemis</strong></span> <span class='ocrx_word' id='word_1_732' title='bbox 2719 2921 2932 2981; x_wconf 89' lang='lat' dir='ltr'><strong>tempus</strong></span> <span class='ocrx_word' id='word_1_733' title='bbox 2956 2912 3232 2982; x_wconf 89' lang='lat' dir='ltr'><strong>expletum</strong></span> <span class='ocrx_word' id='word_1_734' title='bbox 3259 2951 3274 2976; x_wconf 92' lang='lat'><strong>,</strong></span> <span class='ocrx_word' id='word_1_735' title='bbox 3305 2921 3362 2966; x_wconf 88' lang='lat' dir='ltr'><strong>et</strong></span> <span class='ocrx_word' id='word_1_736' title='bbox 3387 2922 3638 2966; x_wconf 85' lang='lat' dir='ltr'><strong>sanctum</strong></span> <span class='ocrx_word' id='word_1_737' title='bbox 3671 2929 3772 2983; x_wconf 87' lang='lat' dir='ltr'><strong>pa-</strong></span> 
     </span>
    </p>
   </div>
   <div class='ocr_carea' id='block_1_93' title="bbox 2161 3000 3773 3072">
    <p class='ocr_par' dir='ltr' id='par_1_93' title="bbox 2161 3000 3773 3072">
     <span class='ocr_line' id='line_1_94' title="bbox 2161 3000 3773 3072; baseline -0.003 -13"><span class='ocrx_word' id='word_1_738' title='bbox 2161 3002 2293 3059; x_wconf 88' lang='lat' dir='ltr'><strong>scha</strong></span> <span class='ocrx_word' id='word_1_739' title='bbox 2333 3002 2387 3056; x_wconf 92' lang='lat' dir='ltr'><strong>in</strong></span> <span class='ocrx_word' id='word_1_740' title='bbox 2431 3001 2706 3057; x_wconf 84' lang='lat' dir='ltr'><strong>Attiniaco</strong></span> <span class='ocrx_word' id='word_1_741' title='bbox 2747 3001 2876 3055; x_wconf 87' lang='lat' dir='ltr'><strong>villa</strong></span> <span class='ocrx_word' id='word_1_742' title='bbox 2921 3000 3114 3055; x_wconf 78' lang='lat' dir='ltr'><strong>fuisset</strong></span> <span class='ocrx_word' id='word_1_743' title='bbox 3150 3015 3180 3054; x_wconf 90' lang='lat' dir='ltr'><strong>a</strong></span> <span class='ocrx_word' id='word_1_744' title='bbox 3227 3015 3354 3072; x_wconf 84' lang='lat' dir='ltr'><strong>rege</strong></span> <span class='ocrx_word' id='word_1_745' title='bbox 3400 3001 3773 3065; x_wconf 86' lang='lat' dir='ltr'><strong>celebratum,</strong></span> 
     </span>
    </p>
   </div>
   <div class='ocr_carea' id='block_1_94' title="bbox 2163 3090 3782 3147">
    <p class='ocr_par' dir='ltr' id='par_1_94' title="bbox 2163 3090 3782 3147">
     <span class='ocr_line' id='line_1_95' title="bbox 2163 3090 3782 3147; baseline -0.001 -1"><span class='ocrx_word' id='word_1_746' title='bbox 2163 3092 2468 3147; x_wconf 86' lang='lat' dir='ltr'><strong>exercitum</strong></span> <span class='ocrx_word' id='word_1_747' title='bbox 2497 3091 2550 3146; x_wconf 93' lang='lat' dir='ltr'><strong>in</strong></span> <span class='ocrx_word' id='word_1_748' title='bbox 2595 3091 2958 3146; x_wconf 88' lang='lat' dir='ltr'><strong>Brittanniam</strong></span> <span class='ocrx_word' id='word_1_749' title='bbox 2993 3090 3032 3121; x_wconf 81' lang='grc'><strong>¹⁷</strong></span> <span class='ocrx_word' id='word_1_750' title='bbox 3081 3090 3428 3145; x_wconf 90' lang='lat' dir='ltr'><strong>cismarinam</strong></span> <span class='ocrx_word' id='word_1_751' title='bbox 3471 3090 3513 3121; x_wconf 81' lang='lat'><strong>“&#39;</strong></span> <span class='ocrx_word' id='word_1_752' title='bbox 3552 3090 3782 3144; x_wconf 81' lang='lat' dir='ltr'><strong>mittere</strong></span> 
     </span>
    </p>
   </div>
   <div class='ocr_carea' id='block_1_95' title="bbox 2165 3179 3782 3252">
    <p class='ocr_par' dir='ltr' id='par_1_95' title="bbox 2165 3179 3782 3252">
     <span class='ocr_line' id='line_1_96' title="bbox 2165 3179 3782 3252; baseline -0.005 -11"><span class='ocrx_word' id='word_1_753' title='bbox 2165 3183 2465 3241; x_wconf 90' lang='lat' dir='ltr'><strong>constituit.</strong></span> <span class='ocrx_word' id='word_1_754' title='bbox 2506 3182 2644 3238; x_wconf 85' lang='lat' dir='ltr'><strong>Nam</strong></span> <span class='ocrx_word' id='word_1_755' title='bbox 2687 3198 2812 3238; x_wconf 91' lang='lat' dir='ltr'><strong>cum</strong></span> <span class='ocrx_word' id='word_1_756' title='bbox 2853 3182 2920 3237; x_wconf 89' lang='lat' dir='ltr'><strong>ab</strong></span> <span class='ocrx_word' id='word_1_757' title='bbox 2961 3181 3150 3252; x_wconf 83' lang='lat' dir='ltr'><strong>Anglis</strong></span> <span class='ocrx_word' id='word_1_758' title='bbox 3191 3196 3256 3236; x_wconf 89' lang='lat' dir='ltr'><strong>ac</strong></span> <span class='ocrx_word' id='word_1_759' title='bbox 3295 3179 3598 3236; x_wconf 84' lang='lat' dir='ltr'><strong>Saxonibus</strong></span> <span class='ocrx_word' id='word_1_760' title='bbox 3628 3181 3782 3234; x_wconf 90' lang='lat' dir='ltr'><strong>Brit-</strong></span> 
     </span>
    </p>
   </div>
   <div class='ocr_carea' id='block_1_96' title="bbox 2166 3270 3782 3342">
    <p class='ocr_par' dir='ltr' id='par_1_96' title="bbox 2166 3270 3782 3342">
     <span class='ocr_line' id='line_1_97' title="bbox 2166 3270 3782 3342; baseline -0.002 -12"><span class='ocrx_word' id='word_1_761' title='bbox 2166 3275 2352 3330; x_wconf 84' lang='lat' dir='ltr'><strong>ta&#39;nnia</strong></span> <span class='ocrx_word' id='word_1_762' title='bbox 2400 3273 2577 3330; x_wconf 90' lang='lat' dir='ltr'><strong>insula</strong></span> <span class='ocrx_word' id='word_1_763' title='bbox 2610 3273 2803 3329; x_wconf 78' lang='lat' dir='ltr'><strong>fuisset</strong></span> <span class='ocrx_word' id='word_1_764' title='bbox 2841 3273 3029 3327; x_wconf 82' lang='lat' dir='ltr'><strong>invasa</strong></span> <span class='ocrx_word' id='word_1_765' title='bbox 3060 3270 3127 3336; x_wconf 79' lang='lat'><strong>&quot;,</strong></span> <span class='ocrx_word' id='word_1_766' title='bbox 3159 3286 3350 3341; x_wconf 86' lang='lat' dir='ltr'><strong>magna</strong></span> <span class='ocrx_word' id='word_1_767' title='bbox 3395 3287 3520 3342; x_wconf 88' lang='lat' dir='ltr'><strong>pars</strong></span> <span class='ocrx_word' id='word_1_768' title='bbox 3563 3272 3782 3327; x_wconf 79' lang='lat' dir='ltr'><strong>incola-</strong></span> 
     </span>
    </p>
   </div>
   <div class='ocr_carea' id='block_1_97' title="bbox 2166 3360 3781 3427">
    <p class='ocr_par' dir='ltr' id='par_1_97' title="bbox 2166 3360 3781 3427">
     <span class='ocr_line' id='line_1_98' title="bbox 2166 3360 3781 3427; baseline -0.001 -7"><span class='ocrx_word' id='word_1_769' title='bbox 2166 3381 2289 3420; x_wconf 89' lang='lat' dir='ltr'><strong>rum</strong></span> <span class='ocrx_word' id='word_1_770' title='bbox 2318 3365 2438 3419; x_wconf 91' lang='lat' dir='ltr'><strong>eius</strong></span> <span class='ocrx_word' id='word_1_771' title='bbox 2468 3379 2619 3419; x_wconf 92' lang='lat' dir='ltr'><strong>mare</strong></span> <span class='ocrx_word' id='word_1_772' title='bbox 2650 3363 2930 3427; x_wconf 89' lang='lat' dir='ltr'><strong>traiciens,</strong></span> <span class='ocrx_word' id='word_1_773' title='bbox 2969 3362 3024 3416; x_wconf 92' lang='lat' dir='ltr'><strong>in</strong></span> <span class='ocrx_word' id='word_1_774' title='bbox 3068 3361 3275 3416; x_wconf 90' lang='lat' dir='ltr'><strong>ultimis</strong></span> <span class='ocrx_word' id='word_1_775' title='bbox 3320 3360 3526 3416; x_wconf 84' lang='lat' dir='ltr'><strong>Galliae</strong></span> <span class='ocrx_word' id='word_1_776' title='bbox 3565 3360 3781 3418; x_wconf 82' lang='lat' dir='ltr'><strong>ﬁnibus</strong></span> 
     </span>
    </p>
   </div>
   <div class='ocr_carea' id='block_1_98' title="bbox 2166 3453 3776 3524">
    <p class='ocr_par' dir='ltr' id='par_1_98' title="bbox 2166 3453 3776 3524">
     <span class='ocr_line' id='line_1_99' title="bbox 2166 3453 3776 3524; baseline -0.001 -14"><span class='ocrx_word' id='word_1_777' title='bbox 2166 3453 2498 3511; x_wconf 84' lang='lat' dir='ltr'><strong>Venetorum</strong></span> <span class='ocrx_word' id='word_1_778' title='bbox 2531 3463 2586 3509; x_wconf 89' lang='lat' dir='ltr'><strong>et</strong></span> <span class='ocrx_word' id='word_1_779' title='bbox 2611 3453 3064 3511; x_wconf 88' lang='lat' dir='ltr'><strong>Coriosolitarum</strong></span> <span class='ocrx_word' id='word_1_780' title='bbox 3096 3453 3142 3484; x_wconf 77' lang='lat'><strong>&#39;°</strong></span> <span class='ocrx_word' id='word_1_781' title='bbox 3172 3455 3421 3524; x_wconf 68' lang='lat' dir='ltr'><strong>regiones</strong></span> <span class='ocrx_word' id='word_1_782' title='bbox 3461 3456 3776 3523; x_wconf 81' lang='lat' dir='ltr'><strong>occupavit.</strong></span> 
     </span>
    </p>
   </div>
   <div class='ocr_carea' id='block_1_99' title="bbox 2165 3544 3781 3617">
    <p class='ocr_par' dir='ltr' id='par_1_99' title="bbox 2165 3544 3781 3617">
     <span class='ocr_line' id='line_1_100' title="bbox 2165 3544 3781 3617; baseline -0.001 -15"><span class='ocrx_word' id='word_1_783' title='bbox 2165 3546 2214 3602; x_wconf 89' lang='lat' dir='ltr'><strong>ls</strong></span> <span class='ocrx_word' id='word_1_784' title='bbox 2235 3547 2465 3617; x_wconf 89' lang='lat' dir='ltr'><strong>populus</strong></span> <span class='ocrx_word' id='word_1_785' title='bbox 2486 3561 2516 3601; x_wconf 72' lang='grc' dir='ltr'><strong>τι</strong></span> <span class='ocrx_word' id='word_1_786' title='bbox 2548 3546 2766 3617; x_wconf 86' lang='lat' dir='ltr'><strong>regibus</strong></span> <span class='ocrx_word' id='word_1_787' title='bbox 2799 3544 3136 3601; x_wconf 87' lang='lat' dir='ltr'><strong>Francorum</strong></span> <span class='ocrx_word' id='word_1_788' title='bbox 3159 3545 3417 3600; x_wconf 89' lang='lat' dir='ltr'><strong>subactus</strong></span> <span class='ocrx_word' id='word_1_789' title='bbox 3442 3560 3506 3600; x_wconf 90' lang='lat' dir='ltr'><strong>ac</strong></span> <span class='ocrx_word' id='word_1_790' title='bbox 3537 3546 3781 3601; x_wconf 84' lang='lat' dir='ltr'><strong>tribula-</strong></span> 
     </span>
    </p>
   </div>
   <div class='ocr_carea' id='block_1_100' title="bbox 2171 3634 3778 3704">
    <p class='ocr_par' dir='ltr' id='par_1_100' title="bbox 2171 3634 3778 3704">
     <span class='ocr_line' id='line_1_101' title="bbox 2171 3634 3778 3704; baseline 0.001 -14"><span class='ocrx_word' id='word_1_791' title='bbox 2171 3636 2283 3690; x_wconf 88' lang='lat' dir='ltr'><strong>rius</strong></span> <span class='ocrx_word' id='word_1_792' title='bbox 2313 3635 2506 3700; x_wconf 83' lang='lat' dir='ltr'><strong>factus,</strong></span> <span class='ocrx_word' id='word_1_793' title='bbox 2555 3636 2850 3704; x_wconf 90' lang='lat' dir='ltr'><strong>inpositum</strong></span> <span class='ocrx_word' id='word_1_794' title='bbox 2900 3635 3004 3689; x_wconf 87' lang='lat' dir='ltr'><strong>sibi</strong></span> <span class='ocrx_word' id='word_1_795' title='bbox 3052 3634 3326 3703; x_wconf 83' lang='lat' dir='ltr'><strong>vectigal,</strong></span> <span class='ocrx_word' id='word_1_796' title='bbox 3377 3634 3502 3690; x_wconf 87' lang='lat' dir='ltr'><strong>licet</strong></span> <span class='ocrx_word' id='word_1_797' title='bbox 3543 3635 3778 3700; x_wconf 77' lang='lat' dir='ltr'><strong>invitus,</strong></span> 
     </span>
    </p>
   </div>
   <div class='ocr_carea' id='block_1_101' title="bbox 2168 3724 3782 3794">
    <p class='ocr_par' dir='ltr' id='par_1_101' title="bbox 2168 3724 3782 3794">
     <span class='ocr_line' id='line_1_102' title="bbox 2168 3724 3782 3794; baseline 0.001 -14"><span class='ocrx_word' id='word_1_798' title='bbox 2168 3725 2380 3780; x_wconf 90' lang='lat' dir='ltr'><strong>solvere</strong></span> <span class='ocrx_word' id='word_1_799' title='bbox 2409 3725 2640 3780; x_wconf 89' lang='lat' dir='ltr'><strong>solebat.</strong></span> <span class='ocrx_word' id='word_1_800' title='bbox 2686 3724 2932 3793; x_wconf 88' lang='lat' dir='ltr'><strong>Cumque</strong></span> <span class='ocrx_word' id='word_1_801' title='bbox 2978 3738 3044 3779; x_wconf 88' lang='lat' dir='ltr'><strong>eo</strong></span> <span class='ocrx_word' id='word_1_802' title='bbox 3079 3731 3324 3794; x_wconf 88' lang='lat' dir='ltr'><strong>tempore</strong></span> <span class='ocrx_word' id='word_1_803' title='bbox 3367 3725 3511 3780; x_wconf 91' lang='lat' dir='ltr'><strong>dicto</strong></span> <span class='ocrx_word' id='word_1_804' title='bbox 3542 3727 3782 3782; x_wconf 87' lang='lat' dir='ltr'><strong>audiens</strong></span> 
     </span>
    </p>
   </div>
   <div class='ocr_carea' id='block_1_102' title="bbox 2169 3813 3780 3884">
    <p class='ocr_par' dir='ltr' id='par_1_102' title="bbox 2169 3813 3780 3884">
     <span class='ocr_line' id='line_1_103' title="bbox 2169 3813 3780 3884; baseline 0 -14"><span class='ocrx_word' id='word_1_805' title='bbox 2169 3831 2278 3871; x_wconf 91' lang='lat' dir='ltr'><strong>non</strong></span> <span class='ocrx_word' id='word_1_806' title='bbox 2323 3823 2501 3880; x_wconf 89' lang='lat' dir='ltr'><strong>esset,</strong></span> <span class='ocrx_word' id='word_1_807' title='bbox 2535 3815 2736 3870; x_wconf 91' lang='lat' dir='ltr'><strong>missus</strong></span> <span class='ocrx_word' id='word_1_808' title='bbox 2773 3813 2900 3868; x_wconf 91' lang='lat' dir='ltr'><strong>illuc</strong></span> <span class='ocrx_word' id='word_1_809' title='bbox 2947 3814 3132 3884; x_wconf 85' lang='lat' dir='ltr'><strong>regiae</strong></span> <span class='ocrx_word' id='word_1_810' title='bbox 3165 3829 3385 3868; x_wconf 90' lang='lat' dir='ltr'><strong>mensae</strong></span> <span class='ocrx_word' id='word_1_811' title='bbox 3431 3815 3780 3883; x_wconf 86' lang='lat' dir='ltr'><strong>praepositus</strong></span> 
     </span>
    </p>
   </div>
   <div class='ocr_carea' id='block_1_103' title="bbox 2167 3903 3782 3976">
    <p class='ocr_par' dir='ltr' id='par_1_103' title="bbox 2167 3903 3782 3976">
     <span class='ocr_line' id='line_1_104' title="bbox 2167 3903 3782 3976; baseline -0.001 -16"><span class='ocrx_word' id='word_1_812' title='bbox 2167 3905 2453 3971; x_wconf 81' lang='lat' dir='ltr'><strong>Audull‘us,</strong></span> <span class='ocrx_word' id='word_1_813' title='bbox 2491 3904 2729 3976; x_wconf 70' lang='lat' dir='ltr'><strong>perfidae</strong></span> <span class='ocrx_word' id='word_1_814' title='bbox 2749 3903 2926 3974; x_wconf 89' lang='lat' dir='ltr'><strong>gentis</strong></span> <span class='ocrx_word' id='word_1_815' title='bbox 2960 3904 3350 3959; x_wconf 87' lang='lat' dir='ltr'><strong>contumatiam</strong></span> <span class='ocrx_word' id='word_1_816' title='bbox 3385 3906 3525 3960; x_wconf 86' lang='lat' dir='ltr'><strong>mira</strong></span> <span class='ocrx_word' id='word_1_817' title='bbox 3555 3905 3596 3935; x_wconf 83' lang='grc'>¹¹</span> <span class='ocrx_word' id='word_1_818' title='bbox 3629 3906 3782 3960; x_wconf 87' lang='lat' dir='ltr'><strong>cele-</strong></span> 
     </span>
    </p>
   </div>
   <div class='ocr_carea' id='block_1_104' title="bbox 2170 3994 3776 4066">
    <p class='ocr_par' dir='ltr' id='par_1_104' title="bbox 2170 3994 3776 4066">
     <span class='ocr_line' id='line_1_105' title="bbox 2170 3994 3776 4066; baseline -0.001 -13"><span class='ocrx_word' id='word_1_819' title='bbox 2170 3998 2334 4053; x_wconf 90' lang='lat' dir='ltr'><strong>ritate</strong></span> <span class='ocrx_word' id='word_1_820' title='bbox 2357 3996 2714 4066; x_wconf 89' lang='lat' dir='ltr'><strong>compressit,</strong></span> <span class='ocrx_word' id='word_1_821' title='bbox 2757 3996 2981 4066; x_wconf 90' lang='lat' dir='ltr'><strong>regique</strong></span> <span class='ocrx_word' id='word_1_822' title='bbox 3005 3995 3150 4064; x_wconf 89' lang='lat' dir='ltr'><strong>apud</strong></span> <span class='ocrx_word' id='word_1_823' title='bbox 3177 3994 3544 4051; x_wconf 85' lang='lat' dir='ltr'><strong>Wormaciam</strong></span> <span class='ocrx_word' id='word_1_824' title='bbox 3579 4005 3638 4050; x_wconf 89' lang='lat' dir='ltr'><strong>et</strong></span> <span class='ocrx_word' id='word_1_825' title='bbox 3671 3997 3776 4052; x_wconf 83' lang='lat' dir='ltr'><strong>ob-</strong></span> 
     </span>
    </p>
   </div>
   <div class='ocr_carea' id='block_1_105' title="bbox 2169 4087 3776 4161">
    <p class='ocr_par' dir='ltr' id='par_1_105' title="bbox 2169 4087 3776 4161">
     <span class='ocr_line' id='line_1_106' title="bbox 2169 4087 3776 4161; baseline 0 -17"><span class='ocrx_word' id='word_1_826' title='bbox 2169 4089 2314 4145; x_wconf 88' lang='lat' dir='ltr'><strong>sides</strong></span> <span class='ocrx_word' id='word_1_827' title='bbox 2341 4104 2478 4158; x_wconf 88' lang='lat' dir='ltr'><strong>quos</strong></span> <span class='ocrx_word' id='word_1_828' title='bbox 2506 4095 2814 4158; x_wconf 84' lang='lat' dir='ltr'><strong>acceperat.</strong></span> <span class='ocrx_word' id='word_1_829' title='bbox 2847 4097 2902 4141; x_wconf 90' lang='lat' dir='ltr'><strong>et</strong></span> <span class='ocrx_word' id='word_1_830' title='bbox 2927 4087 3234 4157; x_wconf 83' lang='lat' dir='ltr'><strong>complures</strong></span> <span class='ocrx_word' id='word_1_831' title='bbox 3265 4102 3331 4143; x_wconf 89' lang='lat' dir='ltr'><strong>ex</strong></span> <span class='ocrx_word' id='word_1_832' title='bbox 3356 4087 3539 4161; x_wconf 83' lang='lat' dir='ltr'><strong>populi</strong></span> <span class='ocrx_word' id='word_1_833' title='bbox 3567 4089 3776 4158; x_wconf 85' lang='lat' dir='ltr'><strong>primo-</strong></span> 
     </span>
    </p>
   </div>
   <div class='ocr_carea' id='block_1_106' title="bbox 2170 4179 3780 4249">
    <p class='ocr_par' dir='ltr' id='par_1_106' title="bbox 2170 4179 3780 4249">
     <span class='ocr_line' id='line_1_107' title="bbox 2170 4179 3780 4249; baseline 0.002 -16"><span class='ocrx_word' id='word_1_834' title='bbox 2170 4180 2323 4237; x_wconf 88' lang='lat' dir='ltr'><strong>ribus</strong></span> <span class='ocrx_word' id='word_1_835' title='bbox 2346 4179 2589 4234; x_wconf 89' lang='lat' dir='ltr'><strong>adduxit.</strong></span> <span class='ocrx_word' id='word_1_836' title='bbox 2621 4179 2756 4243; x_wconf 82' lang='lat' dir='ltr'><strong>Rex,</strong></span> <span class='ocrx_word' id='word_1_837' title='bbox 2790 4194 2926 4247; x_wconf 89' lang='lat' dir='ltr'><strong>pace</strong></span> <span class='ocrx_word' id='word_1_838' title='bbox 2961 4179 3200 4248; x_wconf 90' lang='lat' dir='ltr'><strong>undique</strong></span> <span class='ocrx_word' id='word_1_839' title='bbox 3228 4188 3403 4249; x_wconf 87' lang='lat' dir='ltr'><strong>parta,</strong></span> <span class='ocrx_word' id='word_1_840' title='bbox 3442 4183 3636 4242; x_wconf 86' lang='lat' dir='ltr'><strong>statuit</strong></span> <span class='ocrx_word' id='word_1_841' title='bbox 3671 4183 3780 4238; x_wconf 78' lang='lat' dir='ltr'><strong>Ro-</strong></span> 
     </span>
    </p>
   </div>
   <div class='ocr_carea' id='block_1_107' title="bbox 2171 4269 3772 4341">
    <p class='ocr_par' dir='ltr' id='par_1_107' title="bbox 2171 4269 3772 4341">
     <span class='ocr_line' id='line_1_108' title="bbox 2171 4269 3772 4341; baseline 0.001 -14"><span class='ocrx_word' id='word_1_842' title='bbox 2171 4287 2315 4327; x_wconf 88' lang='lat' dir='ltr'><strong>mam</strong></span> <span class='ocrx_word' id='word_1_843' title='bbox 2344 4271 2650 4341; x_wconf 84' lang='lat' dir='ltr'><strong>proﬂcisci,</strong></span> <span class='ocrx_word' id='word_1_844' title='bbox 2697 4279 2752 4325; x_wconf 91' lang='lat' dir='ltr'><strong>et</strong></span> <span class='ocrx_word' id='word_1_845' title='bbox 2783 4279 2994 4340; x_wconf 85' lang='lat' dir='ltr'><strong>partem</strong></span> <span class='ocrx_word' id='word_1_846' title='bbox 3040 4269 3228 4325; x_wconf 83' lang='lat' dir='ltr'><strong>Italiae</strong></span> <span class='ocrx_word' id='word_1_847' title='bbox 3253 4286 3395 4340; x_wconf 88' lang='lat' dir='ltr'><strong>quae</strong></span> <span class='ocrx_word' id='word_1_848' title='bbox 3424 4288 3570 4328; x_wconf 91' lang='lat' dir='ltr'><strong>nunc</strong></span> <span class='ocrx_word' id='word_1_849' title='bbox 3597 4272 3772 4330; x_wconf 87' lang='lat' dir='ltr'><strong>Bene-</strong></span> 
     </span>
    </p>
   </div>
   <div class='ocr_carea' id='block_1_108' title="bbox 2171 4361 3775 4429">
    <p class='ocr_par' dir='ltr' id='par_1_108' title="bbox 2171 4361 3775 4429">
     <span class='ocr_line' id='line_1_109' title="bbox 2171 4361 3775 4429; baseline 0.001 -13"><span class='ocrx_word' id='word_1_850' title='bbox 2171 4369 2366 4416; x_wconf 89' lang='lat' dir='ltr'><strong>ventus</strong></span> <span class='ocrx_word' id='word_1_851' title='bbox 2395 4363 2440 4393; x_wconf 82' lang='lat'><strong>&quot;</strong></span> <span class='ocrx_word' id='word_1_852' title='bbox 2467 4369 2693 4418; x_wconf 86' lang='lat' dir='ltr'><strong>vocatur</strong></span> <span class='ocrx_word' id='word_1_853' title='bbox 2725 4361 2773 4391; x_wconf 82' lang='lat'><strong>&quot;</strong></span> <span class='ocrx_word' id='word_1_854' title='bbox 2804 4361 3058 4429; x_wconf 86' lang='lat' dir='ltr'><strong>adgredi,</strong></span> <span class='ocrx_word' id='word_1_855' title='bbox 3106 4361 3437 4416; x_wconf 85' lang='lat' dir='ltr'><strong>conveniens</strong></span> <span class='ocrx_word' id='word_1_856' title='bbox 3475 4377 3596 4418; x_wconf 89' lang='lat' dir='ltr'><strong>esse</strong></span> <span class='ocrx_word' id='word_1_857' title='bbox 3623 4365 3775 4419; x_wconf 84' lang='lat' dir='ltr'><strong>arbi-</strong></span> 
     </span>
    </p>
   </div>
   <div class='ocr_carea' id='block_1_109' title="bbox 2174 4449 3774 4521">
    <p class='ocr_par' dir='ltr' id='par_1_109' title="bbox 2174 4449 3774 4521">
     <span class='ocr_line' id='line_1_110' title="bbox 2174 4449 3774 4521; baseline 0.001 -15"><span class='ocrx_word' id='word_1_858' title='bbox 2174 4459 2386 4516; x_wconf 86' lang='lat' dir='ltr'><strong>tratus,</strong></span> <span class='ocrx_word' id='word_1_859' title='bbox 2439 4459 2501 4506; x_wconf 90' lang='lat' dir='ltr'><strong>ut</strong></span> <span class='ocrx_word' id='word_1_860' title='bbox 2553 4450 2698 4506; x_wconf 90' lang='lat' dir='ltr'><strong>illius</strong></span> <span class='ocrx_word' id='word_1_861' title='bbox 2747 4451 2900 4521; x_wconf 91' lang='lat' dir='ltr'><strong>regni</strong></span> <span class='ocrx_word' id='word_1_862' title='bbox 2954 4449 3226 4505; x_wconf 89' lang='lat' dir='ltr'><strong>residuam</strong></span> <span class='ocrx_word' id='word_1_863' title='bbox 3281 4452 3587 4520; x_wconf 90' lang='lat' dir='ltr'><strong>portionem</strong></span> <span class='ocrx_word' id='word_1_864' title='bbox 3639 4469 3774 4508; x_wconf 83' lang='lat' dir='ltr'><strong>suae</strong></span> 
     </span>
    </p>
   </div>
   <div class='ocr_carea' id='block_1_110' title="bbox 2573 4557 3411 4616">
    <p class='ocr_par' dir='ltr' id='par_1_110' title="bbox 2573 4557 3411 4616">
     <span class='ocr_line' id='line_1_111' title="bbox 2573 4557 3411 4616; baseline 0.002 -2"><span class='ocrx_word' id='word_1_865' title='bbox 2573 4557 2966 4614; x_wconf 81' lang='lat' dir='ltr'><strong>VARIANTES</strong></span> <span class='ocrx_word' id='word_1_866' title='bbox 3003 4558 3302 4616; x_wconf 82' lang='lat' dir='ltr'><strong>LECTION</strong></span> <span class='ocrx_word' id='word_1_867' title='bbox 3307 4559 3411 4616; x_wconf 85' lang='lat' dir='ltr'><strong>ES.</strong></span> 
     </span>
    </p>
   </div>
   <div class='ocr_carea' id='block_1_111' title="bbox 2214 4668 3772 4744">
    <p class='ocr_par' dir='ltr' id='par_1_111' title="bbox 2214 4668 3772 4744">
     <span class='ocr_line' id='line_1_112' title="bbox 2214 4668 3772 4744; baseline -0.006 -18"><span class='ocrx_word' id='word_1_868' title='bbox 2214 4673 2229 4703; x_wconf 83' lang='grc'>⁸</span> <span class='ocrx_word' id='word_1_869' title='bbox 2247 4669 2624 4744; x_wconf 64' lang='lat' dir='ltr'><strong>Widogindum</strong></span> <span class='ocrx_word' id='word_1_870' title='bbox 2637 4669 2690 4744; x_wconf 83' lang='lat'><strong>2.</strong></span> <span class='ocrx_word' id='word_1_871' title='bbox 2705 4668 3056 4744; x_wconf 37' lang='lat' dir='ltr'><strong>widilti‘ndum</strong></span> <span class='ocrx_word' id='word_1_872' title='bbox 3070 4669 3121 4723; x_wconf 80' lang='lat'><strong>&#39;5.</strong></span> <span class='ocrx_word' id='word_1_873' title='bbox 3137 4669 3190 4744; x_wconf 77' lang='lat'><strong>7.</strong></span> <span class='ocrx_word' id='word_1_874' title='bbox 3207 4669 3262 4724; x_wconf 91' lang='lat'><strong>9.</strong></span> <span class='ocrx_word' id='word_1_875' title='bbox 3311 4671 3331 4700; x_wconf 80' lang='lat'>&#39;</span> <span class='ocrx_word' id='word_1_876' title='bbox 3345 4669 3410 4724; x_wconf 92' lang='lat' dir='ltr'><strong>ad</strong></span> <span class='ocrx_word' id='word_1_877' title='bbox 3428 4688 3604 4744; x_wconf 78' lang='lat' dir='ltr'><strong>omnes</strong></span> <span class='ocrx_word' id='word_1_878' title='bbox 3617 4690 3772 4744; x_wconf 74' lang='grc' dir='ltr'><strong>ργαε-</strong></span> 
     </span>
    </p>
   </div>
   <div class='ocr_carea' id='block_1_112' title="bbox 2176 4738 3768 4822">
    <p class='ocr_par' dir='ltr' id='par_1_112' title="bbox 2176 4738 3768 4822">
     <span class='ocr_line' id='line_1_113' title="bbox 2176 4738 3768 4822; baseline 0.003 -27"><span class='ocrx_word' id='word_1_879' title='bbox 2176 4751 2255 4822; x_wconf 60' lang='grc' dir='ltr'><strong>τίν</strong></span> <span class='ocrx_word' id='word_1_880' title='bbox 2360 4738 2450 4811; x_wconf 71' lang='lat' dir='ltr'><strong>qui</strong></span> <span class='ocrx_word' id='word_1_881' title='bbox 2475 4749 2531 4795; x_wconf 90' lang='lat' dir='ltr'><strong>et</strong></span> <span class='ocrx_word' id='word_1_882' title='bbox 2556 4739 2723 4822; x_wconf 31' lang='lat' dir='ltr'><strong>legit):</strong></span> <span class='ocrx_word' id='word_1_883' title='bbox 2756 4739 2823 4822; x_wconf 84' lang='lat' dir='ltr'><strong>ad</strong></span> <span class='ocrx_word' id='word_1_884' title='bbox 2853 4738 3143 4795; x_wconf 87' lang='lat' dir='ltr'><strong>abbionem</strong></span> <span class='ocrx_word' id='word_1_885' title='bbox 3172 4738 3768 4822; x_wconf 30' lang='lat' dir='ltr'><strong>locooapud.&#39;abbionem</strong></span> 
     </span>
    </p>
   </div>
   <div class='ocr_carea' id='block_1_113' title="bbox 2177 4809 3765 4880">
    <p class='ocr_par' dir='ltr' id='par_1_113' title="bbox 2177 4809 3765 4880">
     <span class='ocr_line' id='line_1_114' title="bbox 2177 4809 3765 4880; baseline 0.001 -16"><span class='ocrx_word' id='word_1_886' title='bbox 2177 4811 2283 4880; x_wconf 81' lang='lat' dir='ltr'><strong>dici</strong></span> <span class='ocrx_word' id='word_1_887' title='bbox 2311 4809 2460 4880; x_wconf 80' lang='lat' dir='ltr'><strong>posse</strong></span> <span class='ocrx_word' id='word_1_888' title='bbox 2505 4809 2618 4863; x_wconf 52' lang='lat' dir='ltr'><strong>non&#39;</strong></span> <span class='ocrx_word' id='word_1_889' title='bbox 2638 4809 2872 4880; x_wconf 68' lang='lat' dir='ltr'><strong>videtur,</strong></span> <span class='ocrx_word' id='word_1_890' title='bbox 2916 4825 3081 4880; x_wconf 88' lang='lat' dir='ltr'><strong>quare</strong></span> <span class='ocrx_word' id='word_1_891' title='bbox 3106 4823 3171 4863; x_wconf 90' lang='lat' dir='ltr'><strong>ac</strong></span> <span class='ocrx_word' id='word_1_892' title='bbox 3202 4809 3552 4880; x_wconf 83' lang='lat' dir='ltr'><strong>recipiendum</strong></span> <span class='ocrx_word' id='word_1_893' title='bbox 3581 4817 3765 4866; x_wconf 81' lang='lat' dir='ltr'><strong>statui.</strong></span> 
     </span>
    </p>
   </div>
   <div class='ocr_carea' id='block_1_114' title="bbox 2179 4878 3766 4952">
    <p class='ocr_par' dir='ltr' id='par_1_114' title="bbox 2179 4878 3766 4952">
     <span class='ocr_line' id='line_1_115' title="bbox 2179 4878 3766 4952; baseline 0.003 -19"><span class='ocrx_word' id='word_1_894' title='bbox 2179 4878 2374 4952; x_wconf 66' lang='grc' dir='ltr'><strong>Ροειὶι⁸</strong></span> <span class='ocrx_word' id='word_1_895' title='bbox 2403 4880 2560 4952; x_wconf 67' lang='lat' dir='ltr'><strong>etiam</strong></span> <span class='ocrx_word' id='word_1_896' title='bbox 2643 4878 2786 4952; x_wconf 60' lang='lat' dir='ltr'><strong>Saago</strong></span> <span class='ocrx_word' id='word_1_897' title='bbox 2823 4878 2950 4952; x_wconf 76' lang='lat' dir='ltr'><strong>__uut</strong></span> <span class='ocrx_word' id='word_1_898' title='bbox 3003 4893 3066 4934; x_wconf 90' lang='lat' dir='ltr'><strong>ac</strong></span> <span class='ocrx_word' id='word_1_899' title='bbox 3121 4887 3215 4952; x_wconf 81' lang='lat' dir='ltr'><strong>aut</strong></span> <span class='ocrx_word' id='word_1_900' title='bbox 3269 4878 3322 4952; x_wconf 66' lang='lat' dir='ltr'><strong>et</strong></span> <span class='ocrx_word' id='word_1_901' title='bbox 3370 4879 3555 4952; x_wconf 74' lang='lat' dir='ltr'><strong>legisse</strong></span> <span class='ocrx_word' id='word_1_902' title='bbox 3621 4884 3766 4938; x_wconf 73' lang='lat' dir='ltr'><strong>vide-</strong></span> 
     </span>
    </p>
   </div>
   <div class='ocr_carea' id='block_1_115' title="bbox 2178 4948 3763 5019">
    <p class='ocr_par' dir='ltr' id='par_1_115' title="bbox 2178 4948 3763 5019">
     <span class='ocr_line' id='line_1_116' title="bbox 2178 4948 3763 5019; baseline 0.001 -15"><span class='ocrx_word' id='word_1_903' title='bbox 2178 4959 2283 5004; x_wconf 83' lang='lat' dir='ltr'><strong>tur.</strong></span> <span class='ocrx_word' id='word_1_904' title='bbox 2359 4949 2379 4980; x_wconf 84' lang='grc'><em>³</em></span> <span class='ocrx_word' id='word_1_905' title='bbox 2415 4949 2700 5014; x_wconf 90' lang='lat' dir='ltr'><strong>albionem,</strong></span> <span class='ocrx_word' id='word_1_906' title='bbox 2728 4949 2872 5017; x_wconf 83' lang='lat' dir='ltr'><strong>facili</strong></span> <span class='ocrx_word' id='word_1_907' title='bbox 2907 4948 3222 5019; x_wconf 81' lang='lat' dir='ltr'><strong>corruptela,</strong></span> <span class='ocrx_word' id='word_1_908' title='bbox 3271 4949 3324 5004; x_wconf 76' lang='grc' dir='ltr'><strong>ὅ.</strong></span> <span class='ocrx_word' id='word_1_909' title='bbox 3368 4948 3506 5005; x_wconf 68' lang='grc' dir='ltr'><strong>4ξ5.</strong></span> <span class='ocrx_word' id='word_1_910' title='bbox 3543 4952 3598 5007; x_wconf 88' lang='grc'><strong>6.</strong></span> <span class='ocrx_word' id='word_1_911' title='bbox 3629 4952 3683 5006; x_wconf 88' lang='grc'><strong>7.</strong></span> <span class='ocrx_word' id='word_1_912' title='bbox 3713 4953 3763 5008; x_wconf 89' lang='lat'><strong>9.</strong></span> 
     </span>
    </p>
   </div>
   <div class='ocr_carea' id='block_1_116' title="bbox 2181 5019 3768 5088">
    <p class='ocr_par' dir='ltr' id='par_1_116' title="bbox 2181 5019 3768 5088">
     <span class='ocr_line' id='line_1_117' title="bbox 2181 5019 3768 5088; baseline 0.003 -14"><span class='ocrx_word' id='word_1_913' title='bbox 2181 5019 2203 5050; x_wconf 73' lang='grc' dir='ltr'>δ</span> <span class='ocrx_word' id='word_1_914' title='bbox 2229 5019 2591 5074; x_wconf 73' lang='lat' dir='ltr'><strong>tranSalbiona</strong></span> <span class='ocrx_word' id='word_1_915' title='bbox 2617 5019 2670 5072; x_wconf 90' lang='lat'><strong>9.</strong></span> <span class='ocrx_word' id='word_1_916' title='bbox 2699 5019 3468 5088; x_wconf 88' lang='lat' dir='ltr'><strong>transalbinam—regionem</strong></span> <span class='ocrx_word' id='word_1_917' title='bbox 3495 5021 3546 5076; x_wconf 92' lang='lat'><strong>7.</strong></span> <span class='ocrx_word' id='word_1_918' title='bbox 3624 5023 3646 5053; x_wconf 84' lang='grc'><strong><em>⁸</em></strong></span> <span class='ocrx_word' id='word_1_919' title='bbox 3675 5039 3768 5078; x_wconf 82' lang='lat' dir='ltr'><strong>eos</strong></span> 
     </span>
    </p>
   </div>
   <div class='ocr_carea' id='block_1_117' title="bbox 2181 5088 3763 5148">
    <p class='ocr_par' dir='ltr' id='par_1_117' title="bbox 2181 5088 3763 5148">
     <span class='ocr_line' id='line_1_118' title="bbox 2181 5088 3763 5148; baseline 0.002 -5"><span class='ocrx_word' id='word_1_920' title='bbox 2181 5107 2358 5144; x_wconf 88' lang='lat' dir='ltr'><strong>omnes</strong></span> <span class='ocrx_word' id='word_1_921' title='bbox 2403 5098 2610 5148; x_wconf 79' lang='lat' dir='ltr'><strong>praeter</strong></span> <span class='ocrx_word' id='word_1_922' title='bbox 2658 5088 2710 5142; x_wconf 92' lang='lat'><strong>7.</strong></span> <span class='ocrx_word' id='word_1_923' title='bbox 2756 5097 2813 5141; x_wconf 91' lang='lat' dir='ltr'><strong>et</strong></span> <span class='ocrx_word' id='word_1_924' title='bbox 2853 5089 2906 5144; x_wconf 90' lang='lat'><strong>9.</strong></span> <span class='ocrx_word' id='word_1_925' title='bbox 3019 5089 3040 5119; x_wconf 84' lang='grc'><strong><em>⁸</em></strong></span> <span class='ocrx_word' id='word_1_926' title='bbox 3083 5089 3386 5144; x_wconf 89' lang='lat' dir='ltr'><strong>ambierent</strong></span> <span class='ocrx_word' id='word_1_927' title='bbox 3434 5089 3484 5144; x_wconf 80' lang='grc'><strong>1⁸.</strong></span> <span class='ocrx_word' id='word_1_928' title='bbox 3525 5091 3581 5146; x_wconf 87' lang='lat'><strong>2.</strong></span> <span class='ocrx_word' id='word_1_929' title='bbox 3627 5092 3683 5147; x_wconf 81' lang='lat'><strong>5.</strong></span> <span class='ocrx_word' id='word_1_930' title='bbox 3712 5096 3763 5148; x_wconf 89' lang='lat'><strong>6.</strong></span> 
     </span>
    </p>
   </div>
   <div class='ocr_carea' id='block_1_118' title="bbox 2179 5157 3763 5218">
    <p class='ocr_par' dir='ltr' id='par_1_118' title="bbox 2179 5157 3763 5218">
     <span class='ocr_line' id='line_1_119' title="bbox 2179 5157 3763 5218; baseline 0.001 -5"><span class='ocrx_word' id='word_1_931' title='bbox 2179 5161 2198 5191; x_wconf 92' lang='lat'><strong><em>&quot;</em></strong></span> <span class='ocrx_word' id='word_1_932' title='bbox 2230 5160 2370 5213; x_wconf 83' lang='lat' dir='ltr'><strong>deest</strong></span> <span class='ocrx_word' id='word_1_933' title='bbox 2399 5157 2451 5212; x_wconf 84' lang='lat'><strong>7.</strong></span> <span class='ocrx_word' id='word_1_934' title='bbox 2579 5157 2601 5189; x_wconf 88' lang='grc'><strong><em>⁸</em></strong></span> <span class='ocrx_word' id='word_1_935' title='bbox 2630 5173 2682 5212; x_wconf 91' lang='lat' dir='ltr'><strong>c.</strong></span> <span class='ocrx_word' id='word_1_936' title='bbox 2713 5172 2773 5218; x_wconf 84' lang='lat' dir='ltr'><strong>se</strong></span> <span class='ocrx_word' id='word_1_937' title='bbox 2801 5159 2855 5215; x_wconf 91' lang='lat'><strong>7.</strong></span> <span class='ocrx_word' id='word_1_938' title='bbox 2968 5157 2989 5189; x_wconf 84' lang='lat'><strong>’</strong></span> <span class='ocrx_word' id='word_1_939' title='bbox 3027 5159 3168 5212; x_wconf 84' lang='lat' dir='ltr'><strong>deest</strong></span> <span class='ocrx_word' id='word_1_940' title='bbox 3194 5158 3248 5212; x_wconf 90' lang='lat'><strong>9.</strong></span> <span class='ocrx_word' id='word_1_941' title='bbox 3376 5159 3420 5190; x_wconf 82' lang='grc'>¹⁶</span> <span class='ocrx_word' id='word_1_942' title='bbox 3445 5163 3669 5217; x_wconf 86' lang='lat' dir='ltr'><strong>attinico</strong></span> <span class='ocrx_word' id='word_1_943' title='bbox 3715 5164 3763 5216; x_wconf 84' lang='lat' dir='ltr'><strong>l.</strong></span> 
     </span>
    </p>
   </div>
   <div class='ocr_carea' id='block_1_119' title="bbox 2184 5227 3767 5300">
    <p class='ocr_par' dir='ltr' id='par_1_119' title="bbox 2184 5227 3767 5300">
     <span class='ocr_line' id='line_1_120' title="bbox 2184 5227 3767 5300; baseline -0.002 -16"><span class='ocrx_word' id='word_1_944' title='bbox 2184 5231 2224 5262; x_wconf 82' lang='grc'>¹¹</span> <span class='ocrx_word' id='word_1_945' title='bbox 2256 5227 2511 5300; x_wconf 77' lang='lat' dir='ltr'><strong>baptisati</strong></span> <span class='ocrx_word' id='word_1_946' title='bbox 2540 5227 2605 5300; x_wconf 62' lang='lat'><strong>2.</strong></span> <span class='ocrx_word' id='word_1_947' title='bbox 2632 5227 2703 5300; x_wconf 70' lang='lat'><strong>7._</strong></span> <span class='ocrx_word' id='word_1_948' title='bbox 2725 5228 2777 5282; x_wconf 89' lang='lat'><strong>9.</strong></span> <span class='ocrx_word' id='word_1_949' title='bbox 2875 5229 2917 5259; x_wconf 80' lang='grc'>⁸¹</span> <span class='ocrx_word' id='word_1_950' title='bbox 2949 5229 3308 5300; x_wconf 72' lang='lat' dir='ltr'><strong>accersendos</strong></span> <span class='ocrx_word' id='word_1_951' title='bbox 3337 5229 3388 5281; x_wconf 90' lang='lat'><strong>7.</strong></span> <span class='ocrx_word' id='word_1_952' title='bbox 3422 5229 3477 5284; x_wconf 91' lang='lat'><strong>9.</strong></span> <span class='ocrx_word' id='word_1_953' title='bbox 3578 5232 3621 5266; x_wconf 75' lang='lat'>&quot;</span> <span class='ocrx_word' id='word_1_954' title='bbox 3647 5247 3767 5300; x_wconf 84' lang='lat' dir='ltr'><strong>per-</strong></span> 
     </span>
    </p>
   </div>
   <div class='ocr_carea' id='block_1_120' title="bbox 2570 5247 3764 5367">
    <p class='ocr_par' dir='ltr' id='par_1_120' title="bbox 2570 5247 3764 5367">
     <span class='ocr_line' id='line_1_121' title="bbox 2570 5247 3764 5286; baseline 0.006 -7"><span class='ocrx_word' id='word_1_955' title='bbox 2570 5247 2595 5280; x_wconf 78' lang='grc'><strong>;.</strong></span> <span class='ocrx_word' id='word_1_956' title='bbox 2641 5247 2684 5280; x_wconf 87' lang='grc' dir='ltr'><strong>Ι.</strong></span> <span class='ocrx_word' id='word_1_957' title='bbox 2725 5247 2777 5282; x_wconf 68' lang='grc' dir='ltr'><strong>υ.</strong></span> <span class='ocrx_word' id='word_1_958' title='bbox 2875 5247 2917 5259; x_wconf 87' lang='grc'><strong><em>⁸⁵</em></strong></span> <span class='ocrx_word' id='word_1_959' title='bbox 2949 5247 3308 5282; x_wconf 85' lang='lat' dir='ltr'><strong>accerseuaos</strong></span> <span class='ocrx_word' id='word_1_960' title='bbox 3346 5247 3388 5281; x_wconf 84' lang='grc' dir='ltr'><strong>Ι.</strong></span> <span class='ocrx_word' id='word_1_961' title='bbox 3422 5247 3477 5284; x_wconf 75' lang='grc' dir='ltr'><strong>υ.</strong></span> <span class='ocrx_word' id='word_1_962' title='bbox 3579 5247 3621 5266; x_wconf 82' lang='grc'><strong><em>³⁸</em></strong></span> <span class='ocrx_word' id='word_1_963' title='bbox 3719 5251 3764 5286; x_wconf 69' lang='lat'><strong>1&#39;-</strong></span> 
     </span>
     <span class='ocr_line' id='line_1_122' title="bbox 2570 5247 3764 5367; baseline 0.004 -18"><span class='ocrx_word' id='word_1_964' title='bbox 2570 5296 2615 5328; x_wconf 74' lang='lat'>“</span> <span class='ocrx_word' id='word_1_965' title='bbox 2639 5297 2845 5367; x_wconf 85' lang='lat' dir='ltr'><strong>aliquot</strong></span> <span class='ocrx_word' id='word_1_966' title='bbox 2878 5312 3048 5352; x_wconf 84' lang='lat' dir='ltr'><strong>annos</strong></span> <span class='ocrx_word' id='word_1_967' title='bbox 3073 5297 3126 5350; x_wconf 88' lang='lat'><strong>2.</strong></span> <span class='ocrx_word' id='word_1_968' title='bbox 3207 5298 3251 5328; x_wconf 78' lang='lat'>”</span> <span class='ocrx_word' id='word_1_969' title='bbox 3278 5298 3595 5356; x_wconf 87' lang='lat' dir='ltr'><strong>hartradum</strong></span> <span class='ocrx_word' id='word_1_970' title='bbox 3629 5247 3764 5357; x_wconf 48' lang='grc' dir='ltr'><strong>ξε).</strong></span> 
     </span>
    </p>
   </div>
   <div class='ocr_carea' id='block_1_121' title="bbox 2185 5367 3767 5439">
    <p class='ocr_par' dir='ltr' id='par_1_121' title="bbox 2185 5367 3767 5439">
     <span class='ocr_line' id='line_1_123' title="bbox 2185 5367 3767 5439; baseline 0.003 -18"><span class='ocrx_word' id='word_1_971' title='bbox 2185 5369 2228 5400; x_wconf 85' lang='grc'><strong>¹⁶</strong></span> <span class='ocrx_word' id='word_1_972' title='bbox 2255 5368 2510 5439; x_wconf 64' lang='grc' dir='ltr'><strong>ροθηθθ.</strong></span> <span class='ocrx_word' id='word_1_973' title='bbox 2542 5434 2558 5439; x_wconf 36' lang='grc' dir='ltr'><strong>Α</strong></span> <span class='ocrx_word' id='word_1_974' title='bbox 2589 5367 2630 5398; x_wconf 71' lang='grc'><strong>’⁷</strong></span> <span class='ocrx_word' id='word_1_975' title='bbox 2653 5367 2964 5422; x_wconf 84' lang='lat' dir='ltr'><strong>brittaniam</strong></span> <span class='ocrx_word' id='word_1_976' title='bbox 2991 5367 3044 5419; x_wconf 75' lang='grc'><strong>4.</strong></span> <span class='ocrx_word' id='word_1_977' title='bbox 3064 5367 3398 5439; x_wconf 71' lang='lat' dir='ltr'><strong>_britanniam</strong></span> <span class='ocrx_word' id='word_1_978' title='bbox 3425 5369 3478 5423; x_wconf 76' lang='lat'><strong>5.</strong></span> <span class='ocrx_word' id='word_1_979' title='bbox 3515 5372 3567 5424; x_wconf 93' lang='lat'><strong>7.</strong></span> <span class='ocrx_word' id='word_1_980' title='bbox 3597 5371 3767 5426; x_wconf 61' lang='lat' dir='ltr'><strong>brita-</strong></span> 
     </span>
    </p>
   </div>
   <div class='ocr_carea' id='block_1_122' title="bbox 2181 5434 3772 5504">
    <p class='ocr_par' dir='ltr' id='par_1_122' title="bbox 2181 5434 3772 5504">
     <span class='ocr_line' id='line_1_124' title="bbox 2181 5434 3772 5504; baseline 0.002 -11"><span class='ocrx_word' id='word_1_981' title='bbox 2181 5434 2325 5494; x_wconf 75' lang='lat' dir='ltr'><strong>niam</strong></span> <span class='ocrx_word' id='word_1_982' title='bbox 2347 5439 2400 5493; x_wconf 90' lang='lat'><strong>9.</strong></span> <span class='ocrx_word' id='word_1_983' title='bbox 2428 5438 2501 5490; x_wconf 85' lang='lat' dir='ltr'><strong>ita</strong></span> <span class='ocrx_word' id='word_1_984' title='bbox 2531 5434 2637 5504; x_wconf 76' lang='lat' dir='ltr'><strong>fere</strong></span> <span class='ocrx_word' id='word_1_985' title='bbox 2666 5448 2980 5492; x_wconf 83' lang='lat' dir='ltr'><strong>constanter.</strong></span> <span class='ocrx_word' id='word_1_986' title='bbox 3060 5436 3102 5467; x_wconf 78' lang='lat'>“</span> <span class='ocrx_word' id='word_1_987' title='bbox 3123 5451 3187 5489; x_wconf 91' lang='lat' dir='ltr'><strong>ac</strong></span> <span class='ocrx_word' id='word_1_988' title='bbox 3211 5438 3480 5493; x_wconf 87' lang='lat' dir='ltr'><strong>maritima</strong></span> <span class='ocrx_word' id='word_1_989' title='bbox 3509 5441 3560 5494; x_wconf 92' lang='lat'><strong>7.</strong></span> <span class='ocrx_word' id='word_1_990' title='bbox 3638 5441 3772 5495; x_wconf 79' lang='lat' dir='ltr'><strong>&quot;iu-</strong></span> 
     </span>
    </p>
   </div>
   <div class='ocr_carea' id='block_1_123' title="bbox 2181 5506 3771 5577">
    <p class='ocr_par' dir='ltr' id='par_1_123' title="bbox 2181 5506 3771 5577">
     <span class='ocr_line' id='line_1_125' title="bbox 2181 5506 3771 5577; baseline 0.002 -15"><span class='ocrx_word' id='word_1_991' title='bbox 2181 5525 2339 5564; x_wconf 90' lang='lat' dir='ltr'><strong>versa</strong></span> <span class='ocrx_word' id='word_1_992' title='bbox 2363 5509 2415 5564; x_wconf 89' lang='lat'><strong>9.</strong></span> <span class='ocrx_word' id='word_1_993' title='bbox 2449 5522 2574 5560; x_wconf 88' lang='lat' dir='ltr'><strong>nam</strong></span> <span class='ocrx_word' id='word_1_994' title='bbox 2616 5507 2691 5577; x_wconf 12' lang='lat' dir='ltr'><strong>ab;</strong></span> <span class='ocrx_word' id='word_1_995' title='bbox 2707 5508 2881 5577; x_wconf 83' lang='lat' dir='ltr'><strong>anglis</strong></span> <span class='ocrx_word' id='word_1_996' title='bbox 2916 5523 2977 5561; x_wconf 89' lang='lat' dir='ltr'><strong>ac</strong></span> <span class='ocrx_word' id='word_1_997' title='bbox 3003 5506 3294 5561; x_wconf 85' lang='lat' dir='ltr'><strong>saxouibus</strong></span> <span class='ocrx_word' id='word_1_998' title='bbox 3317 5522 3438 5562; x_wconf 93' lang='lat' dir='ltr'><strong>cum</strong></span> <span class='ocrx_word' id='word_1_999' title='bbox 3471 5509 3771 5565; x_wconf 88' lang='lat' dir='ltr'><strong>brittannia</strong></span> 
     </span>
    </p>
   </div>
   <div class='ocr_carea' id='block_1_124' title="bbox 2184 5575 3772 5646">
    <p class='ocr_par' dir='ltr' id='par_1_124' title="bbox 2184 5575 3772 5646">
     <span class='ocr_line' id='line_1_126' title="bbox 2184 5575 3772 5646; baseline 0.001 -13"><span class='ocrx_word' id='word_1_1000' title='bbox 2184 5579 2357 5633; x_wconf 85' lang='lat' dir='ltr'><strong>insula</strong></span> <span class='ocrx_word' id='word_1_1001' title='bbox 2385 5585 2645 5646; x_wconf 89' lang='lat' dir='ltr'><strong>occupata</strong></span> <span class='ocrx_word' id='word_1_1002' title='bbox 2671 5575 2862 5631; x_wconf 75' lang='lat' dir='ltr'><strong>fuisset</strong></span> <span class='ocrx_word' id='word_1_1003' title='bbox 2885 5577 2936 5631; x_wconf 87' lang='lat'><strong>6.</strong></span> <span class='ocrx_word' id='word_1_1004' title='bbox 2995 5577 3041 5607; x_wconf 82' lang='lat'>&quot;</span> <span class='ocrx_word' id='word_1_1005' title='bbox 3065 5577 3480 5646; x_wconf 82' lang='lat' dir='ltr'><strong>corosolitarum</strong></span> <span class='ocrx_word' id='word_1_1006' title='bbox 3509 5581 3562 5634; x_wconf 94' lang='lat'><strong>7.</strong></span> <span class='ocrx_word' id='word_1_1007' title='bbox 3641 5582 3684 5611; x_wconf 82' lang='lat'><strong>&quot;</strong></span> <span class='ocrx_word' id='word_1_1008' title='bbox 3719 5583 3772 5635; x_wconf 90' lang='lat' dir='ltr'><strong>in</strong></span> 
     </span>
    </p>
   </div>
   <div class='ocr_carea' id='block_1_125' title="bbox 2185 5645 3775 5774">
    <p class='ocr_par' dir='ltr' id='par_1_125' title="bbox 2185 5645 3775 5774">
     <span class='ocr_line' id='line_1_127' title="bbox 2185 5645 3775 5774; baseline 0.001 -72"><span class='ocrx_word' id='word_1_1009' title='bbox 2185 5649 2265 5702; x_wconf 87' lang='lat' dir='ltr'><strong>ira</strong></span> <span class='ocrx_word' id='word_1_1010' title='bbox 2296 5648 2351 5711; x_wconf 90' lang='lat'><strong>2,</strong></span> <span class='ocrx_word' id='word_1_1011' title='bbox 2395 5649 2474 5774; x_wconf 54' lang='lat' dir='ltr'><strong>l3</strong></span> <span class='ocrx_word' id='word_1_1012' title='bbox 2497 5645 2866 5702; x_wconf 80' lang='lat' dir='ltr'><strong>beneventana</strong></span> <span class='ocrx_word' id='word_1_1013' title='bbox 2892 5647 2942 5701; x_wconf 93' lang='lat'><strong>7.</strong></span> <span class='ocrx_word' id='word_1_1014' title='bbox 3039 5647 3085 5677; x_wconf 80' lang='lat'><strong>&quot;</strong></span> <span class='ocrx_word' id='word_1_1015' title='bbox 3109 5646 3162 5702; x_wconf 93' lang='lat' dir='ltr'><strong>in</strong></span> <span class='ocrx_word' id='word_1_1016' title='bbox 3185 5660 3292 5716; x_wconf 87' lang='lat' dir='ltr'><strong>qua</strong></span> <span class='ocrx_word' id='word_1_1017' title='bbox 3311 5645 3679 5706; x_wconf 89' lang='lat' dir='ltr'><strong>beneventum</strong></span> <span class='ocrx_word' id='word_1_1018' title='bbox 3705 5652 3775 5706; x_wconf 90' lang='lat' dir='ltr'><strong>si-</strong></span> 
     </span>
     <span class='ocr_line' id='line_1_128' title="bbox 2189 5729 2491 5772; baseline 0 0"><span class='ocrx_word' id='word_1_1019' title='bbox 2189 5729 2298 5772; x_wconf 87' lang='lat' dir='ltr'><strong>tum</strong></span> <span class='ocrx_word' id='word_1_1020' title='bbox 2332 5733 2390 5772; x_wconf 89' lang='lat' dir='ltr'><strong>es</strong></span> <span class='ocrx_word' id='word_1_1021' title='bbox 2483 5766 2491 5772; x_wconf 84' lang='lat'><strong>.</strong></span> 
     </span>
    </p>
   </div>
   <div class='ocr_carea' id='block_1_126' title="bbox 2189 5725 2491 5772">
    <p class='ocr_par' dir='ltr' id='par_1_126' title="bbox 2189 5725 2491 5772">
     <span class='ocr_line' id='line_1_129' title="bbox 2189 5725 2491 5772; baseline 0 0"><span class='ocrx_word' id='word_1_1022' title='bbox 2189 5729 2298 5772; x_wconf 87' lang='lat' dir='ltr'><strong>tum</strong></span> <span class='ocrx_word' id='word_1_1023' title='bbox 2332 5725 2413 5772; x_wconf 89' lang='lat' dir='ltr'><strong>est</strong></span> <span class='ocrx_word' id='word_1_1024' title='bbox 2442 5725 2491 5772; x_wconf 84' lang='lat'><strong>9.</strong></span> 
     </span>
    </p>
   </div>
  </div>
