3928 6328
85 286 199 347 823

604 414 832 455 λκΜωῖε
863 414 1168 455 εῡικιιλιιω.

88 499 347 561 potestati
378 490 667 555 subiceret,
695 491 848 546 cuius
874 496 1035 558 caput
1063 490 1117 542 in
1145 488 1160 520 ⁸
1204 496 1363 557 capto
1387 488 1666 543 Desiderio

88 595 250 650 rege,
312 579 678 648 maioremque
719 582 738 610 ’
784 588 991 648 partem
1044 578 1097 632 in
1142 576 1514 648 Langobardia
1558 580 1666 635 iam

86 672 315 726 subacta
347 672 580 727 tenebat.
627 670 735 725 Nec
760 670 850 724 diu
888 680 1128 724 moratus
1171 669 1221 734 ³,
1252 670 1347 724 sed
1374 669 1668 725 contractis

84 760 345 816 celeriter
372 760 703 815 Francorum
753 758 775 790 ⁵
802 759 990 827 copiis,
1037 758 1091 812 in
1123 758 1233 828 ipsa
1262 758 1512 814 hiemalis
1538 767 1668 814 tem-

85 851 239 921 poris
278 851 566 919 asperitate
590 848 798 904 italiam
838 848 1160 918 ingreditur.
1196 847 1440 917 Cumque
1466 851 1521 902 in
1544 847 1669 903 Flo-

86 942 264 997 rentia
317 940 612 996 Tuscorum
642 938 860 995 civitate
890 936 1125 992 natalem
1163 936 1377 993 Domini
1405 936 1671 993 celebras-

87 1041 195 1097 set,
224 1040 428 1103 quanta
448 1031 622 1102 potuit
649 1030 670 1061 '
692 1028 969 1084 celeritate
1010 1027 1239 1083 Romam
1263 1028 1343 1084 ire
1366 1027 1664 1083 contendit.

84 1121 207 1188 Quo
230 1136 356 1176 cum
383 1122 638 1185 venisset,
668 1135 735 1175 ac
759 1120 826 1175 de
854 1116 1187 1191 profectione
1222 1132 1319 1172 sua
1372 1118 1428 1173 in
1454 1117 1475 1149 ⁶
1504 1117 1670 1173 Bene-

82 1220 308 1267 ventum
335 1219 443 1266 tam
473 1226 597 1267 cum
622 1210 893 1265 Hadriano
934 1208 1190 1279 pontiﬁce
1218 1223 1382 1278 quam
1406 1223 1527 1263 cum
1556 1208 1669 1263 suis

81 1302 443 1374 optimatibus
470 1300 839 1364 deliberasset,
875 1299 1135 1367 Aragisus
1183 1299 1227 1363 ',
1255 1300 1359 1354 dux
1391 1298 1667 1354 Beneven-

82 1403 372 1457 tanorum,
422 1392 606 1446 audito
642 1391 759 1445 eius
785 1391 1019 1445 adventu
1050 1398 1436 1459 compertaque
1464 1388 1519 1443 in
1557 1396 1669 1443 ter-

83 1500 201 1542 ram
230 1498 388 1539 suam
420 1482 653 1538 intrandi
680 1480 979 1547 voluntate,
1009 1480 1346 1551 propositum
1368 1480 1485 1535 eius
1508 1494 1666 1535 aver-

83 1583 202 1633 tere
240 1584 471 1632 conatus
513 1582 612 1631 est.
662 1573 824 1629 Misso
882 1574 1027 1628 enim
1065 1566 1338 1629 Rumoldo
1387 1572 1433 1644 ',
1463 1572 1668 1627 maiore

82 1667 196 1725 Ilio
232 1683 351 1733 suo,
386 1683 507 1724 cum
537 1666 849 1723 muneribus
887 1666 956 1721 ad
998 1680 1211 1737 regem,
1247 1680 1438 1735 rogare
1464 1666 1663 1736 coepit,

1120 281 1263 340 Clil‘d
1302 280 1894 337 LMlRlSSENSlBUS
1931 278 2241 337 COILATI.

1697 410 1745 458 Λ

3236 286 3334 343 128

2231 410 2461 448 ΑΝΝᾸΙᾸΞδ
2500 412 2889 453 l.\CRlSSII.\‘SES.

1770 484 1972 538 reversi
2019 495 2163 539 sunt.
2214 485 2278 539 Et
2315 485 2623 555 capitaneos
2656 504 2839 543 comm
2872 490 2938 543 ad
2977 490 3221 545 sinodum
3253 504 3343 547 r0-

1767 573 2181 643 praesentabant
2204 573 2511 643 supradicto
2582 576 2778 633 domno
2824 594 2948 649 rege
2992 579 3007 609 ¹
3048 578 3240 635 Carolo
3283 580 3342 638 in

1768 662 2151 720 Wormaciam.
2198 667 2216 696 ⁸
2268 666 2417 721 Tune
2459 667 2684 723 domnus
2731 687 2824 725 rex
2869 670 3091 727 Carolus
3134 669 3341 743 perspi-

1768 755 1915 810 ciens
1939 756 1979 820 ³,
2018 771 2075 811 se
2102 772 2167 810 ex
2212 773 2371 813 omne
2399 767 2551 827 parte
2585 759 2696 814 Deo
2738 761 2997 831 largiente
3023 778 3210 833 pacem
3240 764 3337 817 ha4

1767 843 1927 906 bere.
1979 848 2215 916 suscepit
2246 847 2268 879 δ
2296 848 2581 903 consilium
2620 850 2880 905 orationis
2918 852 2938 883 ⁵
2982 868 3177 908 causae
3212 850 3233 884 ‘
3273 851 3345 911 ad

1767 930 1953 989 limina
1978 934 2256 991 beatorum
2284 938 2648 1007 apostolorum
2676 940 2780 993 iter
2814 942 3099 1012 peragendi
3129 952 3185 997 et
3213 960 3343 999 cau-

1768 1037 1858 1077 sas
1899 1022 2113 1078 ltalicas
2144 1025 2492 1094 disponendi,
2538 1034 2593 1081 et
2630 1043 2753 1083 cum
2788 1030 2969 1084 missis
3005 1031 3343 1102 imperatoris

1766 1110 2023 1183 placitum
2048 1115 2068 1145 "
2102 1114 2333 1170 habendi
2362 1115 2428 1170 de
2460 1119 2829 1174 convenentiis
2862 1120 2883 1149 "
2909 1133 3097 1175 eorum
3124 1139 3137 1187 ;
3200 1125 3342 1192 quod

1769 1205 1843 1259 ita
1870 1203 2071 1260 factum
2100 1215 2200 1261 est.
2243 1205 2392 1261 Tune
2422 1210 2763 1282 supradictus
2809 1210 2829 1241 ⁹
2866 1212 3096 1268 domnus
3122 1229 3216 1269 rex
3251 1230 3345 1269 ηκο-

1770 1294 1931 1351 talem
1954 1295 2161 1352 Dominl
2192 1297 2485 1353 celebravit
2512 1300 2564 1354 in
2594 1300 2862 1357 Florentia
2898 1304 3137 1360 civitate.
3169 1305 3239 1360 Et
3265 1307 3347 1360 in-

1769 1385 1997 1440 mutavit
2020 1401 2079 1442 se
2112 1402 2371 1443 numerus
2398 1404 2659 1445 annorum
2692 1392 2744 1445 in

2334 1476 2771 1535 DCCLXXXVII.

1840 1564 1991 1621 Tunc
2015 1578 2244 1622 domnus
2273 1566 2499 1623 Carolus
2541 1584 2634 1623 rex
2666 1572 2974 1639 supradicto
3023 1574 3217 1631 itinere
3244 1577 3347 1631 iter

1767 1668 2033 1726 peragens
2061 1656 2123 1708 ¹⁰.
2153 1658 2173 1716 ζ
2203 1656 2428 1711 Romam
2452 1659 2619 1723 venit,
2659 1668 2714 1714 et
2733 1661 2885 1716 valde
2908 1662 3200 1720 honorifice
3226 1679 3349 1719 ante

82 1773 152 1815 ne
180 1768 385 1814 terram
418 1759 917 1814 Beneventanorum
965 1757 1211 1812 intraret.
1259 1756 1368 1812 Sed
1396 1758 1486 1813 ille
1507 1757 1663 1828 longe
1691 1746 1739 1805 Β
1766 1747 1963 1803 ἀθωηο
1990 1748 2030 1779 ¹¹
2061 1749 2357 1817 ³Ροεῑο¹ίοο
2384 1748 2623 1805 Adriano
2666 1752 2706 1782 ¹¹
2738 1755 2986 1823 Γθοθβιιίε
3013 1764 3130 1809 θεῖε
3169 1767 3224 1812 ει
3251 1758 3351 1811 3“-

83 1850 246 1908 aliter
294 1852 362 1907 de
391 1854 550 1907 rebus
597 1851 865 1906 inchoatis
906 1850 1212 1906 faciendum
1257 1853 1359 1909 sibi
1400 1854 1665 1919 iudicans,

82 1952 300 2000 retento
342 1959 526 2001 secum
576 1944 844 2000 Rumoldo
882 1944 904 1975 ’
930 1986 944 2010 ,
993 1959 1119 1999 cum
1165 1946 1312 2000 omni
1358 1947 1399 1978 ¹⁰
1429 1947 1669 2002 exercitu

82 2048 185 2092 suo
208 2034 452 2106 Capuam
474 2034 799 2105 Campaniae
829 2036 1101 2093 civitatem
1132 2037 1172 2068 ¹¹
1204 2038 1454 2103 accessit,
1486 2038 1669 2109 ibique

82 2125 285 2181 ηδῑτίε
315 2125 508 2195 Ροείιίε
537 2124 865 2191 consedit".
888 2127 1012 2185 inde
1035 2126 1294 2182 "bellum
1324 2137 1575 2199 gestums
1602 2128 1663 2195 “,

82 2215 139 2272 ni
193 2223 552 2271 memoratus»
589 2216 715 2271 dux.
756 2216 1112 2272 intentionem
1164 2218 1208 2249 ¹⁵
1258 2218 1401 2289 regis
1465 2218 1666 2273 salubri

81 2309 312 2366 consilio
333 2310 718 2380 praevenisset.
748 2307 885 2363 Nam
906 2309 1092 2364 relicta
1108 2309 1416 2365 Benevento
1443 2310 1508 2374 “,
1531 2324 1670 2379 quae

82 2408 250 2469 caput
280 2399 426 2456 illius
466 2407 643 2454 terrae
684 2399 947 2465 habetur,
1001 2398 1055 2453 in
1097 2398 1406 2465 Salernum,
1456 2401 1667 2454 mariti-

81 2505 227 2545 mam
260 2491 578 2555 civitatem,
625 2490 771 2544 velut
814 2490 1159 2546 munitiorem
1208 2491 1248 2523 ¹⁷
1286 2505 1345 2546 se
1391 2506 1513 2546 cum
1557 2492 1670 2546 suis

83 2570 353 2645 contulit,
408 2580 680 2651 missaque
727 2579 997 2651 legatione
1020 2620 1035 2645 ,
1082 2588 1341 2651 utrosque
1372 2578 1511 2635 filios
1542 2591 1669 2635 suos

84 2670 196 2742 regi
225 2669 449 2735 obtulit,
480 2670 825 2739 promittens,
868 2686 927 2726 se
970 2670 1037 2726 ad
1064 2672 1245 2726 omnia
1273 2687 1413 2741 quae
1437 2672 1669 2741 impera-

82 2769 277 2816 rentur
304 2760 535 2816 libenter
557 2762 956 2816 oboediturum.
986 2760 1152 2816 Cuius
1177 2762 1429 2832 precibus
1458 2776 1551 2816 rex
1580 2764 1670 2817 ad-

84 2864 282 2916 nuens,
326 2850 494 2904 divini
523 2850 684 2905 etiam
716 2851 925 2906 timoris
949 2860 1196 2921 respectu
1223 2850 1362 2906 bello
1384 2852 1665 2918 abstinuit,

82 2948 139 2995 et
160 2940 379 2995 minore
403 2938 556 2995 ducis
585 2937 713 3005 lilio,
746 2940 962 2994 nomine
985 2939 1265 2995 Crimoldo
1291 2939 1334 2971 ¹⁸
1352 2981 1367 3005 ,
1392 2940 1671 2997 obsidatus

84 3031 259 3100 gratia
295 3028 336 3061 "
364 3037 633 3099 suscepto,
682 3030 943 3085 maiorem
983 3031 1125 3101 patri
1169 3032 1396 3086 remisit.
1447 3032 1670 3102 Accepit

1764 1837 1907 1907 quod
1939 1838 2125 1915 “dies
2162 1838 2235 1893 ibi
2262 1849 2505 1895 moratus
2539 1851 2621 1895 est
2646 1857 2767 1896 cum
2809 1844 3005 1898 domno
3035 1846 3345 1915 apostolico.

1766 1928 1837 1982 Et
1861 1911 2113 1983 Harichis
2140 1929 2205 1996 ⁸⁵,
2256 1930 2364 1985 dux
2387 1930 2815 1997 Beneventanus,
2855 1934 3004 1989 misit
3029 1911 3346 1991 R—onialdum

1771 2021 1816 2052 "
1838 2019 2004 2075 filium
2033 2036 2187 2076 suum
2236 2036 2357 2075 cum
2387 2023 2599 2093 magnis
2629 2024 2957 2087 muneribus,
3002 2026 3271 2095 postolare
3307 2028 3348 2058 "

1768 2111 1833 2166 de
1871 2112 2098 2166 adventu
2129 2112 2371 2166 iamdicti
2400 2112 2581 2166 domui
2612 2114 2754 2183 regis
2790 2114 2853 2178 ",
2884 2123 2942 2168 ut
2965 2115 3017 2168 in
3045 2115 3350 2170 Benevento

1771 2200 1813 2231 ⁸⁸
1842 2216 1945 2254 non
1975 2201 2253 2255 introisset
2290 2201 2353 2267 ¹⁹,
2404 2210 2459 2255 et
2505 2218 2692 2257 omnes
2741 2204 3044 2260 voluntates
3089 2207 3348 2276 praedicti

1767 2291 1812 2323 ⁸ο
1835 2292 2016 2346 domni
2047 2292 2188 2361 regis
2217 2292 2511 2363 adimplere
2550 2294 2837 2364 cupiebant
2874 2297 2938 2349 ἰ.
2970 2291 3075 2351 Sed
3114 2298 3215 2352 hoc
3251 2298 3352 2351 mi-

1768 2381 1911 2436 nime
1939 2382 2263 2452 apostolicus
2290 2384 2545 2438 credebat
2584 2400 2758 2455 neque
2794 2386 3081 2442 cbtimates
3111 2389 3155 2419 ³³
3184 2388 3353 2442 Fraus

1768 2486 1975 2537 eorum,
2021 2481 2075 2526 et
2121 2472 2409 2527 consilium
2456 2473 2700 2530 iecerunt
2746 2489 2868 2529 cum
2909 2478 3354 2546 suprauominato

1767 2566 1966 2622 domno
1995 2567 2187 2624 Carolo
2216 2582 2359 2638 rege,
2390 2577 2449 2623 ut
2474 2569 2717 2639 partibus
2744 2570 3134 2626 Beneventanis
3159 2586 3354 2628 causas

1770 2657 2033 2713 firmando
2059 2658 2413 2721 advenisset;
2446 2658 2590 2728 quod
2630 2660 2704 2714 ita
2749 2660 2946 2715 faelem
2976 2669 3077 2716 est.
3124 2658 3190 2715 Et
3223 2662 3351 2716 dum

1768 2747 2006 2818 Capuam
2027 2749 2266 2803 venisset
2286 2749 2355 2813 ’³,
2389 2748 2703 2805 Harichisus
2724 2748 2769 2781 ’δ
2796 2751 2903 2805 dux
2930 2750 3159 2821 reliquid
3184 2751 3229 2783 "
3251 2752 3352 2807 Be-

1770 2848 2060 2893 neventum
2087 2839 2362 2894 civitatem
2391 2839 2459 2903 ’⁸.
2492 2848 2547 2895 et
2588 2840 2642 2894 in
2687 2839 2969 2895 Salernum
2999 2855 3059 2896 se
3088 2842 3308 2897 reclusit
3334 2853 3349 2894 :

1769 2940 1825 2985 et
1865 2932 2058 2985 timore
2103 2932 2426 3001 perterritus
2460 2948 2566 2987 non
2616 2933 2715 2988 fult
2755 2950 2927 2990 ausus
2965 2936 3008 2965 "
3038 2950 3135 3005 per
3163 2944 3354 2992 semet-

1772 3019 1947 3089 ipsum
1976 3019 2169 3074 faciem
2197 3021 2377 3075 domni
2406 3022 2549 3092 regis
2576 3021 2753 3078 Caroli
2777 3024 2978 3079 videre.
3006 3024 3111 3081 Sed
3134 3028 3353 3082 mittens

84 3120 309 3191 imper
336 3134 366 3173 ε
392 3120 588 3191 populo
613 3120 829 3176 obsides
855 3100 1104 3177 ηηάέείω
1133 3122 1201 3190 ιο,
1237 3125 1491 3196 misitque
1528 3100 1674 3198 ιεέδ,
1700 3100 1745 3162 C
1776 3112 1991 3176 missos,
2018 3120 2075 3166 et
2100 3114 2288 3168 ambos
2316 3113 2454 3169 filios
2481 3130 2607 3171 suos
2630 3115 2931 3184 proferens,
2959 3118 3010 3171 id
3034 3126 3116 3173 est
3138 3117 3354 3172 Rumal-

85 3218 188 3277 tos,
226 3210 324 3281 qui
362 3218 419 3264 et
458 3211 632 3279 ipsum
658 3211 848 3267 ducem
884 3218 939 3265 et
980 3227 1196 3267 omnem
1236 3214 1671 3272 Beneventanum

84 3292 342 3378 populum
394 3320 492 3376 per
541 3316 878 3361 sacramenta
938 3305 1220 3361 firmarent
1266 3308 1332 3360 υ.
1378 3307 1497 3379 lpse
1548 3318 1673 3380 post

88 3398 219 3454 haec
263 3411 392 3452 cum
435 3393 637 3466 legatis
681 3395 1037 3453 Constantini
1066 3397 1111 3428 ”
1156 3398 1531 3469 imperatoris,
1576 3403 1668 3471 qui

86 3493 306 3559 propter
334 3485 381 3517 “
408 3489 695 3557 petendam
717 3489 881 3545 filiam
902 3499 1055 3552 suam
1077 3491 1145 3545 ad
1166 3507 1225 3547 se
1250 3492 1400 3547 missi
1432 3492 1667 3560 fuerant,

87 3578 301 3637 locutus
329 3588 444 3647 est,
484 3589 644 3652 atque
680 3582 797 3641 illis
834 3584 1070 3639 dimissis
1118 3584 1349 3641 Romam
1396 3602 1668 3653 reversus,

88 3678 337 3727 sanctum
376 3672 631 3742 paschale
677 3671 871 3728 festum
904 3672 951 3705 ”
993 3688 1188 3743 magna
1235 3690 1357 3730 cum
1395 3676 1671 3733 hilaritate

89 3759 406 3818 celebravit.

658 3854 1092 3911 DCCLXXXVII.

157 3942 292 4002 cum
317 3961 415 4000 rex
439 3947 486 3977 ’⁵
515 3946 691 4001 adhuc
720 3947 923 4003 Romae
950 3958 1135 4019 ageret
1182 3950 1246 4016 “,
1279 3950 1508 4016 Tassllo,
1558 3952 1667 4006 dux

91 4038 379 4095 Raioariae
443 4038 509 4103 ³⁷,
563 4039 713 4093 misit
748 4040 952 4111 legatos
982 4056 1128 4107 suos,
1172 4042 1378 4097 Arnum
1421 4044 1673 4099 videlicet

93 4132 407 4200 episcopum
435 4141 461 4168 ι
490 4136 546 4183 et
580 4128 878 4185 Hunricum
910 4132 954 4163 ⁸⁸
986 4132 1236 4187 abbatem
1263 4134 1314 4198 δ,
1354 4136 1421 4190 ad
1446 4134 1670 4189 Hadria-

94 4234 216 4273 num
246 4232 470 4289 papam,
503 4226 691 4288 petens
715 4228 776 4273 ut
816 4221 957 4275 inter
1003 4236 1186 4290 regem
1234 4230 1399 4293 atque
1427 4224 1471 4255 "
1519 4224 1669 4279 illum

97 4310 365 4365 'nediator
404 4310 555 4379 pacis
576 4308 691 4363 fieri
731 4311 1065 4381 dignaretur.
1103 4312 1213 4368 Nec
1244 4313 1487 4383 pontifex
1540 4330 1669 4385 pre-

95 4401 243 4456 cibus
287 4400 414 4456 elus
473 4401 685 4454 censuit
731 4401 1072 4457 abnuendum
1100 4444 1114 4468 ,
1166 4402 1258 4460 sed
1327 4414 1529 4475 quanta
1574 4420 1670 4477 po-

487 4489 877 4546 VARIANTES
912 4491 1312 4549 LECTlONES.
1576 4512 1578 4514 '

168 4580 182 4610 ’
208 4580 354 4662 desit
376 4578 461 4662 9..
505 4580 525 4610 ³
556 4580 864 4662 maioreque
894 4582 943 4662 1Λ.
1032 4582 1051 4613 ³
1080 4591 1230 4639 ratus
1258 4584 1312 4639 2.
1334 4656 1364 4662 _
1414 4588 1434 4616 ⁸
1458 4587 1669 4662 cofran-

95 4651 361 4730 egrum}.
441 4649 608 4730 fcunn
639 4649 876 4730 maxime
906 4652 979 4730 9._
1011 4667 1132 4707 cum
1163 4669 1215 4730 q.
1237 4656 1385 4730 μζ».
1477 4656 1498 4687 ⁸
1529 4656 1669 4730 deest

96 4717 145 4773 ὅ.
174 4719 226 4775 5.
279 4717 336 4774 6.
441 4718 461 4750 "
504 4719 777 4820 aragissus
806 4720 858 4774 7.
959 4721 980 4752 ⁸
1010 4717 1285 4807 rumoaldo
1326 4725 1378 4780 9.
1424 4726 1669 4782 rumuldo

97 4788 146 4842 5.
170 4787 404 4843 runoldo
452 4787 502 4840 7.
652 4790 951 4845 rnmoldum
993 4792 1054 4849 2.
1117 4794 1300 4849 reliqui
1342 4796 1669 4849 quemadmo-

97 4788 146 4842 5.
170 4787 404 4843 runoldo
452 4787 502 4840 7.
599 4787 619 4820 ⁸
652 4790 951 4845 rnmoldum
993 4792 1054 4857 2,
1117 4794 1300 4864 reliqui
1342 4796 1672 4867 quemadmo-

97 4856 214 4910 dum
270 4857 382 4935 litt.
423 4856 664 4935 praefert.
760 4859 802 4891 ³ο
826 4859 964 4913 deest
997 4860 1051 4915 2.
1075 4862 1147 4935 _7.
1189 4933 1194 4935 _
1233 4863 1448 4935 “deest
1481 4866 1530 4919 1.
1564 4866 1668 4919 civ.

100 4925 430 5006 camp._9._‘
454 4926 711 5006 “Aibique
733 4942 781 4983 c.
804 4945 859 4999 p.
893 4932 1136 4986 consedit
1163 4933 1302 5006 deest
1332 4935 1385 4989 5.
1414 4934 1467 4989 9.
1547 4935 1591 4965 ³³
1620 4943 1677 5006 et

101 4990 233 5073 inde
270 4994 329 5050 4.
385 4994 441 5049 5.
489 4990 543 5051 6.
621 4990 639 4996 ’
680 4996 722 5028 ⁸³
762 4990 1112 5069 aggressurus
1179 5001 1235 5057 9.
1302 5018 1555 5073 gessurus
1620 5004 1674 5057 5.

103 5062 144 5097 ⁸⁸
166 5064 506 5127 ρῐοροεὶιυπι
531 5060 585 5118 9-
663 5062 709 5097 “
736 5065 1103 5127 beneventana
1132 5072 1266 5127 urbe
1293 5073 1343 5126 7.
1433 5074 1473 5106 ⁸⁷
1504 5074 1676 5127 muni-

103 5078 144 5097 "
166 5078 506 5136 propositam
531 5078 585 5118 ν·
663 5078 709 5097 ⁸·
736 5078 1103 5133 beneventaua
1132 5078 1266 5127 urbe
1293 5078 1343 5126 7.
1433 5078 1473 5106 ιτ
1504 5078 1670 5129 muni.

102 5134 295 5217 “992m
320 5133 381 5217 ἓ
455 5132 822 5217 "_srixpoatdo
843 5138 895 5195 9.
954 5136 996 5172 ιο
1012 5140 1223 5217 pbskiis
1256 5141 1373 5198 loco
1399 5141 1452 5199 9.
1485 5142 1556 5217 βο
1583 5141 1670 5217 x1.

99 5204 311 5259 Obsides
338 5204 393 5257 7-
494 5204 516 5237 ⁸
585 5205 983 5278 obstringerent
1008 5208 1061 5265 9.
1155 5210 1200 5244 ⁸³
1230 5213 1576 5267 constantino
1618 5210 1673 5267 2.

102 5270 288 5330 “ad9.
367 5273 416 5305 ”
443 5279 734 5337 pascha.5.
754 5278 807 5334 9.
877 5280 923 5311 "
944 5280 1121 5335 adhuc
1147 5296 1241 5335 rex
1260 5283 1312 5337 5.
1337 5282 1389 5335 ι.
1407 5282 1459 5336 5.
1478 5282 1531 5335 6.
1552 5284 1600 5336 7.
1619 5281 1672 5337 9.

104 5289 288 5330 ’σθαι
368 5289 416 5305 "
438 5289 666 5399 pascua.
681 5289 734 5334 5.
754 5289 807 5334 υ.
877 5289 923 5311 "
944 5289 1121 5335 adhuc
1147 5296 1241 5335 rex
1260 5289 1312 5337 '5.
1337 5289 1389 5335 4.
1407 5289 1459 5336 5.
1478 5289 1531 5335 ϐ.
1552 5289 1600 5336 7.
1619 5289 1672 5337 9.

104 5357 205 5420 rex
246 5343 403 5420 deest
504 5407 511 5411 _
600 5348 657 5420 ξ’
695 5357 864 5420 esset
883 5350 953 5420 _3.
1013 5349 1065 5402 5.
1121 5348 1171 5404 9.
1237 5362 1579 5420 permaneret
1622 5351 1673 5406 6.

106 5413 146 5445 ”
188 5407 561 5468 baioariormn
596 5415 649 5469 5.
686 5416 738 5471 9.
855 5418 899 5449 "
932 5407 1253 5473 hunt‘ichuni
1286 5422 1335 5476 9.
1377 5422 1677 5476 heinricltm

106 5480 156 5535 ι.
171 5482 475 5539 hainricum
500 5483 554 5540 5.
631 5484 741 5540 "et
760 5486 809 5541 9.

1696 4464 1749 4523 D

1773 3199 1902 3255 dum
1932 3202 1978 3232 "'
2008 3210 2166 3271 quem
2190 3203 2417 3258 domnus
2441 3202 2666 3259 Carolus
2696 3220 2788 3259 rex
2818 3221 2999 3261 secum
3025 3208 3274 3271 habebat,
3300 3220 3355 3264 ct

1773 3290 2140 3360 Grimoaldum
2172 3293 2216 3323 ”
2252 3308 2413 3362 quem
2456 3295 2796 3365 supradictus
2823 3296 3050 3367 Areghis
3088 3298 3132 3328 ‘°
3170 3312 3352 3353 secum

1772 3381 2004 3437 habebat
2036 3382 2078 3413 ³¹
2109 3401 2120 3434 :
2155 3390 2210 3436 et
2234 3380 2465 3437 oll'erens
2506 3383 2672 3437 multa
2703 3390 2926 3439 munera
2971 3395 3026 3440 et
3052 3386 3184 3440 alios
3211 3388 3356 3448 obsi-

1772 3471 1903 3535 des,
1962 3478 2021 3524 ut
2064 3471 2380 3539 petitionem
2407 3468 2451 3502 ³¹
2482 3472 2599 3526 eius
2639 3472 3083 3542 obtemperasset.
3129 3474 3174 3506 ³⁸
3205 3474 3356 3529 Tunc

1773 3560 2003 3614 domnus
2037 3574 2101 3614 ac
2121 3558 2167 3590 ³⁸
2192 3559 2456 3630 gloriosus
2496 3575 2596 3615 rex
2622 3560 2846 3615 Carolus
2875 3564 3149 3633 perspexit
3176 3564 3223 3595 ³⁸⁸
3248 3581 3353 3619 una

1820 3668 2174 3793 “'[geragens
2227 3669 2442 3751 eclipsis
2497 3664 2626 3725 solis
2678 3662 2724 3701 ³⁸
2778 3670 2915 3726 facta
2968 3681 3050 3726 est
3097 3674 3180 3727 l5.
3231 3672 3371 3728 Kal.

1772 3740 1906 3795 Octo
1949 3778 1962 3792 .
1994 3742 2062 3794 ab
2087 3742 2217 3794 hora
2256 3740 2359 3794 diei
2389 3740 2561 3795 prima
2584 3754 2753 3795 usque
2781 3742 2847 3795 ad
2872 3742 3058 3795 horam
3086 3744 3349 3795 anintam.

1819 3756 1962 3794 οιου.

1994 3740 2065 3794 ab
2087 3742 2217 3812 hora
2256 3740 2359 3812 diei
2385 3740 2561 3812 prima
2584 3754 2753 3812 usque
2781 3742 2847 3795 ad
2872 3742 3058 3795 horam
3086 3744 3349 3812 quintam.

1773 3811 1998 3864 Romam
2024 3810 2169 3863 venit
2192 3817 2247 3863 et
2275 3809 2453 3874 valde,
2473 3818 2580 3864 etc.
2605 3809 2656 3863 6.

2169 3915 2557 3971 VARIANTES
2595 3917 2977 3974 LECTIONES

1872 4011 1887 4041 ¹
1918 4011 2029 4081 regi
2067 4011 2120 4063 1.
2167 4010 2219 4081 5.
2275 4011 2327 4063 7.
2453 4012 2773 4067 ’wormatia
2826 4014 2873 4066 l.
2930 4016 3247 4071 vurmatiam
3295 4014 3349 4072 5.

1772 4080 2113 4153 wormatiam
2165 4080 2227 4153 “6.
2257 4081 2651 4153 _warmatiatn
2684 4082 2734 4135 7.
2846 4083 2880 4153 κ’
2909 4086 3239 4153 prespiciens
3294 4089 3348 4143 2.

1772 4151 2106 4219 prospiciens
2138 4151 2207 4208 ,6.
2257 4149 2306 4202 7.
2405 4150 2680 4219 ‘sumpsit
2731 4153 2778 4205 l.
2842 4149 3113 4219 5.'A6.'7.
3211 4150 3353 4211 ide-

1774 4217 2006 4292 votionis
2038 4234 2199 4292 causa
2254 4220 2301 4292 1.
2343 4220 2412 4292 __7.
2535 4217 2743 4292 6causa
2790 4222 2841 4292 5.
2943 4217 3241 4292 ’palatium
3295 4228 3349 4281 6.

1774 4288 1796 4320 '
1824 4289 2309 4364 con_venientiis__l.
2339 4289 2392 4342 5.
2425 4291 2777 4364 conveneciis
2809 4291 2858 4364 6.
2892 4362 2899 4364 _
2934 4362 2943 4364 _
2988 4288 3019 4323 ”⁹
3051 4298 3355 4364 suprascri-

1773 4367 1896 4427 ptus
1917 4358 1969 4435 5.
1999 4358 2052 4412 6.
2082 4360 2135 4435 χ.
2214 4358 2255 4435 '_°
2278 4360 2644 4435 supradictum
2671 4360 2773 4435 iter
2788 4362 2856 4435 _l.
2889 4362 3077 4435 itinere
3096 4358 3176 4435 ita
3202 4380 3355 4435 pera-

1774 4427 2051 4529 cuta-
2081 4429 2117 4529 ι’
2151 4427 2664 4529 adeuntem;
2698 4428 2753 4529 εεο
2788 4431 2857 4511 τι.
2898 4427 3265 4529 sacrabo
3295 4436 3346 4517 7.-

1814 4499 1825 4580 ξ
1851 4498 2133 4578 aliquot}.
2152 4496 2222 4578 ⁶5.
2266 4497 2317 4552 7.
2398 4498 2439 4529 ”
2465 4496 2667 4569 ariglus
2698 4500 2748 4552 1.
2780 4500 2984 4624 arighis
2999 4496 3060 4556 5.
3089 4501 3138 4557 6.
3163 4500 3215 4559 8.
3244 4506 3354 4559 ari—

1815 4584 1859 4621 IS
1879 4568 1930 4620 7.
1961 4568 2197 4622 hariolus
2219 4565 2272 4621 2.
2303 4566 2354 4621 5.
2450 4568 2493 4599 “
2530 4568 2830 4623 rumaldum
2900 4610 2911 4622 .
3009 4571 3051 4604 ἐ
3081 4574 3352 4624 pustulam

1815 4565 2205 4643 is_7.’llarichis_
2219 4565 2272 4621 2.
2303 4566 2360 4643 5.
2450 4568 2493 4599 "
2530 4565 2830 4643 rumaldum
2862 4565 2938 4643 7.4
3009 4571 3051 4604 ἐ
3080 4574 3352 4643 postulare

1949 4637 2001 4690 6.
2037 4637 2087 4692 7.
2165 4637 2205 4668 ³⁷
2249 4636 2392 4714 regis
2438 4650 2506 4691 ne
2534 4637 2894 4714 beneventum
2925 4636 3349 4714 int‘raret,rquia

1778 4706 1939 4792 vellet
1966 4721 2156 4792 onlnes
2181 4706 2652 4792 tyluntatesrsgis
2677 4708 2972 4792 adimplere
2990 4709 3041 4792 tu.
3083 4706 3352 4792 Δί’-56ης

1777 4786 2011 4832 ventano
2029 4777 2083 4829 6.
2188 4775 2230 4808 '°
2256 4776 2507 4832 introiret
2530 4775 2594 4831 5f
2677 4778 2726 4809 ’°
2748 4775 2973 4848 praefati
2997 4780 3051 4833 5.
3079 4780 3129 4834 6.
3164 4781 3213 4835 7.
3304 4785 3347 4813 ἰ

1777 4847 2029 4921 cupiebat
2049 4845 2103 4901 5.
2147 4844 2199 4921 6.
2229 4845 2282 4921 7.
2348 4845 2404 4921 _”
2433 4847 2717 4921 optimates
2743 4848 2809 4921 Δ1.
2851 4848 2905 4921 5.
2943 4850 3012 4921 7._
3054 4851 3114 4921 _"
3143 4859 3347 4921 caupua

1778 4914 2018 4996 uenisset
2039 4915 2295 5039 ,aregiisiis
2332 4915 2438 4996 dux
2472 4914 2706 4985 reliquid
2735 4914 2786 4970 6.
2842 4916 2909 5000 f‘
2936 4918 3134 4991 ariglus
3158 4919 3207 4974 1.
3236 4914 3351 4977 are-

1778 4986 1962 5039 rzhtsus
1986 4985 2038 5039 5.
2071 4986 2122 5039 7.
2194 4985 2457 5039 artchtsus
2491 4984 2542 5039 2.
2564 4985 2616 5039 5.
2694 4984 2741 5018 ³⁵
2761 4984 2975 5039 reliquit
3002 4989 3050 5039 1.
3089 4986 3141 5039 8.
3176 4990 3227 5039 7.
3305 4991 3350 5022 ⁸⁸

1810 4984 1962 5040 hisus
1986 4985 2038 5040 5.
2071 4986 2122 5040 7.
2153 4984 2457 5041 barichisus
2491 4984 2542 5040 2.
2564 4984 2616 5039 5.
2694 4984 2741 5018 ⁸⁵
2761 4984 2854 5041 rel'
2896 4988 2975 5043 uit
3002 4984 3050 5043 1ἶ
3089 4986 3141 5044 5.
3176 4990 3227 5043 7.
3305 4991 3348 5022 “

1810 5065 2202 5137 ene‘ventanu‘m
2238 5055 2343 5107 civ.
2533 5054 2575 5137 ξ
2602 5069 2766 5137 ausus
2945 5057 3005 5137 ‘6.
3055 5059 3119 5137 7._
3178 5059 3228 5137 ξ’
3260 5070 3348 5137 ru:

1777 5124 2015 5180 moldum
2046 5125 2097 5180 1.
2127 5123 2180 5180 8.
2212 5121 2507 5179 romaldum
2536 5121 2609 5179 6.“
2664 5124 2709 5157 ”
2734 5124 3050 5196 grimaldum
3087 5128 3139 5183 5.
3173 5126 3225 5181 6.
3302 5122 3348 5160 ³⁸

1777 5193 1977 5253 arlslus
2006 5193 2055 5248 1.
2084 5194 2299 5253 arPthis
2318 5192 2375 5248 2.
2405 5194 2458 5249 5.
2487 5191 2539 5248 6.
2570 5195 2623 5249 7.
2699 5195 2741 5227 ³³
2766 5209 2931 5253 penes
2956 5212 3015 5251 se
3039 5197 3350 5253 continebat

1775 5209 1977 5265 artgtus
2006 5209 2055 5248 1.
2084 5209 2299 5262 aregnts
2322 5209 2375 5248 ι.
2405 5209 2458 5249 5.
2487 5209 2539 5248 υ.
2572 5209 2623 5249 'l.
2699 5209 2741 5227 "
2766 5209 2931 5264 penes
2956 5212 3015 5251 se
3039 5209 3345 5253 continebat

1780 5262 1831 5346 1.
1860 5278 2042 5318 secum
2087 5264 2353 5346 retinebat
2387 5263 2440 5346 7ἶ
2533 5262 2852 5346 ξζρεῑὶξξοηί
2878 5270 2925 5318 1.
2968 5266 3120 5346 0.72
3176 5264 3345 5346 '10]:-

1780 5334 2175 5409 temperaretAl.
2246 5332 2297 5409 ξ)
2324 5332 2543 5409 δορεεξι
2568 5332 2622 5387 2.
2654 5402 2685 5409 η
2712 5334 3167 5409 "_prospexit__t_._
3194 5335 3250 5409 5.
3290 5336 3343 5409 ἶ.

1779 5400 2146 5485 pres—petiit}.
2239 5402 2291 5485 1‘
2330 5400 2546 5485 eclipsis
2590 5400 3018 5485 soilsfacta'est
3075 5404 3189 5458 XV.
3238 5403 3343 5457 kal.

1781 5472 1961 5527 octob.
1989 5472 2175 5541 legitur
2203 5473 2357 5525 etiam
2389 5472 2443 5524 in
2472 5472 2605 5525 Ann.
2639 5472 2793 5525 Fuld.

1614 5582 1845 5641 ΝΟΤᾹΣ.

173 5678 209 5713 ιν
232 5666 724 5736 Salisburgensem.

426 5760 697 5821 ΡΑτιιοι..
746 5762 878 5822 ClV

1854 5675 1879 5713 ιι
1912 5672 2340 5728 Ιλιιιωιπεηδιιηι
2370 5690 2459 5728 seu
2486 5674 2903 5729 llonscecnsem.

2844 5762 2910 5822 i.'t
