3928 6308
554 254 663 311 ιη

994 379 1231 420 ΑΝΝΑιεε
1269 375 1646 417 LAURISSENSES

549 475 672 517 cum
699 456 1071 514 sacerdotibus
1094 454 1177 509 vel
1200 452 1398 508 ceteris
1426 451 1774 507 obtimatihus
1791 449 1922 512 suis,
1954 457 2132 502 utnon

549 558 693 608 terra
731 548 1001 604 deleretur
1050 545 1161 610 illa,
1193 553 1247 597 et
1300 540 1572 612 episcopis
1630 539 1717 593 vel
1766 536 2130 592 monasteria‘

547 657 654 698 non
707 637 1179 699 desertarentur’,
1223 634 1386 704 elegit
1448 629 1731 686 duodecim
1798 627 2034 692 obsides,
2081 633 2136 680 et

539 733 765 788 tertium
813 730 1082 786 decimum
1125 727 1165 790 ³,
1220 724 1389 778 ﬁlium
1423 719 1717 792 supradicti
1763 718 1917 774 ducis
1960 718 1982 749 ‘
2038 732 2136 772 n0—

545 827 689 881 mine
754 820 1122 879 Grimoaldum
1164 819 1204 872 ⁵.
1248 819 1314 871 Et
1358 824 1577 885 accepta
1621 828 1843 867 munera
1880 811 1932 877 ⁸,
1986 812 2133 865 iura-

542 924 737 971 verunt
781 927 974 967 omnes
1022 907 1424 971 Beneventani,
1465 913 1589 959 itam
1639 901 1980 972 supradictus
2025 900 2133 954 dux

543 1023 710 1079 quam
748 1013 803 1060 et
829 1002 1126 1058 RumalJus
1151 1000 1192 1052 ".
1227 999 1293 1052 Et
1323 1009 1570 1060 reversus
1598 1002 1683 1049 est
1727 991 2137 1062 saepenomina-

533 1111 630 1155 tus
655 1095 934 1169 piissimus
958 1091 982 1122 '
1029 1104 1145 1153 rex,
1171 1095 1225 1142 et
1245 1085 1538 1141 celebravit
1568 1083 1769 1153 pascha
1792 1095 1914 1135 cum
1938 1081 2135 1134 domno

543 1187 840 1261 apostolico
899 1184 952 1236 in
1013 1181 1203 1235 Roma.
1268 1180 1284 1197 ⁶
1349 1175 1535 1245 Ibique
1594 1173 1875 1227 venientes
1933 1170 2082 1225 missi
2113 1169 2133 1200 ⁹

1664 241 2044 303 EGINHARDI
2081 243 2378 301 ABBATIS
2417 245 2741 303 ANNALES

2158 360 2210 420 Α
2271 361 2274 364 .

544 1280 811 1338 Tassiloni
855 1277 898 1308 ‘°
939 1275 1130 1339 ducis,
1192 1272 1267 1325 hii
1332 1278 1458 1324 sunt
1508 1267 1688 1322 Arnus
1730 1267 2016 1336 episcopus
2082 1274 2136 1319 et
2184 1317 2186 1320 ,

541 1371 812 1427 Hunricus
842 1368 882 1397 “
924 1365 1058 1419 abba
1099 1364 1148 1426 ι),
1184 1370 1239 1415 et
1261 1360 1534 1430 petierunt
1581 1359 1623 1389 “
1660 1357 2045 1431 apostolicum,
2076 1365 2137 1410 ut

541 1476 728 1534 pacem
757 1457 1115 1514 terminarent
1144 1453 1187 1484 ³³
1215 1452 1357 1505 inter
1378 1450 1634 1504 domuum
1667 1447 1917 1503 Carolum
1950 1462 2134 1517 regem

539 1532 595 1608 et
625 1550 962 1607 Tassilonem
1011 1547 1220 1601 ducem.
1264 1542 1418 1599 Unde
1455 1550 1516 1595 et
1547 1542 1776 1596 domnus
1806 1532 2158 1610 apostolicus

540 1646 768 1701 multum
828 1657 887 1697 se
943 1641 1332 1709 interponens,
1395 1637 1718 1707 postulando
1773 1636 1815 1667 ⁸⁵
1874 1637 2130 1691 iamdicto

3717 252 3812 310 vi?!

2734 375 2969 415 ANNALES
2996 374 3311 416 EGINHABDI.

2237 446 2376 502 tuit-l
2406 448 2659 503 instantia
2683 450 2823 518 apud
2843 465 3024 520 regem
3050 451 3384 507 intercedere
3408 453 3645 518 curavit,
3663 462 3723 508 ut
3740 455 3817 510 in.

2239 546 2322 591 ter
2352 553 2445 607 eos
2465 554 2568 608 pax
2597 549 2651 595 et
2678 541 2970 596 concordia
3002 557 3066 596 ex
3099 559 3229 598 suae
3262 544 3596 612 apostolicae
3639 554 3818 602 aucto-

2237 630 2817 687 ritatisammonitione
2845 641 3011 703 atque
3051 635 3450 690 interventione
3482 638 3814 705 proveniret.

2235 718 2474 775 Cuieum
2498 736 2593 775 rex
2623 721 2766 776 idem
2794 736 2852 776 se
2884 738 3212 793 magnOpere
3237 724 3373 780 velle
3404 728 3780 796 respondisset
3803 768 3816 792 ,

2237 811 2503 881 simulque
2525 827 2553 865 a
2577 811 2768 883 legatis
2788 815 3070 868 memorati
3092 815 3245 869 ducis
3266 815 3594 886 inquireret,
3619 832 3782 887 quam
3800 819 3820 851 ⁸

2237 903 2396 959 huius
2454 906 2758 976 pacationis
2804 907 2823 938 ⁸
2895 907 3206 964 ﬁrmitatem
3266 909 3446 966 facere
3521 912 3820 978 deberent,

2237 996 2654 1066 responderunt,
2680 997 2780 1051 sibi
2805 998 2870 1052 de
2896 998 2996 1052 hac
3020 1014 3078 1053 re
3111 1000 3245 1053 nihil
3277 1016 3400 1055 esse
3439 1002 3818 1067 commissum,

2237 1102 2337 1142 nec
2365 1101 2423 1141 se
2462 1087 2565 1142 hoc
2609 1089 2824 1158 negotio
2870 1089 3014 1143 aliud
3067 1089 3304 1145 facturos
3335 1091 3376 1155 ⁸,
3428 1108 3595 1162 quam
3631 1101 3691 1147 ut
3734 1108 3820 1147 re-

2238 1164 2610 1252 sponsa-regis
2653 1190 2815 1250 atque
2858 1182 3132 1252 pontiﬁcis
3162 1183 3379 1238 domino
3430 1200 3530 1239 suo
3578 1193 3824 1254 reporta-

2237 1279 2377 1326 rent.
2407 1271 2647 1338 Quorum
2681 1273 2862 1326 verbis
2883 1289 3020 1342 papa
3048 1285 3372 1339 commotus,
3415 1276 3563 1330 velut
3605 1276 3826 1330 fallaces

2236 1377 2300 1416 ac
2329 1360 2699 1437 fraudulentos
2725 1363 3089 1418 anathematis
3109 1364 3286 1434 gladio
3303 1366 3496 1419 statuit
3524 1365 3820 1429 feriendus,

2235 1454 2279 1509 si
2307 1453 2375 1507 ab
2397 1453 2526 1507 olim
2557 1454 2670 1524 regi
2696 1455 2963 1522 promissa
2989 1454 3093 1510 ﬁde
3124 1457 3497 1522 discederent,
3532 1467 3701 1527 atque
3725 1460 3824 1525 ita,

2235 1541 2433 1597 infecto
2466 1543 2618 1612 pacis
2669 1545 2974 1615 negotio},
3023 1547 3226 1623 reversi
3254 1556 3397 1602 sunt.
3448 1549 3562 1603 Rex
3615 1551 3824 1613 autem,

2237 1633 2475 1689 adoratis
2528 1643 2840 1689 sanctorum
2886 1636 3608 1705 apostolorum‘liminibus
3653 1640 3823 1694 votis-

541 1741 740 1794 domno
767 1751 894 1807 rege
933 1735 997 1786 “.
1051 1733 1115 1786 Et
1151 1731 1266 1801 ipse
1292 1729 1523 1785 domnus
1564 1745 1655 1784 rex
1688 1729 1966 1802 respondit
2005 1743 2134 1796 apo-
2162 1712 2207 1769 Β
2235 1742 2340 1795 que
2387 1727 2579 1784 solutis
2609 1729 2655 1794 τ,
2706 1714 2998 1799 apostolica
3029 1730 3405 1785 benedictione
3437 1739 3725 1800 percepta,
3772 1732 3824 1784 in

539 1826 751 1891 stolico,
780 1825 884 1879 hoc
927 1835 986 1877 se
1009 1820 1243 1876 voluisse
1277 1827 1332 1873 et
1358 1835 1454 1889 per
1484 1819 1650 1872 multa
1695 1826 1935 1887 tempora
1967 1833 2132 1888 quae-

2233 1818 2520 1875 Franciam
2559 1835 2810 1876 reversus
2847 1829 2950 1876 est.
2985 1821 3050 1875 Et
3099 1837 3216 1877 cum
3243 1837 3467 1877 uxorem
3489 1839 3648 1878 suam
3699 1823 3826 1878 Fas-

533 1919 694 1980 sisse,
735 1923 790 1969 et
825 1913 1047 1967 minime
1095 1910 1338 1964 invenire
1389 1908 1563 1978 potuit
1612 1907 1680 1972 ¹⁶,
1730 1915 1785 1961 et
1819 1907 2132 1978 proferebat
2232 1910 2440 1963 tradam
2459 1908 2704 1979 ﬁliosque
2736 1927 2800 1965 ac
2825 1910 2962 1964 ﬁlias
2981 1920 3036 1965 et
3061 1925 3275 1966 omnem
3293 1913 3634 1979 comitatum,
3661 1930 3822 1984 quem

537 2010 722 2065 statim
764 2005 903 2060 ﬁeri.
957 2004 1022 2057 Et
1065 2001 1234 2057 voluit
1281 1999 1623 2071 supradictus
1668 2000 1897 2055 domnus
1939 2015 2034 2054 rex
2074 1999 2128 2053 in

539 2098 842 2172 praesentia
870 2094 1052 2151 domni
1079 2093 1360 2163 apostolici
1391 2109 1514 2148 cum
1538 2093 1674 2162 ipsis
1713 2093 1898 2148 missis
1935 2108 2126 2164 pacem

540 2193 756 2247 ﬁrmare
782 2208 794 2243 :
829 2197 884 2246 et
915 2186 1305 2242 rennuentibus
1338 2185 1662 2255 supradictis
1692 2185 1873 2240 missis
1912 2187 1972 2250 ¹⁷,
2002 2188 2126 2256 quia

536 2302 645 2341 non
675 2283 800 2338 auxi
827 2283 870 2314 ¹⁸
923 2280 1156 2335 fuissent
1198 2273 1265 2335 de
1293 2294 1481 2334 eorum
1528 2287 1681 2348 parte
1705 2279 1867 2332 ullam
1904 2279 2128 2334 ﬁrmita-

536 2387 645 2432 tem
694 2376 894 2431 facere.
941 2371 1286 2443 Apostolicus
1339 2386 1468 2425 vero
1492 2386 1624 2426 cum
1671 2356 2011 2439 cognovisset
2061 2373 2127 2428 de

537 2463 892 2524 instabilitate
916 2463 965 2496 ”‘
994 2462 1075 2518 vel
1103 2462 1382 2517 mendacia
1414 2461 1458 2493 ὀ
1491 2477 1700 2526 eorum,
1736 2463 1918 2518 statim
1963 2478 2125 2533 supra

538 2561 730 2614 ducem
776 2557 820 2587 ¹¹
872 2569 1061 2610 eorum
1112 2553 1198 2607 vel
1255 2554 1367 2607 suis
1410 2549 1788 2608 consentaneis
1837 2554 2126 2608 anathema

535 2651 716 2722 posuit
757 2652 837 2714 ",
874 2649 919 2703 si
963 2647 1078 2717 ipse
1114 2646 1160 2676 ’³
1197 2653 1571 2710 sacramenta,
1621 2657 1758 2714 quae
1802 2645 2127 2714 promiserat

535 2749 732 2802 domno
766 2744 995 2814 Pippino
1033 2755 1158 2811 rege
1188 2738 1236 2770 "
1258 2747 1313 2793 et
1342 2738 1537 2792 domno
1563 2736 1756 2791 Carolo
1791 2737 2058 2808 itemquae
2081 2738 2126 2769 "

537 2849 661 2904 rege
693 2833 738 2863 "
768 2847 877 2886 non
927 2828 1294 2899 adimplesset.
1334 2827 1396 2880 Et
1453 2825 1732 2880 obtestans
1787 2827 2127 2896 supradictos

535 2925 762 2989 missos,
807 2932 865 2976 ut
907 2926 1276 2976 contestarent
1325 2916 1693 2982 Tassilonem,
1738 2925 1797 2971 ut
1825 2933 1931 2972 non
1971 2918 2131 2973 aliter

536 3015 787 3079 fecisset,
839 3011 942 3067 nisi
983 3011 1038 3064 in
1087 3007 1338 3062 omnibus
1376 3006 1670 3076 oboediens
1706 3003 1898 3060 fuisset
1929 3006 2126 3060 domno

537 3104 733 3161 Carolo
755 3118 882 3172 rege
902 3101 944 3132 ’⁷
974 3107 1028 3154 et
1058 3098 1181 3153 ﬁliis
1208 3098 1326 3153 eius
1348 3113 1412 3152 ac
1439 3097 1584 3165 genti
1607 3097 1652 3128 ’⁸
1681 3097 2036 3159 Francorum,
2069 3104 2128 3149 ut

537 3211 605 3250 ne
643 3194 781 3256 forte
809 3190 1089 3262 sanguinis
1112 3187 1304 3244 ell‘usio
1329 3188 1374 3220 ”
1405 3189 1745 3258 provenisset
1769 3187 1813 3219 '°
1849 3187 1933 3242 vel
1962 3188 2128 3242 laesio

661 3349 752 3405 [Et
769 3360 1018 3401 reversus
1044 3351 1127 3399 est
1142 3359 1237 3397 rex
1257 3341 1531 3405 piissimus
1546 3340 1791 3405 Carolus,
1819 3351 1872 3394 et
1890 3340 2130 3395 celebra-

539 3421 618 3475 vit
646 3401 849 3473 liomae
867 3416 1218 3486 paschacum
1247 3401 1445 3466 domno
1466 3401 1787 3486 apostolico.
1818 3411 1976 3474 Ecce,
2008 3421 2128 3486 o_rta

539 3502 622 3547 est
640 3481 915 3545 contentio
930 3500 1025 3550 per
1040 3484 1153 3538 dies
1167 3481 1335 3536 festos
1349 3482 1582 3550 paschae
1600 3481 1742 3550 inter
1762 3489 2011 3535 cantores
2028 3481 2131 3535 Ro-

542 3502 622 3547 est
640 3501 915 3545 contentio
965 3501 1025 3538 er
1040 3501 1153 3538 ales
1167 3501 1335 3536 [65105
1349 3501 1582 3550 pascuae
1600 3501 1742 3534 Inlel'
1762 3501 2011 3535 cantores
2028 3501 2130 3535 n0-

542 3572 825 3616 manorum
836 3565 891 3610 et
903 3501 1197 3612 Gpallorum.
1215 3550 1474 3604 Dicebant
1488 3565 1546 3604 se
1558 3549 1691 3604 Galli
1707 3549 1898 3604 melius
1909 3560 2130 3605 cantare

539 3639 595 3686 et
631 3627 910 3701 pulchrius
932 3637 1101 3701 quam
1131 3619 1680 3701 Ro‘mani.__Diceban_t
1709 3634 1766 3674 se
1797 3620 2023 3701 Romani
2043 3621 2131 3701 do:

540 3688 780 3757 ctissime
802 3688 1100 3750 cantilenas
1113 3690 1509 3746 ecclesiasticas
1533 3688 1796 3757 proferre,
1824 3690 1963 3744 sicut
1985 3691 2129 3744 docti

544 3771 756 3826 fuerant
782 3772 1012 3820 asancto
1025 3761 1285 3830 Gregorio
1311 3775 1478 3830 papa:
1510 3759 1693 3814 Gallos
1720 3761 1971 3829 cerrupte
2001 3775 2130 3814 can-

545 3852 679 3904 tare,
693 3835 1081 3904 etcantilenam
1099 3830 1630 3904 sanamdestruendo
1647 3830 1877 3904 dilacera
1886 3845 1961 3883 re.
1980 3831 2128 3904 Quae

543 3898 820 3965 contentio
872 3911 996 3959 ante
1042 3902 1297 3956 domuum
1336 3914 1519 3970 regem
1561 3898 1812 3970 Garolum
1859 3901 2124 3969 pervenit.

545 3981 680 4036 Galli
697 3983 1056 4047 vern‘propter
1069 3968 1417 4047 securitatem
1434 3968 1961 4047 domnregisCai‘oli
1974 3970 2130 4024 valde

544 4037 1273 4118 exprobrab'ant'cantoribus
1296 4039 1572 4118 Romanis.
1595 4037 1832 4118 Romani
1851 4053 1979 4118 vero
2007 4055 2132 4109 pro-

542 4109 664 4190 pter
693 4117 1067 4190 auctoritatem
1101 4125 1329 4190 magnae
1358 4109 1766 4190 doctrinae‘eos
1792 4109 2002 4190 stultos,
2034 4125 2129 4190 ru-

545 4177 709 4247 sticos
723 4198 778 4242 et
809 4186 1076 4246 indoctos,
1104 4177 1250 4234 velut
1273 4180 1433 4233 bruta
1461 4178 1733 4244 animalia,
1768 4177 2129 4245 afﬁrmabant,

947 4370 1332 4443 \‘ARlANTES
1369 4369 1766 4427 LECTIONES.

618 4513 634 4542 ¹
664 4505 992 4563 monasteria
1030 4502 1403 4559 desolarentur
1440 4502 1491 4554 1.
1618 4502 1637 4530 ⁹
1659 4509 1712 4555 et
1741 4501 1908 4600 episc.
1939 4501 2021 4554 vel
2047 4517 2120 4582 in.

640 4580 723 4600 Δ--
781 4576 914 4600 J---.
939 4575 973 4600 α
1097 4573 1117 4600 ι
1144 4581 1192 4600 ι..
1232 4571 1604 4600 ληιυιιιηςηιηννι
1631 4570 1661 4600 ἓξ
1834 4570 1997 4600 ειη-..η
2022 4586 2098 4600 an:

547 4599 602 4634 ιι.
632 4580 745 4635 des.
775 4576 914 4631 deest
939 4575 995 4629 2.
1097 4573 1117 4605 ⁸
1142 4581 1197 4628 et
1231 4571 1607 4626 duodecimum
1629 4570 1680 4624 5.
1781 4570 1802 4600 ’⁸
1834 4570 1998 4624 ﬁlium
2022 4571 2126 4624 sci-

521 4646 917 4718 _licetp.d._l.
1015 4641 1380 4718 “.grimaldum
1414 4641 1467 4694 5.
1519 4716 1525 4718 Δ
1567 4639 1588 4670 ⁸
1627 4639 2128 4718 acceptismuneri-

549 4723 648 4775 bus
677 4709 802 4772 fecit
839 4716 1018 4769 iurare
1050 4709 1239 4766 omnes
1270 4711 1669 4765 beneventanos
1708 4723 1813 4762 una
1837 4722 1959 4762 cum
1994 4709 2128 4764 duce

547 4800 604 4845 et
629 4801 879 4842 reversus
906 4786 956 4837 l.
1053 4784 1072 4813 "
1107 4780 1382 4836 romaldus
1409 4779 1460 4833 5.
1493 4778 1546 4833 6.
1649 4778 1960 4847 “piissimus
1990 4778 2129 4832 deest

553 4856 604 4914 7.
683 4858 703 4889 '
734 4856 858 4910 misi
887 4853 940 4907 5.
1019 4853 1061 4884 ¹⁶
1086 4850 1432 4906 ιεεεὶιοηίδι1.
1465 4847 1518 4904 5.
1547 4847 1599 4903 6.
1641 4847 1692 4900 7.
1770 4847 1809 4878 “
1833 4847 2130 4902 hunrichus

552 4929 719 4984 abbas
745 4933 805 4980 ut
825 4930 1091 4996 ponerent
1113 4919 1464 4996 apostolicum
1493 4919 1582 4996 l.“
1621 4918 1662 4948 ¹²
1686 4918 1823 4996 abba
1860 4917 2133 4996 petierunt

552 5004 601 5053 ‘i.
680 4997 723 5029 ⁸³
753 4986 1070 5051 terminaret
1115 4986 1167 5045 l'.
1219 4991 1270 5043 5.
1308 4987 1360 5042 6.
1398 4989 1452 5042 7.
1547 4986 1592 5018 “
1615 4986 1937 5057 postulando
1983 4987 2035 5040 6.
2073 4989 2124 5057 7.

551 5066 824 5139 precando
860 5065 912 5118 1.
990 5063 1035 5094 ⁸⁸
1068 5062 1179 5132 regi
1216 5061 1267 5114 7.
1299 5071 1478 5139 regem
1510 5057 1558 5110 1.
1618 5056 1681 5087 ³⁸
1710 5057 1948 5138 potuisse
1985 5057 2038 5108 l.
2075 5056 2126 5110 6.

555 5141 606 5192 7.
701 5137 740 5167 "
786 5133 968 5188 missis
1012 5131 1238 5187 dicendo
1280 5143 1406 5197 quia
1445 5127 1496 5180 7.
1575 5125 1772 5197 “ausi
1806 5127 1946 5197 L5.
1981 5125 2042 5197 6.
2075 5127 2125 5180 7.

563 5157 606 5192 Ι.
703 5157 736 5167 "
787 5157 968 5188 tunsus
1012 5157 1238 5187 uwcuuu
1280 5157 1406 5192 quia
1454 5157 1496 5180 ι.
1655 5157 1770 5180 auat
1811 5157 1855 5179 ι.
1895 5157 1946 5180 υ.
1992 5157 2042 5179 υ.
2084 5157 2125 5180 ι.

557 5208 598 5239 ι’
626 5202 1031 5262 instabilitatem
1069 5195 1313 5254 mandati
1339 5198 1387 5251 l.
1465 5197 1509 5226 “
1535 5195 1816 5250 mendacio
1847 5196 1898 5249 7.
1975 5196 2017 5226 ²¹
2043 5210 2131 5250 sn-

552 5292 650 5348 pra
676 5273 1106 5348 dlctum_dueem
1155 5270 1233 5348 7._
1281 5269 1325 5299 ¹¹
1363 5266 1730 5348 supradictum
1769 5265 1964 5348 ducem
1991 5279 2133 5348 cum

555 5334 930 5402 consentaneis
956 5341 1069 5397 suis
1091 5334 1445 5393 anathemate
1461 5336 1605 5389 feriit
1642 5336 1692 5388 1.
1769 5334 1814 5366 ³³
1841 5334 1956 5403 ipsa
1984 5335 2034 5388 1.
2076 5336 2129 5389 7.

557 5418 604 5448 ’δ
638 5415 751 5486 regi
799 5413 954 5486 ns.
1005 5410 1057 5486 ρ.
1108 5410 1179 5486 7_._
1244 5408 1320 5486 κη
1363 5409 1490 5486 item
1516 5406 1569 5486 7,
1658 5404 1880 5486 r'frege
1910 5406 1963 5457 1.
1996 5405 2126 5486 s7.

556 5487 599 5517 θ’
628 5473 739 5556 τεξί
764 5492 815 5556 1.
845 5482 894 5536 5.
924 5482 974 5556 6.
1007 5482 1086 5556 7._
1135 5479 1181 5509 "'
1202 5485 1257 5533 et
1283 5477 1425 5556 genti
1455 5475 1666 5556 7Ldeest
1695 5475 1745 5529 1.
1820 5473 1864 5507 ¹⁹
1890 5473 2131 5545 profusio

557 5556 610 5609 1.
637 5547 719 5608 7.’
762 5553 804 5584 ³⁸
834 5553 1042 5607 veniret
1067 5551 1116 5603 l.
1152 5548 1461 5619 proveniret
1487 5547 1538 5600 7.

1547 4986 1592 5018 11

2154 3056 2198 3118 C

2231 1999 2368 2068 apud
2395 2014 2488 2054 eos
2513 2000 2811 2064 dimiserat,
2859 2000 3201 2056 Wormaciae
3245 2002 3561 2066 invenisset,
3588 2019 3823 2074 genera-

2230 2088 2336 2142 lem
2359 2089 2540 2158 populi
2569 2091 2649 2144 sui
2680 2099 3003 2146 conventum
3029 2093 3102 2147 ibi
3129 2093 3330 2148 habere
3355 2095 3566 2178 statuit.
3588 2096 3652 2150 In
3681 2097 3826 2166 qno’

2229 2197 2352 2235 cum
2410 2183 2612 2247 omnia,
2643 2200 2783 2253 quae
2835 2184 2887 2238 in
2938 2185 3092 2239 Italia
3131 2195 3405 2258 gesserat,
3447 2203 3636 2243 coram
3681 2193 3825 2260 opti—

2230 2276 2465 2329 matibus
2513 2277 2624 2330 suis
2655 2279 2924 2332 narrando
2965 2290 3466 2344 commemorasset,
3511 2291 3565 2336 et
3597 2283 3674 2336 ad
3723 2297 3823 2338 ex-

2231 2374 2461 2421 tremum
2492 2367 2557 2421 de
2585 2366 2776 2436 legatis
2806 2367 3124 2432 Tassilouis,
3162 2371 3252 2439 qui
3298 2373 3365 2424 ad
3397 2386 3456 2425 se
3489 2371 3700 2428 Romae
3735 2389 3801 2428 ve

2229 2467 2442 2519 nerant,
2485 2459 2688 2512 mentio
2749 2458 2888 2513 facta
2939 2458 3148 2522 fuisset,
3195 2462 3313 2514 iniit
3359 2461 3379 2491 ’
3427 2462 3724 2517 consilium
3769 2474 3828 2517 ut

2228 2550 2590 2620 experiretur,
2622 2552 2752 2620 quid
2777 2551 2989 2605 Tassilo
3031 2552 3097 2607 de
3127 2554 3395 2622 promissa
3427 2554 3529 2608 sibi
3557 2552 3828 2609 ﬁdelitate

2231 2645 2407 2697 lecere
2433 2643 2475 2673 ¹⁰
2514 2643 2695 2706 vellet,
2743 2653 3180 2713 congregatoque
3226 2645 3430 2714 ingenti
3457 2647 3711 2700 exercitu
3754 2655 3830 2700 at-

2229 2749 2333 2802 que
2363 2733 2416 2786 in
2439 2740 2549 2787 tres
2569 2741 2724 2803 parte
2751 2733 2941 2797 diviso,
2973 2733 3334 2788 Baioariam“
3373 2746 3560 2804 petere
3604 2738 3825 2791 consti-

2231 2827 2349 2880 tuit.
2383 2827 2627 2896 Cumque
2653 2824 2945 2893 Pippinum
2973 2825 3141 2901 ﬁlium
3168 2841 3289 2881 cum
3311 2827 3516 2883 ltalicis
3551 2831 3731 2898 c0piis
3775 2830 3826 2884 in

2230 2915 2612 2969 Tredeutinam
2643 2915 2686 2945 “
2715 2915 2908 2970 vallem
2950 2915 3139 2970 venire
3183 2916 3458 2981 iussisset,
3513 2918 3830 2990 orientales

2230 3020 2444 3076 quoque
2463 3004 2658 3060 Franci
2682 3020 2747 3060 ac
2776 3003 3044 3070 Saxones,
3077 3006 3288 3061 utiussi
3322 3006 3552 3068 fuerant,
3595 3010 3672 3062 ad
3718 3010 3829 3063 Da-

2231 3096 2451 3150 nubium
2491 3095 2545 3148 in
2613 3095 2732 3151 loco
2799 3095 2895 3164 qui
2965 3095 3216 3166 Pferinga
3269 3080 3326 3127 ²³’
3356 3107 3581 3152 vocatur
3632 3115 3830 3155 acces-

2229 3186 2449 3252 sissent,
2476 3187 2592 3255 ipse
2637 3201 2766 3242 cum
2814 3188 3056 3242 exercitu
3119 3203 3278 3256 quem
3322 3205 3502 3244 secum
3542 3191 3825 3255 duxerat,

2229 3296 2390 3350 super
2438 3280 2676 3337 Lechum
2720 3281 2967 3347 fluvium,
3008 3283 3098 3353 qui
3152 3283 3482 3340 Alamannos
3524 3296 3579 3340 et
3621 3288 3828 3343 Baio:-

2230 3372 2339 3427 rios
2365 3373 2569 3427 dirimit
2598 3373 2662 3439 νδ,
2692 3374 2746 3427 in
2777 3373 3055 3444 Augustae
3083 3376 3320 3430 civitatis
3344 3377 3658 3432 suburbano
3689 3395 3826 3436 con-

2230 3462 2389 3527 sedit,
2410 3463 2531 3518 inde
2551 3463 2854 3518 Bailoariam
2895 3479 3019 3517 cum
3062 3473 3172 3518 tam
3209 3465 3385 3520 valida
3416 3481 3575 3520 manu
3615 3468 3823 3536 procul

2229 3553 2393 3609 dubio
2413 3554 2702 3621 petiturus,
2732 3556 2837 3608 nisi
2869 3556 3080 3610 Tassilo
3110 3558 3212 3613 sibi
3243 3575 3306 3613 ac
3352 3561 3546 3628 populo
3593 3577 3702 3616 suo
3747 3564 3821 3618 ad

2229 3659 2410 3714 regem
2434 3645 2700 3700 veniendo
2727 3647 3031 3702 consuleret
3067 3649 3130 3701 ³⁸.
3166 3649 3300 3703 Nam
3350 3651 3535 3706 videns
3559 3668 3615 3706 se
3653 3655 3822 3710 undi-

2230 3751 2333 3806 que
2361 3737 2967 3801 circumsessum,venit
2989 3740 3236 3809 supplex,
3276 3758 3339 3796 ac
3365 3744 3569 3797 veniam
3594 3745 3664 3798 de
3692 3754 3824 3802 ante

2229 3828 2398 3897 gestis
2418 3827 2520 3882 sibi
2546 3827 2663 3881 dari
2698 3820 3013 3896 deprecatus
3064 3830 3105 3860 “
3133 3839 3233 3884 est.
3267 3831 3371 3886 Sed
3409 3842 3463 3886 et
3511 3849 3625 3899 rex,
3676 3836 3824 3891 sicut

2229 3930 2347 3975 erat
2371 3930 2564 3987 natura
2593 3919 2934 3987 mitissimus,
2977 3923 3205 3991 supplici
3251 3939 3324 3978 ac-
3364 3925 3678 3996 deprecanti
3726 3943 3824 3997 pe-

2228 4011 2423 4080 percit,
2456 4012 2802 4081 acceptisque
2830 4013 2897 4066 ab
2939 4027 3005 4066 eo
3042 4022 3257 4080 praeter
3298 4013 3467 4068 ﬁlium
3496 4016 3611 4072 eius
3634 4016 3824 4073 Theo-

2231 4103 2424 4156 donem
2466 4101 2609 4166 aliis,
2633 4117 2771 4171 quos
2819 4103 2933 4171 ipse
2976 4103 3263 4171 imperavit
3295 4106 3358 4170 ”,
3391 4107 3672 4161 duodecim
3721 4110 3818 4173 ob,-

2231 4191 2458 4256 sidibus,
2494 4200 2545 4245 et
2575 4192 2772 4262 populo
2805 4201 2983 4247 terrae
3031 4209 3129 4262 per
3177 4207 3518 4250 sacramenta
3550 4197 3774 4254 ﬁrmato
3802 4242 3819 4267 ,

2232 4283 2285 4337 in
2315 4282 2598 4336 Franciam
2638 4298 2888 4338 reversus
2911 4295 3012 4338 est.
3047 4286 3114 4339 Et
3157 4286 3211 4339 in
3241 4287 3553 4343 subur‘rano
3596 4289 3791 4362 Mogon

2150 4388 2204 4448 Β
2233 4375 2470 4429 tiacense
2495 4374 2561 4438 ⁸⁸,
2590 4373 2643 4427 in
2667 4373 2792 4428 villa
2814 4389 2950 4442 quae
2977 4384 3201 4430 vocatur
3222 4376 3578 4448 lngilunbeim
3603 4379 3820 4449 ",quia

2622 4779 3014 4836 VARIANTES
3052 4783 3448 4838 LECTIONES.

2307 4917 2444 4989 {sed
2467 4916 2650 4989 sedula
2679 4917 2966 4989 admodum
2995 4918 3049 4971 9.
3102 4919 3144 4989 _'
3175 4918 3388 4989 quando
3414 4917 3465 4970 5.
3484 4919 3535 4972 9.
3614 4920 3633 4950 ³
3659 4920 3818 4989 pacis

2236 4987 2426 5042 4.5.9.
2505 4985 2750 5041 ‘futuros
2781 4988 2830 5040 1.
2911 4988 2930 5017 ⁸
2956 5003 3009 5057 n.
3038 4987 3151 5057 p.7.
3194 4985 3205 4986 ί
3231 4987 3250 5017 ⁸
3280 4987 3422 5040 deest
3445 4989 3500 5042 9.
3577 4989 3595 5018 "
3619 4985 3817 5043 salutis

2237 5059 2289 5112 1.
2394 5057 2416 5088 ⁸
2442 5072 2546 5127 qua
2575 5057 2628 5111 9.
2729 5057 2750 5087 '
2777 5057 2934 5110 inivit
2959 5056 3011 5110 5.
3041 5056 3094 5112 9.
3173 5057 3214 5088 ³ο
3247 5058 3512 5126 promissa
3538 5058 3639 5112 ﬁde
3659 5074 3817 5127 prae-

2239 5136 2384 5182 stare
2411 5128 2464 5181 5.
2501 5127 2554 5182 9.
2636 5128 2674 5157 “
2719 5127 3014 5181 baioariam
3059 5136 3221 5195 atque
3269 5129 3444 5196 ipsum
3498 5128 3809 5184 tassilouem

2240 5198 2293 5253 9.
2357 5198 2430 5268 AA“
2463 5196 2809 5268 tridentinam
2853 5197 2905 5268 5.
2955 5195 3007 5250 5.
3042 5197 3099 5268 6.
3123 5197 3172 5250 7.
3203 5197 3253 5250 9.
3333 5197 3375 5228 ¹³
3433 5197 3637 5268 feringa
3666 5197 3719 5251 ὅ.
3751 5199 3811 5252 6.

2244 5269 2287 5298 ιδ
2337 5265 2528 5337 dividit
2573 5266 2625 5319 5.
2677 5267 2728 5337 9.
2835 5266 2878 5296 ⁸⁸
2920 5267 3279 5322 consuluisset
3314 5267 3364 5320 7.
3411 5336 3416 5337 ί
3464 5264 3510 5297 ³⁵
3559 5264 3810 5337 precatus

2241 5337 2293 5391 5.
2324 5336 2376 5391 9.
2456 5337 2499 5369 ⁸⁷
2529 5351 2666 5405 quos
2708 5336 2820 5404 ipse
2866 5337 3151 5406 imperavit
3200 5337 3340 5391 deest
3395 5336 3447 5391 9.
3507 5336 3810 5405 imperave-

2237 5415 2324 5461 rat
2362 5406 2414 5460 5.
2462 5476 2471 5479 _
2517 5407 2559 5438 ⁸⁸
2611 5406 3054 5479 mogontiace‘nsi
3081 5408 3238 5479 7.79.
3272 5406 3806 5479 magonciacensepﬁ.

2237 5476 2612 5548 magontiense
2656 5475 2723 5548 Δί
2788 5477 2885 5548 Αίθμ
2929 5475 3298 5548 ἱγίιεὶιψηξιθίιη
3338 5475 3392 5530 Ξῖ
3431 5476 3812 5548 ingillunbcim

2237 5546 2291 5599 5.
2324 5545 2659 5616 ingilinheim
2697 5546 2751 5600 4.
2777 5545 2827 5600 6.
2857 5546 2906 5598 7.
2940 5545 3226 5616 ingelheim
3246 5547 3320 5601 .9.
