3928 6324
392 358 502 415 «333

846 478 1084 523 ΑἎΜιεε
1119 476 1517 521 ιλυκιθδεκεεε.

394 562 539 627 bilis,
586 574 684 632 per
709 558 956 615 fraudem
995 555 1420 612 consiliaverunt
1458 552 1498 608 ί.
1553 550 1757 619 Quarta
1795 562 1974 619 pugna

397 650 824 709 fuit'commissa
863 648 932 703 ab
964 647 1181 713 Avaris,
1216 646 1310 717 qui
1338 644 1628 701 voluerunt
1679 641 1975 696 vindictam

395 754 657 823 peragere
716 749 909 797 contra
970 738 1270 795 Baioarios.
1327 738 1403 793 lbi
1451 736 1704 792 similiter
1760 732 1980 788 fuerunt

399 832 550 892 Inissi
574 831 756 887 domni
780 829 958 885 Caroli
980 828 1145 899 regis,
1170 836 1225 883 et
1251 828 1478 883 Domino
1512 832 1852 896 protegente,
1899 824 1981 876 vi-

397 924 569 980 ctoria
591 922 1012 978 cbristianorum
1029 920 1236 976 aderat.
1254 918 1415 972 Avari
1439 916 1621 987 fugam
1636 914 1981 985 incipientes,

397 1014 568 1073 multa
618 1013 820 1085 stragis
861 1013 881 1042 ’
921 1011 1119 1074 ibidem
1146 1008 1290 1065 facta
1334 1016 1421 1065 est
1453 1006 1768 1069 occidendo,
1797 1011 1854 1059 et
1890 1002 1983 1058 alii

399 1105 454 1160 in
486 1103 728 1163 Danubio
755 1102 917 1159 ﬂuvio
939 1100 1105 1158 vitam
1131 1098 1379 1154 necando
1402 1096 1703 1152 amiserunt
1733 1095 1775 1148 ".

1119 1218 1262 1229 —

469 1296 1014 1379 ANNALIUM
1086 1290 1908 1373 LAURISSENSIUM

494 1426 959 1485 CONTINUATIO
991 1425 1222 1493 USQUE
1251 1426 1343 1479 AD
1378 1424 1490 1478 AN.
1518 1422 1889 1479 DCCCXXIX.

571 1534 1074 1608 AUCTOBE
1133 1534 1396 1606 EGIN
1415 1532 1842 1605 HARDO.

469 1642 601 1697 Post
629 1642 765 1697 haec
791 1643 969 1697 omnia
997 1642 1231 1697 domnus
1261 1657 1357 1696 rex
1394 1641 1620 1697 Carolus
1670 1656 1768 1711 per
1797 1650 1989 1695 semet~

402 1732 580 1801 ipsum
629 1731 695 1786 ad
750 1730 1133 1802 Reganeshurg
1180 1733 1447 1800 pervenit.
1500 1742 1556 1786 et
1603 1731 1677 1785 ibi
1733 1730 1870 1786 lines
1901 1730 1987 1785 vel

402 1836 616 1877 marcas
665 1820 1038 1877 Baioariorum
1090 1822 1377 1892 disposuit,
1421 1824 1693 1894 quomodo
1736 1822 1915 1879 salvas
1942 1824 1983 1888 ⁸,
2018 1789 2070 1853 Βέ

402 1912 629 1972 Domino
663 1920 1001 1983 protegente,
1059 1922 1251 1968 contra
1297 1913 1583 1969 iamdictos
1627 1914 1838 1968 Avaros
1864 1928 1990 1968 esse

402 2002 723 2072 potuissent.
757 2001 885 2057 Inde
945 2017 1075 2057 vero
1115 2017 1365 2058 reversus
1417 2003 1711 2058 celebravit
1752 2002 1986 2057 natalem

404 2091 616 2147 Domini
653 2092 705 2147 in
729 2093 898 2164 Aquis
922 2094 1139 2165 palatio,
1178 2103 1233 2149 et
1265 2097 1467 2165 pascha
1500 2094 1769 2150 similiter.
1809 2095 1877 2149 Et
1903 2094 1983 2148 iu-

407 2182 637 2237 mutavit
670 2198 730 2238 se
769 2199 1025 2240 numerus
1046 2199 1309 2240 annorum
1340 2186 1393 2239 in

995 2273 1413 2330 DCCLXXXIX.

478 2364 606 2421 lude
633 2363 739 2419 iter
767 2373 1072 2434 permotum
1121 2366 1364 2435 partibus
1416 2365 1732 2422 Sclavauiae
1768 2370 1809 2434 ⁸,
1858 2386 1993 2438 quo-

408 2471 532 2510 rum
586 2455 906 2511 vocabulum
937 2456 958 2489 ⁶
992 2465 1076 2510 est
1104 2456 1304 2511 Willze
1324 2460 1372 2522 ⁷,
1401 2458 1628 2513 Domino
1670 2460 1989 2524 adiuvante;

407 2555 465 2600 et
497 2546 519 2575 ⁸
552 2560 657 2604 una
687 2559 809 2599 cum
841 2545 1067 2603 consilio
1096 2545 1429 2601 Francorum
1458 2557 1512 2602 et
1556 2547 1834 2603 Saxonum
1873 2565 1995 2620 pet"

409 2638 573 2703 rexit,
632 2636 847 2692 Renum
892 2638 961 2692 ad
1002 2638 1282 2694 Coloniam
1336 2641 1637 2706 transiens;
1677 2657 1776 2712 per
1823 2641 1996 2698 Saxo-

411 2727 597 2792 niam;
632 2742 804 2796 usque
833 2727 899 2781 ad
932 2727 1141 2783 Albiam
1173 2727 1390 2783 ﬂuvium
1420 2730 1599 2788 venit:
1651 2731 1838 2801 ibique
1862 2733 1997 2787 duos

411 2825 607 2895 pontes
652 2818 978 2883 construxit,
1016 2834 1247 2888 quorum
1304 2836 1412 2875 uno
1436 2836 1501 2875 ex
1564 2828 1793 2890 utroque
1820 2822 1998 2891 capite

413 2908 699 2964 castellum
748 2924 816 2966 ex
864 2908 1057 2980 ligno'
1099 2918 1156 2963 et
1212 2918 1356 2965 terra
1406 2910 1728 2972 aediﬁcavit.
1793 2912 2000 2966 Exinde

415 3008 697 3079 promotus
719 3001 935 3057 inantea
968 3002 1030 3065 ¹⁰,
1071 3001 1299 3055 Domino
1332 3001 1615 3072 largiente,
1663 3003 2001 3074 supradictas

419 3090 643 3147 Sclavos
665 3090 767 3147 sub
787 3105 887 3146 suo
919 3090 1158 3145 dominio
1183 3090 1501 3146 conlocavit.
1534 3092 1602 3145 Et
1636 3091 1852 3146 fuerunt
1877 3107 1999 3146 cum

416 3197 486 3241 eo
506 3182 561 3236 in
587 3180 777 3236 eodem
798 3179 1041 3235 exercitu
1068 3180 1109 3210 “
1125 3178 1343 3244 Franci,
1363 3179 1641 3245 Saxones;
1664 3180 1940 3235 Frisioues
1958 3180 2001 3210 ¹²

420 3281 602 3335 autem
642 3271 856 3347 navigio
912 3287 1011 3341 per
1059 3270 1264 3325 Habola
1291 3272 1334 3302 "
1372 3282 1398 3311 α
1435 3269 1657 3325 ﬂuvium
1715 3286 1838 3327 cum
1883 3272 2003 3341 qtu'~

420 3364 648 3426 busdam
701 3361 925 3421 Francis
973 3363 1041 3417 ad
1097 3377 1222 3415 eum
1282 3362 1697 3416 coniunxerunt.
1764 3361 2004 3417 Fuerunt

418 3455 585 3522 etiam
625 3452 805 3517 Sclavi
832 3468 957 3509 cum
983 3468 1067 3518 co,
1096 3468 1327 3523 quorum
1358 3453 1621 3510 vocabula
1672 3462 1800 3508 sunt
1829 3454 1872 3487 ιδ
1903 3453 2005 3508 Su-

422 3549 546 3611 urbi
578 3548 623 3581 "
658 3549 710 3613 δ,
762 3563 867 3613 nec
923 3562 1029 3601 non
1077 3557 1133 3603 et
1171 3547 1424 3612 Abotriti,
1473 3563 1703 3617 quorum
1754 3549 2007 3621 princeps

425 3642 525 3709 fuit
551 3639 769 3697 Witzan
798 3639 862 3693 η.
892 3639 1081 3708 Ibique
1107 3638 1327 3694 obsides
1358 3647 1628 3708 receptos,
1666 3649 2006 3695 sacramenta

425 3730 764 3801 conplurima
793 3730 858 3797 ¹⁷,
887 3728 1116 3783 Domino
1154 3728 1507 3799 perducente,
1549 3727 1838 3784 Franciam
1886 3740 2008 3798 per-

424 3824 595 3883 venit.
627 3824 696 3878 Et
718 3822 1013 3879 celebravit
1036 3819 1273 3876 natalem
1297 3820 1509 3876 Domini
1535 3822 1589 3875 in
1605 3820 1915 3877 Wormacia
1941 3823 2007 3888 ",

427 3924 484 3971 et
506 3914 709 3985 pascha
738 3912 990 3969 similiter
1015 3910 1078 3963 ιν.
1109 3910 1179 3965 Et
1206 3911 1491 3965 inmutavit
1522 3926 1581 3966 se
1611 3926 1867 3969 numerus
1918 3928 2011 3967 an-

428 4020 620 4064 uorum
648 4019 702 4063 ιη

823 4324 1210 4380 VARIANTES
1246 4324 1645 4382 LEC‘TIONES.

509 4440 527 4472 ¹
570 4438 993 4495 consiliaverunt
1026 4446 1095 4508 et
1146 4446 1473 4508 peregerunt
1508 4439 1561 4493 7.

435 4510 487 4567 5.
528 4510 581 4563 7.
620 4509 815 4579 Stragis
845 4508 896 4579 6.
1017 4507 1043 4579 ξ
1084 4507 1382 4562 emiserant
1433 4508 1488 4579 5.
1529 4510 1581 4579 β.
1613 4510 1662 4563 7.
1690 4518 1745 4563 et
1791 4507 1924 4568 alios
1957 4514 2016 4568 in

436 4576 934 4662 Danubio'il'umine
965 4577 1392 4662 sub‘merserunlt‘.
1512 4576 1659 4642 Quae
1687 4579 1872 4662 reliqui
1926 4600 2015 4637 co-

436 4650 576 4704 dices
602 4648 827 4711 addunt,
850 4645 1311 4701 Laureshamensis
1338 4645 1437 4717 (1.)
1462 4664 1565 4711 non
1592 4645 1847 4717 agnoscit,
1866 4654 2015 4707 cuius

438 4718 906 4779 continuationem,
957 4733 1076 4769 cum
1125 4716 1310 4770 iisdem
1349 4716 1466 4786 fere
1512 4719 1680 4772 verbis
1731 4732 1927 4776 constet
1954 4740 2017 4777 ac

440 4786 673 4843 chronici
710 4786 1095 4840 Moissiacensis
1141 4786 1268 4840 anni
1302 4787 1425 4851 789,
1476 4787 1599 4851 790,
1635 4789 1757 4853 79l,
1795 4788 1929 4855 792,
1972 4802 2019 4846 et

438 4874 561 4929 puis
597 4856 883 4929 anni_793,
938 4872 1159 4929 quorum
1196 4866 1378 4929 auctor
1411 4873 1525 4929 eam
1576 4869 1783 4929 secutus
1828 4871 1921 4926 est,
1954 4864 2020 4916 iis

439 4924 829 4995 adiungendam
865 4926 1181 4995 censuimus.
1285 4924 1307 4955 ⁸
1365 4925 1571 4980 salvum
1622 4928 1675 4980 2.
1733 4924 1916 4987 salvae
1966 4933 2017 4986 7.

442 4997 463 5027 ³
527 4994 817 5050 sclaviniae
873 4994 926 5048 5.
1047 4994 1067 5025 ⁸
1118 4995 1203 5049 cui
1236 5010 1351 5049 voc.
1396 4996 1448 5049 7.
1563 4998 1582 5028 ⁷
1614 4998 1765 5053 \vilzc
1790 5001 1841 5053 5.
1877 5003 1929 5055 6.
1967 5003 2019 5056 7.

442 5067 463 5096 ⁸
495 5066 604 5119 adi.
634 5080 741 5119 una
764 5063 816 5117 2.
916 5064 936 5094 ⁹
961 5080 1025 5118 ex
1050 5063 1161 5117 lino
1185 5065 1238 5117 2.
1317 5066 1358 5095 ιο
1386 5066 1570 5119 inante
1599 5067 1650 5121 5.
1678 5068 1729 5122 6.
1774 5071 1823 5124 7.
1904 5074 1944 5104 “
1967 5073 2023 5126 in

441 5135 633 5189 eodem
688 5134 740 5187 in
771 5134 1010 5189 exercitu
1043 5134 1095 5186 6.
1174 5135 1215 5163 ¹²
1252 5132 1423 5190 franci
1452 5144 1507 5189 et
1528 5152 1760 5194 saxoues
1792 5142 1838 5195 7.
1878 5142 2024 5197 fran-

442 5204 514 5257 ci.
568 5218 803 5258 saxones
852 5204 1107 5258 {risiones
1136 5202 1189 5256 2.
1269 5204 1504 5260 "labola
1563 5206 1611 5259 7.
1643 5209 1814 5263 albula
1851 5210 2019 5266 Boua.

448 5230 514 5257 LII.
568 5230 803 5258 δίΙᾹυΙΙυδ
852 5230 1107 5258 ηιδιυιιυδ
1139 5230 1189 5256 Ἀθ
1269 5230 1309 5234 ’⁷
1333 5230 1504 5260 ianum
1571 5230 1611 5259 Ι.
1643 5230 1814 5263 ίιιυυιὶι
1851 5230 1965 5266 Πολι
2006 5254 2019 5266 ο

448 5272 643 5327 “sunt
692 5274 885 5328 haec7
1008 5273 1051 5304 “‘
1078 5272 1372 5327 suurbineo
1424 5292 1530 5330 non
1582 5276 1636 5330 2.
1689 5281 1912 5336 suburbi

448 5344 490 5422 ιξ
521 5344 1070 5422 κςίιε-ιιίιηρπινιηᾳρ
1092 5343 1144 5396 7.
1244 5344 1292 5422 f7
1326 5353 1571 5422 receptos
1595 5357 1651 5401 et
1675 5365 1725 5422 s.
1744 5352 2027 5422 quamplu-

446 5412 582 5469 rima
612 5413 690 5490 7._
740 5412 782 5443 ¹⁸
805 5413 1075 5490 uurrnatia
1113 5414 1401 5490 pasclia__5.
1443 5412 1721 5490 {vormatja
1745 5412 1943 5490 pascha
1970 5421 2021 5485 6,

447 5482 783 5538 warmatiam
810 5483 861 5536 7.
921 5482 963 5515 ¹⁹
988 5482 1187 5553 pascha
1205 5483 1454 5540 similiter
1490 5485 1631 5539 deest
1654 5488 1705 5548 2.

1526 339 1902 402 EGINHARDI
1940 337 2235 405 ABBATIS
2269 337 2591 407 ANNALES

2001 456 2054 511 Α

1664 4440 1928 4532 ’-ῗῑτῗιξῗῗ
2040 4473 2091 4532 D
2115 4454 2170 4509 2°
2220 4453 2272 4507 ⁵·
2332 4452 2384 4532 9:

2572 465 2805 519 ANNALES
2837 465 3141 508 SGINlIABDl.

2681 2272 3096 2330 DCCLXXXIX.

2166 2369 2323 2423 Natio
2360 2366 2626 2437 quaedam
2682 2363 3068 2420 Sclavenorum
3095 2364 3109 2393 ¹
3138 2372 3223 2417 est
3276 2364 3329 2417 in
3363 2363 3689 2427 Germania,

2096 2461 2291 2517 sedens
2336 2473 2499 2529 super
2550 2457 2677 2512 litus
2734 2456 2948 2521 oceani,
3007 2470 3147 2525 quae
3191 2456 3453 2526 ’propria
3503 2457 3686 2528 lingua

2096 2549 2385 2612 Welatabi,
2440 2546 2679 2601 francica
2702 2545 2721 2577 ³
2762 2554 2944 2600 autem
2993 2545 3177 2599 Wiltzi
3208 2545 3229 2575 δ
3274 2555 3503 2601 vocatur
3531 2546 3571 2599 '.
3604 2546 3684 2601 Ea

2098 2641 2324 2697 Francis
2348 2655 2563 2709 semper
2592 2638 2842 2705 inimica;
2886 2648 2943 2693 et
2974 2638 3181 2693 vicinos
3234 2652 3363 2693 suos
3390 2639 3484 2708 qui
3514 2638 3685 2693 Fran-

2098 2735 2177 2790 cis
2209 2732 2296 2788 vel
2321 2731 2551 2787 subiecti
2578 2729 2664 2785 vel
2692 2730 2952 2786 foederati
3004 2738 3181 2793 erant,
3213 2731 3353 2785 odiis
3404 2730 3687 2794 insectari,

2087 2824 2344 2901 “belloque
2372 2837 2618 2893 premere
2643 2836 2707 2876 ac
2733 2820 2989 2876 laccssire
3018 2819 3039 2851 ‘
3068 2820 3298 2875 solebat.
3347 2819 3516 2888 Cujus
3543 2821 3692 2875 inso-

2100 2916 2322 2971 lentiam
2366 2930 2461 2969 rex
2508 2913 2716 2984 longius
2744 2913 2763 2944 "
2804 2911 2907 2967 sibi
2951 2925 3059 2968 non
3123 2910 3403 2966 ferendam
3453 2917 3603 2967 ratus
3640 2910 3689 2976 ⁸,

2101 3006 2245 3062 bello
2288 3020 2409 3060 eam
2462 3004 2683 3074 adgredi
2736 3002 2949 3066 statuit,
2995 3012 3419 3070 eomparatoque
3481 3001 3693 3072 ingenti
3791 3059 3798 3067 _

2104 3095 2370 3160 exercitu,
2402 3094 2651 3149 Rhenum
2680 3092 2821 3164 apud
2846 3091 3126 3147 Coloniam
3156 3090 3389 3146 traiecit.
3432 3090 3561 3146 Inde
3586 3105 3693 3160 per

2110 3184 2401 3241 Saxoniam
2430 3184 2533 3238 iter
2580 3197 2768 3253 agens,
2795 3196 2919 3236 cum
2948 3182 3015 3237 ad
3062 3179 3274 3235 Albium
3319 3181 3686 3251 pervenisset,

2107 3276 2303 3333 castris
2332 3276 2386 3330 in
2417 3274 2532 3344 ripa
2561 3274 2777 3344 positis,
2804 3287 3019 3326 amnem
3051 3271 3260 3327 duobus
3295 3273 3551 3340 pontibus
3578 3273 3696 3326 iun-

2106 3370 2206 3434 xit,
2237 3383 2467 3438 quorum
2494 3381 2663 3420 unum
2692 3380 2758 3420 ex
2807 3373 3037 3434 utroque
3073 3365 3249 3432 capite
3275 3364 3413 3420 vallo
3438 3366 3695 3433 munivit,

2108 3468 2163 3515 et
2191 3458 2442 3529 imposito
2472 3454 2742 3525 praesidio
2766 3453 3020 3508 ﬁrmavit.
3077 3453 3195 3523 Ipse
3238 3452 3403 3508 ﬂuvio
3440 3454 3695 3519 transito,

2108 3564 2216 3618 quo
2276 3547 2631 3602 constituerat
2703 3543 3004 3598 exercitum
3071 3542 3244 3606 duxit,
3310 3542 3699 3613 ingressusque

2110 3638 2436 3693 Wiltzorum
2464 3644 2687 3698 terram,
2717 3644 2909 3687 cuncta
2938 3630 3084 3687 ferro
3130 3640 3185 3685 et
3214 3631 3324 3701 igni
3358 3633 3557 3687 vastari
3585 3634 3700 3689 ius-

2112 3728 2200 3783 sit.
2229 3726 2334 3782 Sed
2360 3741 2491 3797 gens
2516 3724 2627 3789 illa,
2663 3723 2909 3793 quamvis
2956 3722 3211 3777 bellicosa
3238 3732 3291 3775 et
3319 3722 3339 3753 ’
3372 3723 3427 3776 in
3471 3739 3569 3778 sua
3597 3740 3700 3779 nu—

2112 3820 2427 3875 merositate
2476 3817 2773 3880 conlidens,
2822 3816 3085 3885 impetum
3130 3816 3405 3869 exercitus
3434 3816 3568 3885 regii
3600 3816 3699 3871 diu

2113 3911 2380 3967 sustinere
2408 3926 2515 3965 non
2542 3908 2712 3962 valuit
2739 3908 2804 3972 ιο,
2834 3921 2899 3961 ac
2922 3907 3169 3976 proinde,
3215 3920 3337 3961 cum
3363 3906 3596 3976 primum
3617 3907 3699 3961 ci-

2117 4004 2335 4056 vitatem
2366 4002 2406 4033 “
2436 3999 2729 4071 Dragawiti
2756 3999 2797 4030 “
2826 4007 3048 4052 ventum
3097 4006 3181 4051 est
3232 4026 3301 4036 -—
3338 4012 3466 4049 nam
3508 3996 3552 4027 “
3575 3996 3621 4051 is
3651 3997 3699 4027 ”

2114 4093 2312 4147 ceteris
2347 4090 2668 4145 Wiltzorum
2717 4086 2918 4159 regulis
2966 4094 3021 4140 et
3069 4085 3347 4140 nobilitate
3400 4085 3614 4155 generis
3641 4096 3703 4141 et

2116 4182 2438 4237 auctoritate
2496 4177 2792 4233 senectutis
2818 4176 2862 4207 ¹⁸
2889 4175 3047 4245 longe
3082 4173 3124 4205 ¹⁶
3154 4173 3529 4244 praeminebat
3552 4175 3592 4205 "
3626 4204 3700 4215 —

2513 4285 2901 4363 vAIuANTES
2938 4284 3340 4341 LECTIONES.

2192 4386 2208 4416 ³
2274 4382 2579 4438 sclauorum
2609 4380 2663 4433 ὁ.
2696 4379 2747 4433 5.
2783 4378 2835 4432 6.
2877 4378 2929 4432 7.
2982 4377 3360 4431 sclauonorum
3412 4376 3466 4429 9.

3560 4378 3579 4407 ’
3604 4378 3699 4447 qui

2500 4450 2519 4481 ³
2550 4449 2822 4505 franciaca
2871 4447 2926 4501 4.

3024 4446 3238 4500 ‘uultzi
3298 4445 3352 4499 5.
3410 4446 3464 4499 ϐ.
3536 4446 3587 4499 7.
3624 4445 3701 4501 'in

2119 4539 2285 4592 marg.
2313 4520 2456 4592 wilsi
2482 4520 2535 4575 9.
2562 4588 2577 4592 Α
2615 4520 2943 4592 “vocantur.
2989 4518 3072 4592 Δί..
3091 4517 3143 4571 9.
3208 4516 3242 4592 ξ
3270 4515 3543 4592 lacessere
3567 4516 3616 4592 7.
3639 4516 3698 4592 ρ.

2117 4584 2138 4624 ’ί
2173 4584 2373 4647 diutius
2430 4591 2481 4643 7.
2558 4588 2580 4620 ⁸
2637 4589 2806 4642 iratus
2834 4587 2887 4639 '5.
2987 4586 3008 4617 ’
3037 4586 3175 4639 deest
3204 4585 3256 4640 9.
3368 4585 3410 4615 "
3442 4586 3616 4653 potuit
3639 4584 3700 4638 2.

2120 4664 2161 4697 “
2218 4663 2272 4716 in
2296 4661 2571 4715 civitatem
2597 4658 2651 4712 2.
2681 4657 2733 4712 9.
2768 4656 2834 4709 ad
2885 4655 2988 4710 civ.
3045 4655 3097 4709 5.
3176 4655 3219 4685 “
3267 4655 3700 4716 dragamutinam

2120 4734 2172 4787 7.
2207 4733 2477 4807 in__inarg.
2537 4747 2554 4777 ι
2584 4726 2880 4807 ἀνεδαἚίιί
2918 4725 3081 4807 habet
3125 4722 3415 4807 MS.:WL“
3469 4724 3611 4807 deest
3641 4725 3699 4778 7.

2120 4810 2225 4865 est,
2257 4792 2510 4859 Wiltzz'm,
2538 4792 2743 4851 nam—is
2770 4795 2822 4851 9.
2850 4796 2884 4850 5
2914 4794 2978 4866 (?)
3020 4793 3206 4866 Vocem
3251 4792 3511 4866 Wiltzan,
3556 4795 3703 4866 meo.

2126 4862 2312 4926 (iscum
2346 4866 2583 4923 vocabuli
2612 4862 2934 4933 Wiltzorunj
2960 4862 3279 4928 'uersionem,
3318 4863 3441 4933 huic
3471 4880 3505 4915 a
3528 4862 3703 4917 scriba

2129 4941 2306 5011 aliquo
2336 4941 2391 4993 in
2416 4936 2676 5011 finenarii
2704 4935 2877 5003 codice
2896 4933 3293 5011 superpositam,
3325 4932 3545 5011 editoris
3576 4933 3705 5011 vitio

2128 5012 2185 5065 in
2217 5001 2417 5063 textum
2441 5008 2731 5077 irrepsisse,
2755 5001 2814 5059 eo
2836 5001 3177 5077 conﬁdentius
3204 5001 3533 5077 cantandum,
3550 5003 3704 5077 quod

2129 5081 2185 5134 in
2216 5078 2359 5132 nullo
2382 5094 2497 5131 eam
2521 5070 2697 5139 codice
2719 5070 3025 5145 o/fenderint
3040 5088 3058 5135 ;
3082 5071 3296 5145 (χνοάᾼεὶ
3330 5072 3385 5125 in
3411 5070 3706 5145 Trevirend

2132 5150 2266 5219 forte
2290 5147 2511 5219 legatur,
2544 5147 2724 5213 vitium
2753 5138 3181 5219 ἓενιεέιῃιὶτμιῖιιε
3215 5140 3370 5219 foret,
3401 5138 3702 5219 sedeodcm

2131 5209 2284 5281 inodo
2308 5209 2535 5287 coepisse
2577 5212 2854 5268 constaret.
2892 5209 3133 5287 Ceterum
3172 5209 3349 5267 omnia
3396 5210 3705 5263 criticorum

2130 5281 2557 5341 historicorumve
2577 5292 2884 5351 argumenta
2902 5281 3013 5335 loco
3036 5281 3299 5351 hucusque
3339 5288 3584 5351 corrupto
3614 5296 3708 5351 su—

2126 5365 2611 5436 perstructahvera
2634 5348 2850 5436 lectione
2895 5350 3132 5433 codicum
3181 5348 3494 5436 (uictor-itote
3534 5348 3701 5436 resti-

2127 5419 2260 5487 iuta,
2290 5419 2589 5479 concidunt.
2680 5424 2721 5454 ³⁸
2761 5423 2807 5477 is
2852 5422 2941 5489 qui
2969 5420 3165 5474 ceteris
3194 5420 3246 5489 7.
3325 5419 3369 5449 ’⁸
3397 5422 3621 5473 scuaths
3648 5419 3703 5474 7.

2130 5494 2172 5525 ¹⁸
2196 5496 2335 5548 deest
2365 5493 2439 5547 '5?
2466 5493 2521 5549 9.
2599 5495 2637 5525 "
2672 5488 3073 5562 praeelniuclmt
3095 5489 3128 5542 5
3148 5490 3173 5542 ?
3216 5488 3250 5543 9

1956 5673 2185 5740 NOTAE.

520 5769 543 5795 Α
587 5755 681 5809 llic
704 5754 886 5813 ΗαιισΙ.

2206 5766 2232 5806 δ
2272 5764 2478 5825 Sorabi,
