3928 6312
100 357 203 413 ιὸἸ

600 476 832 518 ANNALES
869 473 1178 515 EGINBARDI.
1706 456 1758 514 Α

103 555 373 625 extemplo
399 555 415 586 ¹
451 570 575 608 cum
628 553 878 608 omnibus
907 550 1019 605 suis
1056 549 1123 602 ad
1151 562 1333 618 regem
1363 547 1428 600 de
1458 545 1682 599 civitate

103 649 391 721 processit,
439 646 657 701 obsides
708 645 800 715 qui
846 640 1250 712 imperabantur
1304 638 1470 702 dedit,
1524 635 1683 690 ﬁdem

106 756 165 796 se
190 740 302 810 regi
329 754 393 794 ac
424 737 647 791 Francis
676 743 1015 791 servaturum
1040 730 1386 786 iureiurando
1416 728 1682 798 promittit.

108 829 280 898 Quem
307 829 473 884 celeri
502 826 816 881 Sclavornm
843 824 1109 894 primores
1156 836 1220 874 ac
1251 819 1422 890 reguli
1453 819 1472 848 '
1499 833 1688 874 omnes

107 919 280 974 secuti
319 917 364 982 ',
412 933 470 971 se
521 916 660 987 regis
709 913 906 969 dicioni
967 910 1338 966 subdiderunt.
1390 908 1526 1000 Tum
1578 907 1689 970 ille,

108 1007 335 1062 subacto
367 1006 460 1060 illo
479 1005 672 1076 populo
699 1013 755 1060 et
776 1002 1053 1058 obsidibus
1075 1016 1210 1071 quos
1243 1003 1373 1055 dare
1409 998 1641 1054 iusserat
1671 998 1692 1027 ⁸

107 1099 372 1167 acceptis,
406 1097 593 1151 eadem
623 1096 706 1148 via
744 1108 850 1164 qua
885 1100 1121 1147 venerat.
1137 1092 1204 1146 ad
1232 1091 1412 1144 Albim
1442 1090 1462 1121 ³
1492 1105 1696 1160 regres-

109 1202 205 1240 sus
230 1193 332 1250 est,
359 1195 413 1240 et
442 1184 683 1238 exercitu
706 1198 804 1253 per
829 1191 1048 1254 pontem
1078 1183 1320 1246 reducto,
1372 1181 1534 1236 rebus
1561 1197 1694 1250 quo—

109 1293 218 1347 que
243 1278 309 1332 ad
335 1276 577 1331 Saxones
602 1277 999 1346 pertinentibus
1022 1275 1317 1332 secundum
1347 1283 1558 1343 tempus
1579 1274 1692 1327 dis-

109 1366 320 1436 positis,
359 1366 413 1418 in
455 1364 734 1418 Franciam
764 1363 784 1394 ⁸
820 1378 1072 1418 reversus
1121 1371 1224 1425 est,
1266 1369 1322 1415 et
1370 1361 1424 1415 iii
1449 1360 1694 1414 Worma-

111 1457 197 1516 cia
225 1457 245 1487 "
284 1455 501 1509 civitate
551 1462 607 1507 et
654 1453 888 1507 natalem
939 1452 1152 1506 Domini
1202 1460 1255 1505 et
1302 1450 1504 1520 pascha
1558 1449 1698 1504 cele-

111 1547 309 1608 bravit.

754 1655 994 1711 DCCXC.

185 1748 302 1805 Hoc
344 1765 485 1807 anno
537 1749 742 1804 nullum
797 1748 902 1802 iter
949 1746 1241 1802 exercitale
1285 1746 1308 1778 ⁸
1355 1761 1384 1799 a
1437 1759 1562 1816 rege
1615 1743 1694 1799 fa-

112 1851 264 1898 ctum
292 1858 305 1908 ;
349 1843 442 1897 sed
471 1843 523 1896 in
546 1839 855 1896 Wormacia
898 1838 1161 1903 residens,
1190 1837 1393 1909 legatos
1419 1835 1696 1891 Hunorum

114 1944 173 1989 et
196 1934 424 1999 audivit,
455 1943 510 1989 et
530 1948 658 1989 suos
683 1931 920 1986 vicissim
944 1931 1010 1985 ad
1037 1945 1228 1985 eorum
1273 1929 1546 2000 principes
1600 1929 1700 1982 mi-

116 2027 208 2081 sit.
229 2024 501 2096 Agebatur
530 2025 670 2078 inter
711 2037 807 2078 eos
829 2021 894 2075 de
927 2011 1178 2078 conﬁniis
1205 2020 1226 2051 °
1261 2035 1550 2091 regnorum
1576 2034 1702 2074 suo-

116 2133 264 2182 rum,
294 2115 488 2185 quibus
532 2116 586 2169 iii
613 2114 750 2169 locis
784 2128 902 2172 esse
931 2113 1211 2168 deberent.
1244 2110 1386 2165 Haec
1429 2111 1702 2165 contentio

117 2215 284 2276 atque
317 2206 357 2236 ¹⁰
387 2205 693 2269 altercacio,
715 2202 861 2268 belli,
892 2201 1034 2272 quod
1056 2209 1241 2270 postea
1265 2215 1388 2254 cuin
1408 2199 1579 2254 Hunis
1608 2216 1702 2270 ge-

117 2305 265 2352 stum
292 2305 393 2362 est,
417 2295 765 2351 seminarium
794 2303 850 2348 et
883 2293 1036 2362 origo
1075 2291 1190 2346 fuit.
1229 2290 1344 2346 Rex
1373 2298 1552 2345 autem
1575 2331 1589 2356 ,
1637 2307 1705 2346 ne

117 2388 275 2458 quasi
307 2404 404 2459 per
443 2391 614 2444 otium
641 2400 855 2460 torpere
881 2392 919 2422 "
951 2407 1012 2446 ac
1053 2399 1265 2460 tempus
1295 2399 1473 2447 terere
1497 2391 1706 2445 videre-

120 2489 208 2533 tur
233 2519 249 2543 ,
291 2496 390 2549 per
436 2479 682 2537 Moenum
713 2480 931 2536 (luvium
979 2484 1046 2538 ad
1079 2482 1225 2538 Saltz
1261 2484 1302 2514 "
1337 2494 1362 2522 ι
1387 2524 1402 2547 ,
1449 2483 1706 2552 palatium

117 2588 282 2628 suum
326 2575 381 2627 in
427 2574 716 2630 Germania
762 2576 910 2630 iuxta
964 2575 1143 2630 Salam
1187 2575 1406 2630 ﬂuvium
1457 2583 1710 2630 constru-

119 2674 295 2728 ctum,
326 2667 614 2737 navigavit,
639 2677 802 2738 atque
831 2670 956 2729 inde
987 2669 1184 2723 iterum
1213 2684 1311 2739 per
1335 2668 1565 2724 eundem
1597 2683 1711 2723 am-

124 2778 248 2817 nem
274 2765 508 2818 secunda
540 2779 680 2833 aqua
695 2764 1060 2820 Wormaciam
1089 2766 1132 2801 ”
1157 2780 1408 2821 reversus
1434 2773 1536 2820 est.
1556 2763 1715 2819 Cum-

123 2867 234 2924 que
265 2855 338 2907 ibi
366 2855 653 2920 hiemaret,
685 2857 858 2925 ipsum
889 2855 1146 2926 palatium
1199 2857 1252 2910 in
1287 2871 1396 2925 quo
1420 2870 1710 2911 conversa-

125 2947 316 3008 batur,
340 2959 468 2998 casu
499 2945 794 3011 accidente,
827 2953 1092 3000 nocturno
1119 2945 1368 3001 incendio
1403 2958 1715 2999 concrema-

130 3047 249 3092 tum
275 3043 378 3090 est.
402 3035 478 3090 lbi
505 3044 682 3090 tamen
706 3051 1052 3105 permanens,
1078 3044 1132 3091 et
1159 3036 1389 3090 natalem
1424 3034 1637 3090 Domini
1663 3042 1718 3088 et

128 3129 337 3199 pascha
368 3143 516 3183 more
537 3128 762 3183 solemni
794 3126 837 3160 ιδ
866 3128 1176 3184 celebravit.

795 3216 1059 3273 DCCXCI.

203 3303 503 3363 Traiisacta
530 3309 680 3362 verni
715 3307 1118 3377 "temperie",
1146 3307 1290 3362 circa
1349 3307 1570 3361 aestatis
1605 3305 1708 3359 ini-

134 3400 270 3451 tium
316 3413 410 3451 rex
448 3398 512 3451 de
533 3396 840 3451 Wormacia
867 3411 1111 3460 movens,
1132 3395 1439 3454 Baioariam
1477 3395 1516 3425 ³⁷
1543 3391 1722 3464 profe-

134 3500 258 3547 ctus
289 3499 392 3555 est,
417 3505 482 3544 ea
509 3490 857 3544 meditatione
899 3489 964 3552 ³⁸,
1003 3497 1061 3543 ut
1089 3487 1258 3542 Hunis
1292 3487 1560 3542 factorum
1594 3501 1720 3539 suo-

137 3595 261 3636 rum
298 3581 472 3635 vicem
505 3579 788 3645 redderet,
842 3589 896 3634 et
937 3580 1018 3635 eis
1072 3579 1135 3644 “,
1176 3587 1376 3648 quanto
1427 3576 1654 3631 celerius
1678 3575 1722 3605 ⁸⁸

137 3678 347 3741 posset,
373 3669 571 3725 bellum
601 3669 844 3724 inferret.
872 3667 1211 3738 Comparatis
1240 3668 1400 3738 igitur
1430 3667 1496 3721 ad
1529 3667 1632 3722 hoc
1658 3679 1722 3721 ex

138 3759 290 3814 omni
323 3774 488 3829 regno
515 3774 612 3813 suo
641 3775 802 3828 quam
833 3758 1180 3814 validissimis
1221 3758 1390 3827 c0piis
1414 3797 1429 3822 ,
1475 3766 1531 3811 et
1578 3771 1727 3812 com-

142 3851 417 3904 meatibus
463 3851 802 3921 congregatis
831 3851 908 3913 “,
966 3850 1220 3919 bipertito
1246 3851 1290 3880 ¹²
1320 3848 1561 3903 exercitu
1625 3849 1728 3902 iter

143 3956 309 4011 agere
334 3942 530 4010 coepit.
558 3942 722 3996 Cuius
772 3950 977 4011 partem
1010 3941 1345 3997 Theodorico
1370 3942 1414 3972 ⁸³
1457 3941 1640 3996 comiti
1673 3949 1729 3995 et

145 4030 474 4103 Heginfrido
505 4032 802 4087 camerario
849 4032 894 4063 “
947 4047 1046 4088 suo
1086 4033 1464 4096 committens,
1512 4047 1606 4086 eos
1631 4047 1730 4103 per

146 4123 516 4193 aquilonalem
552 4125 596 4154 "
626 4124 855 4179 Danubii
884 4125 1056 4194 ripam
1083 4125 1186 4178 iter
1216 4139 1374 4194 agere
1412 4125 1586 4178 iussit.
1613 4122 1731 4193 Ipse

145 4230 275 4270 cum
312 4214 417 4268 alia
442 4215 488 4245 "
515 4224 666 4284 parte
695 4230 856 4283 quam
903 4230 1086 4270 secum
1128 4215 1360 4270 reteiiuit
1394 4215 1438 4245 ³⁷
1463 4255 1476 4278 ,
1527 4223 1734 4269 austra-

148 4306 256 4359 lem
287 4306 531 4360 eiusdem
586 4305 822 4361 ﬂuminis
873 4305 1043 4374 ripam
1091 4305 1422 4359 Pannoniam
1468 4305 1732 4374 petiturus

146 4396 458 4463 occupavit,
482 4395 744 4449 Baioariis
765 4411 884 4449 cum
912 4395 1300 4449 commeatibus
1323 4395 1615 4458 exercitus,
1642 4396 1733 4463 qui

147 4489 385 4543 navibus
432 4489 837 4545 devehebantur
886 4489 952 4553 ’⁸,
991 4503 1090 4556 per
1140 4487 1441 4542 Danubium
1499 4490 1732 4544 secunda

547 4621 933 4676 VARIANTES
970 4621 1368 4677 LECTIONES.

220 4714 235 4744 '
271 4711 524 4779 exemplo
561 4711 608 4765 i.
663 4711 918 4781 estimplo
942 4711 1000 4765 4.
1043 4712 1096 4766 5.
1154 4711 1388 4780 eximplo
1433 4711 1484 4766 6.
1582 4714 1601 4742 ’
1655 4728 1738 4767 re-

138 4783 272 4853 gali,
331 4791 390 4833 ut
438 4798 594 4853 supra
627 4781 824 4851 regalis
856 4782 910 4835 5.
936 4781 986 4835 6.
1067 4783 1088 4814 ³
1144 4782 1284 4853 deest
1315 4783 1362 4835 1.
1396 4782 1448 4834 2.
1496 4781 1529 4834 5
1551 4782 1572 4834 ?
1598 4783 1650 4836 5.
1682 4783 1734 4837 6.

145 4851 446 4922 sequentes
469 4851 526 4922 β.
560 4853 728 4905 secuti
768 4867 958 4922 omnes
997 4853 1051 4906 9.
1092 4921 1103 4922 ί
1143 4852 1164 4882 δ
1193 4853 1396 4906 inserat
1434 4853 1509 4922 1.7
1591 4854 1612 4883 ⁸
1662 4853 1739 4905 al-

145 4921 294 4977 bia’m
348 4921 406 4973 2.
466 4921 517 4974 5.
549 4922 599 4975 7.
642 4923 693 4975 9.
773 4921 792 4950 ⁸
843 4921 1051 4977 fraiicia
1081 4921 1134 4974 2.
1211 4923 1230 4953 "
1269 4921 1549 4975 warmatia
1577 4923 1628 4976 7.
1664 4923 1738 4976 ita

147 4990 469 5061 aliquotiens
497 4991 935 5061 insequentibus.
1013 4992 1033 5023 '
1065 4991 1209 5045 nulla
1241 4992 1580 5061 expeditio—
1599 4991 1736 5046 facta

147 5059 317 5116 est'9.
401 5059 420 5090 ’
444 5059 743 5115 confinibus
773 5063 824 5114 7.
855 5062 920 5115 de
945 5077 994 5114 ο.
1033 5062 1065 5114 i.
1106 5076 1200 5115 eos
1235 5062 1286 5114 7.
1310 5059 1363 5114 5.
1457 5062 1498 5092 ⁸ο
1521 5061 1661 5116 deest
1689 5063 1737 5115 l.

152 5134 193 5164 ¹¹
253 5141 572 5198 torpescere
617 5133 668 5185 7.
779 5133 818 5162 "
854 5131 961 5185 salz
1013 5133 1066 5184 5.
1111 5131 1249 5185 salzt
1281 5132 1332 5185 5.
1390 5131 1440 5184 6.
1490 5131 1636 5186 salae
1687 5134 1739 5187 9.

155 5203 196 5233 ³³
229 5217 332 5271 per
364 5201 711 5255 wormaciam
741 5201 792 5254 6.
829 5202 880 5253 in
924 5202 1268 5256 wormaciam
1307 5203 1356 5256 9.
1463 5201 1503 5231 ¹”’
1532 5210 1586 5254 et
1625 5218 1748 5256 san-

153 5281 301 5325 ctum
341 5271 542 5326 pascha
570 5271 858 5325 celebravit
888 5272 940 5325 9.
1024 5271 1067 5300 ¹⁸
1094 5273 1237 5325 veris
1263 5272 1314 5324 5.
1395 5271 1437 5300 ¹⁶
1475 5279 1746 5326 transacto

1163 344 1306 432 CUM
1341 339 1936 401 LAURISSENSIBUS
1973 337 2285 397 COLLATI.

2243 459 2475 502 ANNALES
2513 456 2918 498 LAUMSSENSLS.

2449 1660 2670 1716 DCCXC
2695 1660 2726 1694 "

1870 1754 1927 1808 lii
1973 1754 2217 1822 sequenti
2249 1767 2378 1807 vero
2423 1768 2563 1806 anno
2596 1752 2798 1804 nullum.
2847 1751 2973 1804 leeit
3019 1750 3141 1814 iter,
3176 1749 3269 1803 sed
3303 1748 3377 1802 ibi

1804 1848 1856 1901 in
1907 1846 2160 1901 iamdicta
2186 1846 2201 1877 ¹
2243 1846 2463 1901 civitate
2485 1845 2676 1900 iterum
2706 1842 2939 1897 natalem
2989 1840 3201 1896 Domini
3249 1839 3384 1893 cele-

1805 1940 2004 2005 bravit,
2036 1950 2088 1995 et
2115 1940 2316 2009 pascha
2349 1939 2618 1994 similiter.
2649 1937 2716 1990 Et
2769 1936 3055 1990 inmutavit
3090 1949 3150 1989 se
3196 1947 3382 1987 nume-

1803 2046 1895 2086 rus
1924 2045 2190 2085 annorum
2218 2030 2272 2083 in

1876 2144 1893 2160 '
1927 2139 2120 2212 [liuius
2146 2139 2270 2216 an_ni
2304 2139 2568 2216 principio
2592 2154 2703 2216 rex_
2716 2136 2941 2192 Carolus
2971 2134 3379 2216 priniigenituiii

1808 2203 1974 2264 ﬁliuni
2003 2225 2160 2264 suum
2191 2203 2444 2264 Carolnm
2483 2203 2628 2262 ultra
2671 2203 2986 2277 Sequanam
3001 2203 3218 2267 direxit,
3251 2203 3385 2257 dans

1806 2282 1855 2335 ei
1909 2282 2161 2336 ducatum
2195 2278 2682 2342 Cenomannicum;
2715 2279 2808 2347 qui
2838 2278 3027 2332 eodem
3050 2290 3191 2329 anno
3215 2281 3390 2327 aesta-

1808 2353 1878 2406 tis
1907 2360 2144 2420 lemporie
2189 2349 2254 2404 ad
2297 2358 2506 2419 patrem
2559 2350 2868 2420 revertitur.
2920 2347 3047 2420 Rex_
3065 2353 3243 2420 autem
3265 2358 3388 2397 coii-

1807 2413 2030 2476 ventum
2084 2413 2412 2474 Francorum
2444 2419 2633 2473 habuit
2686 2419 2739 2472 in
2789 2417 3086 2471 Wormatia
3145 2413 3385 2473 civitate,

1810 2492 2177 2562 disposuitque
2196 2505 2260 2544 ea
2297 2504 2437 2558 quae
2477 2488 2625 2542 utilia
2656 2489 2978 2562 videbantur
3001 2499 3118 2539 esse
3148 2485 3201 2538 iii
3225 2496 3390 2553 regno

1811 2557 1928 2618 suo.
1961 2562 2018 2615 lii
2049 2557 2137 2615 illo
2165 2575 2294 2615 vero
2316 2557 2485 2620 anno,
2516 2568 2618 2613 etc.
2647 2559 2680 2613 9
2707 2557 2789 2629 IL]

2497 3225 2755 3281 DCCXCI.

1892 3319 2018 3372 lnde
2045 3325 2224 3370 autem
2277 3327 2467 3370 itinere
2523 3324 2788 3385 permoto,
2838 3314 3081 3384 partibus
3117 3313 3398 3369 Baioariae

1820 3409 2080 3480 perrexit,
2135 3407 2201 3461 ad
2244 3405 2627 3476 Reganesburg
2669 3408 2688 3434 ³
2719 3403 3026 3478 pervenit',
3075 3403 3147 3456 ibi
3194 3405 3403 3458 exerci-

1822 3508 1934 3553 tum
1959 3513 2111 3553 suum
2142 3497 2441 3561 coniunxit,
2468 3496 2646 3564 ibique
2666 3493 2890 3548 consilio
2914 3501 3132 3562 peracto
3171 3489 3404 3545 FranCn-

1824 3602 1965 3652 rum,
1999 3586 2292 3649 Saxonum,
2325 3584 2634 3648 Frisonuin,
2668 3582 3046 3650 disposuerunt
3083 3586 3301 3650 propter
3330 3579 3405 3632 iii-

1827 3680 1990 3732 iiiiam
2043 3677 2310 3731 nialiciam
2339 3685 2395 3729 et
2425 3672 2833 3728 intollerabilein
2872 3671 2913 3735 ⁸,
2946 3686 3108 3739 quani
3159 3667 3403 3724 fecerunt

1825 3769 1986 3822 Avari
2009 3775 2196 3821 contra
2245 3774 2486 3820 sanctam
2523 3763 2806 3818 ecclesiam
2833 3764 2853 3795 ⁸
2887 3762 2967 3816 vel
3022 3763 3278 3832 populum
3301 3763 3406 3816 cri-

1827 3861 2084 3924 stianum,
2115 3857 2256 3912 unde
2301 3856 2544 3911 iusticias
2572 3871 2668 3925 per
2715 3855 2910 3909 missos
2963 3856 3252 3923 impetrare
3297 3867 3402 3906 non

1826 3951 2134 4012 valuerunt,
2172 3947 2324 4002 iter“
2358 3945 2651 4015 peragendi
2703 3946 2746 3998 ".
2804 3944 2937 3998 Ciini
2995 3944 3087 3997 Dei
3141 3942 3407 3996 adiutorio

1829 4043 2074 4115 partibus
2127 4040 2395 4095 iamdictis
2464 4039 2764 4095 Avarorum
2823 4047 3180 4109 perrexerunt
3224 4037 3286 4101 ’ς
3342 4037 3408 4090 ad

1831 4131 2102 4188 Anisam’
2163 4133 2189 4171 ι)
2219 4147 2346 4186 vero
2377 4131 2418 4162 ¹⁰
2473 4129 2692 4183 ﬂuvium
2735 4137 3107 4199 properantes,
3157 4128 3227 4181 ibi
3275 4143 3407 4181 con-

1833 4225 2126 4279 stituerunt
2155 4221 2379 4276 letaiiias
2410 4219 2640 4274 faciendi
2686 4219 2862 4272 triduo
2891 4219 2930 4248 “
2958 4235 2972 4280 ;
3015 4219 3409 4285 missarumque

1834 4313 2110 4368 sollemnia
2133 4310 2450 4367 celebrando
2475 4311 2515 4339 "
2543 4309 2636 4363 Dei
2666 4309 2913 4364 solatium
2935 4308 3340 4378 postulaverunt
3369 4308 3409 4338 ’³

1835 4418 1933 4474 pro
1962 4402 2132 4458 salute
2161 4401 2451 4462 exercitus,
2482 4407 2537 4453 et
2561 4399 2827 4453 adiutorio
2857 4397 3055 4452 domini
3096 4395 3267 4450 nostri
3292 4394 3410 4450 Iesu

1836 4493 2054 4558 Christi,
2088 4500 2142 4547 et
2182 4506 2280 4561 pro
2336 4491 2562 4544 victoria
2607 4499 2661 4543 et
2693 4489 2927 4543 vindicta
2985 4502 3146 4556 super
3173 4487 3402 4544 Avaros.

1758 4567 1811 4625 Ῑ)
1841 4587 2193 4656 Supradictns
2221 4600 2351 4639 vero
2398 4584 2650 4654 princeps
2679 4584 2744 4638 de
2789 4582 3015 4638 australi
3047 4591 3199 4652 parte
3228 4581 3406 4634 Danu-

1835 4678 1923 4732 bio
1962 4677 2003 4708 ”
2048 4677 2148 4730 iter
2179 4689 2463 4744 peiagens,
2523 4673 2764 4728 Saxones
2807 4683 2987 4728 autem
3022 4687 3143 4727 cum
3194 4672 3413 4741 quibus-

1836 4769 1959 4823 dam
2009 4767 2236 4821 Francis
2283 4773 2336 4819 et
2387 4765 2622 4818 maxime
2677 4763 2904 4832 plurima
2938 4763 3231 4816 Frixonum
3266 4761 3310 4792 ¹⁸
3339 4761 3408 4815 de

2227 4897 2615 4952 VARIANTES
2654 4894 3056 4951 LECTIONES.

1898 4995 1912 5022 '
1949 4992 2019 5045 ibi
2052 4991 2302 5044 iamdicta
2335 4991 2386 5044 6.
2467 4991 2486 5018 ³
2518 4989 2879 5057 regnesburch
2904 4987 2956 5041 5.
2989 4996 3325 5057 reganesbug
3349 4984 3402 5036 6.

1845 5064 1864 5094 ³
1896 5063 2138 5131 pervenit
2160 5061 2296 5113 deest
2325 5061 2432 5131 7.__A
2453 5060 2473 5088 ⁸
2507 5055 2983 5131 iiitolerabilem5.
3031 5055 3084 5109 6’.
3268 5055 3288 5085 ⁸
3315 5069 3407 5108 ec-

1843 5124 2058 5187 clesiam
2105 5141 2167 5183 ut
2199 5145 2320 5199 pop.
2371 5128 2555 5182 Clicsn.
2652 5129 2672 5159 ⁸
2701 5129 2815 5199 iter
2847 5127 2944 5181 fuit
2973 5124 3256 5199 consiliarii
3285 5140 3412 5199 lper-

1845 5202 2033 5272 agendi
2071 5203 2120 5254 7.
2201 5193 2240 5272 ’⁷,
2267 5193 2369 5253 iter
2401 5210 2684 5272 pergentes
2716 5199 2766 5251 5.
2806 5198 2908 5272 ite_r
2955 5193 3243 5265 peragendi
3275 5193 3327 5272 Ii.
3359 5210 3411 5272 ς.

1843 5262 1940 5352 ξίὲι·
1969 5269 2350 5352 .peragendmiin.
2401 5262 2414 5268 ’
2448 5270 2468 5300 ⁸
2501 5262 2807 5352 avarorum.
2865 5267 2930 5352 ξι
2955 5262 3336 5352 ’ρετιῖοιθειιηῐ
3359 5262 3411 5316 7.

157 5357 286 5396 vere
321 5333 376 5393 9.
459 5341 498 5371 ¹⁷
531 5341 584 5393 in
614 5342 666 5394 b.
697 5343 747 5395 7.
829 5340 870 5370 ¹⁸
893 5340 1200 5394 conditiOiie
1220 5342 1339 5396 4.5.
1368 5340 1418 5394 6.
1501 5341 1542 5371 ¹⁹
1559 5343 1747 5396 reilde-
1845 5342 1864 5372 θ
1897 5333 2190 5395 θιιίἐθηίϐ.
2300 5340 2339 5369 ¹⁰
2382 5354 2510 5392 vero
2557 5340 2696 5391 deest
2733 5338 2782 5389 7.
2865 5338 2901 5366 “
2945 5333 3180 5389 triduum
3213 5333 3264 5386 5.
3315 5346 3412 5401 per

156 5420 240 5466 rct
261 5409 650 5491 utqueeisdem
681 5412 733 5465 7.
809 5411 853 5442 ὀ
869 5425 1027 5534 (gnam
1056 5411 1287 5479 primum
1311 5411 1363 5465 9.
1460 5410 1658 5464 “deest
1690 5411 1742 5465 9.
1846 5412 2022 5466 triduo
2090 5411 2138 5462 7.
2221 5410 2260 5439 ¹²
2305 5409 2611 5464 celebrandi
2639 5407 2689 5461 5.
2729 5406 2779 5459 6.
2862 5407 2903 5436 ⁸³
2959 5403 3417 5475 praestolaverunt

157 5481 204 5511 "
231 5482 495 5534 bibertito
518 5480 570 5533 5.
604 5481 856 5534 bipartito
921 5482 1004 5534 .5.
1034 5479 1084 5532 5.
1116 5481 1166 5533 6.
1195 5483 1243 5534 7.
1271 5481 1321 5534 9.
1399 5481 1444 5512 ’³
1474 5480 1609 5534 cf.a.
1639 5481 1742 5534 782
1846 5484 1896 5534 6.
1979 5480 2020 5510 ιδ
2044 5478 2259 5532 danubii
2287 5480 2336 5532 7.
2417 5481 2460 5510 ¹⁸
2492 5478 2751 5533 frisonum
2794 5476 2845 5532 5.
2877 5477 2928 5530 6.
2969 5478 3018 5531 8.
3069 5473 3329 5527 fi'ixorum
3360 5471 3410 5522 7.

157 5481 204 5511 "
231 5471 495 5535 bibertito
518 5480 570 5533 5.
604 5481 856 5550 bipartito
882 5471 933 5534 2.
953 5482 1004 5534 5.
1034 5471 1084 5532 δ’.
1116 5481 1166 5533 6.
1195 5483 1243 5534 7.
1271 5481 1321 5535 9.
1399 5481 1444 5512 ’³
1474 5480 1609 5549 cf.a.
1639 5481 1742 5535 782
1846 5484 1896 5535 6.
1979 5480 2020 5550 ιθ
2044 5478 2259 5550 danubii
2287 5480 2336 5532 7.
2417 5481 2460 5510 ¹⁸
2492 5478 2751 5550 frisonum
2794 5476 2857 5550 5.,
2877 5477 2928 5550 6_.
2952 5471 3018 5550 :8.
3044 5473 3329 5550 _fi'_ixorum

160 5561 271 5605 not.
301 5568 354 5620 p.
435 5539 889 5620 “cubiculario9.
969 5550 1397 5619 "aquilonarem
1413 5550 1464 5604 9.
1504 5539 1514 5549 ’
1548 5551 1740 5604 "deest
1844 5568 1966 5604 nimi
1992 5549 2261 5620 legendum
2289 5559 2343 5603 et
2377 5565 2566 5604 manus
2593 5548 2819 5618 plurima
2847 5547 2863 5599 ἲ
2893 5547 2926 5600 9
2951 5547 3001 5599 b.
3035 5543 3185 5597 liabet
3212 5550 3264 5596 et
3285 5539 3415 5594 inul-

160 5620 212 5675 5.
252 5618 315 5674 9.
389 5620 430 5648 ²⁷
466 5621 686 5674 retinuit
719 5619 878 5675 2«9.
955 5621 998 5650 "
1025 5618 1354 5674 debebantur
1377 5621 1426 5674 1.
1451 5621 1503 5674 2.
1841 5620 2012 5674 titudo
2039 5618 2284 5687 plurima.

1668 5709 1894 5767 NOTAE.

235 5819 258 5844 α
305 5804 682 5874 Ιιόηἱσιτίροίοθη,
722 5804 783 5856 ad
817 5803 952 5857 Salue
984 5804 1251 5858 Fraiicicae
1278 5811 1454 5874 caput.
1919 5801 1944 5840 δ
1983 5799 2080 5853 Dic
2103 5797 2211 5853 Ens
