3928 6310
239 345 329 398 αι

722 469 955 510 Ακεελιεε
990 469 1299 510 ΕῦΙΝΗΔΙΨΙ.

865 542 1151 599 DCCXCII.

302 652 326 678 ι
357 635 701 713 Orgellisest
739 637 928 691 civitas
991 637 1006 667 ⁴
1056 637 1108 689 in
1147 636 1362 706 Pyrinei
1414 638 1614 691 montis
1680 635 1800 706 iugo

233 730 331 785 sita
351 770 366 794 ,
395 730 549 784 cuius
579 721 864 799 episcopus
894 729 1112 783 nomine
1141 727 1291 782 Felix
1314 770 1328 792 ,
1360 729 1578 783 natione
1607 727 1802 796 Hispa-

234 837 354 886 nus,
405 822 471 876 ab
520 821 816 890 Elipando,
844 819 1015 874 Toleti
1060 820 1351 889 episcopo,
1401 835 1496 889 per
1544 819 1750 873 litteras
1780 820 1800 848 ¹

233 911 525 975 consultus,
561 911 690 980 quid
722 911 786 965 de
814 910 1151 963 humanitate
1189 909 1474 963 salvatoris
1505 910 1587 964 dei
1624 917 1677 962 et
1712 909 1805 963 do-

232 1003 357 1057 mini
390 1001 562 1056 nostri
589 1000 707 1054 Iesu
735 995 939 1054 Christi
974 999 1177 1053 sentire
1215 1000 1463 1062 deberet,
1512 1011 1694 1052 utrum
1719 1013 1805 1052 se-

232 1092 459 1147 cundum
497 1091 552 1145 id
592 1090 736 1160 quod
780 1090 941 1143 homo
971 1096 1090 1152 est,
1139 1089 1391 1156 proprius
1420 1103 1487 1140 an
1519 1087 1804 1157 adoptivus

232 1183 319 1237 Dei
350 1182 490 1237 filius
518 1181 816 1236 credendus
841 1186 985 1234 esset
1013 1194 1076 1233 ac
1105 1178 1386 1243 dicendus,
1406 1176 1559 1230 valde
1589 1176 1804 1229 incaute

227 1287 384 1346 atque
407 1273 824 1338 inconsiderate,
849 1281 905 1326 et
927 1280 1113 1326 contra
1137 1270 1414 1338 antiquam
1451 1268 1748 1323 catholicae
1781 1267 1802 1297 ³

228 1366 484 1424 ecclesiae
512 1365 811 1419 doctrinam
830 1406 843 1429 ,
888 1362 1197 1432 adoptivum
1235 1375 1339 1415 non
1368 1359 1537 1414 solum
1566 1373 1805 1428 pronun-

231 1457 395 1518 tiavit,
431 1456 528 1509 sed
561 1455 724 1509 etiam
759 1455 976 1523 scriptis
1005 1453 1073 1506 ad
1108 1457 1464 1505 memoratum
1493 1449 1800 1518 episcopum

228 1547 396 1609 libris,
423 1553 630 1614 quanta
668 1544 842 1613 potuit
881 1541 1178 1613 pertinacia
1213 1539 1234 1570 ⁸
1265 1539 1590 1609 pravitatem
1628 1538 1802 1590 inten-

227 1638 425 1695 tionis'
467 1650 596 1691 suae
633 1635 920 1690 defendere
966 1631 1198 1690 curavit.
1238 1629 1410 1683 Huius
1463 1629 1542 1682 rei
1576 1627 1596 1658 ⁸
1637 1641 1800 1680 causa

225 1731 415 1784 ductus
467 1731 486 1760 '
533 1729 596 1783 ad
633 1727 890 1798 palatium
929 1725 1163 1794 regis—
1191 1737 1317 1776 nam
1365 1721 1386 1750 “
1428 1721 1474 1774 is
1505 1729 1632 1774 tunc
1661 1719 1800 1788 apud
1827 1763 1870 1817 Β

225 1817 509 1889 Reginum,
543 1817 826 1871 Baioariae
854 1817 1146 1876 civitatem,
1183 1815 1236 1867 in
1266 1829 1372 1882 qua
1409 1812 1428 1842 '
1472 1812 1802 1866 hiemaverat

228 1907 500 1962 residebat
522 1937 592 1946 ——
619 1907 709 1960 ubi
744 1914 1072 1975 congregato
1101 1903 1476 1971 episcoporum
1504 1899 1735 1953 concilio
1759 1898 1802 1929 ¹⁹

224 1998 434 2053 auditus
474 2006 586 2061 est,
636 2005 691 2051 et
721 2011 936 2050 errasse
982 1995 1280 2056 convictus,
1331 1993 1396 2046 ad
1442 1991 1803 2059 praesentiam

225 2089 476 2145 Hadriani
519 2087 793 2158 pontificis
835 2086 1061 2139 Romam
1087 2085 1126 2115 “
1178 2084 1410 2147 missus,
1458 2081 1531 2135 ibi
1557 2082 1597 2111 "
1640 2080 1806 2132 etiam

223 2196 399 2238 coram
430 2181 550 2249 ipso
574 2180 617 2211 ¹³
659 2180 712 2232 in
749 2178 969 2232 basilica
1001 2176 1143 2230 beati
1173 2173 1319 2229 Petri
1350 2172 1579 2243 apostoli
1618 2173 1807 2225 haere-

222 2291 329 2329 sem
355 2274 396 2306 "
429 2290 583 2328 suam
615 2272 892 2325 damnavit
914 2271 955 2300 ”‘
988 2279 1146 2338 atque
1175 2256 1461 2321 abdicavit.
1495 2265 1612 2329 Quo
1639 2262 1802 2326 facto,

223 2366 287 2419 ad
313 2365 591 2419 civitatem
636 2376 786 2416 suam
833 2367 1082 2414 reversus
1120 2367 1222 2411 est.
1274 2358 1417 2426 Rege
1447 2370 1577 2407 veru
1608 2351 1806 2406 ibidem

223 2463 476 2507 aestatem
508 2459 723 2521 agente,
753 2449 894 2503 facta
925 2457 1006 2502 est
1036 2454 1222 2501 contra
1259 2445 1405 2499 illum
1430 2444 1472 2474 ¹⁶
1507 2441 1806 2497 coniuratio

223 2561 252 2597 a
282 2544 390 2598 lilio
432 2559 533 2598 suo
581 2543 803 2605 maiore,
845 2541 1060 2594 nomine
1093 2538 1337 2607 Pippino,
1386 2545 1438 2590 et
1482 2534 1804 2603 quibusdam

224 2631 466 2696 Francis,
513 2632 602 2699 qui
649 2646 706 2684 se
749 2629 1130 2684 crudelitatem
1177 2625 1468 2680 Fastradae
1497 2625 1536 2655 ¹⁷
1588 2623 1807 2693 reginae

222 2721 356 2776 ferre
380 2734 488 2775 non
514 2735 670 2789 posse
698 2718 1092 2773 adseverabant
1117 2717 1186 2781 η,
1211 2724 1373 2784 atque
1397 2714 1517 2768 ideo
1541 2715 1594 2767 in
1618 2727 1803 2768 necem

221 2814 352 2884 regis
396 2811 866 2881 conspiraverant.
921 2809 1070 2875 Quae
1112 2823 1232 2862 cum
1278 2821 1378 2877 per
1416 2805 1732 2860 Fardulfum
1761 2803 1802 2834 ¹⁹

221 2904 627 2975 Langobardum
674 2905 883 2958 detecta
910 2902 956 2932 ¹⁰
1009 2900 1237 2964 fuisset,
1287 2899 1402 2967 ipse
1449 2898 1517 2951 ob
1551 2897 1803 2950 meritum

219 2994 338 3048 fidei
363 3000 611 3048 servatae
639 2991 968 3046 monasterio
991 2984 1162 3045 sancti
1187 2987 1412 3043 Dionisii
1435 2987 1666 3040 donatus
1695 2995 1799 3048 est,

220 3093 466 3139 auctores
497 3099 625 3139 vero
654 3082 1048 3138 coniurationis
1076 3090 1136 3134 ut
1165 3079 1244 3133 rei
1277 3078 1575 3132 maiestatis
1598 3077 1642 3108 ¹¹
1679 3092 1802 3146 par-

217 3177 306 3230 tim
338 3176 518 3247 gladio
545 3176 712 3243 caesi,
744 3175 943 3243 partim
974 3172 1230 3244 patibulis
1260 3170 1544 3240 suspensi,
1575 3171 1644 3223 ob
1680 3184 1795 3223 me-

216 3266 442 3329 ditatum
480 3267 660 3327 Scelus
691 3266 785 3319 tali
821 3274 994 3319 morte
1031 3263 1242 3317 multati
1274 3270 1417 3315 sunt.
1471 3260 1583 3314 Rex
1617 3267 1797 3314 autem

215 3364 431 3428 pr0pter
472 3355 673 3410 bellum
716 3369 838 3410 cum
882 3352 1053 3406 Hunis
1098 3358 1409 3419 susceptum
1455 3349 1508 3403 in
1549 3348 1797 3403 Baioaria

217 3447 430 3509 sedens,
466 3453 684 3515 pontem
715 3434 983 3506 navalem,
1014 3457 1121 3511 quo
1150 3442 1202 3495 in
1234 3438 1480 3494 Danubio
1508 3438 1573 3491 ad
1605 3438 1657 3491 id
1687 3437 1800 3492 bel-

217 3536 322 3592 lum
350 3544 620 3599 uteretur,
653 3533 980 3596 aedificavit,
1015 3533 1196 3601 ibique
1221 3530 1456 3584 natalem
1494 3528 1708 3582 Domini
1744 3537 1801 3584 et

216 3636 467 3685 sanctum
498 3625 699 3696 pascha
726 3623 1040 3680 celebravit.

841 3710 1149 3766 DCCXClll.

283 3805 418 3860 Cum
445 3819 542 3859 rex
568 3803 770 3858 bellum
795 3818 825 3855 a
849 3817 908 3856 se
935 3801 1246 3856 inchoatum
1271 3801 1315 3830 ²¹
1347 3800 1615 3856 conficere
1633 3800 1680 3831 ”
1709 3815 1800 3855 cu.

219 3906 388 3968 ρει-ει,
435 3904 492 3950 et
536 3893 868 3948 Pannoniam
911 3893 1109 3947 iterum
1152 3899 1335 3960 petere
1375 3891 1728 3961 disposuisset
1754 3891 1801 3922 “

220 3988 440 4042 allatum
461 3987 509 4018 "
550 3993 653 4048 est,
703 3985 887 4054 copias
915 3985 1050 4052 quas
1081 3983 1447 4037 Theodericus
1475 3997 1660 4037 comes
1704 3998 1801 4053 per

221 4075 444 4130 Frisiam
466 4075 516 4105 '°
551 4073 800 4137 ducebat,
837 4073 894 4126 in
926 4087 1064 4141 pago
1095 4071 1327 4124 Hriustri
1354 4072 1397 4102 ³⁷
1448 4071 1476 4110 ι)
1507 4072 1653 4125 iuxta
1686 4064 1800 4125 Wi-

219 4181 400 4220 suram
430 4163 649 4218 ﬂuvium
671 4163 716 4194 ³⁸
747 4178 777 4216 a
807 4161 1114 4217 Saxonibus
1137 4176 1257 4215 esse
1283 4161 1610 4230 interceptas
1641 4170 1802 4230 atque

220 4257 441 4313 deletas.
495 4253 660 4310 Cuius
705 4255 784 4308 rei
830 4253 1020 4308 nuntio
1063 4261 1322 4323 accepto,
1373 4253 1800 4321 magnitudinem

220 4345 400 4401 damni
429 4342 797 4406 dissimulans,
829 4342 932 4395 iter
961 4340 1015 4410 in
1044 4339 1380 4394 Pannoniam
1415 4340 1708 4394 intermisit
1731 4341 1797 4390 ”.

607 4450 998 4507 VARIANTES
1037 4449 1436 4505 LECTIONES.

328 4527 344 4558 ¹
369 4541 419 4580 c.
452 4540 501 4579 e.
531 4525 583 4578 7.
685 4525 704 4553 ¹
731 4522 916 4576 literas
940 4522 991 4573 7.
1020 4519 1071 4573 9.
1102 4530 1417 4574 constanter.
1537 4522 1556 4553 ³
1578 4522 1719 4575 deest
1746 4523 1798 4575 7.

223 4595 244 4625 ⁸
267 4593 780 4665 pertinacissimeQ.
858 4592 888 4665 ξ
905 4590 1172 4665 opinionis
1198 4590 1256 4665 91
1326 4591 1346 4637 .‘
1371 4592 1481 4665 regi
1514 4592 1562 4644 1.
1660 4593 1680 4665 ’ζ
1705 4592 1802 4665 du-

224 4660 342 4731 ctus
380 4674 464 4719 est
486 4664 567 4717 7.-
639 4663 660 4692 "
687 4662 824 4715 deest
859 4661 910 4714 7.
943 4660 1032 4728 qui
1055 4668 1201 4731 tunc
1230 4660 1292 4731 9.
1367 4730 1372 4731 γ
1417 4660 1563 4731 “qua
1587 4662 1721 4715 eth.
1746 4661 1798 4716 9.

791 4732 830 4761 “
860 4729 1067 4784 romani
1096 4730 1146 4782 7.
1258 4730 1299 4759 "
1327 4730 1415 4789 ubi
1442 4729 1493 4784 5.
1529 4731 1579 4783 7.
1609 4731 1661 4785 9.
1759 4731 1801 4762 “

706 4801 748 4831 “
775 4800 1009 4855 heresim
1039 4798 1090 4850 5.
1121 4797 1175 4850 4.
1207 4798 1259 4851 5.
1293 4799 1344 4852 6.
1375 4799 1426 4852 7.
1458 4801 1509 4854 9.
1610 4802 1653 4832 ”
1680 4816 1804 4858 con-,

227 4874 401 4929 fessus
425 4882 510 4926 est
532 4873 584 4927 9.
666 4871 708 4901 "
734 4886 852 4924 eum
886 4872 936 4925 9.
1018 4869 1055 4900 ιτ
1083 4868 1424 4923 fastradanae
1453 4873 1501 4923 7.
1595 4871 1635 4908 ¹θ
1662 4885 1803 4925 asse-

228 4946 420 4998 rebant
443 4943 495 4994 7.
572 4941 614 4972 ιθ
639 4939 919 5010 ardulfumi
937 4939 986 4991 7.
1055 4937 1115 5010 f9
1141 4939 1455 5010 detacta‘d.‘
1524 4941 1565 5010 ’γε
1591 4941 1666 5010 rei
1696 4941 1802 4994 lae-

227 5028 317 5067 sae
350 5029 424 5066 m.
458 5012 509 5065 9.
588 5011 632 5040 "
659 5009 1016 5062 inchoandum
1047 5007 1101 5062 2.
1179 5007 1224 5042 ³⁸
1250 5001 1509 5075 perlice’re
1539 5009 1590 5061 5.
1626 5009 1677 5061 6.
1754 5010 1800 5040 ’³⁵

228 5083 552 5137 decrevisset
577 5080 628 5133 9.
660 5078 1025 5133 constituisset
1044 5076 1093 5128 '7.
1172 5076 1218 5106 "
1243 5080 1542 5131 nuntiatum
1565 5078 1616 5131 9.
1644 5095 1694 5131 a.
1720 5087 1802 5133 est

229 5151 340 5205 ei7.
420 5150 465 5180 "
488 5150 743 5217 phrisiam
759 5149 808 5200 7.
888 5148 929 5176 ³⁷
956 5146 1242 5217 hruistriS.
1264 5146 1504 5201 biriustri
1534 5146 1584 5199 5.
1619 5149 1801 5202 riustri

229 5223 280 5274 6.
308 5214 536 5275 rustriii.
563 5219 784 5271 brinstri
808 5216 877 5270 al.
905 5217 1098 5270 hriusti
1132 5214 1178 5266 7.
1208 5216 1426 5270 rhiustri
1458 5219 1508 5270 9.
1587 5220 1631 5255 ⁸⁸
1656 5219 1799 5270 deest

230 5291 281 5346 9.
380 5291 424 5321 ²⁹
447 5289 755 5346 intermisit.
792 5286 1115 5340 Persuasum
1145 5294 1271 5339 tunc
1304 5288 1413 5355 regi
1445 5296 1561 5340 erat
1588 5287 1633 5342 si
1661 5288 1713 5340 9.

226 4737 268 4766 '°
289 4729 516 4794 σουδῦἰο
544 4731 596 4786 5.
629 4733 682 4786 7.

224 4806 364 4858 deest
395 4804 448 4857 4.
479 4805 530 4857 5.
564 4802 614 4856 6.

1221 338 1367 396 cum
1404 339 1998 402 LAURISSENSIBUS
2038 331 2350 401 comm.

1832 460 1881 519 A

1826 4480 1879 4541 D

3366 350 3476 406 HI

2366 477 2598 516 ANNALES
2636 482 2649 518 l
2668 478 2694 514 Α
2704 477 3026 518 υιιιςεεκεεε.

2550 551 2674 606 DCC
2683 552 2834 606 XCII.

1977 647 1998 674 ε
2037 635 2289 690 Haeresis
2311 633 2579 692 Feliciana
2602 641 2775 707 primo
2801 642 2817 670 ¹
2848 641 2916 695 ibi
2945 642 3295 696 condemnata
3327 645 3346 674 ⁸
3370 658 3472 712 esg

1904 741 2062 794 quem
2087 725 2468 795 Anghilbertus
2513 730 2562 794 ³,
2594 730 2659 784 ad
2696 732 3056 798 praesentiam
3100 730 3323 789 Adriani
3349 751 3480 805 apo-

1905 819 2077 874 stolici
2113 820 2335 874 adduxit
2359 821 2473 886 ‘,et
2496 821 2835 877 confessione
2858 824 2996 877 facta
3026 840 3178 878 suam
3210 825 3478 882 haeresim

1904 909 2100 962 iterum
2153 911 2443 964 abdicavit.
2496 910 2810 966 Coniuratio
2860 922 3044 967 contra
3094 928 3273 984 regem
3306 930 3336 968 a
3366 915 3476 970 filio

1904 999 2019 1052 eius
2048 997 2270 1068 Pippino
2298 999 2457 1064 facta,
2489 1002 2696 1056 detecta
2740 1013 2793 1057 et
2823 1018 3113 1073 conpressa
3143 1015 3244 1059 est.
3278 1006 3477 1061 Eodem

1903 1104 2044 1143 anno
2068 1089 2270 1166 nullum
2299 1091 2401 1144 iter
2423 1093 2711 1147 exercitale
2740 1094 2940 1148 factum
2994 1105 3093 1149 est.
3119 1095 3262 1151 Pons
3316 1114 3479 1168 super

1903 1181 2112 1250 navigia
2143 1179 2360 1234 flumina
2407 1184 2735 1236 transeuntia
2784 1183 2958 1238 factus
2980 1193 3082 1248 est,
3113 1186 3365 1240 anchoris
3422 1195 3481 1241 et

1904 1271 2122 1325 funibus
2154 1272 2229 1324 ita
2279 1272 2610 1336 cohaerens,
2663 1283 2720 1327 ut
2770 1274 2916 1345 iungi
2946 1285 3001 1328 et
3047 1275 3262 1329 dissolvi
3287 1277 3475 1344 possit.

1902 1363 1968 1417 Et
1997 1364 2287 1418 celebravit
2323 1365 2550 1419 domnus
2582 1380 2674 1419 rex
2704 1367 2936 1421 natalem
2978 1366 3184 1421 Domini
3211 1367 3302 1432 ibi,
3329 1369 3482 1424 simi-

1902 1453 2026 1507 liter
2060 1454 2258 1522 pascha
2285 1454 2615 1509 celehratum
2638 1465 2723 1509 est
2745 1457 2785 1508 '.
2810 1455 2874 1510 Et
2904 1457 3193 1511 inmutavit
3218 1472 3276 1512 se
3299 1472 3483 1512 nume-

1905 1559 1996 1598 ωε
2021 1558 2287 1598 annorum
2312 1561 2365 1598 ιη

2537 3707 2847 3765 DCCXCIll.

1973 3800 2086 3856 Rex
2135 3799 2434 3854 autumnali
2473 3808 2714 3869 tempore
2761 3802 2828 3855 de
2885 3800 3268 3875 Reganesburg
3312 3802 3333 3835 ⁸
3381 3805 3481 3861 iter

1903 3890 2120 3959 navigio
2151 3887 2378 3953 faciens,
2408 3905 2580 3958 usque
2627 3889 2695 3944 ad
2722 3890 3000 3950 fossatum,
3037 3907 3287 3964 magnum
3342 3893 3486 3948 inter

1900 3977 2157 4036 Alcmana
2184 3978 2202 4008 '
2235 3975 2262 4016 ἀ
2306 3985 2361 4032 et
2409 3977 2674 4032 Radantia
2704 3989 2726 4016 ο
2759 3979 3040 4048 pervenit,
3097 3980 3279 4048 ibique
3330 3981 3481 4038 missi

1905 4069 2188 4138 apostolici
2215 4083 2338 4122 cum
2374 4067 2585 4138 magnis
2620 4069 2934 4122 muneribus
2963 4071 3287 4137 praesentati
3332 4081 3478 4125 sunt.

1903 4159 1980 4213 lbi
2011 4160 2209 4214 missus
2241 4159 2511 4213 nuntiavit
2551 4158 2594 4222 ⁸,
2629 4157 2871 4213 Saxones
2908 4159 3101 4212 iterum
3135 4159 3294 4214 fidem
3327 4176 3480 4216 suam

1903 4250 2177 4305 fefellisse.
2214 4250 2341 4304 lude
2386 4263 2482 4318 per
2533 4248 2795 4320 Radautia
2844 4250 2897 4302 in
2955 4248 3134 4304 Mohin
3166 4251 3185 4281 '
3214 4251 3404 4305 navale
3436 4252 3481 4283 ¹⁶

1903 4339 2006 4397 iter
2028 4353 2310 4410 peragens,
2342 4337 2571 4392 natalem
2587 4336 2800 4392 Domini
2824 4337 3118 4392 celebravit
3139 4340 3206 4393 ad
3233 4349 3481 4396 sanctum

2309 4646 2694 4703 VARIANTES
2730 4647 3128 4705 LECTIONES.

1977 4801 1993 4832 ¹
2035 4800 2309 4871 primitus
2333 4800 2514 4853 audita
2569 4809 2617 4871 et
2649 4800 2702 4853 in
2741 4801 3102 4871 reganesburg
3137 4802 3305 4869 primc
3350 4818 3478 4859 con-

1905 4871 2157 4941 demnata
2178 4878 2263 4924 est
2275 4870 2332 4941 5.
2428 4872 2448 4941 ξ’
2474 4870 2861 4941 condempnata
2891 4870 2960 4941 5.7
3041 4871 3060 4900 ³
3081 4870 3399 4941 angibertus
3423 4873 3478 4930 6.

1907 4940 2238 5008 angilbertus
2273 4940 2323 4992 7.
2425 4939 2446 4968 ⁸
2490 4938 2756 4991 abdicavit
2793 4938 2842 4990 6.
2943 4940 2962 4969 '
2991 4938 3181 5008 possit.
3214 4939 3288 4994 lbi
3321 4953 3480 4996 nata-

1908 5010 2013 5064 lem
2055 5009 2253 5062 domini
2286 5017 2340 5062 et
2402 5008 2602 5076 pascha
2651 5008 2945 5061 celeLravit
2992 5009 3202 5064 t-arolus
3245 5026 3356 5063 rex.
3415 5012 3482 5066 Et

1906 5081 1957 5157 '_7_.
2035 5078 2055 5157 ξ
2102 5078 2428 5157 ι’ἒςηθςὺιινς
2499 5076 2551 5128 5.
2601 5079 2944 5157 ντθεςξιιιδὺιινε
2991 5079 3481 5157 n6.‘_ragenisbur_g

1909 5149 1960 5200 7.
2037 5149 2055 5178 ⁷
2089 5146 2364 5208 alimanna
2415 5156 2629 5198 correct.
2668 5146 2948 5200 alemanna
2987 5147 3036 5200 6.
3067 5146 3384 5202 Alcmanum
3423 5146 3476 5204 7—.

1906 5219 1926 5250 ⁸
1959 5218 2030 5271 ibi
2071 5216 2292 5269 nuntius
2323 5216 2584 5268 nuntiavit
2607 5216 2655 5267 7.
2766 5216 2786 5246 ⁹
2832 5217 3046 5270 mochin
3095 5218 3144 5269 7.
3193 5218 3393 5272 mohim
3421 5220 3474 5274 8.

1912 5289 1953 5319 ¹⁰
1984 5285 2159 5340 navali
2199 5285 2249 5338 6.

1711 5377 1941 5433 NOTAE.

299 5483 324 5509 ιι
367 5468 442 5521 La
474 5466 580 5522 Seu
605 5464 831 5531 d‘Urgel.

300 5539 328 5578 δ
347 5536 740 5605 Rustringen,in
763 5533 1207 5605 sinistraWiserze
1224 5531 1654 5605 mareinﬂuentis
1668 5535 1801 5604 ripa.

301 5618 323 5647 ο
368 5608 544 5662 Locus
568 5603 638 5658 de
699 5603 1066 5670 conjurationc
1107 5603 1314 5656 detecta
1350 5603 1501 5656 deest
1557 5605 1608 5657 in
1653 5603 1805 5666 7,78?

233 5679 284 5741 ο,
321 5680 354 5734 9
391 5679 442 5756 ι»,
470 5677 555 5756 tt),
578 5673 751 5756 _'H._ln
787 5672 1330 5756 Αιῃηαιεειεξηιιαηι-ί.
1356 5671 1506 5756 Fuld:
1538 5674 1591 5753 5,
1617 5674 1668 5753 (ξ,
1711 5675 1795 5737 12,

236 5746 528 5805 narrationi
560 5745 625 5798 de
677 5744 866 5796 haeresi
897 5742 1206 5811 subjicitur;
1243 5743 1459 5795 ubinam
1487 5742 1586 5797 loci
1630 5744 1682 5796 in
1711 5760 1797 5797 co.

241 5821 351 5877 dicc
374 5820 409 5872 2
433 5817 719 5872 collocatus
768 5811 944 5879 fuerit,
976 5813 1098 5868 folio
1125 5812 1305 5866 exciso
1353 5811 1644 5881 ignoratur.
1684 5814 1795 5870 pri-

1908 5481 2026 5537 mus
2056 5480 2177 5518 eum
2199 5463 2461 5537 Cliesuius
2486 5478 2551 5516 ex
2591 5463 2772 5537 codice
2807 5464 2840 5516 5
2867 5466 2919 5518 in
2964 5473 3164 5519 textum
3203 5478 3477 5537 receptum

1915 5535 2009 5588 toti
2037 5533 2330 5604 narrationi
2375 5533 2684 5604 prmposuit,
2714 5548 2995 5602 perperam
3024 5543 3080 5587 ut
3123 5533 3340 5604 opinor,
3366 5539 3478 5593 haec

1910 5605 2052 5675 enim
2078 5617 2240 5675 causa
2270 5601 2431 5675 fuerit
2465 5604 2623 5675 Aquod
2670 5604 2914 5675 sequenti
2959 5601 3239 5675 sententiae
3289 5622 3484 5675 vocent

1913 5671 2599 5782 Refuge‘sbitlrgniinlgtulcret
2623 5681 2675 5727 et
2706 5671 2807 5727 alia
2839 5687 3050 5742 quoque
3079 5673 3405 5729 immutaret.

2042 5741 2136 5794 Die
2170 5738 2416 5793 Altmu'ltl.

1978 5826 1999 5852 ο
2042 5811 2136 5865 Die
2169 5807 2405 5865 Reduitz.
