3928 6310
541 316 646 381 64⁸1

1002 439 1238 482 ΑκΝΑιες
1278 437 1683 479 ιΑυιιεδεκεεε.

539 515 756 574 Domini
781 514 1090 578 celebravit,
1125 522 1179 568 et
1204 513 1405 590 pascha
1432 512 1706 577 similiter.
1743 512 1810 574 Et
1837 511 2123 567 inmutavit

543 623 604 665 se
629 607 887 664 numerus
915 619 1179 663 annorum
1207 605 1260 658 in

1179 1485 1494 1546 DCCXCVI.

609 1582 880 1640 Adrianus
908 1583 925 1614 ¹
958 1595 1094 1651 papa
1128 1580 1295 1644 obiit,
1327 1586 1384 1634 et
1410 1579 1544 1644 Leo,
1573 1593 1701 1632 mox
1730 1586 1790 1632 ut
1817 1578 1876 1637 in
1901 1577 2080 1634 locum
2108 1580 2128 1609 '

538 1672 659 1730 eius
687 1670 978 1735 successit,
1009 1668 1159 1723 misit
1186 1667 1390 1737 legatos
1418 1681 1543 1721 cum
1586 1664 1905 1721 muneribus
1934 1665 2001 1720 ad
2045 1682 2131 1721 re-

1590 311 1967 373 EGINHARD!
2004 307 2293 365 ABBATIS
2327 307 2647 366 ANNALES

2149 423 2201 480 Α
2567 421 2569 423 ,

3705 316 3798 371 διδ

2724 437 2957 476 ΑΝΝΑιεε
2995 438 3304 479 εϐικιιλιωι.

2226 510 2388 564 citius
2419 508 2764 585 debellandos
2802 510 2950 565 velut
2981 512 3241 582 quosdam
3279 517 3535 572 stimulos
3570 518 3801 580 addidit.

2224 606 2279 654 et
2325 599 2381 654 in
2442 600 2625 654 odt'um
2681 599 2921 670 perfidae
2968 603 2983 633 ¹
3029 606 3205 674 gentis
3247 605 3479 675 amplius
3515 609 3801 663 excitavit.

2227 690 2395 745 Terra
2422 690 2586 760 igitur
2615 707 2806 764 magna
2835 707 2902 747 ex
2938 694 2958 724 ¹
2993 704 3148 763 parte
3177 706 3408 762 vastata,
3431 710 3489 753 et
3508 699 3803 763 obsidibus.

2226 794 2361 848 quos
2389 779 2519 834 dare
2546 781 2808 844 iusserat,
2839 785 3105 852 acceptis,
3135 785 3187 838 in
3231 786 3518 853 Franciam
3563 804 3807 844 reversus

2226 876 2328 923 est.
2369 868 2425 923 In
2466 870 2566 925 hac
2598 872 2972 942 expeditione,
3021 875 3150 929 dum
3193 872 3371 932 castra
3422 895 3591 949 super
3635 879 3807 934 Albim

2227 957 2481 1024 haberet,
2511 969 2777 1015 venerunt
2807 963 2873 1016 ad
2902 979 3027 1018 eum
3054 964 3212 1035 legati
3247 968 3311 1022 de
3338 967 3622 1023 Pannonia
3656 971 3807 1025 unius

2229 1047 2338 1104 ἐχ
2375 1050 2702 1118 primoribus
2734 1051 3040 1120 Hunorum,
3079 1056 3169 1125 qui
3217 1060 3357 1127 apud
3409 1074 3537 1114 suos
3577 1061 3766 1114 Tudun
3789 1063 3808 1090 δ

2226 1141 2520 1194 vocabatur
2557 1141 2596 1192 '.
2635 1140 2684 1195 Is
2718 1151 2774 1195 et
2835 1159 2991 1198 suum
3057 1146 3346 1201 adventum
3379 1148 3422 1212 ',
3479 1157 3534 1203 et
3570 1164 3632 1203 se
3667 1151 3809 1204 chri-

2229 1230 2464 1285 stianum
2500 1229 2617 1285 fieri
2664 1232 2800 1287 velle
2831 1236 3101 1304 promisit.
3143 1237 3253 1292 Rex
3284 1246 3465 1293 autem
3498 1239 3808 1315 Aquasgra-

2230 1324 2285 1377 ni
2313 1325 2332 1354 ⁷
2361 1324 2612 1389 veniens,
2645 1325 2785 1379 sicut
2810 1335 2864 1380 et
2904 1343 3046 1382 anno
3087 1331 3441 1398 superiore-',
3491 1331 3564 1385 ibi
3609 1341 3813 1401 tempo—

2230 1412 2378 1466 ribus
2406 1412 2518 1468 suis
2540 1421 2597 1468 et
2623 1414 2855 1470 natalem
2887 1417 3096 1472 Domini
3122 1427 3177 1473 et
3201 1421 3399 1490 pascha
3427 1419 3732 1481 celebravit.

2863 1505 3175 1563 DCCXCVI.

2301 1595 2508 1651 Romae
2534 1598 2577 1662 ’,
2625 1597 2898 1653 Hadriano
2940 1598 3241 1665 defuncto,
3281 1600 3393 1655 Leo
3435 1602 3814 1671 pontiﬁcatum

2232 1687 2492 1757 suscepit,
2516 1695 2573 1740 et
2595 1703 2716 1742 mox
2755 1703 2851 1757 per
2878 1688 3082 1756 legatos
3101 1705 3227 1743 suos
3251 1689 3430 1744 claves
3454 1690 3818 1748 confessionis

540 1778 696 1856 ςςςην
725 1762 906 1856 le‘VCS
937 1762 1100 1856 εῑίθφ
1138 1757 1543 1856 θρξιίεῆεξοηίεξ
1571 1757 1921 1856 “Fufii”;
1945 1765 2123 1856 ῗῑ-Ϊθς
2153 1771 2199 1836 Β
2228 1779 2411 1840 sancti
2439 1777 2590 1832 Petri
2610 1778 2949 1832 acvexillum
2973 1778 3249 1833 Romanae
3275 1781 3426 1856 urbis
3450 1781 3494 1812 ¹⁹
3520 1796 3648 1836 cum
3699 1782 3819 1837 aliis

539 1852 726 1908 xlllum
756 1852 1035 1908 Romanae
1059 1848 1082 1881 ⁸
1104 1849 1257 1904 urbis
1284 1848 1458 1902 eidem
1487 1847 1705 1902 direxit.
1737 1846 1843 1902 Sed
1872 1854 1929 1901 et
1957 1847 1977 1878 '
2009 1845 2134 1901 Hei-

540 1943 728 2000 richus
757 1943 778 1974 '
807 1943 917 1997 dux
943 1939 1312 1996 Foroiulensis
1342 1939 1388 2001 ⁷,
1421 1937 1602 2010 missis
1630 1938 1942 1992 hominibus
1970 1938 2084 1992 suis
2109 1939 2130 1970 ⁸

538 2046 662 2088 cum
677 2030 1010 2102 Wonomyro
1039 2029 1060 2060 ⁸
1080 2028 1274 2084 Sclavo
1300 2027 1352 2080 in
1380 2025 1688 2081 Pannonias
1716 2026 1777 2088 ‘°,
1804 2026 2059 2097 hringum
2088 2028 2129 2058 “

540 2125 720 2196 gentis
751 2124 1052 2178 Avarornm
1090 2120 1264 2190 longis
1301 2127 1450 2174 retro
1487 2118 2128 2189 temporibusquietum,

538 2214 684 2271 civili
711 2213 850 2270 bello
880 2212 1121 2284 fatigatis
1150 2212 1292 2265 inter
1312 2223 1375 2264 se
1399 2207 1765 2277 principibus,
1796 2206 2133 2276 spoliavit—

540 2305 762 2377 Cbagan
788 2305 830 2335 ¹¹
857 2319 952 2358 seu
978 2303 1020 2334 “
1042 2301 1265 2372 Iugurro
1308 2298 1351 2330 “
1375 2299 1629 2352 intestina
1653 2297 1804 2352 clade
1828 2297 2056 2353 addictis
2088 2298 2132 2328 ”

542 2402 600 2450 et
635 2408 666 2448 a
707 2393 820 2448 suis
857 2392 1055 2453 occisis
1086 2421 1186 2453 —,
1230 2389 1542 2443 thesaurum
1592 2388 1894 2456 priscorum
1943 2403 2130 2458 regum

538 2481 711 2537 multa
762 2481 1104 2537 saeculorum
1150 2478 1462 2550 prolixitate
1507 2478 1789 2541 collectum
1844 2479 1887 2510 ¹⁶
1934 2479 2132 2535 domno

540 2573 737 2630 Carolo
773 2573 888 2643 regi
921 2573 962 2604 "
994 2573 1062 2626 ad
1096 2571 1268 2640 Aquis
1309 2569 1576 2639 palacium
1610 2568 1790 2623 misit.‘
1817 2567 1934 2634 Quo
1972 2585 2130 2624 acce-

541 2671 669 2735 pto,
701 2671 920 2734 peracta
953 2663 995 2694 ¹⁸
1025 2663 1137 2717 Deo
1167 2660 1409 2732 largitori
1437 2659 1681 2713 omnium
1715 2658 1980 2712 bonorum
2011 2675 2133 2729 gra-

541 2753 741 2807 tiarnm
769 2753 986 2808 actione
1018 2749 1084 2815 ",
1117 2751 1259 2805 idem
1287 2750 1371 2803 vir
1401 2746 1856 2817 prudentissimus
1881 2745 2056 2816 adque
2085 2749 2129 2779 ὀ

537 2843 878 2915 largissimus
907 2850 961 2896 et
991 2841 1086 2894 Dei
1116 2841 1458 2910 dispensator
1487 2852 1736 2906 magnam
1771 2837 1894 2890 inde
1921 2845 2130 2906 partem

541 2933 770 2988 Romam
809 2931 878 2985 ad
909 2930 1096 2988 limina
1134 2925 1502 2997 apostolorum
1541 2926 1690 2981 misit
1724 2927 1822 2995 per
1847 2925 2132 2994 Angilber-

541 3029 656 3075 tum
707 3019 752 3057 ⁸⁸
807 3017 1065 3074 dilectum
1112 3016 1363 3070 abbatem
1411 3030 1611 3079 suum;
1659 3030 1822 3084 porro
1867 3015 2130 3085 reliquam

536 3120 749 3182 partem
777 3108 1174 3180 optimatibus,
1213 3105 1426 3160 clericis
1462 3105 1574 3160 sive
1607 3103 1788 3168 laicis,
1828 3106 2131 3175 ceterisque

538 3202 790 3260 fidelibus
824 3202 938 3257 suis
966 3199 1192 3270 largitus
1227 3206 1335 3257 est.
1370 3197 1433 3252 ιιι
1469 3199 1657 3252 eodem
1688 3212 1830 3251 anno
1859 3197 2049 3252 Tudun
2082 3200 2126 3229 ²¹

537 3295 836 3354 secundum
873 3292 1324 3364 pollicitationem
1363 3305 1516 3344 suam
1564 3304 1688 3345 cum
1734 3305 1929 3361 magna
1975 3299 2131 3359 parte

538 3390 843 3457 Avarorum
874 3385 922 3417 "
950 3385 1017 3438 ad
1047 3398 1230 3454 regem
1259 3382 1442 3446 venit,
1470 3395 1528 3436 se
1555 3396 1676 3435 cum
1719 3379 1917 3450 populo
1947 3396 2045 3435 suo
2075 3389 2132 3435 et

537 3477 715 3551 patria
741 3477 852 3548 regi
884 3474 1066 3537 dedit;
1101 3473 1217 3542 ipse
1244 3471 1289 3502 ”
1327 3479 1383 3526 et
1408 3469 1637 3540 populus
1670 3470 1974 3539 baptizatus
2009 3479 2126 3534 est,

536 3575 596 3625 et
620 3563 918 3622 buuorilice
947 3559 1266 3623 muneribus
1295 3559 1480 3614 donati
1507 3557 1804 3612 redierunt.
1835 3555 1952 3611 Rex
1972 3597 1986 3622 ,
2018 3556 2126 3611 col-

543 3655 702 3714 lectis
735 3652 1067 3710 exercitibus
1099 3651 1215 3707 suis
1236 3690 1250 3715 ,
1282 3648 1576 3707 Saxoniam
1610 3649 1887 3719 ingressus
1924 3654 2036 3711 est,
2068 3645 2130 3700 ii-

539 3748 674 3806 lium
718 3761 877 3802 suum
923 3744 1213 3814 Pippinum
1265 3755 1445 3810 regem
1493 3739 1678 3794 Italiae
1725 3739 1779 3792 in
1825 3737 2130 3792 Pannonias

540 3853 667 3898 cum
707 3836 952 3893 exercitu
1000 3849 1100 3889 suo
1121 3832 1396 3886 ".misso.
1442 3829 1487 3861 ’⁸
1517 3828 1694 3884 Cuius
1726 3827 2024 3898 legationes
2061 3827 2132 3882 ad

537 3945 663 3990 eum
697 3930 754 3985 in
786 3926 979 3983 eadem
1015 3923 1252 3979 Saxonis
1288 3927 1586 3984 venerunt,
1626 3935 1733 3973 una
1766 3933 1908 3989 quae
1953 3917 2123 3981 dixit,

543 4020 851 4077 occurrisse
899 4016 943 4048 "
976 4000 1046 4069 'ei
1095 4013 1283 4082 liagan
1331 4026 1454 4067 cum
1503 4009 1700 4064 ceteris
1745 3998 2129 4072 obtimatibus,

542 4125 704 4181 quem
730 4108 834 4171 sibi
861 4103 1068 4162 A’vares
1098 4111 1221 4176 post
1252 4099 1684 4157 interfectionem
1725 4098 1967 4168 priorum
1996 4111 2128 4169 con—

541 4203 840 4260 stituerunt
864 4218 878 4252 :
911 4198 1081 4253 altera
1111 4211 1251 4265 quae
1283 4192 1450 4255 dixit,
1490 4191 1718 4262 Pippino
1745 4190 1792 4222 ¹⁸
1820 4204 1943 4245 cum
1973 4203 2129 4244 exer-

543 4291 654 4347 citu
684 4301 784 4344 suo
809 4289 864 4342 in
892 4287 1087 4358 hringo
1112 4285 1158 4316 “
1185 4283 1395 4338 sedere.
1438 4281 1506 4335 Et
1544 4281 1772 4335 domnus
1811 4295 1902 4333 rex
1922 4319 1936 4342 ,
1965 4292 2127 4349 pera-

545 4387 703 4453 grata
737 4377 975 4434 Saxonia
998 4416 1025 4441 ,,
1052 4389 1174 4429 cum
1211 4373 1425 4443 integro
1462 4369 1704 4424 exercitu
1743 4369 1797 4422 in
1835 4366 2034 4422 Gallias
2069 4381 2128 4422 se
2169 4393 2171 4396 9

2235 1871 2551 1925 muneribus
2579 1870 2689 1940 regi
2721 1870 2890 1936 misit,
2924 1871 3240 1941 rogavitque
3263 1880 3325 1925 ut
3350 1872 3589 1940 aliquem
3613 1873 3682 1927 de
3709 1875 3818 1929 suis

2233 1959 2582 2029 optimatibus
2612 1960 2837 2016 Romam
2889 1961 3161 2026 mitteret,
3199 1963 3289 2030 qui
3321 1962 3580 2032 populum
3614 1962 3818 2018 Roma-

2235 2065 2361 2105 num
2400 2050 2467 2105 ad
2499 2065 2652 2105 suam
2682 2051 2843 2106 fidem
2871 2059 3034 2121 atque
3082 2051 3478 2106 subiectionem
3509 2067 3611 2122 per
3640 2068 3818 2108 sacra-

2234 2149 2414 2196 menta
2444 2139 2704 2196 firmaret.
2757 2141 2950 2197 Missus
2985 2150 3067 2197 est
3111 2142 3178 2197 ad
3234 2143 3338 2198 hoc
3367 2143 3728 2214 Angilbertus
3756 2145 3814 2204 "-.

2233 2229 2400 2284 abbas
2425 2230 2738 2286 monasterii
2785 2232 2958 2286 sancti
3009 2232 3248 2288 Richarii
3281 2234 3324 2266 "
3349 2246 3395 2300 ι,
3445 2249 3547 2305 per
3585 2249 3752 2304 quem
3776 2234 3816 2265 ¹⁸

2231 2324 2393 2375 etiam
2427 2330 2554 2381 tunc
2599 2323 2672 2376 ad'
2718 2333 2964 2378 sanctum
3007 2322 3232 2380 Petrum
3290 2343 3547 2399 magnam
3606 2336 3817 2400 partem

2235 2411 2497 2477 thesauri,
2524 2427 2684 2481 quem
2714 2413 2907 2469 Ericus
2935 2413 2979 2446 “
3006 2415 3115 2470 dux
3139 2414 3550 2484 Foroiuliensis,
3585 2421 3816 2490 spoliata

2234 2501 2512 2556 Hunorum
2542 2503 2688 2572 regia
2719 2517 2840 2572 quae
2886 2504 3124 2575 Hringus
3165 2507 3210 2537 "
3237 2507 3570 2573 vocabatur,
3629 2509 3816 2566 eodem

2232 2609 2374 2648 anno
2404 2594 2518 2664 regi
2549 2593 2614 2648 de
2638 2593 2928 2653 Pannonia.
2948 2593 2990 2625 ¹⁶
3026 2594 3311 2661 detulerat,
3335 2597 3506 2661 misit,
3547 2597 3814 2668 reliquum

2232 2699 2361 2739 vero
2392 2684 2533 2738 inter
2556 2685 2846 2754 Optimates
2874 2693 2928 2739 et
2959 2684 3178 2740 aulicos.
3200 2697 3556 2757 cacterosque
3577 2690 3631 2741 iu
3662 2688 3817 2758 palao

2236 2775 2309 2829 tio
2363 2789 2460 2829 suo
2486 2776 2779 2828 militantes
2819 2775 3029 2830 liberali
3076 2791 3242 2840 manu
3287 2777 3583 2832 distribuit.
3640 2779 3818 2847 Atque

2234 2867 2319 2920 his
2374 2867 2414 2897 "
2465 2865 2724 2935 expletis,
2766 2866 2880 2936 ipse
2926 2882 3046 2922 cum
3104 2869 3347 2922 exercitu
3396 2868 3736 2924 Francorum
3778 2871 3820 2902 “

2235 2955 2524 3012 Saxoniam
2560 2959 2737 3026 petiit,
2785 2957 3067 3032 Pippinum
3097 2974 3226 3015 vero
3277 2960 3449 3014 ﬁlium
3480 2977 3638 3016 suum
3687 2977 3817 3020 cum

2233 3046 2434 3102 Italicis
2468 3062 2534 3102 ac
2565 3047 2861 3103 Baioaricis
2894 3047 2936 3079 “
2962 3049 3135 3118 copiis
3159 3050 3212 3102 in
3237 3047 3570 3104 Pannoniam
3594 3049 3682 3114 ire
3702 3049 3827 3104 ius—

2157 3141 2202 3203 C
2234 3139 2324 3193 sit.
2367 3137 2434 3192 Et
2456 3136 2570 3207 ipse
2592 3138 2831 3208 quidem,
2865 3136 3099 3194 Saxonia
3122 3154 3189 3194 ex
3225 3155 3421 3220 magna
3447 3140 3489 3171 "
3512 3149 3667 3210 parte
3692 3155 3821 3195 vss—

2232 3237 2364 3290 tata,
2393 3228 2460 3282 ad
2481 3227 2826 3283 biemandum
2855 3227 3204 3300 Aquasgranl‘
3226 3231 3265 3260 ⁸³
3302 3231 3631 3294 revertitur;
3683 3228 3821 3300 Pip-

2228 3319 2389 3388 pinus
2433 3326 2635 3382 autem,
2680 3317 2850 3372 Hunis
2881 3326 3034 3382 trans
3062 3318 3250 3372 Tizam
3285 3318 3314 3359 ιι
3344 3317 3560 3383 ﬂuvium
3590 3317 3834 3390 fugatis,

2227 3426 2522 3479 eorumque
2548 3410 2902 3480 regia,quae,
2941 3422 3001 3463 ut
3031 3410 3075 3440 “
3111 3410 3315 3465 dictum
3355 3421 3474 3475 eSt,r
3497 3410 3738 3482 [Iringus
3765 3421 3818 3475 ε,

2229 3518 2259 3557 a
2285 3501 2655 3572 Langobardis
2704 3508 2883 3554 autem
2926 3499 3163 3572 Campus
3213 3512 3443 3555 vocatur
3473 3500 3546 3568 ⁸³,
3589 3516 3660 3556 ex
3696 3509 3822 3555 toto

2229 3594 2501 3649 destructa
2522 3633 2536 3656 ,
2586 3591 2813 3659 direptis
2839 3605 2979 3660 pene
3004 3590 3256 3645 omnibus
3282 3589 3557 3646 Hunorum
3585 3575 3817 3661 Opibus,

2229 3687 2297 3741 ad
2325 3693 2536 3755 patrem
2564 3682 2888 3753 Aquisgrani
2915 3681 2963 3713 "
2990 3683 3216 3737 hiberna
3239 3683 3524 3748 habentem
3545 3685 3713 3748 venit,
3749 3699 3821 3743 ac

2230 3775 2397 3846 spolia
2427 3773 2578 3844 regni
2609 3787 2747 3841 quae
2782 3787 2964 3827 secum
3013 3771 3219 3836 detulit,
3268 3772 3443 3827 eidem
3491 3783 3826 3843 praesenta-.

2227 3866 2324 3919 vit.
2353 3863 2546 3918 Tudun
2581 3862 2627 3894 "
2655 3862 2820 3917 etiam
2867 3861 2956 3916 ille
2985 3861 3053 3927 “,
3085 3861 3152 3917 de
3182 3877 3290 3931 quo
3315 3864 3563 3933 superius
3601 3865 3823 3922 mentio

2229 3954 2374 4008 facta
2402 3961 2519 4018 est,
2537 3951 2696 4007 fidem
2735 3951 2897 4006 dictis
2925 3951 3038 4006 suis
3067 3951 3352 4018 adhibens,
3394 3952 3590 4008 ibidem
3619 3954 3690 4008 ad
3719 3969 3818 4010 re-

2228 4061 2347 4117 gem
2376 4043 2546 4108 venit,
2574 4042 2756 4112 ibique
2783 4056 2906 4096 cum
2926 4042 3178 4096 omnibus
3205 4042 3297 4110 qui
3329 4054 3514 4097 secum
3545 4053 3820 4099 venerant

2228 4137 2532 4206 baptizatus
2553 4135 2596 4165 "
2614 4149 2679 4189 ac
2700 4141 3074 4189 remuneratus
3088 4133 3156 4198 ",
3177 4141 3296 4202 post
3311 4132 3494 4188 datum
3510 4134 3818 4193 servandae

2617 4310 3008 4368 VARIANTES
3058 4309 3458 4367 LECTIONES.

2301 4427 2318 4456 ¹
2359 4426 2596 4481 perﬁdia!
2622 4425 2673 4479 1.
2748 4423 2931 4478 ’deest
2961 4423 3015 4478 9.
3091 4422 3111 4454 ³
3151 4435 3288 4478 unus
3317 4421 3474 4477 5?-7.
3519 4422 3572 4476 9.
3648 4421 3813 4478 ‘thu-

542 4470 748 4541 νεανία
774 4469 820 4501 ³⁸
850 4476 906 4524 ει
941 4468 996 4522 in
1027 4467 1070 4497 "
1101 4465 1272 4534 Αίιυίε
1304 4463 1508 4532 tam
1547 4460 1713 4514 διίυπη
1751 4475 1908 4514 suum
1947 4459 2128 4530 ε’ίρνί-
2150 4477 2205 4536 ι)
2230 4497 2338 4551 α...
2358 4459 2680 4550 ξῒ³.ῖι“.ῑῖιῖηξιῖ
2705 4459 3293 4547 ...d".;::s."°..a.;";z
3317 4459 3490 4545 ῖηεαιςέι
3520 4459 3572 4544 τις
3649 4459 3811 4548 δεῖ

951 4553 1342 4614 VARIANTES
1379 4551 1780 4609 LECTIONES.

618 4654 636 4684 '
675 4650 980 4706 Hadrianus
1010 4650 1062 4702 7.
1139 4649 1158 4679 ³
1199 4655 1257 4701 ut
1279 4647 1346 4701 ad
1371 4646 1546 4699 locum
1572 4645 1626 4698 2.
1703 4643 1723 4674 '
1759 4642 2127 4698 confessiones

540 4723 602 4776 2.
677 4721 699 4752 ⁵
743 4719 893 4775 rome
921 4719 976 4773 2.
1075 4718 1095 4748 '
1137 4715 1243 4770 Sed
1273 4715 1511 4769 heiricus
1540 4713 1591 4778 5.
1691 4713 1712 4744 ⁸
1747 4712 2023 4767 heinricus
2072 4712 2126 4768 6.

547 4791 568 4823 ⁷
587 4789 899 4844 furinlensis
913 4789 965 4841 6.
983 4786 1343 4842 foroiuliensis
1361 4785 1409 4836 7.
1487 4784 1507 4814 ⁸
1533 4783 1644 4840 suis
1659 4782 1799 4838 deest
1825 4781 1877 4835 5.
1957 4780 2127 4836 'uun—

543 4875 734 4932 omyro
760 4858 1168 4932 ‘5._won(_m._iro_
1193 4856 1246 4908 7.
1359 4855 1401 4885 “
1446 4853 1626 4932 sclavo
1673 4867 1794 4905 cum
1827 4850 2125 4932 pannonias

544 4929 599 4985 2.
638 4918 656 4932 ’
678 4929 718 4961 ⁸³
759 4928 953 4994 hrigun
986 4927 1036 4978 7.
1069 4926 1299 4994 hirigum
1338 4923 1635 4994 principem
1671 4918 1958 4994 avarorum
1982 4919 2025 4994 _'_7
2065 4918 2118 4994 ζ).

548 4999 592 5031 ¹²
629 4997 816 5061 clagan
848 4987 904 5050 2.
981 4996 1023 5027 ι³
1062 5009 1119 5048 se
1150 4987 1204 5046 2'.
1236 4987 1356 5046 sive
1379 4991 1430 5044 5.
1464 4987 1529 5044 ϐξ
1551 4992 1602 5043 7.
1683 4991 1726 5061 ‘f
1760 4991 1950 5061 iuguro
1978 4988 2031 5042 5.
2062 4987 2115 5061 6.

549 5005 592 5031 "
629 5005 816 5061 clagan
848 5005 904 5050 2.
981 5005 1023 5027 "
1062 5009 1119 5048 se
1150 5005 1202 5046 2.
1236 5007 1348 5046 srve
1379 5005 1430 5044 5.
1464 5005 1516 5044 u.
1561 5005 1602 5043 ι.
1683 5005 1726 5021 ι’
1760 5005 1950 5089 tuguro
1978 5005 2031 5042 δ.
2062 5005 2112 5042 u.

549 5067 594 5100 ¹⁸
631 5083 695 5138 ac
725 5067 887 5138 dictis
908 5065 958 5118 ϐ.
1040 5064 1082 5095 ⁸⁸
1111 5061 1414 5138 prolixitatis
1443 5068 1666 5137 quetnm
1693 5060 1748 5113 2.
1814 5060 1868 5138 J'
1911 5073 2034 5138 rege

545 5134 790 5275 ξέῗῗιιῖξ.
833 5135 891 5257 ἔ
924 5125 1674 5267 εθξδθίέι⁵έηεζεδ¹ὲῖῗῗιῗὲῗ
1699 5167 1713 5182 ·
1740 5127 2044 5250 θεείὶίιῗέιίὲὶῗιῗ
2063 5125 2116 5250 ἐξ

546 5274 593 5306 ’³
617 5264 838 5330 ενᾶνυηι
869 5272 922 5327 5.
952 5271 1006 5326 6.
1083 5269 1127 5301 "‘
1157 5264 1375 5335 ipseque
1405 5277 1458 5321 et
1488 5267 1538 5320 7.
1626 5267 1672 5297 ³³
1695 5281 1792 5320 suo
1818 5266 1958 5318 deest
1979 5265 2033 5319 5.
2064 5264 2113 5335 6.

549 5285 593 5306 "
617 5285 838 5330 avarum
869 5285 922 5327 5.
952 5285 1006 5326 ῠ.
1083 5285 1127 5301 ¹’
1157 5288 1169 5322 ι
1213 5285 1375 5335 seque
1405 5285 1458 5321 et
1497 5285 1538 5320 ι.
1627 5285 1672 5297 ·-
1695 5285 1792 5320 suo
1818 5285 1957 5318 aeest
1979 5285 2033 5319 ο.
2064 5285 2113 5318 ο.

549 5344 602 5397 7.
692 5343 738 5374 ⁸⁸
772 5342 922 5397 misit
950 5343 1003 5394 7.
1092 5340 1138 5417 ’ἶ
1175 5285 1515 5417 goecurtjsse
1541 5336 1595 5417 2:
1706 5335 1753 5417 ’ί
1789 5335 2033 5405 pipinum
2064 5333 2115 5387 7.

543 5411 593 5448 ⁸⁸
632 5412 785 5484 ringo
817 5412 871 5465 7.
949 5411 994 5442 ‘°
1034 5408 1224 5478 recipit
1255 5406 1309 5460 2.
1386 5406 1428 5436 ³¹
1470 5407 1524 5460 in
1552 5405 1692 5459 deest
1721 5403 1776 5459 2.

2227 4566 2461 4621 catur‘.
2490 4564 2544 4618 5.
2577 4563 2628 4618 6.
2719 4562 2740 4631 ἒ
2776 4570 2994 4616 ventum
3046 4562 3210 4631 Lt2.
3260 4576 3330 4631 a.7
3369 4560 3697 4631 signiﬁcavit
3745 4562 3804 4616 7.

2226 4639 2245 4669 ⁷
2287 4634 2598 4705 aquisgrani
2629 4631 2682 4686 5.
2714 4630 2766 4705 6_.
2824 4631 2864 4705 _'
2903 4630 3070 4705 priori
3103 4631 3165 4705 5.‘
3190 4630 3240 4683 9.
3300 4630 3494 4705 italus
3523 4632 3605 4705 hic
3626 4648 3809 4705 anngs

2226 4699 2366 4759 deest
2405 4699 2471 4758 6:
2544 4704 2586 4735 ‘°
2611 4699 2971 4757 aecclesiaelt.
2996 4700 3048 4754 5.
3128 4700 3168 4731 ¹¹
3191 4699 3535 4770 angilberdus
3559 4699 3607 4770 1.
3630 4701 3810 4769 erigi]-

2224 4775 2412 4830 bertus
2433 4773 2486 4828 5.
2519 4772 2572 4828 9.
2677 4774 2718 4803 “
2746 4786 2791 4825 s.
2827 4786 2871 4824 r.
2901 4784 2974 4824 m.
3009 4770 3060 4823 7.
3139 4770 3181 4800 ¹³
3203 4769 3307 4838 que
3344 4769 3398 4823 2.
3499 4769 3542 4800 “
3563 4769 3704 4823 deest
3742 4771 3808 4825 5.

2225 4829 2446 4899 erichus
2474 4844 2527 4899 9.
2577 4841 2854 4896 beinriCus
2887 4840 2940 4892 5.
2989 4829 3246 4894 henricus
3272 4829 3323 4891 7.
3367 4837 3463 4907 (ita
3494 4848 3543 4891 et
3585 4839 3639 4891 in
3675 4841 3804 4907 cod.

2227 4913 2470 4988 Armati.)
2546 4913 2589 4988 Ἰ
2612 4909 3316 4988 rhingus__2_.‘_7.“hr_i.tiglisn
3332 4906 3383 4961 5.
3418 4909 3606 4988 ringus
3655 4906 3710 4961 ι.
3742 4908 3804 4964 9.

2225 4984 2268 5014 ¹⁶
2290 4982 2357 5038 de
2551 4982 2603 5034 5.
2628 4981 2681 5033 4.
2709 4975 2766 5034 9Ῐ
2842 4981 2881 5010 ¹⁷
2908 4975 3014 5040 hiis
3036 4978 3088 5032 5.
3122 4975 3267 5032 iis'5.
3287 4977 3338 5031 9.
3418 4978 3461 5009 "
3485 4975 3805 5047 lrangorum

2225 5053 2255 5082 Ω
2354 5053 2369 5082 ί
2426 5051 2676 5082 Ἀηῖηαηῖἶο
2713 5049 2742 5082 ’7
2843 5049 2887 5079 ὀ
2936 5063 2986 5082 m
3052 5063 3114 5082 ον
3147 5062 3179 5082 n
3235 5047 3266 5082 Χ
3322 5047 3352 5082 λ.
3405 5049 3439 5082 ο
3537 5048 3579 5078 ιι
3613 5049 3805 5082 unnan.

2221 5053 2274 5107 2.
2354 5047 2402 5083 “
2426 5051 2680 5106 haioariis
2713 5049 2763 5102 7.
2843 5049 2887 5079 ’°
2936 5063 3008 5102 m.
3052 5063 3114 5102 ex
3147 5062 3200 5114 p.
3233 5047 3284 5100 5.
3319 5047 3371 5100 4.
3405 5049 3460 5103 9.
3537 5048 3579 5078 ³⁸
3611 5049 3809 5116 aquis-

2222 5122 2374 5194 grani
2416 5120 2480 5194 _5.
2531 5119 2853 5194 aquasgrani
2911 5117 3170 5187 palatium
3224 5116 3277 5170 9.
3329 5117 3446 5194 5?.
3481 5118 3526 5148 “
3565 5115 3708 5194 quae
3731 5115 3813 5194 a_b

2224 5185 2303 5245 Eis
2328 5199 2387 5244 ut
2415 5191 2467 5244 7.
2566 5185 2611 5222 ⁸’⁸
2640 5185 2818 5243 autem
2841 5257 2845 5258 ν
2866 5185 3091 5258 campus
3138 5185 3554 5258 vocaturudeest
3584 5186 3635 5258 4.
3667 5187 3720 5258 5.
3745 5187 3804 5240 7.

2225 5262 2270 5291 “
2299 5276 2436 5329 aqua
2532 5261 2620 5314 ani
2641 5259 2694 5319 4,
2727 5257 2882 5325 aquis
2909 5258 2962 5312 5.
2990 5255 3005 5258 ⁷
3038 5257 3083 5288 ³⁸
3115 5256 3320 5310 tltudun
3368 5255 3420 5310 5.
3454 5256 3508 5309 9.
3584 5255 3629 5286 “
3659 5256 3809 5308 deest

2224 5330 2276 5384 5.
2329 5329 2380 5384 9.
2441 5275 2850 5384 sgbautisatus
2885 5326 2939 5381 2.
2972 5327 3024 5380 5.
3058 5326 3110 5381 9.
3215 5325 3261 5357 ³⁸
3293 5334 3677 5381 remuneratus
3721 5335 3809 5381 est

2224 5330 2291 5454 ἐξ
2472 5325 2518 5361 δ’
2547 5329 2850 5399 baptisatus
2885 5326 2939 5381 2.
2972 5327 3024 5380 5.
3058 5326 3110 5381 9.
3215 5325 3261 5357 ³⁸
3293 5334 3677 5381 remuneratus
3721 5335 3810 5381 est

2057 5511 2266 5569 NOTAE
2277 5551 2289 5564 .

618 5625 641 5652 ι
681 5610 738 5681 8.
771 5610 1009 5681 Riqgier,
1040 5610 1107 5666 ad
1133 5605 1270 5664 ostia
1303 5607 1558 5663 Summae.

618 5681 645 5722 δ
678 5678 1069 5750 ιιοάῑεζτιιείῖε.

626 5761 642 5770 ‘
685 5749 822 5820 Βίην
850 5742 1028 5821 lingua
1058 5756 1240 5805 nostra
1272 5747 1531 5812 circulus,
1580 5745 1848 5812 annulus;
1878 5742 1943 5798 de
1984 5742 2119 5797 Ava-

2230 5619 2408 5726 rorum
2436 5604 2652 5676 regione
2680 5601 2750 5661 cf.
2783 5602 3098 5658 Monachum
3130 5601 3567 5674 Sangallensem,
3603 5601 3698 5661 lib.
3729 5619 3768 5660 ιι

2230 5689 2337 5726 can.
2409 5712 2422 5726 .

2222 5689 2337 5742 cap.
2374 5689 2422 5727 ι.
