3928 6348
518 383 619 442 t5!
1576 376 1954 437 somnum
1992 378 2286 436 ABBATIS
2323 352 2644 434 ANNALES
3684 378 3766 432 tas

1018 484 1252 529 ANNLLBS
1289 488 1686 529 LAURISSENSES.

2737 487 2973 527 ANNALES
3001 486 3309 527 EGINHARDI.

2211 577 2469 617 racenum
2498 562 2579 617 ire
2618 562 2799 627 iussit,
2828 562 2920 631 qui
2965 570 3151 631 postea
3174 600 3187 627 ,
3231 568 3292 613 ut
3332 559 3448 630 ipse
3496 558 3683 622 voluit,
3724 558 3770 612 in

2210 653 2525 724 Hispaniam
2558 655 2781 720 ductus,
2813 662 2870 709 et
2893 654 3109 709 illorum
3148 652 3273 707 ﬁdei
3296 692 3311 717 ,
3353 650 3556 721 quibus
3586 665 3644 705 se
3669 664 3772 707 cre-

2212 745 2345 801 dere
2374 758 2482 801 non
2512 747 2805 809 dubitavit,
2857 746 3180 801 commissus
3206 754 3308 801 est.
3356 745 3473 799 Rex
3525 751 3696 798 autem
3724 742 3772 796 in

2211 834 2451 890 Saxonia
2491 836 2506 867 ¹
2544 835 2806 899 residens,
2840 836 2912 890 ibi
2941 845 2996 890 et
3017 834 3251 890 natalem
3273 834 3489 889 Domini
3514 841 3572 888 et
3592 833 3773 903 pascha

2209 924 2525 981 celebravit.

1132 999 1499 1061 DCCXCVIII.

589 1098 753 1155 Venit
778 1098 946 1153 etiam
971 1105 1029 1159 et
1051 1096 1262 1167 legatus
1288 1095 1583 1151 Hadefonsi
1614 1108 1759 1164 regis
1798 1094 2105 1149 Callaeciae

516 1199 577 1246 et
620 1189 876 1245 Asturiae
902 1192 957 1253 ‘,
1009 1186 1229 1243 nomine
1272 1185 1432 1241 Frola
1459 1186 1505 1250 ‘,
1559 1185 1884 1255 papilionem
1934 1185 2107 1239 mirae

518 1279 945 1353 pulchritudinis
968 1284 1346 1348 praesentans.
1380 1274 1487 1329 Sed
1516 1275 1536 1306 ³
1564 1276 1619 1329 in
1665 1274 1784 1343 ipso
1804 1275 1826 1305 ⁸
1870 1274 2108 1345 paschae

522 1384 766 1442 tempore
808 1369 1090 1427 Nordliudi
1114 1364 1135 1401 ⁵
1164 1376 1315 1423 trans
1342 1368 1518 1423 Albim
1544 1367 1814 1433 sedentes,
1842 1367 2107 1423 seditione

522 1474 818 1529 commota,
845 1462 1055 1533 legatos
1078 1462 1255 1531 regios
1279 1460 1371 1530 qui
1400 1469 1528 1515 tunc
1554 1458 1620 1514 ad
1647 1458 1880 1513 iustitias
1905 1456 2106 1512 facieno
2206 1470 2362 1533 erant
2400 1461 2441 1526 ⁸,
2506 1463 2909 1531 conprehensos
2955 1462 3321 1527 interficiunt,
3367 1464 3557 1532 paucis
3609 1478 3779 1518 eorum

521 1560 621 1613 das
676 1556 818 1626 apud
876 1531 975 1611 eos
1009 1554 1030 1585 ⁸
1074 1552 1572 1615 conversabantur,
1614 1549 2105 1619 conprehendunt,
2207 1531 2361 1621 quasi
2391 1550 2457 1604 ad
2488 1551 2861 1605 redimendum
2888 1551 2909 1582 ⁸
2957 1552 3271 1617 reservatis,
3306 1531 3645 1606 trucidantes
3671 1566 3780 1605 cum

519 1650 785 1721 quosdam
810 1648 831 1680 '
865 1652 933 1703 ex
978 1645 1058 1701 eis
1117 1644 1300 1699 statim
1342 1644 1705 1706 trucidantes,
1735 1649 1949 1697 ceteros
1977 1641 1998 1671 ⁸
2041 1641 2109 1695 ad
2206 1644 2403 1698 ceteris
2445 1652 2499 1697 et
2550 1644 2943 1699 Godescalcum
2976 1646 3019 1709 ⁷,
3056 1646 3199 1716 regis
3229 1644 3483 1715 legatum,
3516 1659 3675 1713 quem
3701 1644 3780 1698 ille

520 1734 1243 1801 redimendum.reservant;
1276 1750 1342 1790 ex
1366 1734 1564 1804 quibus
1586 1732 1753 1801 aliqui
1780 1731 2104 1802 effugerunt,
2209 1742 2334 1789 ante
2381 1748 2585 1802 paucos
2625 1736 2741 1789 dies
2780 1737 2846 1789 ad
2886 1735 3205 1807 Sigifridum
3236 1736 3256 1768 ⁸
3288 1751 3473 1806 regem
3522 1737 3780 1793 Danorum

520 1833 690 1887 ceteri
720 1830 947 1887 redemti
970 1836 1114 1885 sum.
1148 1827 1267 1883 Rex
1292 1826 1312 1857 °
1343 1824 1569 1881 collecto
1607 1824 1851 1879 exercitu
1887 1822 1954 1877 de
2003 1822 2109 1875 lla-
2139 1822 2183 1879 Β
2213 1826 2456 1879 miserat.
2506 1826 2557 1881 Is
2605 1842 2726 1880 cum
2762 1828 2952 1882 eodem
3002 1836 3241 1898 tempore
3270 1829 3291 1859 ⁹
3322 1836 3689 1883 reverteretur
3724 1828 3779 1893 ",

525 1922 821 1980 ristallio“
849 1923 916 1978 ad
971 1922 1152 1976 locum
1193 1918 1235 1949 ”
1267 1919 1359 1987 qui
1403 1917 1582 1971 Minda
1613 1916 1655 1946 “
1684 1928 1708 1956 ι
1742 1915 1941 1969 dicitur
1992 1927 2114 1981 per~
2213 1918 2281 1973 ab
2304 1916 2465 1986 huius
2496 1928 2517 1957 ο
2564 1919 2846 1975 seditionis
2892 1920 3207 1975 auctoribus
3256 1920 3591 1989 interceptus
3638 1928 3785 1989 atque

524 2012 667 2067 rexit
701 2028 712 2063 :
746 2006 801 2063 et
823 2007 968 2063 facto
988 2000 1312 2070 consilio,in
1340 2006 1382 2037 “
1404 2005 1712 2059 desertores
1743 2017 1898 2056 arma
1935 2000 2111 2055 corri—
2211 2011 2426 2063 occisus
2465 2018 2567 2063 est.
2620 2008 2826 2076 Quibus
2867 2009 3127 2080 acceptis,
3157 2024 3252 2064 rex
3281 2011 3522 2081 graviter
3561 2023 3786 2064 commo—

520 2100 660 2173 puit,
690 2108 745 2153 et
768 2106 935 2153 totam
960 2097 1103 2150 inter
1131 2095 1309 2149 Albim
1342 2102 1394 2149 et
1432 2093 1705 2148 Wisoram
1737 2092 1782 2124 “
1814 2092 2112 2147 Saxoniam
2215 2107 2319 2164 tus,
2371 2111 2703 2172 congregato
2759 2103 3022 2167 exercitu,
3056 2103 3110 2156 in
3170 2103 3308 2167 loco,
3355 2103 3444 2157 cui
3498 2103 3696 2157 Mimda
3726 2104 3780 2155 “.

524 2190 830 2261 populando
855 2188 899 2220 “’
940 2186 1269 2257 peragravit.
1320 2184 1600 2265 Nordliudi
1639 2182 1682 2214 ¹⁶
1710 2190 1902 2239 contra
1934 2183 2112 2237 Thra-
2215 2204 2432 2254 nomen,
2480 2203 2643 2259 super
2695 2190 2971 2247 Wisuram
3023 2203 3204 2247 castra
3252 2193 3452 2262 posuit,
3509 2201 3672 2262 atque
3739 2193 3782 2245 in

522 2296 787 2338 suconem
815 2276 892 2343 ιτ,
928 2278 1121 2333 ducem
1167 2275 1551 2330 Abodritorum
1576 2315 1590 2338 .
1617 2281 1672 2327 el
1695 2272 1988 2328 Ebllrisum
2018 2266 2061 2302 ¹⁸
2085 2272 2112 2310 δ
2214 2280 2545 2349 foedifragos
2591 2297 2655 2336 ac
2693 2284 3000 2338 desertores
3043 2299 3195 2339 arma
3240 2286 3523 2353 corripuit,
3560 2294 3615 2337 et
3663 2284 3786 2337 ultor

527 2375 764 2445 legatum
806 2379 1053 2426 nostrum
1083 2368 1355 2423 conmisso
1409 2365 1634 2437 proelio,
1667 2365 1785 2420 acie
1806 2363 1934 2419 victi
1964 2372 2110 2418 sunt.
2215 2369 2369 2425 necis
2401 2370 2442 2400 ί·
2474 2370 2770 2441 legatorum
2803 2386 3048 2437 suorum,
3076 2372 3332 2443 quicquid
3361 2373 3639 2428 Saxoniae
3664 2372 3786 2426 inter

529 2466 701 2522 Caesa
723 2471 851 2519 sunt
880 2478 948 2516 ex
981 2461 1061 2515 eis
1085 2460 1139 2513 in
1170 2459 1290 2513 loco
1314 2457 1505 2528 proelii
1546 2464 1801 2526 quattuor
1823 2454 1991 2518 milia,
2025 2469 2116 2508 ce-
2214 2458 2427 2513 Albiam
2480 2474 2543 2514 ac
2579 2460 2622 2489 "
2654 2459 2926 2514 Wisuram
2975 2462 3280 2527 interiacet,
3329 2471 3504 2517 totum
3550 2462 3699 2517 ferro
3741 2470 3787 2515 et

532 2562 634 2618 teri
662 2560 753 2632 qui
782 2555 1039 2629 fugerunt
1064 2564 1119 2609 et
1165 2562 1476 2618 evaserunt,
1504 2566 1822 2622 quanquam
1868 2549 2025 2604 multi
2061 2557 2114 2603 et
2217 2550 2325 2621 igni
2360 2550 2613 2605 vastavit.
2649 2549 3026 2607 Transalbiani
3058 2561 3236 2607 autem
3270 2553 3334 2618 "‘,
3367 2553 3623 2623 superbia
3650 2552 3785 2617 elati,

529 2666 599 2707 ex
625 2650 734 2705 illis
760 2647 1119 2709 cecidissent,
1150 2644 1216 2699 de
1246 2643 1398 2713 pacis
1428 2642 1467 2673 "
1495 2636 1811 2697 condicidne
1846 2645 2117 2693 traCtave-
2218 2654 2284 2694 eo
2306 2640 2450 2708 quod
2479 2640 2625 2708 regis
2658 2639 2864 2710 legatos
2895 2642 2938 2672 “‘
2969 2641 3169 2710 inpune
3209 2643 3459 2697 occidere
3484 2651 3783 2712 potuerunt,

532 2750 680 2798 runt.
709 2740 777 2794 Et
803 2725 900 2793 rei
936 2736 1175 2805 acceptis
1201 2734 1500 2797 obsidibus,
1528 2731 1694 2786 etiam
1733 2738 1788 2784 et
1815 2730 1902 2785 his
1928 2770 1943 2795 ,
1978 2744 2118 2800 quos
2219 2731 2449 2800 arreptis
2500 2733 2666 2785 armis
2739 2741 2928 2787 contra
2992 2732 3285 2789 Abodritos
3355 2734 3783 2804 proficiscuntur.

533 2821 930 2904 perfidissimds
958 2826 1228 2896 primores
1280 2823 1556 2878 Saxonum
1600 2819 2023 2889 consignabant,
2059 2816 2115 2871 in
2217 2823 2351 2878 Nam
2392 2824 2701 2880 “Abodriti
2746 2825 3097 2880 auxiliatores
3146 2826 3187 2856 ¹⁷
3222 2825 3561 2882 Francorum
3594 2840 3787 2895 semper

537 2919 826 2975 Franciam
858 2933 1114 2974 reversus
1136 2924 1251 2979 est,
1305 2923 1360 2969 et
1395 2910 1733 2983 Aquasgrani
1782 2907 1827 2941 “
1855 2909 2114 2979 palatium
2218 2913 2437 2968 fuerunt
2470 2915 2534 2979 η,
2562 2929 2626 2969 ex
2659 2915 2699 2945 ιο
2730 2930 2836 2983 quo
2870 2915 3039 2969 semel
3066 2916 3135 2970 ab
3162 2916 3243 2971 eis
3272 2916 3325 2969 ίη
3355 2916 3671 2971 societatem
3717 2930 3787 2968 τε.

535 3027 800 3083 pergens,
832 3010 1158 3081 legationem
1204 3005 1535 3061 Graecorum
1579 3018 1610 3056 a
1646 2996 2115 3068 Constantinopoli
2216 3004 2358 3074 cepti
2386 3005 2429 3035 ³ο
2454 3012 2598 3059 sunt.
2628 3004 2866 3071 Quorum
2895 3005 3003 3059 dux
3030 3004 3240 3060 Thasco
3261 3006 3329 3071 “,
3358 3006 3574 3076 cognito
3603 3004 3787 3059 Trans.

538 3102 760 3157 missam
791 3100 1048 3169 suscepit.
1080 3098 1252 3153 Erant
1272 3096 1418 3150 enim
1442 3092 1602 3165 legati
1629 3088 1915 3155 Michaliel,
1945 3089 2117 3160 patri-
2160 3166 2185 3169 μ
2219 3096 2557 3151 abianomm
2605 3104 2777 3162 motu,
2819 3097 2899 3151 eis
2940 3112 3063 3151 cum
3110 3098 3360 3152 omnibus
3388 3098 3559 3167 copiis
3600 3096 3708 3151 suis
3743 3095 3787 3147 ί..

535 3195 655 3248 eius
677 3166 1197 3263 quondam—Frigiae
1238 3189 1307 3252 ἰ,
1355 3194 1410 3242 et
1451 3182 1782 3255 Theophilus
1806 3184 2112 3252 presbyter,
2144 3166 2187 3228 (Σ
2220 3184 2338 3239 loco
2367 3186 2460 3255 qui
2493 3184 2770 3240 Suentana
2802 3184 2829 3224 ἀ
2860 3194 3085 3241 vocatur
3114 3187 3374 3249 occurrit,
3406 3166 3788 3256 commissaque

532 3283 815 3354 epistolam
841 3282 1086 3347 Here‘nae
1105 3281 1151 3311 "
1182 3276 1547 3347 imperatricis
1575 3274 1844 3339 ferentes;
1877 3288 2005 3328 nam
2048 3272 2114 3326 ﬁ-
2216 3276 2446 3346 proelio,
2481 3276 2688 3347 ingenti
2714 3292 2808 3331 eos
2832 3276 2997 3335 caede
3021 3278 3338 3346 prostravit.
3383 3276 3519 3330 Nam
3552 3278 3607 3331 in
3631 3278 3786 3347 prima

533 3376 639 3431 lius
684 3374 801 3429 eius
829 3372 1218 3428 Constantinus
1249 3370 1546 3439 imperator
1577 3382 1720 3421 anno
1750 3364 2034 3436 superiore
2070 3363 2117 3395 “
2218 3367 2604 3437 congressione
2631 3376 2889 3436 quattuor
2926 3367 3073 3421 milia
3113 3382 3304 3421 eorum
3347 3368 3634 3429 cecidisse,
3678 3383 3789 3422 nar-

532 3482 562 3519 a
584 3465 697 3520 suis
726 3462 1135 3532 conprehensus
1160 3468 1215 3514 et
1238 3465 1562 3514 excaecatus
1602 3465 1707 3511 est.
1760 3455 1907 3510 Haec
1933 3462 2115 3508 tamen
2220 3457 2362 3511 ravit
2392 3456 2604 3527 legatus
2636 3457 2801 3528 regis,
2829 3457 3027 3512 Eburis
3046 3457 3091 3487 “
3118 3457 3359 3523 nomine,
3381 3458 3473 3528 qui
3519 3458 3576 3512 in
3618 3458 3791 3513 eodem

539 3554 739 3626 legatio
771 3559 983 3606 tantum
1012 3551 1079 3605 de
1103 3564 1238 3619 pace
1268 3547 1387 3601 fuit.
1433 3547 1580 3613 Quos
1618 3561 1742 3600 cum
1772 3545 2115 3607 absolvisset,
2219 3549 2427 3619 proelio
2461 3548 2582 3614 fuit,
2615 3557 2673 3605 el,
2712 3550 2767 3604 in
2790 3549 3176 3605 Abodrilomm
3216 3550 3333 3605 acie
3363 3551 3613 3605 dextrum
3640 3564 3788 3604 cornu

539 3644 773 3700 absolvit
815 3642 980 3697 etiam
1034 3656 1158 3695 cum
1190 3640 1271 3694 eis
1314 3648 1369 3692 et
1398 3636 1694 3692 Sisinnium
1724 3636 1791 3701 “,
1822 3636 2043 3690 fratrem
2074 3635 2121 3667 "
2226 3640 2416 3693 tenuit.
2491 3639 2620 3693 Fusi
2670 3640 2835 3710 igitur
2873 3638 3152 3709 fugatique
3179 3680 3193 3703 ,
3242 3647 3298 3693 et
3350 3640 3533 3694 multis
3586 3655 3791 3694 suorum

535 3734 810 3789 Tarasii"
833 3729 1415 3799 Constantinopolitani
1446 3728 1702 3797 episcopi,
1721 3726 2032 3780 iamdudum
2065 3726 2121 3779 in
2223 3728 2458 3789 amissis,
2492 3744 2613 3783 cum
2648 3743 2837 3798 magna
2869 3728 3179 3783 calamitate
3200 3728 3276 3787 ad
3317 3728 3433 3782 loca
3462 3744 3561 3782 sua
3593 3727 3787 3782 reversi

536 3825 688 3880 Italia
718 3821 926 3893 proelio
947 3828 1183 3890 captum.
1219 3819 1331 3873 Hoc
1354 3835 1495 3873 anno
1522 3819 1564 3849 ’⁷
1594 3817 1744 3872 sidus
1772 3817 1843 3881 ’⁸,
1872 3818 2014 3885 quod
2042 3817 2122 3871 di-
2224 3824 2367 3872 sunt.
2395 3816 2465 3871 At
2491 3817 2539 3849 ⁸³
2565 3832 2658 3872 rex
2696 3818 2751 3871 in
2778 3817 3065 3873 Franciam
3117 3832 3416 3886 regressus,
3449 3834 3575 3871 eum
3602 3817 3792 3887 Aquas-

534 3916 675 3970 eitur
698 3911 910 3977 Martis,
940 3925 971 3963 a
997 3908 1291 3979 superioris
1319 3908 1447 3961 anni
1486 3906 1620 3960 Iulio
1650 3922 1821 3975 usque
1846 3906 1914 3959 ad
1963 3906 2123 3961 huius
2579 3929 2975 3985 VARIANTES
3012 3922 3416 3986 LECTIONES.

894 4000 1291 4103 VéRl'ANTES
1319 3997 1731 4103 ,Ιιείξιτίοξλιὲδο
1810 4090 1843 4103 Α
1902 4088 1922 4103 ⁸
1985 4090 1999 4103 “
2066 4094 2097 4103 _
2227 4091 2246 4103 _
2297 4021 2313 4052 ί
2340 4021 2621 4103 ξειξοῐῄειω
2646 4022 2697 4103 ll.
2722 4021 2775 4074 2.
2814 4092 2847 4103 Α.
2920 4031 3206 4103 appareret
3227 4023 3355 4103 §._5.
3380 4023 3431 4077 6.
3457 4022 3790 4103 accederem.

911 4038 927 4059 ν
944 4038 1153 4056 num"
1170 4038 1291 4055 ιυυ
1330 4038 1458 4053 υυυ
1475 4038 1731 4053 υυυυν·
2298 4038 2313 4052 ι
2340 4038 2621 4079 saxomam
2646 4038 2697 4074 ι.
2722 4038 2775 4074 z.
2876 4038 2894 4052 ·
2920 4038 2986 4091 ap
3027 4038 3206 4077 areret
3227 4038 3279 4076 ι.
3303 4038 3355 4076 δ.
3380 4038 3431 4077 o.
3457 4038 3733 4077 accederet
3746 4038 3790 4074 υ.

610 4098 625 4127 ¹
656 4095 895 4151 austriae
942 4094 995 4147 2.
1038 4092 1091 4147 5.
1125 4092 1402 4146 austuriae
1431 4090 1482 4143 6.
1589 4092 1609 4120 ³
1641 4088 1773 4144 ﬂora
1810 4090 1863 4142 2.
1898 4088 2034 4145 frola
2066 4094 2118 4147 5.
2226 4091 2247 4122 ³
2270 4103 2325 4159 p.
2350 4090 2388 4143 i.
2414 4091 2467 4143 3.
2492 4092 2545 4145 9.
2662 4090 2684 4121 ⁸
2706 4092 2850 4145 nacti
2884 4092 2931 4144 Ι.
2968 4038 3046 4144 ἐ)-
3068 4092 3121 4146 9.
3228 4094 3249 4124 ⁵
3281 4093 3497 4147 fuerant
3516 4093 3575 4146 2.
3680 4092 3698 4122 ⁶
3724 4106 3794 4144 τεο

2224 4160 2482 4214 mendum
2506 4161 2557 4213 1.
2585 4161 2879 4214 remedium
2900 4161 2955 4214 2.
2980 4163 3331 4217 remeandum
3357 4162 3409 4215 3.
3445 4162 3791 4216 nunciandum

1811 4229 1831 4259 ⁶
1862 4228 2002 4301 apud
2042 4247 2123 4286 re-
2225 4229 2278 4284 9.
2385 4230 2403 4301 ἶ
2435 4229 2834 4301 godessclaeum
2864 4231 2912 4283 1.
2944 4232 3349 4301 godesscalcum
3388 4231 3442 4285 2.
3501 4228 3791 4301 godeschab

2042 4247 2123 4286 re-
2225 4246 2278 4284 υ.
2390 4246 2399 4260 '
2435 4246 2834 4299 goaesscmcum
2864 4246 2912 4283 1.
2938 4246 3349 4353 goucsscalcum
3388 4246 3442 4285 z.
3501 4246 3791 4301 goaescnaa

2013 4301 2032 4331 ³
2055 4302 2125 4400 λὲί
2225 4298 2914 4400 ἓῗὶῗςιῗῖζηὲἳίθῗὲἓῗέἳἯἝ
2978 4338 2992 4352 ’
3031 4299 3795 4400 53633663193331§:....Ifi'

544 4366 640 4429 rex
690 4374 740 4427 7.
822 4373 862 4404 ¹⁰
914 4366 1179 4427 haristalli
1235 4370 1287 4424 6.
1316 4368 1625 4441 rheristgalli‘o
1651 4366 1702 4441 ἶ.
1810 4370 1848 4441 ¹Α¹
1900 4370 2015 4424 loca
2066 4366 2118 4425 2'.
2226 4366 2499 4441 gefriduni
2519 4370 2570 4421 7.
2599 4368 2848 4441 sifridum
2879 4368 2932 4441 6.
3022 4366 3055 4441 γ’
3080 4385 3201 4424 cum
3228 4371 3499 4441 legatione
3527 4370 3791 4441 functusr.

544 4446 585 4476 ¹¹
618 4443 817 4497 mimda
844 4441 895 4497 5.
926 4442 1125 4496 munda
1153 4441 1204 4494 6.
1285 4440 1467 4493 “inde
1493 4439 1547 4492 in
1582 4438 1633 4491 5.
1666 4439 1718 4491 7.
1800 4438 1841 4471 “
1864 4440 2120 4495 wisuram
2227 4437 2279 4493 9.
2362 4437 2403 4468 ³ο
2431 4446 2733 4493 verteretur
2762 4440 2812 4492 l.
2893 4440 2931 4470 “
2958 4440 3156 4494 mimda
3180 4441 3231 4493 1.
3265 4437 3503 4494 mindam
3534 4441 3589 4494 2.
3633 4438 3793 4493 minda

541 4514 594 4567 5.
650 4513 701 4567 6.
782 4512 825 4543 ”
873 4512 1232 4582 potiulandam
1308 4509 1394 4582 7._
1439 4508 1480 4538 ¹⁴¹
1532 4508 1787 4582 nortliudi
1837 4517 2018 4563 autem
2066 4512 2120 4582 7.
2151 4506 2281 4565 D5.
2308 4508 2360 4582 6.
2386 4507 2440 4561 6.
2468 4506 2691 4582 munda
2712 4509 2769 4582 5.
2793 4509 2845 4563 9.
2876 4509 3123 4582 mitidam
3158 4526 3259 4582 nis.
3304 4510 3485 4582 minda
3521 4510 3573 4564 7.
3652 4509 3795 4582 "ne-

545 4584 585 4615 "
636 4576 1012 4637 tarsochonem
1065 4582 1118 4634 5.
1160 4579 1569 4634 thrasuchorem
1596 4577 1648 4633 6.
1676 4586 2020 4633 trasuconem
2065 4580 2118 4636 7.
2229 4577 2386 4631 cesi.
2466 4577 2507 4646 ξ’
2532 4576 2659 4630 et2.
2738 4580 2780 4608 ¹⁸
2806 4587 2987 4632 autem
3012 4579 3102 4646 qui
3128 4580 3452 4632 nordmanni
3474 4588 3731 4634 vocantur
3748 4577 3793 4646 9.

546 4653 589 4683 “‘
636 4653 910 4708 eb‘orisum
952 4652 1004 4705 5.
1057 4650 1108 4704 6.
1149 4647 1203 4703 7.
1309 4648 1351 4680 ¹⁹
1392 4648 1708 4703 cecidissem
1750 4648 1817 4702 de
1864 4649 2021 4717 pauci
2062 4652 2116 4705 2.
2232 4646 2275 4717 ῗδ
2302 4647 2336 4699 l.
2370 4641 2505 4717 νηΐ).
2525 4646 2577 4700 9.
2618 4647 2844 4717 i‘fnam
2874 4641 3104 4717 abodriti
3131 4678 3195 4687 -—-
3218 4650 3419 4717 recepti
3446 4644 3793 4717 suntdeest9.

542 4722 587 4752 '°
614 4722 926 4792 aquisgrani
954 4722 1009 4792 7.
1034 4790 1042 4792 ἓ
1082 4720 1127 4792 _“
1153 4720 1393 4792 phrigiae
1427 4718 1486 4792 7_._
1532 4719 1599 4792 _"
1634 4732 1794 4792 erene
1817 4713 1995 4792 2.!”
2027 4737 2122 4775 su-
2230 4715 2273 4792 ξῖ
2298 4716 2587 4792 auxiliares
2606 4716 2734 4792 2.__5.
2755 4717 2807 4768 7.
2830 4786 2843 4792 _
2886 4716 2939 4792 ίξ
2954 4715 3101 4771 fuere
3124 4718 3177 4792 7_.
3205 4713 3419 4792 fuerant
3442 4717 3498 4792 4.
3579 4718 3621 4792 ιτ
3634 4717 3730 4792 _ab_s
3747 4713 3793 4765 Δ.

543 4785 742 4878 θετίῥεί
773 4785 825 4843 7.
926 4791 971 4878 ἲ
1002 4785 1264 4878 sisi-unum
1280 4785 1381 4878 ‘5.”
1443 4789 1487 4819 "
1525 4786 1731 4843 fremen
1762 4788 1814 4842 5.
1889 4788 1937 4820 "
1969 4792 2123 4846 trasii
2230 4785 2596 4878 "susceptitz;
2633 4785 3459 4878 A’jtgscho2.tasco3.thrasico
3474 4788 3526 4842 9.
3605 4785 3795 4839 “eber-

544 4855 597 4917 5.
675 4862 719 4892 ⁸⁷
763 4874 907 4915 anno
934 4859 987 4913 2.
1065 4860 1109 4891 '°
1149 4858 1311 4929 sydus
1350 4857 1400 4910 7.
2226 4856 2401 4909 winus
2420 4858 2475 4910 9.
2551 4856 2596 4886 ³³
2631 4855 2698 4909 ad
2732 4855 2785 4909 2.

2071 4954 2160 5013 ΝΟ
2166 4959 2275 5017 ΤΑΒ
2286 5000 2299 5019 .

2234 5055 2714 5121 praestantissimos
2754 5070 2821 5110 ex
2853 5068 2963 5112 uno
2999 5063 3178 5112 tamen
3222 5055 3367 5111 fonte
3400 5055 3656 5119 derivari,
3703 5069 3795 5110 non

2235 5124 2409 5178 solum
2447 5126 2536 5179 hic
2566 5126 2736 5190 locus,
2770 5126 2865 5180 sed
2898 5134 2952 5180 et
2996 5126 3252 5181 lectiones
3284 5126 3445 5194 paulo
3475 5126 3720 5194 superius
3748 5126 3792 5177 in

2236 5209 2367 5265 voce
2389 5195 2746 5265 redimendum
2767 5194 2941 5250 allata:
2962 5197 3211 5265 probant,
3238 5193 3299 5249 et
3318 5203 3476 5265 poeta
3501 5193 3647 5249 Saxo
3672 5208 3795 5265 eam-

2238 5262 2362 5316 dem
2389 5264 2762 5333 auctoritatem
2802 5262 3019 5320 secutus
3044 5263 3233 5331 fuerit;
3272 5262 3437 5333 quam
3467 5265 3512 5317 si
3543 5262 3795 5333 authenti—

2235 5347 2361 5385 oum
2405 5332 2583 5403 ipsum
2628 5332 2796 5389 fuisse
2844 5342 3075 5399 statuas,
3122 5337 3178 5389 in
3220 5332 3530 5403 eo’quoque
3559 5332 3793 5387 nonnulla

2233 5403 2705 5473 praeterauctoris
2730 5403 3061 5460 voluntatem
3098 5404 3261 5460 scribi
3290 5404 3557 5472 potuisse,
3588 5405 3796 5473 quisque

2238 5470 2327 5540 rei
2344 5472 2551 5540 peritus
2576 5473 2853 5527 concedet.

2307 5538 2598 5595 d‘Videtur
2631 5556 2748 5597 esse
2777 5541 2929 5597 locus
2965 5542 3193 5607 Swante,
3251 5542 3303 5596 in
3353 5541 3608 5597 districtu
3637 5538 3795 5608 magni

2240 5608 2469 5734 (Sliulgatus
2521 5610 2939 5683 Melilenburgici
2998 5612 3229 5668 Sehvvan
3256 5652 3272 5677 ,
3343 5613 3412 5667 ad
3465 5613 3795 5667 Warnowam

2817 1015 3181 1071 DCCXCVIII.

2276 1103 2410 1158 Cum
2448 1104 2554 1158 iam
2585 1120 2680 1159 ver
2711 1104 3047 1173 adpeteret',
3093 1104 3331 1157 nondum
3362 1112 3543 1157 tamen
3575 1113 3777 1173 promer

2208 1194 2445 1263 inopiam
2495 1194 2674 1263 pabuli
2710 1193 2731 1224 ³
2762 1194 3037 1247 exercitus
3062 1192 3131 1246 de
3157 1191 3399 1245 hibernis
3436 1192 3661 1260 produci
3696 1207 3776 1260 po-

2203 1284 2419 1348 tuisset,
2449 1282 2694 1338 Saxones
2740 1283 3090 1338 transalbiani
3146 1283 3491 1337 occasionem
3533 1283 3711 1336 nancti
3742 1282 3776 1345 ⁸,

2206 1374 2411 1445 legatos
2448 1375 2591 1445 regis
2614 1374 2703 1444 qui
2735 1374 2800 1429 ad
2841 1389 2935 1428 eos
2964 1375 3032 1429 ob
3063 1374 3297 1428 iustitias
3330 1373 3609 1429 faciendas
3645 1376 3779 1429 missi

540 4165 594 4219 5.
636 4165 757 4220 llola
808 4165 860 4219 6.
911 4164 1050 4217 froia
1094 4163 1146 4216 7.
1182 4162 1233 4215 9.
1348 4159 1499 4213 ‘Sed
1545 4159 1761 4229 deest7.
1865 4158 1887 4190 ‘
1924 4162 2037 4229 ipsa
2064 4163 2118 4215 2.

542 4236 562 4267 ³
593 4235 954 4289 ηοῐὶάὶυὶᾱίὖ.
1003 4232 1251 4288 nordludi
1280 4229 1332 4283 6.
1376 4228 1610 4283 nurliudi
1655 4230 1709 4282 7.

842 4305 949 4385 1e}
1001 4303 1266 4385 ψιοξεῑεηλ
1287 4301 1340 4385 τε
1429 4300 1471 4379 ,⁸
1499 4300 1681 4385 estea.
1714 4315 1845 4385 vera
1884 4300 1934 4385 7.-

540 4320 660 4376 gem
691 4304 747 4376 7.

822 4373 862 4404 ¹⁰
914 4366 1179 4427 haristalli
1235 4370 1287 4424 6.
1327 4368 1625 4424 heristallio
1651 4366 1702 4422 7.

623 5058 647 5083 σι
689 5041 924 5096 Πὶηᾱεη.
1040 5102 1041 5105 η

622 5116 646 5153 ιν
687 5110 940 5167 Nostrum
979 5108 1174 5169 Ebers,
1202 5109 1383 5161 Even.

626 5198 645 5221 ρ
670 5183 756 5258 μ
785 5180 955 5235 Huni;
988 5180 1033 5244 Ι,
1066 5180 1131 5258 .2,
1163 5179 1215 5240 5,
1254 5187 1309 5258 et
1337 5185 1509 5258 poeta
1542 5178 1715 5258 garo;
1755 5179 1913 5258 hujus
1934 5188 2125 5258 tamen

590 5253 802 5315 nefero,
838 5266 963 5305 cum
995 5249 1229 5320 primum
1264 5247 1422 5316 hujus
1462 5255 1518 5301 et
1543 5247 1716 5320 Hunis
1758 5247 2128 5307 in'scriheudo

590 5270 802 5315 uenero,
838 5270 963 5305 cum
995 5270 1229 5320 prmium
1264 5270 1422 5316 ("qua
1462 5270 1518 5301 Cl.
1543 5270 1716 5301 nunt:
1759 5270 1813 5303 ιιι
1841 5270 2128 5307 scrineuao

552 5270 807 5378 facillime
828 5326 1226 5389 permutentur,
1251 5318 1727 5389 etgsententiarum
1753 5334 1926 5375 nexus
1954 5320 2129 5376 [funis

554 5394 662 5447 nan
697 5386 983 5446 admittere
1010 5386 1278 5458 videatur.
1312 5386 1446 5441 Nam
1485 5388 1530 5441 si
1554 5388 1913 5458 Eginhardus,
1947 5390 2132 5446 Hunos

554 5463 781 5540 legatos,
806 5460 896 5529 qui
928 5457 1282 5540 populumAad
1311 5457 1667 5540 rebellionem.
1688 5459 2046 5540 concitarent,
2076 5462 2131 5515 in

557 5528 851 5586 Saxoniam
890 5528 1126 5599 misisse,
1158 5534 1212 5599 et
1231 5542 1352 5599 eos,
1384 5542 1490 5599 quo
1537 5528 1739 5582 certius
1769 5530 1879 5581 voti
1910 5545 2132 5599 compo-

555 5610 637 5655 tes
674 5600 887 5663 fierent,
928 5596 1244 5653 Godescalci
1294 5598 1493 5651 caedem
1544 5606 1903 5666 perpetrasse,
1954 5596 2136 5655 dicere

557 5670 835 5732 voluisset,
864 5668 970 5722 alio
1004 5675 1152 5722 certe
1176 5667 1335 5721 modo
1368 5668 1503 5720 tanti
1541 5668 1798 5721 momenti
1826 5684 1939 5722 rem
1965 5684 2137 5723 enun-

556 5740 787 5795 tiaturus
817 5738 1027 5793 fuisset.
1069 5736 1296 5792 Codices
1320 5752 1449 5791 vero
1482 5738 1531 5805 l,
1561 5736 1614 5801 2,
1649 5738 1700 5801 5,
1740 5737 1865 5792 licet
1894 5740 2135 5794 omnium
