3928 6312
215 267 317 325 437

728 403 964 444 ΑΝΝΑιεε
999 403 1305 447 ΕῦΙΝΗᾹῐωΙ.

214 472 392 539 aiens,
420 473 855 533 benedictionem
897 486 954 533 et
982 479 1240 551 reliquias
1283 483 1353 538 de
1398 484 1515 540 loco
1562 501 1806 542 resurre-

214 563 417 619 ctionis
466 564 793 633 dominicae,
843 583 985 639 quae
1032 572 1346 640 patriarcha
1390 575 1510 645 regi
1562 576 1798 639 miserat,

212 650 425 708 detulit.
456 654 523 709 Et
546 656 561 686 ¹
600 672 695 711 rex
731 660 968 716 natalem
1016 661 1234 718 Domini
1280 665 1333 719 in
1363 666 1554 721 eodem
1600 668 1801 738 palatio

214 746 467 801 residens
492 748 511 777 ³
555 748 869 816 celebravit,
908 768 973 809 ac
1014 756 1339 812 monachum
1391 762 1587 814 reverti
1615 761 1798 816 volen-

212 841 325 891 tem
379 838 684 906 absolvens,
729 842 1054 899 Zachariam
1101 849 1391 916 quendam,
1439 852 1800 921 presbiterqu

209 928 283 983 de
307 931 509 999 palatio
538 947 657 997 suo,
689 949 813 989 cum
840 937 1032 992 eodem
1061 938 1141 993 ire
1172 940 1349 1005 iussit,
1380 943 1467 996 cui
1495 954 1551 997 et
1579 944 1799 999 donaria

208 1034 314 1075 sua
343 1022 412 1075 ad
444 1022 535 1076 illa
564 1027 872 1081 veneranda
900 1027 1018 1083 loca
1046 1028 1337 1084 deferenda
1372 1034 1667 1087 commisit.

908 1118 1099 1174 DCCC.

282 1202 565 1261 Redeunte
604 1222 775 1262 verna
808 1208 829 1239 ³
881 1210 1160 1278 temperie,
1216 1215 1395 1269 medio
1444 1214 1559 1271 fere
1606 1217 1805 1277 Martio

211 1307 309 1347 rex
335 1293 659 1364 Aquisgrani
686 1296 708 1327 δ
760 1296 1057 1366 digressus,
1089 1298 1218 1356 litus
1246 1304 1434 1358 oceani
1462 1303 1651 1361 Gallici
1680 1325 1800 1378 per-

208 1382 483 1447 lustravit,
509 1392 564 1437 et
592 1384 647 1437 in
678 1386 793 1454 ipso
823 1385 983 1451 mari,
1016 1388 1161 1456 quod
1198 1396 1326 1445 tunc
1348 1394 1557 1460 peratis
1582 1395 1603 1425 ⁸
1628 1394 1798 1450 Nord-

208 1474 480 1529 mannicis
508 1473 761 1529 infestum
791 1486 912 1531 erat
938 1476 980 1542 °,
1025 1478 1254 1534 classem
1297 1482 1555 1550 instituit,
1591 1488 1799 1556 praesi-

208 1561 299 1616 dia
329 1564 616 1632 disposuit,
649 1566 848 1634 pascha
875 1566 896 1597 ⁷
948 1566 1002 1622 in
1041 1567 1269 1624 Centulo
1302 1571 1323 1602 ⁸
1376 1574 1517 1641 apud
1549 1583 1795 1630 sanctum

210 1645 525 1706 Richarium
566 1653 878 1709 celebravit.
932 1655 1061 1711 Inde
1109 1657 1304 1713 iterum
1332 1675 1429 1729 per
1464 1662 1592 1717 litus
1628 1664 1796 1718 maris

1315 280 1455 338 CUM
1495 281 2079 345 LAURISSENSIBUS
2114 287 2420 348 COLLATI.

1822 397 1874 459 Α

2345 421 2578 463 ΑΝΝΑΙᾸΞὸ
2613 426 3009 469 ιΑυιιιςεεΝεεε.

2593 1112 2783 1171 DCCC.

1973 1189 2087 1248 Rex
2143 1194 2447 1253 absolutum
2496 1200 3031 1264 Hierusolimitanum
3080 1212 3094 1242 ¹
3147 1216 3469 1273 monachum

1901 1286 2101 1340 reverti
2130 1285 2277 1353 fecit,
2326 1294 2548 1350 mittens
2595 1312 2717 1351 cum
2753 1314 2817 1355 eo
2848 1302 3166 1360 Zachariam
3192 1309 3212 1339 ²
3260 1315 3470 1380 presbi-

1900 1388 2074 1432 terum
2104 1380 2169 1434 de
2193 1382 2394 1451 palatio
2433 1401 2551 1452 suo,
2580 1390 2672 1457 qui
2702 1392 2924 1450 donaria
2952 1395 3067 1451 eius
3094 1413 3191 1466 per
3219 1400 3307 1456 illa
3349 1420 3469 1459 san~

1898 1476 1985 1523 cta
2023 1470 2137 1525 loca
2167 1473 2426 1529 deferret.
2463 1478 2580 1546 Ipse
2615 1482 2793 1547 medio
2836 1500 3021 1540 mense
3062 1488 3253 1546 Martio
3275 1492 3472 1562 Aquis-

1896 1562 2048 1630 grani
2082 1563 2280 1633 palatio
2318 1566 2647 1637 digrediens,
2688 1571 2814 1628 litus
2853 1577 3041 1632 oceani
3068 1579 3257 1637 Gallici
3285 1586 3467 1653 perlu-

1896 1653 2107 1717 stravit,
2153 1654 2207 1709 in
2250 1656 2367 1727 ipso
2406 1659 2579 1726 mari,
2625 1664 2766 1732 quod
2806 1673 2932 1721 tunc
2971 1671 3175 1738 pyratis
3216 1672 3468 1729 infestum

209 1742 317 1797 iter
342 1743 363 1773 ’
418 1758 603 1814 agens,
647 1743 1009 1815 Ratumagum
1068 1748 1345 1804 civitatem
1382 1753 1561 1820 venit,
1613 1754 1792 1823 ibique
1822 1746 1867 1805 Β
1894 1752 2035 1808 crat,
2077 1746 2305 1801 classem
2354 1749 2604 1815 instituit,
2644 1756 2916 1822 praesidia
2959 1758 3239 1828 disposuit,
3272 1767 3471 1833 pascha

209 1830 460 1902 Sequana
509 1849 671 1888 amne
706 1836 1049 1902 transmisso,
1078 1838 1327 1895 Turonos
1358 1842 1401 1872 ¹⁰
1433 1843 1501 1897 ad
1547 1854 1794 1899 sanctum

208 1922 503 1977 Martinum
543 1925 808 1979 orationis
852 1941 1015 1981 causa
1054 1927 1327 1997 profectus
1354 1939 1457 1997 est,
1483 1940 1723 1987 moratus
1753 1934 1791 1964 “

207 2012 282 2067 ibi
313 2013 427 2068 dies
455 2010 660 2082 aliquot
687 2023 910 2085 propter
938 2017 1221 2072 adversam
1251 2018 1577 2092 Liutgardae
1595 2024 1635 2053 ¹²
1666 2039 1793 2079 con-

207 2104 351 2175 iugis
380 2105 726 2160 valitudinem
750 2107 816 2173 ¹³,
845 2123 985 2178 quae
1011 2110 1209 2165 ibidem
1246 2119 1302 2165 et
1327 2111 1580 2168 defuncta
1608 2123 1665 2169 et
1689 2115 1790 2169 hu-

206 2203 356 2249 mata
387 2203 471 2250 est
495 2213 508 2248 :
536 2194 672 2251 obiit
698 2205 881 2251 autem
910 2199 1053 2252 diem
1080 2198 1122 2230 ¹⁸
1146 2200 1200 2253 2.
1230 2200 1367 2256 Non.
1400 2202 1515 2256 Iun.
1548 2204 1672 2258 Inde
1697 2220 1795 2274 per

206 2287 533 2342 Aurelianos
566 2302 630 2343 ac
658 2287 899 2344 Parisios
935 2284 1280 2361 Aquasgrani
1311 2294 1355 2324 ”
1404 2309 1659 2350 reversus
1687 2306 1789 2361 est,

208 2387 269 2434 et
315 2393 504 2433 mense
554 2378 797 2450 Augusto
844 2380 884 2411 ¹⁶
923 2381 1212 2439 inchoante
1259 2384 1654 2455 Mogontiacum
1703 2403 1793 2443 ve-

205 2469 385 2533 niens,
408 2469 710 2541 generalem
731 2481 1053 2527 conventum
1078 2475 1276 2531 ibidem
1295 2478 1503 2545 habuit,
1530 2487 1586 2533 et
1608 2481 1713 2537 iter
1739 2481 1793 2536 in

202 2558 419 2616 Italiam
451 2561 697 2616 condixit
718 2563 757 2594 ¹⁷
785 2581 797 2616 :
821 2572 984 2633 atque
1014 2565 1138 2620 inde
1164 2566 1460 2636 profectus,
1487 2584 1609 2624 eum
1639 2587 1794 2627 exer-

204 2652 321 2706 citu
361 2651 674 2706 Ravennam
718 2653 885 2719 venit,
937 2654 1120 2723 ibique
1167 2666 1375 2728 septem
1422 2675 1529 2714 non
1560 2662 1791 2732 amplius

201 2740 329 2797 dies
370 2750 647 2809 moratus,
692 2741 979 2812 Pippinum
1028 2745 1197 2801 lilium
1250 2763 1407 2804 suum
1444 2766 1569 2806 cum
1602 2753 1789 2808 eodem

203 2834 452 2889 exercitu
484 2834 539 2888 in
572 2843 773 2888 terram
800 2834 1301 2894 Beneventanorum
1333 2840 1412 2894 ire
1450 2841 1635 2909 iussit;
1670 2860 1789 2899 mo-

205 2938 449 2993 vensque
479 2924 545 2978 de
584 2922 844 2980 Ravenna
887 2926 1049 2982 simul
1082 2927 1124 2959 ³⁸
1154 2944 1279 2984 cum
1333 2929 1466 2997 ﬁlio,
1510 2933 1790 2990 Anconam

206 3030 383 3085 usque
408 3016 690 3086 pervenit;
728 3033 837 3089 quo
871 3019 947 3073 ibi
980 3020 1467 3087 dimisso,Romam
1494 3028 1791 3098 proﬁcisci-

204 3115 319 3161 tur.
342 3104 441 3160 Cui
471 3122 594 3161 cum
620 3107 662 3138 ¹⁹
684 3108 859 3178 pridie
884 3124 1046 3180 quam
1078 3112 1171 3168 illo
1196 3114 1244 3146 ²⁰
1267 3117 1493 3184 veniret,
1520 3118 1632 3175 Leo
1651 3136 1790 3191 papa

200 3197 349 3265 apud
384 3195 709 3261 Nomentum
749 3199 793 3229 ¹¹¹
823 3211 849 3239 ι
880 3203 1211 3259 occurrisset
1238 3206 1303 3269 “,
1346 3215 1401 3260 et
1441 3223 1565 3263 cum
1591 3224 1789 3282 magna

200 3303 330 3344 eum
362 3289 409 3320 ”
432 3290 780 3347 veneratione
817 3290 1017 3347 ibidem
1058 3297 1385 3365 suscepisset
1406 3299 1473 3366 ",
1502 3310 1625 3370 post
1662 3318 1787 3360 coe-

203 3394 355 3444 nam,
386 3395 491 3449 qua
521 3381 682 3435 simul
714 3380 904 3437 refecti
933 3392 1079 3449 sunt,
1112 3385 1203 3441 illo
1241 3387 1312 3442 ibi
1352 3401 1628 3458 manente,
1654 3410 1790 3464 pon-

200 3471 339 3527 til'ex
368 3472 436 3529 ad
470 3473 662 3527 urbem
705 3476 1004 3542 praecessit
1031 3475 1097 3542 ",
1127 3485 1183 3531 et
1230 3479 1283 3532 in
1313 3482 1611 3537 crastinum
1656 3485 1701 3515 ²⁶
1733 3487 1785 3539 in

199 3565 464 3636 gradibus
491 3565 750 3621 basilicae
782 3567 926 3621 beati
958 3566 1104 3623 Petri
1146 3572 1375 3641 apostoli
1416 3589 1539 3628 cum
1581 3576 1788 3645 episco-

200 3657 293 3727 pis
333 3665 389 3712 et
430 3657 685 3714 universo
728 3658 877 3714 clero
921 3662 1266 3728 consistens,
1316 3665 1689 3723 advenientem
1740 3672 1783 3701 ’⁷

201 3746 232 3787 δ
249 3761 497 3816 equoque
512 3747 925 3803 descendentem
943 3749 1054 3805 Deo
1068 3749 1254 3808 laudes
1270 3753 1498 3811 dicendo
1515 3764 1569 3812 et
1582 3760 1785 3827 gratias

195 3836 413 3905 agendo
435 3836 696 3906 suscepit,
719 3848 775 3891 et
802 3840 1012 3894 cunctis
1038 3841 1393 3910 psallentibus
1415 3846 1475 3899 in
1494 3846 1782 3904 ecclesiam

196 3925 444 3980 eiusdem
467 3925 827 3980 beatissimi“
844 3929 1073 3997 apostoli
1094 3931 1262 3986 Deum
1290 3933 1597 4004 gloriﬁcans
1622 3948 1784 4009 atque

198 4015 561 4085 magniﬁcans
586 4016 906 4072 introduxit.
935 4018 1100 4077 Facta
1126 4032 1251 4076 sunt
1278 4023 1414 4081 haec
1444 4026 1497 4081 8.
1530 4028 1646 4082 Kal.
1675 4029 1782 4084 De-

196 4104 381 4160 cemb.
428 4104 559 4161 Post
606 4114 813 4174 septem
839 4121 970 4162 vero
996 4110 1111 4164 dies
1158 4126 1254 4166 rex
1283 4116 1543 4171 concione
1567 4128 1779 4187 vocata,

583 4219 976 4276 VARIANTES
1012 4222 1415 4283 LECTIONES.

278 4307 477 4379 ‘_Deest
508 4325 545 4363 ι.
634 4312 654 4341 ²
675 4311 731 4363 in
757 4324 806 4364 e.
832 4326 887 4379 p.
914 4328 957 4364 r.
988 4328 1044 4365 n.
1069 4316 1121 4368 d.
1165 4315 1217 4367 4.
1265 4317 1318 4370 5.
1364 4317 1415 4371 6.
1494 4322 1514 4352 ³
1538 4324 1680 4378 veris
1720 4327 1775 4379 4.

196 4374 255 4431 5.
303 4376 380 4457 6._
433 4379 803 4457 ‘_aqpisgrano
959 4382 1232 4451 “peractis
1266 4386 1329 4457 2.
1375 4374 1676 4457 piratis—'4‘:
1722 4374 1773 4450 6:

194 4448 415 4523 pyratis
451 4448 501 4501 5.
542 4448 593 4523 6.
639 4448 693 4502 7.
719 4519 739 4523 _
769 4450 903 4505 'ubi
949 4448 1080 4508 tunc
1119 4448 1402 4523 piraticam
1457 4448 1776 4519 nordmanni

195 4519 531 4592 exercebant
565 4519 651 4592 9.;
718 4519 739 4550 "
779 4530 1029 4592 sanctum
1056 4519 1254 4592 pascha
1280 4526 1332 4580 9.
1457 4529 1477 4561 ⁸
1501 4530 1556 4585 in
1585 4543 1775 4588 centu-

194 4585 253 4641 lo
283 4586 422 4641 deest
447 4589 500 4642 9.
576 4588 596 4620 ⁹
617 4587 755 4643 deest
778 4588 830 4643 5.
856 4591 908 4645 9.
987 4593 1029 4623 ¹⁰
1056 4585 1263 4650 turonis
1304 4597 1357 4651 5.
1388 4597 1441 4652 6.
1521 4601 1561 4631 “
1598 4585 1776 4657 mora-

197 4666 515 4743 iusquenest
546 4658 619 4743 ibi
722 4728 753 4743 Λ
786 4659 828 4690 ¹³
855 4660 1159 4743 luitgardae
1177 4665 1231 4743 2_.
1506 4670 1774 4743 f’uvaletu-

196 4726 385 4808 ginem
486 4729 618 4808 5.}.
646 4727 697 4779 7.
722 4728 773 4782 9.
839 4729 898 4808 ff
924 4726 1011 4787 die
1028 4732 1091 4786 Il.
1116 4733 1170 4808 ζ’).
1194 4736 1246 4788 4.
1272 4735 1326 4808 5.
1352 4736 1403 4808 6.
1435 4739 1608 4808 pridie
1636 4740 1685 4794 7.
1719 4744 1770 4796 9.

198 4795 247 4826 “
293 4797 585 4874 aurelianis
609 4812 693 4877 _ac
735 4799 969 4877 parisius
1010 4805 1322 4877 _aquisgrani
1362 4795 1770 4877 2.'parrhisios

200 4818 246 4826 --
293 4818 585 4851 aureuanis
629 4818 693 4851 ac
736 4818 969 4865 parisms
1016 4818 1322 4926 aguisgrani
1369 4818 1424 4861 '2.
1475 4818 1770 4877 parrhisios

195 4864 582 4965 aquisgranum
609 4866 660 4919 7.
740 4867 783 4897 ³⁸
812 4872 1025 4953 augusti
1090 4912 1103 4925 .
1140 4875 1179 4905 ¹⁷
1207 4875 1399 4930 indixit
1428 4877 1481 4931 9.
1561 4880 1604 4913 ⁸⁸
1634 4882 1773 4936 deest

196 4932 232 4965 0
387 4934 407 4964 9
453 4935 588 4965 dm...
632 4938 663 4965 Ξ
726 4935 759 4965 ο
882 4940 927 4965 ιο
975 4940 1097 4965 .ll..-
1136 4944 1168 4965 II
1287 4946 1327 4965 Ol
1366 4962 1515 4965 μηκη.
1569 4958 1581 4965 .
1720 4952 1751 4965 Α

196 4932 267 5006 9.
364 4932 407 4965 “
449 4935 588 4990 deest
630 4938 684 4992 3.
722 4935 779 5006 9.
866 4932 927 5001 ῖο
974 4940 1100 4997 illuc
1136 4944 1187 4997 7.
1287 4946 1329 4976 ¹¹
1364 4932 1771 5006 numentumn9.

196 5002 247 5088 ξς
322 5007 589 5088 occurrit_
604 5007 682 5088 n3.“
709 5005 762 5060 9.
781 5008 882 5088 __"
908 5009 1054 5075 deest,
1084 5012 1137 5066 5.
1178 5013 1263 5088 9.__
1303 5015 1352 5088 "_
1374 5002 1687 5088 suscepitg.
1718 5002 1770 5075 9.

195 5072 538 5150 “processit
560 5076 626 5150 Si
651 5076 704 5131 9.
742 5076 827 5150 7_’_'
851 5072 1176 5150 posteroque
1213 5083 1299 5136 die
1328 5085 1381 5138 9.
1460 5088 1502 5119 "
1532 5072 1679 5143 'deest
1718 5072 1772 5144 ἐξ

194 5144 325 5197 adv.
373 5159 553 5213 regem
600 5147 653 5201 9.
732 5148 775 5179 ²⁸
800 5144 869 5201 δῖ
896 5150 1032 5218 petri
1071 5144 1121 5203 τί.
1159 5152 1213 5204 2.

1898 1833 1951 1886 in
1981 1832 2207 1891 Centulo
2233 1838 2374 1907 apud
2420 1850 2665 1896 sanctum
2694 1843 3008 1903 Richarium
3038 1832 3348 1911 celebravit.
3381 1857 3471 1912 In-

1896 1922 2069 1994 deque
2110 1926 2305 1983 iterum
2346 1945 2441 1999 per
2474 1932 2601 1989 litus
2634 1936 2821 1991 oceani
2848 1938 3203 2013 Ratumagum
3228 1946 3250 1977 ³
3283 1949 3470 2005 civita-

1897 2024 2003 2071 tem
2028 2018 2302 2087 profectus
2330 2031 2434 2089 est,
2462 2024 2646 2094 ibique
2667 2026 2916 2097 Sequana
2946 2047 3105 2089 amne
3128 2040 3466 2107 transmisso,

1897 2107 2128 2165 Turonis
2157 2112 2225 2166 ad
2258 2125 2505 2169 sanctum
2533 2116 2821 2173 Martinum
2862 2123 3126 2179 orationis
3155 2142 3315 2184 causa
3345 2147 3471 2201 per-

1894 2199 2109 2265 venit‘,
2141 2210 2384 2257 moratus
2425 2203 2498 2258 ibi
2541 2206 2656 2261 dies
2699 2208 2904 2279 aliquot
2942 2225 3162 2285 propter
3188 2199 3467 2277 adversam

1897 2286 2128 2340 domnae
2159 2285 2181 2318 δ
2229 2287 2554 2360 Liutgardae
2601 2296 2846 2366 coniugis
2894 2300 3281 2375 valitudinem,
3329 2326 3471 2380 quae

1895 2371 2097 2431 ibidem
2123 2384 2177 2432 et
2199 2378 2449 2435 defuncta
2479 2390 2534 2437 et
2552 2383 2772 2442 humata
2802 2398 2901 2445 est.
2926 2391 3069 2448 Obiit
3093 2371 3276 2454 autem
3304 2371 3391 2460 die
3413 2404 3468 2459 2.

1896 2464 2031 2519 Non.
2050 2467 2166 2521 Iun.
2195 2468 2323 2525 Inde
2348 2472 2772 2539 perAureJianos
2797 2494 2860 2535 ac
2881 2481 3153 2542 Parisios”
3195 2506 3472 2562 regressus

1895 2556 2233 2630 Aquasgrani
2265 2576 2517 2619 reversus
2545 2574 2647 2621 est.
2676 2568 2742 2623 Et
2764 2572 2938 2641 pridie
2960 2575 3097 2633 Non.
3126 2580 3222 2635 Iul.
3256 2556 3471 2642 insolito

1896 2666 2047 2706 more
2089 2666 2282 2722 aspera
2324 2656 2519 2723 pruina
2563 2668 2706 2725 erat,
2745 2669 2799 2716 et
2839 2665 2890 2718 7.
2940 2666 3016 2721 Id.
3062 2670 3159 2725 Iul.
3198 2674 3469 2742 similiter,

1894 2757 2034 2811 quae
2070 2751 2250 2800 tamen
2291 2744 2424 2802 nihil
2471 2748 2922 2810 incommoditatis
2959 2758 3225 2821 fructibus
3255 2768 3466 2825 adtulit.

1894 2834 1962 2888 Et
2007 2851 2193 2892 mense
2248 2838 2493 2910 Augusto
2546 2841 2837 2901 inchoante
2878 2846 3270 2919 Mogontiacum
3309 2858 3329 2889 ⁸
3376 2876 3470 2915 ve-

1896 2927 2068 2995 niens,
2099 2929 2204 2983 iter
2244 2929 2298 2985 in
2336 2932 2547 2988 Italiam
2581 2936 2823 2991 condixit
2843 2939 2886 3003 ⁷,
2921 2938 3095 3011 adque
3138 2945 3262 3002 inde
3287 2951 3466 3019 prole-

1897 3027 2036 3085 ctus,
2080 3035 2205 3075 cum
2239 3023 2478 3077 exercitu
2525 3024 2837 3082 Ravennam
2866 3031 3031 3085 venit.
3064 3032 3141 3088 Ibi
3168 3035 3189 3067 ⁸
3218 3039 3464 3095 ordinata

1819 3085 1865 3148 (ἶ
1898 3110 1951 3164 in
1976 3110 2383 3168 Beneventanos
2428 3116 2796 3184 expeditione,
2838 3130 2959 3187 post
3007 3132 3213 3195 septem
3256 3130 3465 3185 dierum

1892 3201 2134 3256 inducias
2160 3201 2389 3257 Romam
2431 3204 2537 3260 iter
2574 3209 2861 3275 convertit,
2908 3218 2963 3267 et
3006 3216 3306 3272 exercitum
3345 3236 3467 3275 cum

1889 3289 2116 3361 Pippino
2148 3290 2259 3347 lilio
2288 3306 2386 3347 suo
2418 3292 2474 3347 in
2496 3293 2517 3324 ⁹
2562 3294 3063 3357 Beneventanon
3109 3314 3284 3363 terras
3313 3325 3469 3379 prae-

1889 3382 2072 3436 datum
2107 3382 2187 3437 ire
2210 3382 2388 3438 iussit.
2420 3383 2647 3441 Romam
2676 3404 2805 3444 vero
2838 3407 2961 3446 cum
2987 3396 3239 3462 venisset,
3273 3413 3468 3455 occur-

1892 3474 1963 3527 rit
1989 3475 2037 3530 ei
2062 3474 2231 3544 pridie
2260 3474 2369 3530 Leo
2399 3492 2535 3547 papa
2565 3488 2619 3534 et
2644 3480 2871 3538 Romani
2917 3500 3041 3541 cum
3070 3503 3135 3543 eo
3168 3492 3311 3559 apud
3354 3493 3465 3549 No-

1888 3573 2129 3619 mentum
2156 3606 2169 3630 ,
2219 3566 2537 3627 duodecimo
2578 3571 2646 3625 ab
2692 3574 2826 3630 urbe
2883 3575 3095 3647 lapide,
3138 3590 3193 3636 et
3248 3600 3459 3645 summa

1886 3670 2009 3710 eum
2044 3655 2349 3713 humilitate
2381 3674 2697 3732 summoque
2735 3665 2943 3722 honore
2990 3674 3249 3743 suscepit,
3291 3692 3457 3746 pran-

1887 3748 2126 3817 densque
2153 3749 2192 3779 '°
2220 3765 2343 3803 cum
2373 3764 2439 3805 eo
2464 3752 2518 3805 in
2546 3752 2663 3809 loco
2684 3758 2975 3824 praedicto,
3006 3764 3187 3818 statim
3219 3781 3341 3821 eum
3391 3771 3459 3823 ad

1885 3838 2074 3891 urbem
2100 3839 2413 3906 praecessit.
2442 3840 2511 3895 Et
2538 3842 2591 3895 in
2626 3844 2921 3900 crastinum
2948 3848 2999 3903 in
3030 3853 3284 3920 gradibus
3319 3858 3461 3912 basi-

1883 3925 2022 3981 licae
2062 3927 2102 3957 ¹¹
2138 3927 2282 3982 beati
2326 3926 2468 3985 Petri
2519 3934 2745 4001 apostoli
2792 3944 2975 4004 stans,
3020 3942 3202 3999 missis
3245 3947 3459 4002 obviam

1885 4015 2162 4071 Romanae
2207 4016 2358 4073 urbis
2395 4019 2626 4087 vexillis,
2658 4022 2921 4081 ordinatis
2954 4030 3116 4084 etiam
3152 4041 3314 4103 atque
3351 4037 3460 4091 dis-

1884 4108 2075 4178 positis
2112 4122 2209 4176 per
2262 4123 2498 4180 congrua
2546 4110 2660 4165 loca
2702 4120 2809 4169 tam
2844 4120 3254 4189 peregrinorum
3292 4140 3452 4194 quam

1883 4199 2079 4254 civium
2123 4200 2317 4253 turmis
2370 4200 2461 4269 qui
2508 4202 2741 4257 venienti
2789 4204 2974 4262 laudes
3011 4210 3292 4277 dicerent,
3341 4217 3456 4285 ipse

1882 4302 2004 4341 cum
2039 4287 2183 4341 clero
2214 4295 2268 4342 et
2305 4288 2573 4357 episcopis
2610 4306 2751 4360 equo
2783 4294 3196 4355 descendentem
3227 4307 3453 4373 gradus-

1884 4397 1987 4451 que
2029 4381 2407 4436 ascendentem
2448 4385 2712 4453 suscepit,
2750 4388 2984 4459 dataque
3020 4394 3061 4423 ¹¹
3090 4396 3363 4463 oratione,
3399 4401 3452 4453 in

1880 4472 2161 4527 basilicam
2209 4468 2353 4525 beati
2394 4470 2538 4526 Petri
2587 4477 2809 4545 apostoli
2856 4481 3207 4547 psallentibus
3248 4490 3455 4543 cunctis

1951 4562 1966 4579 ‘
1992 4559 2090 4633 [Ibi
2113 4560 2371 4633 omnium
2413 4561 2714 4618 Brittonum
2762 4567 2929 4625 duces
2979 4580 3035 4626 et
3071 4575 3297 4631 comites
3328 4593 3450 4633 cum

1879 4631 2033 4685 donis
2059 4631 2128 4685 ad
2153 4645 2276 4685 eum
2298 4640 2581 4685 venerunt.
2616 4633 2742 4707 9b.]

2275 4719 2661 4777 VARIANTES
2698 4724 3094 4785 LECTIONES.

1949 4810 2502 4884 ‘hierosolimitanum
2528 4813 2580 4865 6.
2597 4812 2697 4884 (7.)
2773 4817 3112 4875 'zachariam
3138 4823 3189 4877 5.
3260 4825 3281 4856 ³
3305 4836 3451 4879 rotu-

1877 4898 2091 4952 magam
2123 4881 2176 4935 5.
2223 4881 2614 4950 ratumagnum‘
2638 4881 2692 4937 6.
2770 4884 2792 4915 ⁸
2825 4887 3017 4942 domna
3044 4890 3098 4944 2.
3174 4894 3195 4925 ⁸
3223 4896 3452 4964 perisios

1877 4955 1927 5008 2.
2004 4953 2026 4984 ⁸
2052 4950 2383 5019 m0gontiam
2415 4950 2468 5004 6.
2498 4953 2909 5019 mogunciacum
2936 4958 2987 5011 7.
3061 4962 3081 4993 ⁷
3111 4965 3367 5019 conduxit
3395 4966 3447 5019 5.

1875 4955 1927 5008 2.
2004 4955 2026 4984 ⁵
2052 4955 2383 5020 m0gontiam
2415 4955 2468 5004 6.
2498 4955 2909 5023 mogunciacum
2936 4958 2987 5011 7.
3061 4962 3081 4993 ⁷
3111 4955 3367 5019 conduxit
3395 4966 3447 5019 5.

1873 5026 1925 5103 7_.
1969 5022 2115 5103 italia
2227 5088 2239 5100 ⁸
2274 5020 2500 5103 8‘ibique
2525 5022 2575 5103 7_.
2670 5023 2818 5103 fﬁlio
2848 5027 2898 5079 in
2923 5028 2974 5103 ξ.
3000 5028 3050 5082 6.
3076 5031 3127 5084 7.
3226 5034 3268 5065 ³⁸
3289 5050 3452 5103 pran—

1875 5092 2072 5214 denséz.
2153 5090 2191 5122 “
2226 5088 2283 5143 in
2302 5088 2522 5147 basilica
2542 5092 2592 5145 7.
2674 5094 2715 5124 ¹²
2756 5098 3137 5155 ascendentem
3167 5104 3267 5159 sub
3290 5088 3435 5159 data-

1876 5178 1979 5231 que
2053 5201 2065 5213 .

1703 5249 1933 5308 NOTAE.

271 5332 298 5361 ι
328 5320 606 5377 Nomento.

268 5390 301 5431 δ
327 5390 500 5473 Medio
547 5406 664 5476 {evo
710 5395 1060 5476 imperatores
1104 5398 1173 5476 ad
1202 5412 1449 5476 _veterum
1487 5408 1771 5476 magistra-

196 5470 350 5539 tuum
383 5462 754 5539 imitationem
780 5457 874 5519 Via
897 5457 1235 5539 _Triumphali
1269 5485 1366 5539 per
1394 5457 1774 5533 moiiiéi’iiiiﬁ-

193 5530 338 5585 rium
376 5531 451 5601 (in
482 5546 590 5614 quo
624 5535 857 5614 primum
897 5530 1169 5614 laetissimo
1195 5530 1345 5614 urbis
1382 5544 1484 5614 sibi
1520 5530 1773 5614 subjecta:

191 5610 418 5670 upectn
444 5602 766 5673 gauderent)
794 5616 1006 5679 portam
1041 5607 1353 5679 Angelicam
1387 5612 1591 5668 intrare
1614 5602 1769 5671 vsoliti

192 5678 353 5735 sunt;
406 5686 532 5725 nam
581 5686 711 5735 non,
761 5674 955 5742 quibus
1002 5693 1099 5733 nos
1132 5674 1364 5747 utimur,
1396 5683 1483 5738 via
1523 5692 1577 5737 et
1619 5696 1769 5755 porta

516 5763 789 5825 Ρηιιοι.
837 5765 991 5829 CIV.

1885 5341 2143 5396 Flaminia
2192 5349 2247 5397 et
2289 5354 2450 5412 ponte
2477 5344 2657 5399 Milvio
2680 5347 2907 5404 Romam
2952 5352 3236 5412 petierunt.
3294 5354 3450 5410 Anno

1885 5421 2064 5466 tamen
2083 5411 2305 5479 Christi
2337 5415 2440 5469 800
2466 5417 2636 5470 sancti
2662 5415 2805 5472 Petri
2836 5411 3054 5475 basilica
3099 5424 3272 5479 adhuc
3296 5435 3448 5480 extra

1887 5481 2083 5564 Urbem
2125 5482 2234 5564 sita
2264 5494 2434 5564 ‘erat;
2487 5496 2795 5564 accuratam
2847 5488 2960 5564 ejus
3009 5493 3447 5564 descriptionem,

1882 5551 2095 5630 qualern
2120 5552 2346 5630 Carolus
2372 5564 2499 5630 tunc
2547 5558 2834 5630 invenerit,
2864 5551 2914 5613 in
2945 5576 3105 5630 opere
3124 5551 3235 5629 join
3270 5551 3450 5630 prodi;

1883 5619 2111 5743 turobW.
2137 5620 2234 5675 Cll.
2260 5622 2434 5679 Caroli
2457 5626 2667 5681 Bunsen
2699 5637 2749 5681 et
2772 5619 3247 5690 Ernesti'Plat'tner
3273 5619 3447 5704 legere

1883 5704 1999 5743 Iuva
2042 5702 2099 5743 ll.

1874 5702 2099 5756 juvabu.

2904 5792 2964 5851 1.3
