3928 6308
464 319 575 382 “de

933 445 1167 487 ANNALES
1201 440 1583 484 LAURISSENSES

387 540 399 549 λ’
466 525 791 585 introduxit.
844 522 1013 577 Facta
1060 527 1187 575 sunt
1231 518 1368 573 haec
1399 517 1415 547 ¹
1470 513 1573 570 sub
1605 513 1692 569 die
1720 514 1776 570 8.
1806 511 1922 566 Kal.
1955 510 2061 566 De-

467 618 722 675 cembris.
748 614 877 670 Post
901 619 1110 682 septem
1134 624 1264 665 vero
1286 609 1403 664 dies
1429 621 1548 674 rex,
1577 604 1829 661 contione
1850 613 2062 668 vocata,

468 723 570 766 cur
593 709 614 740 ’
658 707 887 762 Romam
914 702 1154 758 venisset
1192 699 1448 756 omnibus
1486 696 1766 769 patefecit,
1793 703 1849 751 et
1872 694 2066 751 exinde

467 798 669 858 cotidie
692 797 751 852 in
770 795 792 828 ³
834 810 899 851 ea
920 807 1059 863 quae
1080 788 1348 846 venerat"
1380 787 1632 844 facienda
1660 800 1879 856 operam
1897 784 2063 839 dedit.

467 888 620 951 Inter
654 904 796 960 quae
849 886 934 942 vel
983 885 1300 947 maximum,
1352 880 1439 936 vel
1492 878 1864 935 difﬁcillimum
1894 875 1915 908 ⁸
1950 883 2070 930 erat

468 985 614 1058 quod
636 982 874 1053 primum
902 977 1216 1034 inchoatum
1246 982 1351 1040 est,
1384 973 1450 1030 de
1482 970 1840 1028 discutiendis
1862 970 1883 1000 ⁸
1927 983 2068 1041 quae

466 1072 711 1145 pontiﬁci
742 1071 956 1127 obiecta
983 1075 1107 1124 sunt
1137 1065 1479 1122 criminibus.
1533 1061 1637 1130 Qui
1684 1070 1887 1126 tamen,
1920 1067 2069 1130 post-

466 1182 634 1239 quam
666 1164 848 1220 nullus
880 1163 1141 1235 probator
1170 1159 1460 1214 criminum
1496 1168 1618 1211 esse
1647 1154 1852 1219 voluit,
1883 1167 2068 1209 coram

467 1256 618 1313 omni
658 1253 861 1327 populo
894 1253 951 1307 in
988 1251 1219 1307 basilica
1252 1248 1399 1305 beati
1430 1245 1581 1301 Petri
1623 1244 1852 1315 apostoli
1890 1256 2071 1299 ewan-

468 1348 667 1420 gelium
693 1353 921 1418 portans
944 1344 1233 1400 ambonem
1280 1338 1599 1397 conscendit
1618 1334 1639 1371 '
1660 1338 2072 1407 ;'invocatoqnc

461 1451 693 1507 sanctae
721 1437 1010 1494 Trinitatis
1052 1435 1289 1499 nomine,
1346 1430 1701 1488 iureiurando
1748 1430 1817 1485 ab
1842 1429 2073 1485 obiectis

470 1549 531 1589 se
566 1530 893 1588 criminibus
911 1526 1183 1599 purgavit.
1212 1523 1417 1579 Eadem
1446 1522 1536 1578 die
1558 1521 1856 1577 Zacharias
1879 1519 1901 1551 "
1946 1532 2071 1574 cum

470 1623 683 1680 duobus
723 1619 1042 1685 monachis,
1080 1628 1192 1672 uno
1230 1615 1297 1671 de
1325 1622 1513 1669 monte
1541 1612 1772 1677 Oliveti,
1807 1610 1980 1666 altero
2007 1609 2074 1665 de

470 1720 663 1771 sancto
683 1711 706 1745 '
753 1709 898 1767 Saba
923 1721 975 1776 ι,
1004 1709 1074 1764 de
1110 1704 1332 1763 Oriente
1358 1720 1613 1762 reversus
1640 1704 1871 1759 Romam
1901 1702 2073 1767 venit,

1761 300 2147 363 ἙΕΙΜΞΑΙΠΠ
2189 300 2481 360 ABBA'TIS

2094 427 2146 488 Α

3656 302 3742 361 ‘30

2670 437 2907 478 ANNALES
2944 434 3249 479 EGINHARDI.

2169 526 2268 567 cur
2294 510 2522 567 Romam
2562 512 2821 579 venisset,
2864 512 3117 568 omnibus
3157 509 3437 583 patefecit,
3474 518 3531 566 ct
3571 513 3745 569 exinde

2169 604 2370 659 cotidie
2400 603 2417 634 ί
2459 611 2685 673 prepter
2722 618 2863 674 quae
2922 603 3198 660 venerat’
3248 601 3498 657 facienda
3544 616 3748 672 operam

2168 692 2468 761 impendit;
2507 692 2562 746 in
2610 692 2807 761 quibus
2850 692 2936 748 vel
2985 693 3285 747 maximum
3317 691 3402 747 vel
3441 691 3462 723 ³
3517 689 3751 746 diﬁiciili-

2168 798 2316 837 mum
2344 791 2486 848 erat,
2515 784 2659 853 quod
2688 785 2866 854 primo
2890 784 2910 815 ⁸
2958 783 3274 839 inchoatum
3307 790 3415 846 est,
3447 783 3515 837 de
3545 781 3751 837 investi-

2167 872 2362 945 gandis
2389 872 2644 929 videlicet
2699 890 2839 945 quae
2876 872 3121 946 pontiﬁci
3164 870 3547 927 obiciebantur
3586 871 3752 928 crimi-

2173 965 2361 1021 nibus.
2393 965 2498 1033 Qui
2538 974 2743 1033 tamen,
2790 975 3076 1037 postquam
3114 963 3295 1019 nullus
3330 961 3630 1018 eorundem
3664 963 3753 1017 cri-

2170 1057 2381 1111 minnm
2419 1057 2684 1126 probator
2718 1071 2837 1111 esse
2865 1056 3057 1119 voluit,
3095 1069 3285 1109 coram
3312 1053 3459 1107 omni
3486 1052 3683 1122 populo
3707 1051 3753 1105 in

2170 1148 2398 1204 basilica
2445 1147 2591 1202 beati
2622 1146 2771 1203 Petri
2808 1147 3039 1217 apostoli
3066 1145 3407 1216 evangelium
3438 1143 3627 1199 ferens
3652 1158 3753 1196 am-

2171 1240 2368 1296 bonem
2413 1241 2760 1305 conscendit,
2814 1241 3174 1309 invocatoque
3222 1246 3445 1291 sanctae
3490 1233 3759 1289 Trinitatis

2173 1345 2414 1396 nomine,
2443 1330 2512 1385 de
2540 1331 2769 1385 obiectis
2798 1343 2857 1384 se
2883 1329 3206 1384 criminitus
3244 1326 3477 1381 iurando
3506 1326 3528 1356 ⁸
3573 1341 3755 1396 purga-

2173 1420 2270 1474 vit.
2300 1419 2504 1475 Eadem
2534 1420 2620 1475 die
2648 1419 2941 1474 Zacharias
2981 1420 3258 1488 presbiter
3311 1430 3476 1485 quem
3516 1430 3615 1470 rex
3650 1413 3759 1468 llic-

2176 1510 2489 1566 rosolimaln
2520 1512 2542 1542 ⁸
2590 1512 2843 1578 miserat,
2890 1527 3015 1567 cum
3057 1509 3275 1565 duobus
3322 1506 3610 1562 monachis
3640 1506 3761 1576 quos

2174 1604 2487 1674 patriarcha
2518 1618 2642 1658 cum
2681 1613 2747 1660 eo
2786 1605 2855 1658 ad
2893 1619 3080 1674 regem
3125 1602 3297 1667 misit,
3326 1600 3559 1655 Romam
3606 1599 3759 1661 venit,

2177 1690 2272 1762 qui
2314 1688 2335 1724 τ
2400 1690 2804 1746 benedictionis
2860 1692 3037 1759 gratia
3081 1689 3264 1744 claves
3319 1688 3559 1761 sepulcri
3602 1686 3760 1741 domi-

470 1818 610 1876 quos
650 1800 963 1873 patriarcha
991 1794 1502 1853 Hierosotimitanus
1541 1811 1666 1852 cum
1694 1793 1960 1849 Zacharia
2006 1792 2075 1847 ad
2103 1783 2151 1846 B
2179 1783 2289 1838 nici
2327 1782 2351 1815 ³
2403 1797 2471 1838 ac
2522 1780 2627 1837 loci
2678 1780 2950 1837 calvariae
2996 1796 3119 1836 cum
3181 1780 3379 1834 vexillo
3444 1778 3760 1833 detulerunt.

470 1909 659 1967 regem
701 1891 872 1957 misit,
906 1890 1001 1961 qui
1030 1886 1426 1945 benedictionis
1469 1902 1634 1943 causa
1673 1884 1857 1942 claves
1896 1883 2075 1955 sepul-

474 1985 593 2042 chri
621 1982 881 2039 dominici
913 1980 954 2013 ‘°
988 1994 1055 2035 ac
1080 1979 1182 2035 loci
1211 1978 1508 2045 calvariae,
1539 1977 1719 2033 ciaves
1748 1976 1916 2033 etiam
1943 1975 2074 2031 civi-

472 2076 604 2135 tatis
648 2082 705 2131 et
745 2072 951 2129 montis
996 2086 1120 2127 eum
1167 2069 1367 2125 vexillo
1411 2069 1765 2126 detulerunt:
1794 2083 1934 2138 quos
1980 2082 2074 2121 rex

471 2165 709 2238 benigne
737 2162 1041 2233 suscipiens
1067 2160 1133 2227 ",
1158 2159 1364 2230 aliquot
1392 2160 1510 2215 dies
1536 2174 1719 2215 secum
1748 2159 1994 2215 detennit
2010 2159 2070 2221 ι’,

473 2266 531 2312 et
554 2254 726 2326 Aprili
758 2267 950 2310 mense
979 2260 1357 2308 remuneratos
1389 2249 1651 2317 absolvit;
1690 2259 1749 2306 et
1776 2248 2076 2307 celebravit

474 2347 712 2404 natalem
736 2343 953 2402 Domini
976 2341 1202 2398 Romae.
1256 2341 1325 2396 Et
1351 2340 1640 2396 inmutavit
1669 2355 1728 2396 se
1751 2339 1795 2371 ¹³
1820 2354 2078 2394 numerus

476 2450 748 2494 annorum
778 2434 833 2489 in

1177 2500 1390 2559 DCCCl.

546 2623 667 2696 ipsa
696 2621 785 2679 die
817 2620 859 2653 ¹⁸
885 2617 1260 2676 sacratissima
1296 2613 1503 2670 Natalis
1535 2607 1780 2680 Domihi,
1811 2628 1936 2669 cum
1981 2628 2079 2668 rex

476 2715 546 2771 ad
586 2713 811 2770 missam
859 2718 984 2766 ante
1032 2706 1432 2765 confessionem
1478 2704 1624 2761 beati
1653 2703 1800 2759 Petri
1850 2702 2079 2774 apostoli

477 2808 547 2864 ab
573 2808 821 2864 oratione
868 2810 1120 2875 surgeret
1156 2798 1223 2867 ⁸⁸,
1244 2798 1355 2854 Leo
1382 2812 1521 2869 papa
1558 2812 1819 2853 coronam
1845 2796 1890 2828 ¹⁶
1914 2796 2081 2867 capiti

478 2900 599 2955 eius
623 2897 664 2929 "
691 2894 975 2966 imposuit,
1005 2900 1061 2948 et
1092 2906 1123 2945 a
1149 2897 1347 2946 cuncto
1364 2888 1732 2944 Romanorum
1755 2885 1953 2959 populo
1980 2886 2081 2941 ad—

480 2986 776 3042 clamatum
805 2988 890 3039 est
917 2979 1152 3037 :Carolo
1179 2979 1440 3049 Augusto,
1473 2995 1507 3031 a
1530 2975 1641 3031 Deo
1680 2985 1935 3031 coronato
1961 2992 2079 3030 ma-

477 3093 583 3151 gno
614 3086 661 3133 et
694 3075 917 3147 paciﬁca
952 3072 1261 3145 imperatori
1282 3069 1670 3136 Romanorum,
1701 3069 1806 3124 vita
1836 3077 1885 3123 et
1916 3068 2080 3124 victo-

2181 1871 2327 1939 Quos
2352 1886 2449 1926 rex
2469 1870 2705 1942 benigne
2733 1878 2983 1941 receptos
3003 1869 3025 1900 ⁹
3065 1884 3165 1939 per
3189 1869 3395 1938 aliquot
3417 1868 3460 1898 ‘°
3486 1868 3606 1922 dies
3632 1868 3669 1897 ¹¹
3690 1880 3764 1919 sc-

2177 1978 2303 2018 cum
2340 1960 2596 2028 detinuit,
2620 1968 2675 2017 et
2711 1960 2889 2017 redire
2925 1959 3167 2017 volentes
3190 1960 3231 1991 ¹²
3264 1967 3644 2015 remuneratos
3684 1956 3764 2010 alr

2182 2053 2364 2109 solvit.

2251 2580 2375 2657 Ipse
2418 2591 2601 2638 autem
2643 2596 2767 2639 cum
2798 2581 2886 2637 die
2916 2578 3293 2635 sacratissima
3324 2577 3531 2633 natalis
3571 2574 3771 2631 Domini

2183 2678 2252 2735 ad
2284 2676 2578 2733 missarum
2613 2672 2877 2729 solemnia
2905 2671 3235 2729 celebranda
3259 2670 3303 2703 “
3326 2669 3613 2727 basilicam
3641 2670 3772 2725 beati

2182 2768 2333 2824 Petri
2356 2766 2589 2839 apostoli
2612 2766 2806 2821 fuisset
2832 2766 3135 2835 ingressus,
3168 2771 3225 2821 et
3254 2777 3441 2819 coram
3468 2762 3659 2828 altari,
3690 2762 3770 2815 ulli

2185 2864 2255 2919 ad
2280 2864 2590 2919 orationem
2636 2875 2696 2915 se
2735 2858 3116 2925 inclinaverat,
3159 2857 3471 2920 adsisteret,
3504 2855 3621 2910 Leo
3649 2869 3773 2924 papa

2185 2975 2448 3017 coronam
2494 2957 2662 3029 capiti
2690 2958 2809 3014 eius
2840 2956 3116 3027 imposuit,
3169 2962 3368 3011 cuncto
3412 2952 3776 3007 Romanorum

2185 3051 2388 3123 populo
2432 3049 2777 3106 adclamante
2806 3064 2819 3101 :
2853 3044 3059 3100 Karolo
3112 3043 3352 3116 Augusto
3375 3084 3389 3108 ,
3432 3060 3466 3096 a
3489 3041 3605 3096 Deo
3643 3055 3777 3093 coro-

620 3130 717 3223 VE't
758 3130 883 3237 post
910 3130 1100 3220 laudes
1129 3164 1198 3219 ab
1230 3160 1530 3233 apostolico
1559 3130 1715 3217 more
1735 3160 2076 3231 antiquorum

2188 3151 2313 3198 nata
2346 3156 2537 3213 magno
2575 3148 2624 3195 et
2650 3137 2874 3211 pcx'ﬂco
2912 3136 3217 3208 ὑβριεῖ-αιοή
3265 3134 3648 3196 Romanorum,
3685 3130 3774 3184 rita

2297 3231 2309 3237 -
2432 3233 2444 3237 _
2508 3231 2520 3237 -
2555 3228 2592 3237 _
2869 3228 2883 3237 .
2980 3226 2995 3237 .
3140 3226 3154 3237 .
3302 3224 3317 3237 .
3577 3220 3710 3237 ηιμ,
3738 3216 3774 3237 ..

480 3260 792 3334 principum
828 3259 1086 3313 adoratus
1109 3263 1215 3322 est,
1241 3255 1418 3324 adque
1446 3252 1627 3309 ablato
1657 3251 1700 3284 “
1728 3250 1955 3307 Patricii
1984 3264 2084 3305 no-

483 3351 653 3417 mine,
700 3350 999 3420 lmperator
1044 3354 1102 3403 et
1119 3345 1396 3417 Augustus
1439 3351 1523 3400 est
1565 3342 1887 3414 appellatus.
1935 3341 2088 3397 -Post

482 3456 687 3515 paucos
727 3448 911 3497 autem
948 3441 1069 3496 dies
1108 3437 1267 3494 iussit
1310 3450 1428 3502 eos,
1458 3436 1551 3507 qui
1585 3433 1901 3506 pontiﬁcem
1940 3447 2087 3488 anno

485 3533 769 3603 superiore
784 3531 827 3563 “
855 3531 1248 3602 deposuerunt,
1293 3526 1543 3583 exhiberi
1574 3544 1588 3581 :
1617 3532 1672 3581 et
1698 3525 1885 3581 habita
1913 3525 1980 3581 de
2006 3524 2091 3581 eis

485 3624 829 3694 quaestione,
858 3620 1157 3678 secundum
1182 3619 1357 3691 legem
1382 3618 1686 3673 Romanam
1709 3617 1778 3683 ⁸⁸,
1808 3624 1870 3671 ut
1898 3616 1943 3647 “
1972 3629 2091 3671 ma-

490 3715 705 3773 iestatis
730 3713 777 3745 ¹¹
806 3713 907 3780 rei,
938 3711 1135 3782 capitis
1154 3710 1200 3742 "
1227 3708 1469 3765 damnati
1499 3714 1645 3763 sunt.

490 3846 739 3921 (Reliqua
758 3863 922 3919 usque
949 3845 1020 3921 ad
1043 3860 1242 3900 annum
1263 3842 1369 3921 829
1396 3860 1518 3898 cum
1542 3841 1842 3921 Egipltardi
1864 3839 2091 3895 Annali-

561 3910 657 3972 bua'
676 3919 750 3972 ita
771 3910 1111 3980 concordant,
1135 3924 1192 3969 ut
1213 3917 1388 3970 varias
1408 3910 1616 3974 tantum
1634 3910 1885 3967 lectiones
1906 3928 2089 3966 eorum

561 3986 905 4043 ascribendae
937 3994 988 4041 et
1023 3984 1194 4059 εἰσιῶ
1227 3990 1293 4040 Α.
1340 3983 1404 4039 ι.
1443 3982 1709 4039 notandus
1748 3982 2089 4053 censuerim.)

896 4463 1287 4524 VARIANTES
1314 4458 1716 4521 LECTIONES.

572 4560 742 4616 ’snnt
800 4566 982 4615 autem
1023 4558 1161 4613 haec
1185 4555 1237 4610 7.
1338 4555 1360 4626 ε
1396 4563 1590 4612 vocato
1627 4571 1769 4626 quur
1794 4555 1850 4611 2.
1919 4625 1925 4626 ί
1962 4556 1983 4590 ³
2025 4557 2098 4611 ad

498 4645 565 4687 ea
596 4644 733 4699 quae
761 4629 814 4685 5.
836 4627 889 4683 6.
910 4629 976 4683 ad
1002 4640 1147 4699 quae
1160 4626 1219 4679 7.
1246 4695 1277 4699 __
1343 4624 1366 4656 ⁵
1385 4624 1725 4699 venerant'2.
1805 4627 1826 4658 ⁸
1849 4625 2096 4699 difﬁcilli-

498 4695 652 4757 mum
695 4700 749 4754 2.
902 4699 923 4730 ⁸
952 4695 1366 4754 discutientibits
1406 4695 1461 4750 2.
1562 4695 1582 4728 ’
1625 4695 1998 4753 conscendens
2036 4697 2090 4753 5.

501 4771 524 4803 ⁸
552 4770 865 4825 zaccharias
884 4768 936 4825 5.
971 4767 1281 4823 zachariam
1305 4765 1359 4819 2.
1486 4765 1511 4797 ’
1533 4773 1721 4821 sancta
1745 4765 1800 4819 2.
1823 4766 1875 4820 5.
1907 4777 2095 4824 sancta

501 4856 642 4895 corr.
687 4849 877 4896 sancto
920 4838 972 4895 6.
1020 4846 1216 4894 sancto
1233 4836 1286 4890 7.
1364 4836 1619 4892 “claves
1653 4850 1714 4891 se
1750 4836 2095 4906 pulchritudo

503 4909 693 4966 minici
719 4910 773 4965 2.
852 4910 895 4941 “
926 4910 1249 4978 suscipiens
1277 4906 1508 4978 alterum
1558 4922 1668 4962 non
1720 4923 1905 4978 secum
1948 4909 2099 4965 dete-

502 4979 622 5035 nuit
648 4979 703 5035 2.
782 4981 825 5012 “
859 4976 1094 5035 detinuit
1134 4978 1186 5032 5.
1219 4976 1271 5029 7.
1348 4976 1392 5008 “
1421 4978 1720 5033 inmutatus
1756 4988 1843 5033 est
1877 4976 1931 5032 5.
1960 4978 2011 5033 6.
2039 4978 2092 5034 7.

507 5048 555 5081 “
576 5047 665 5104 die
689 5050 828 5106 deest
854 5049 909 5104 2.
1007 5048 1052 5081 ”
1077 5047 1319 5103 surrexit
1342 5046 1398 5102 2.
1477 5047 1520 5078 “
1540 5062 1741 5102 corona
1777 5048 1831 5103 2.
1911 5050 1957 5081 "
1978 5049 2096 5105 eius

506 5118 647 5188 (eest
674 5120 729 5176 2.
808 5120 850 5152 ¹⁸
873 5118 1055 5175 ablatu
1071 5117 1126 5173 2.
1207 5118 1249 5149 ¹⁹
1273 5117 1541 5188 superiori
1555 5117 1610 5172 5.
1685 5118 1730 5149 ³ο
1748 5134 2097 5174 romanorum

2117 4496 2173 4560 Ι)

2187 3240 2237 3287 et
2260 3231 2520 3287 uictoria!
2555 3228 2684 3285 Post
2707 3243 2845 3299 quas
2869 3226 3057 3282 laudes
3106 3226 3176 3280 ab
3216 3224 3411 3279 eodem
3455 3220 3716 3292 pontiﬁce
3738 3216 3777 3247 “

2187 3336 2343 3377 more
2367 3320 2714 3392 antiquorum
2736 3317 3047 3389 principum
3074 3315 3334 3370 adoratus
3358 3321 3461 3377 est,
3487 3327 3557 3367 ac
3576 3308 3777 3371 deinde.

2188 3414 2396 3471 omisso
2437 3413 2658 3469 Patricii
2704 3411 2945 3476 nomine,
2978 3409 3281 3479 imperator
3309 3414 3365 3461 et
3388 3404 3672 3476 Augustus
3698 3415 3778 3469 ap-

2189 3508 2442 3583 pellatus‘.
2463 3506 2824 3577 Post'paucos
2854 3518 2984 3559 vero
3010 3503 3057 3534 ¹⁸
3077 3502 3219 3567 dies,
3250 3500 3477 3554 iubente
3526 3498 3665 3566 ipso,
3710 3492 3779 3547 liii

2190 3605 2288 3676 qui
2345 3602 2579 3660 eundem
2634 3598 2945 3671 pontiﬁcem
3006 3610 3147 3650 anno
3196 3592 3481 3663 superiore
3528 3589 3778 3658 deposueo

2190 3704 2322 3752 runt
2353 3694 2422 3761 “,
2457 3694 2511 3748 in
2543 3690 2807 3747 iudicium
2838 3686 3081 3753 adducti,
3110 3694 3168 3741 et
3192 3684 3378 3741 habita
3408 3682 3478 3738 de
3510 3680 3595 3736 eis
3624 3691 3779 3749 quae-

2192 3787 2398 3852 stione,
2440 3782 2741 3839 secundum
2783 3779 2962 3850 legem
3004 3778 3334 3841 Romanam,
3378 3780 3446 3827 ut
3491 3767 3783 3825 maiestatis

2193 3880 2275 3936 rei
2302 3878 2366 3944 ¹⁷,
2400 3876 2594 3947 capitis
2622 3872 2867 3929 damnati
2895 3878 3040 3926 sunt.
3070 3868 3181 3923 Pro
3209 3864 3406 3937 quibus
3437 3871 3626 3918 tamen
3659 3873 3781 3931 papa

2191 3971 2286 4044 pio
2333 3968 2533 4025 aﬁ‘ectu
2577 3966 2723 4038 apud
2770 3964 3154 4034 imperatorem
3208 3955 3545 4020 intercessit,
3589 3967 3711 4008 nam
3734 3957 3784 4005 et

2194 4063 2305 4117 vita
2332 4068 2389 4116 et
2422 4058 2794 4121 membrorum
2826 4053 3117 4125 integritas
3146 4050 3228 4106 eis
3254 4061 3520 4104 concessa
3549 4053 3669 4109 est;
3705 4058 3783 4099 ce-

2198 4160 2373 4210 terum
2404 4164 2507 4222 pro
2540 4146 2800 4203 facinoris
2830 4142 2875 4176 ί⁸
2903 4141 3279 4215 magnitudine
3318 4138 3487 4194 exilio
3528 4133 3781 4207 depomti

2196 4252 2341 4299 sunt.
2384 4240 2558 4296 Huius
2599 4236 2854 4294 factionis
2887 4233 3041 4289 fuere
3083 4231 3363 4305 principes
3385 4226 3673 4283 Paschalis
3692 4239 3781 4279 no.

2198 4332 2499 4391 menelator
2553 4329 2595 4361 ”
2647 4329 2675 4370 δ
2704 4336 2761 4382 et
2809 4324 3107 4397 Campulus
3156 4321 3512 4379 saccellarius
3561 4319 3608 4351 ”
3653 4328 3702 4383 ε,
3736 4322 3783 4372 et

2583 4457 2974 4517 VARIANTES
3008 4452 3412 4514 LECTIONES.

2272 4555 2559 4627 ‘quotidie
2591 4552 2665 4609 iis
2687 4552 2745 4627 9,
2817 4551 3091 4627 ’venera‘t
3138 4547 3282 4627 quod
3326 4546 3513 4627 primo
3560 4536 3782 4627 suae.
3888 4550 3889 4617 γ

2196 4617 2373 4684 ηιεὼἰό
2421 4626 2629 4680 desunt.
2708 4622 2730 4655 ³
2800 4620 3001 4691 quibus
3027 4629 3088 4675 ut
3113 4617 3191 4674 ni.
3235 4617 3311 4671 ita
3338 4617 3392 4671 9.
3492 4622 3515 4645 ⁸
3556 4617 3785 4716 primum
3888 4644 3889 4677 λ

2196 4700 2227 4716 .-
2295 4696 2501 4716 .-ηρ-ε-
2546 4711 2575 4716 _
2636 4708 2667 4716 ._
2740 4709 2773 4716 -.
2832 4691 2970 4716 .......I
3018 4690 3194 4716 ..ι-ι-.-
3245 4687 3265 4716 ι
3339 4686 3370 4716 at
3421 4684 3456 4716 Ω
3605 4692 3788 4716 ..ιω-ιι-
3888 4686 3889 4701 ‘

2196 4700 2250 4754 7.
2280 4696 2505 4755 cottidie
2546 4711 2599 4765 p.
2631 4708 2711 4765 q._
2740 4709 2794 4747 v.
2820 4684 2973 4765 quod
3018 4690 3196 4765 primo
3238 4687 3299 4765 ι.
3336 4686 3389 4741 5.
3416 4684 3477 4765 β.

2198 4769 2370 4832 rando
2414 4767 2469 4822 ι.
2501 4758 2563 4821 5.
2606 4758 2667 4820 ϐῖ
2689 4763 2742 4819 9.
2822 4758 3323 4832 “'ierosolymas‘9.

2198 4828 2487 4911 sepulchri
2519 4837 2574 4891 2.
2597 4835 2667 4911 _7.
2744 4833 2766 4865 '
2803 4828 3089 4911 susceptos
3126 4831 3188 4911 _5.
3239 4828 3291 4911 9.

2204 5034 2364 5107 suere
2392 5048 2450 5104 2.
2531 5047 2572 5079 "
2598 5058 2949 5101 romanorum
2980 5050 3043 5097 ut
3085 5034 3315 5097 crimine
3344 5037 3530 5107 laesae
3550 5034 3778 5107 maiesta-

2202 5103 2357 5177 tisvi).
2423 5119 2467 5152 ”
2487 5115 2711 5173 factioni
2740 5113 2850 5167 B2.
2930 5113 2974 5144 ¹⁹
3001 5108 3412 5166 nomenculator
3441 5107 3489 5161 Β
3500 5106 3559 5161 5.
3635 5103 3679 5135 ’⁸
3710 5113 3788 5155 88-
3888 5104 3889 5177 ᾗ

509 5186 563 5241 7.
639 5191 682 5223 "
709 5199 767 5247 ut
785 5190 924 5246 deest
946 5189 1000 5244 2.
1078 5189 1124 5220 “
1153 5181 1456 5244 maiestatis
1490 5188 1541 5243 ei
1564 5188 1617 5242 2.
1696 5188 1743 5220 ”
1768 5190 1946 5259 capite
1961 5188 2015 5244 5.
2040 5190 2092 5244 7.
2205 5190 2460 5247 cellarius
2486 5188 2541 5242 2.
2582 5186 2637 5241 '5.
2666 5186 2719 5241 4.
2770 5184 2824 5238 6.
2862 5183 2917 5239 7.
2955 5182 3009 5240 9.
3047 5181 3164 5237 B2.
3196 5195 3316 5251 sqq.

2032 5302 2266 5361 ΝΟΤᾸΞ.
3304 5310 3305 5313 “

586 5431 611 5460 ιι
634 5417 693 5473 Id
733 5417 816 5474 est
855 5418 1010 5473 laura
1041 5431 1137 5473 seu
1174 5415 1508 5473 monasterio
1561 5415 1738 5471 sancti
1770 5416 1926 5472 Saba:
1953 5431 2104 5488 pres-

511 5488 707 5561 baleri-

591 5559 619 5601 ιι
640 5558 1023 5617 Nomenclator
1064 5558 1120 5616 in
1143 5556 1587 5632 processionibus
1611 5555 1923 5629 pontiﬁcem
1962 5571 2106 5627 equo

2213 5417 2540 5487 sequebatur
2561 5420 2616 5468 et
2643 5411 2760 5482 ejus
2788 5413 2945 5486 jussu
2981 5409 3237 5469 convivas
3260 5408 3329 5464 ad
3363 5420 3618 5465 mensam
3644 5414 3786 5478 papa-
3888 5408 3889 5451 1

2213 5486 2319 5543 lem
2348 5486 2596 5541 vocabat.
3888 5488 3889 5503 ι

2287 5569 2309 5597 ε
2350 5556 2494 5613 Fisci
2518 5563 2723 5612 Custos.

3605 4679 3788 4737 iureiu-
3888 4686 3889 4747 ᾖ

3416 4755 3511 4811 ’ἰὶ
3564 4754 3619 4809 9.
3691 4746 3785 4801 ’ἀι
3888 4778 3889 4811 i

3399 4826 3447 4857 '°
3495 4824 3707 4893 aliquos
3721 4816 3786 4893 _l-
3888 4844 3889 4893 γ

2200 4890 2441 4964 532;}?
2460 4890 2514 4962 2.
2595 4907 2775 4959 "v.r.
2801 4902 2857 4956 2.
2937 4890 2984 4933 ’δ
3010 4898 3333 4957 celebranda
3383 4896 3529 4950 deest
3567 4890 3623 4949 9.
3660 4890 3737 4964 _“
3762 4899 3787 4939 θ
3888 4890 3889 4961 ἕ

2201 4962 2460 5052 pontiﬁce
2489 4978 2572 5052 9._
2620 4976 2664 5008 "
2692 4982 2871 5029 autem
2900 4982 2956 5028 9.
3026 4970 3078 5052 4³⁸
3125 4962 3789 5052 (ξορρευςτειιιιᾲςξᾷρερρρ
3888 4976 3889 5027 3
