3928 6310
142 369 236 423 tm

1597 355 1915 413 ANNALES
1930 394 1943 408 .

3224 396 3225 401 η
3285 350 3390 403 462

138 484 295 540 multi
333 482 424 536 alii
471 481 745 535 Romanae
785 480 934 534 urbis
980 474 1316 531 habitatores
1356 472 1584 536 nobiles,
1622 472 1713 540 qui
1743 478 1793 535 Α
1816 466 2099 535 conplures
2137 466 2419 521 Sarraceui
2452 464 2827 535 conprehensi.
2874 464 2937 518 Et
2986 464 3038 517 in
3078 462 3229 517 Italia
3253 463 3391 519 Tea-

138 573 300 630 simul
328 586 517 627 omnes
547 570 735 625 eadem
758 567 1021 624 sententia
1051 564 1285 620 damnati
1316 572 1458 619 sunt.
1486 561 1716 616 Ordina-

138 670 211 724 tis
257 667 451 724 deinde
497 665 772 719 Romanae
823 662 972 716 urbis
1006 666 1059 714 et
1109 657 1392 729 apostolici
1445 656 1717 723 totiusque

138 760 326 816 Italiae
370 773 480 812 non
526 764 732 809 tantum
776 751 1006 824 publicis
1033 751 1127 806 sed
1152 751 1315 804 etiam
1341 747 1718 803 ecclesiasticis

139 859 196 905 et
237 849 467 920 privatis
518 846 677 901 rebus
716 876 789 885 —
827 860 953 898 nam
995 850 1107 898 tota
1135 842 1151 872 ⁸
1204 842 1382 895 hieme
1422 853 1529 893 non
1573 836 1718 891 aliud

139 941 268 996 fecit
301 942 594 1009 imperator
617 967 684 976 —
710 937 979 1004 missaque
1010 936 1202 989 iterum
1231 933 1282 987 in
1313 932 1718 986 Beneventanus

139 1034 482 1102 expeditione
504 1046 624 1085 cum
646 1029 873 1097 Pippino
899 1026 1008 1080 tilio
1034 1038 1150 1087 suo,
1176 1024 1291 1092 ipse
1310 1028 1432 1091 post
1460 1019 1656 1089 pascha
1684 1020 1714 1073 7

142 1127 368 1181 Kalend.
400 1125 570 1179 Maias
622 1122 793 1176 Roma
824 1118 1119 1190 profectus,
1153 1114 1455 1185 Spoletium
1485 1113 1505 1143 ⁸
1547 1112 1713 1181 venit.

142 1220 219 1275 lbi
256 1221 381 1273 dum
413 1225 578 1280 esset,
608 1214 894 1271 2.Kalend.
922 1211 1089 1265 Maias
1118 1210 1247 1263 hora
1279 1206 1456 1262 noctis
1484 1204 1719 1261 secunda

141 1320 324 1367 terrae
366 1318 543 1364 motus
578 1306 845 1361 maximus
868 1305 887 1335 ³
931 1302 1104 1357 factus
1152 1308 1255 1365 est,
1287 1314 1394 1368 quo
1425 1306 1534 1352 tota
1563 1296 1717 1351 Italia

140 1404 379 1474 graviter
422 1413 685 1455 concussa
726 1404 826 1450 est.
868 1394 988 1461 Quo
1035 1399 1184 1446 motu
1225 1396 1428 1443 tectum
1464 1386 1719 1442 basilicae

139 1493 285 1547 beati
314 1490 467 1545 Pauli
499 1501 522 1529 ι
556 1485 779 1557 apostoli
810 1499 1004 1553 magna
1035 1497 1099 1536 ex
1129 1487 1281 1551 parte
1309 1494 1433 1533 cum
1460 1477 1572 1531 suis
1612 1485 1721 1529 tra-

139 1584 298 1638 bibus
318 1581 521 1636 decidit
543 1577 583 1642 ‘,
614 1586 667 1632 et
696 1578 745 1629 in
775 1574 1094 1644 quibusdam
1136 1571 1269 1626 locis
1317 1569 1481 1623 urbes
1507 1566 1528 1598 ⁸
1572 1580 1721 1620 mon-

140 1681 329 1741 tesque
377 1672 399 1703 ⁶
444 1676 687 1724 ruerunt.
742 1664 944 1720 Eodem
1005 1677 1148 1717 anno
1206 1660 1323 1715 loca
1383 1658 1643 1728 quaedam
1695 1656 1716 1687 '

139 1764 285 1817 circa
338 1762 585 1815 Rhenum
635 1756 853 1811 ﬂuvium
893 1762 950 1808 et
979 1753 1034 1807 in
1061 1751 1233 1806 Gallia
1265 1758 1320 1806 et
1346 1750 1399 1804 in
1429 1746 1717 1803 Germania

142 1860 500 1909 tremuerunt.
534 1848 849 1905 Pestilentia
879 1852 1105 1914 propter
1150 1842 1432 1898 mollitiem

141 1941 406 2011 temporis
430 1939 449 1970 '
503 1938 643 1993 facta
688 1945 789 1991 est.
838 1935 1141 2004 Imperator
1180 1933 1246 1987 de
1287 1930 1524 2000 Spoletio
1549 1928 1590 1959 ¹⁰
1616 1927 1721 1981 Ra-

139 2049 373 2089 vennam
402 2032 567 2096 venit,
617 2038 671 2083 ct
716 2029 923 2098 aliquot
954 2027 995 2057 “
1028 2025 1119 2097 [R.
1152 2025 1394 2089 veniens,
1436 2038 1485 2076 a.
1528 2022 1590 2075 Α.
1629 2019 1717 2091 L.]

141 2127 262 2180 dies
302 2125 377 2179 ibi
418 2131 679 2186 moratus,
711 2119 933 2189 Papiam
975 2118 1235 2188 perrexit.
1268 2116 1345 2169 lbi
1369 2113 1649 2169 nuntiatur
1678 2112 1719 2141 "

141 2217 217 2282 ei,
257 2215 461 2286 legatos
496 2215 697 2277 Aaron,
743 2213 885 2283 regis
919 2211 1229 2273 Persarum,
1259 2207 1461 2280 [Aaron
1486 2202 1718 2259 Amiral-

142 2306 467 2359 mumminin
496 2322 539 2359 r.
568 2304 627 2358 P.
671 2302 735 2357 Α.
775 2302 863 2374 L.]
912 2310 1129 2373 portum
1184 2298 1334 2354 Pisas
1366 2298 1407 2329 ³³
1452 2299 1716 2360 intrasse;

142 2399 344 2469 quibus
369 2400 581 2454 obviam
609 2398 652 2428 ιδ
684 2397 925 2460 mittens,
960 2396 1101 2449 inter
1126 2392 1403 2448 Vercellos
1429 2391 1471 2421 "
1502 2396 1556 2443 et
1578 2388 1720 2457 Epo—

143 2492 353 2546 rediam
386 2491 428 2521 ¹⁵
462 2490 490 2529 δ
522 2489 827 2561 [Eporeiam
854 2487 917 2541 Α.
948 2485 1036 2558 L.]
1066 2501 1158 2540 eos
1183 2484 1287 2540 sibi
1317 2482 1444 2537 fecit
1469 2494 1724 2551 praesen-

144 2582 273 2634 tari.
318 2580 470 2635 Unus
499 2580 641 2633 enim
667 2594 734 2633 ex
765 2576 939 2649 [Unus
980 2592 1046 2630 ex
1088 2573 1151 2627 Α.
1204 2572 1292 2645 L.]
1316 2573 1396 2627 eis
1421 2578 1538 2626 erat
1560 2569 1725 2624 Persa

143 2673 210 2728 dc
234 2671 466 2733 oriente,
491 2669 695 2739 legatus
716 2667 1086 2738 praedictique
1112 2664 1253 2735 regis
1279 2662 1508 2734 [legatus
1532 2677 1577 2713 r.
1604 2660 1729 2715 Per-

144 2778 331 2817 sarum
360 2761 424 2815 Α.
455 2759 519 2833 L]
546 2790 616 2801 —
643 2774 767 2813 nam
811 2759 919 2812 duo
958 2755 1171 2810 fuerant
1196 2783 1270 2796 -ο
1294 2753 1431 2808 alter
1469 2751 1725 2807 Sarrace-

144 2868 249 2909 nus
276 2854 343 2908 dc
374 2850 574 2916 Africa,
598 2851 807 2921 legatus
831 2848 1057 2903 Amirati
1084 2846 1376 2910 Abraham,
1406 2844 1494 2914 qui
1523 2844 1578 2898 in
1608 2858 1732 2898 eon-

145 2943 278 2999 finio
304 2943 521 2998 Africae
545 2943 597 2996 in
624 2942 853 2996 Fossato
884 2950 904 2977 ο
934 2936 1312 3007 praesidebat;
1344 2933 1437 3004 qui
1467 2932 1618 2987 Isaac
1644 2932 1731 2985 Iu-

144 3036 368 3099 daeum,
407 3050 567 3104 quem
598 3034 897 3102 imperator
926 3038 1050 3084 ante
1078 3026 1495 3097 quadriennium
1527 3026 1595 3079 ad
1622 3038 1733 3078 me-

143 3137 421 3184 moratum
474 3140 654 3197 regem
704 3123 798 3196 [ad
844 3123 974 3193 reg.‘.
1008 3120 1073 3174 Α.
1122 3118 1210 3191 L.]
1268 3118 1559 3173 Persarum
1612 3131 1733 3172 cum

145 3219 433 3275 Lantfrido
459 3226 511 3273 et
540 3216 859 3287 Sigimundo
887 3215 929 3246 "
970 3212 1163 3284 legatis
1202 3212 1317 3267 suis
1362 3210 1586 3265 miserat
1626 3207 1735 3280 [Si-

144 3313 280 3384 gim.
310 3312 536 3365 miserat
561 3310 624 3363 Α.
655 3307 767 3380 L.],
802 3322 1077 3362 reversum
1109 3320 1232 3361 cum
1257 3304 1467 3374 magnis
1496 3301 1736 3357 muneri-

144 3404 248 3456 bus
275 3400 679 3454 nuntiaverunt.
712 3396 844 3451 Nam
873 3394 1183 3449 Lantfridus
1209 3409 1273 3449 ac
1302 3391 1653 3463 Sigimundus
1690 3389 1733 3420 ¹⁸

145 3492 311 3545 ambo
339 3489 394 3541 in
423 3487 611 3543 eodem
639 3485 832 3539 itinere
864 3483 1099 3539 defuncti
1129 3490 1255 3537 sunt
1284 3481 1467 3554 [ambo
1497 3478 1735 3535 defuncti

145 3587 330 3636 erant.
360 3578 425 3632 Α.
458 3576 567 3649 L.].
607 3577 743 3631 Tum
770 3575 858 3630 ille
887 3575 1031 3630 misit
1068 3573 1465 3629 Ercanbaldum
1496 3572 1537 3603 "
1581 3578 1735 3626 nota-

146 3674 294 3727 rium
360 3672 413 3725 in
461 3670 743 3739 Liguriam
792 3669 860 3723 ad
900 3668 1129 3724 classem
1178 3666 1499 3737 parandam,
1554 3679 1661 3734 qua
1689 3663 1734 3693 "

146 3761 363 3817 elefans
386 3762 428 3791 “
454 3769 509 3816 et
531 3775 593 3814 ea
617 3774 754 3829 quae
774 3776 897 3814 cum
918 3760 962 3790 “
988 3775 1052 3814 eo
1076 3757 1459 3813 adferebantur
1490 3756 1537 3787 ”
1566 3754 1735 3827 [defe-

148 3854 419 3908 rebantur
445 3852 508 3904 A.
536 3849 623 3922 L.]
656 3850 1099 3905 subveherentur.
1139 3848 1257 3917 Ipse
1282 3862 1432 3909 vero,
1462 3845 1737 3900 celebrato

147 3946 237 4000 die
265 3943 437 3998 natali
460 3944 630 3998 sancti
657 3942 910 3996 lobannis
934 3940 1205 4010 Baptistae
1228 3940 1366 4007 apud
1391 3936 1732 4007 Eporediam,

150 4038 317 4107 Alpes
362 4046 732 4105 transgressus
754 4034 799 4064 ”
826 4033 877 4086 in
909 4031 1136 4087 Galliam
1174 4046 1425 4085 reversus
1470 4036 1569 4084 est.
1617 4029 1733 4097 Ipsa

150 4134 371 4182 aestate
400 4134 555 4195 capta
594 4132 676 4179 cst
705 4124 1026 4184 Bareiuona,
1054 4122 1243 4177 civitas
1286 4122 1337 4175 in
1382 4120 1635 4191 Hispania
1671 4121 1734 4181 ³⁸,

154 4219 265 4273 iam
291 4216 518 4274 biennio
541 4216 778 4272 obsessa.
811 4214 983 4270 Zatun
1005 4212 1052 4244 ’⁸
1077 4212 1387 4284 praefectus
1429 4214 1546 4269 eius
1575 4222 1627 4268 et
1650 4214 1739 4267 alii

1819 565 1869 610 te
1890 558 1932 588 "
1965 556 1991 596 ά
2023 556 2216 610 civitas
2260 555 2510 610 similiter
2542 562 2698 625 capta
2734 562 2789 609 et
2826 554 3047 608 incensa
3087 560 3192 617 est,
3240 552 3389 607 eius-

1816 663 1921 717 que
1948 649 1993 678 "
2035 646 2340 716 praefectus
2387 645 2669 701 Roselmus
2729 644 3133 715 conprehensus
3164 642 3231 695 ”.
3282 642 3389 698 Ca-

1816 739 1971 794 stella
1996 754 2135 809 quae
2159 740 2226 793 ad
2259 739 2430 808 ipsam
2466 737 2737 793 civitatem
2770 737 3128 807 pertinebant,
3165 736 3221 790 in
3250 734 3405 790 dedi-

1816 832 2027 886 cionem
2056 840 2274 901 accepta
2304 837 2447 886 sunt.
2474 830 2645 887 Zatun
2680 837 2736 883 et
2773 828 3059 884 Roselmus
3079 844 3184 883 una
3212 828 3300 883 die
3326 833 3396 883 ad

1816 921 2180 991 praesentiam
2204 919 2546 989 imperatoris
2568 918 2779 973 deducti
2801 917 2866 983 ³⁰,
2891 926 2946 973 et
2969 918 3133 973 exilio
3154 917 3394 973 damnati

1818 1020 1962 1066 sunt.
2003 1011 2172 1079 Ipsius
2210 1012 2336 1065 anni
2384 1024 2571 1065 mense
2615 1008 2936 1066 Octobrio“
2979 1009 3128 1064 Isaac
3168 1008 3399 1063 Iudaeus

1818 1100 1884 1154 de
1923 1098 2107 1153 Africa
2129 1114 2253 1153 cum
2278 1098 2510 1153 elefanto
2534 1113 2834 1169 regressus,
2864 1106 3081 1167 portum
3110 1095 3337 1152 Veneris
3368 1108 3391 1137 ο

1820 1191 2072 1255 intravit;
2122 1199 2177 1246 et
2218 1192 2345 1261 quia
2402 1199 2623 1260 propter
2669 1190 2822 1245 nives
2861 1190 2908 1223 ⁸³
2959 1189 3122 1260 Alpes
3166 1189 3399 1245 transire

1818 1296 1925 1335 non
1974 1280 2183 1350 potuit,
2226 1280 2484 1335 Vercellis
2527 1281 2807 1335 hiemavit.
2854 1280 3155 1351 Imperator
3198 1280 3397 1350 Aquis-

1819 1374 1972 1444 grani
2003 1374 2203 1444 palatio
2234 1374 2409 1429 natale
2433 1374 2479 1405 ³³
2507 1374 2721 1428 Domini
2750 1374 3041 1430 celebravit
3076 1373 3298 1447 [σειρὴν.
3330 1375 3398 1431 Et

1820 1464 2085 1519 inmutav.
2117 1479 2174 1519 se
2201 1479 2460 1520 numerus
2484 1479 2674 1519 annor.
2703 1464 2758 1519 in
2783 1465 2848 1519 A.
2878 1464 2968 1539 L.]

2498 1596 2737 1655 DCCClI.

1892 1710 2103 1766 Ilerena
2143 1709 2457 1781 imperatrix
2486 1710 2553 1765 de
2580 1708 3048 1781 Constantinopoli
3079 1711 3230 1767 misit
3254 1712 3402 1784 lega-

1458 1800 1718 1893 οῐιὲδεηιί
1745 1816 1792 1874 B
1821 1809 1955 1893 ιιιπι,
1981 1801 2202 1893 ηοωίηθ
2245 1800 2513 1893 Lenem,
2562 1800 2899 1893 stam?“
2946 1810 3169 1893 “9"”
3213 1817 3402 1872 ν³⁰⁰¹¹¹

1821 1890 2249 1947 confirmandam
2289 1888 2379 1961 [de
2420 1903 2554 1959 pace
2597 1888 2966 1944 confirmanda
3010 1888 3075 1943 Α.
3122 1889 3209 1962 L.]
3261 1891 3404 1945 inter

1819 1981 2060 2036 Francos
2115 1988 2172 2034 et
2218 1977 2477 2043 Graecos,
2540 1986 2596 2033 et
2636 1978 2934 2047 imperator
2982 1978 3221 2034 vicissim
3276 1994 3406 2049 pro-

1819 2082 1941 2144 pter
1982 2072 2181 2143 ipsum,
2231 2069 2478 2125 absoluto
2521 2068 2632 2133 illo,
2684 2069 2835 2123 misit
2879 2067 3047 2133 Iesse,
3092 2068 3405 2139 episcopum

1820 2162 2242 2216 Ambianensem
2269 2200 2283 2225 ,
2343 2168 2398 2213 et
2440 2158 2833 2228 Helmgaudum
2878 2158 2924 2189 ”
2967 2158 3218 2213 comitem
3266 2158 3408 2214 Con-

1823 2251 2247 2321 stantinopolim,
2281 2260 2344 2305 ut
2366 2264 2555 2319 pacem
2591 2266 2714 2305 cum
2744 2264 2809 2305 ea
2836 2256 3154 2305 statuerent.
3183 2249 3229 2281 "
3256 2248 3408 2305 Cele-

1821 2343 2038 2398 bratum
2065 2347 2148 2395 est
2180 2339 2381 2409 pascha
2425 2339 2750 2410 Aquisgrani
2795 2338 3018 2409 palatio.
3069 2338 3240 2409 Ipsius
3279 2339 3407 2394 anni

1822 2444 2010 2485 mense
2042 2429 2195 2491 Iulio,
2238 2429 2305 2484 I3
2337 2426 2562 2482 Kalend.
2606 2426 2857 2499 Augusti,
2900 2428 3051 2483 venit
3091 2428 3241 2484 Isaac
3283 2442 3408 2483 cum

1823 2518 2056 2573 clefanto
2082 2526 2136 2573 et
2164 2519 2395 2574 caeteris
2444 2518 2774 2583 muneribus,
2825 2532 2963 2590 quae
2991 2534 3022 2573 a
3047 2534 3171 2590 rege
3210 2518 3407 2575 Persa-

1828 2625 1945 2663 rum
1992 2610 2156 2664 missa
2191 2618 2340 2675 sunt,
2391 2619 2447 2665 et
2491 2610 2815 2681 Aquisgrani
2864 2612 3046 2667 omnia
3096 2612 3411 2682 imperatori

1827 2699 2034 2753 detulit.
2083 2698 2288 2754 Nomen
2336 2698 2571 2755 elefanto
2613 2700 2857 2772 [elefanti
2888 2701 2953 2754 A.
2992 2701 3081 2775 L.]
3112 2710 3232 2758 erat
3259 2702 3409 2759 Abu-

1829 2789 1981 2844 labaz
2006 2788 2069 2841 “.
2096 2788 2299 2845 Ortona
2334 2788 2353 2827 τ
2384 2790 2579 2844 civitas
2609 2790 2661 2844 in
2691 2791 2843 2845 Italia
2871 2793 2923 2847 in
2951 2793 3277 2849 deditionem
3312 2808 3407 2849 ac-

1830 2887 2003 2949 cepta.
2034 2877 2261 2934 Luceria
2293 2881 2317 2919 ε
2347 2894 2562 2949 quoque
2594 2878 2863 2949 frequenti
2888 2882 3167 2938 obsidione
3187 2880 3411 2955 fatigata

1831 2980 1887 3025 et
1916 2971 2031 3039 ipsa
2061 2970 2113 3024 in
2141 2970 2471 3025 deditionem
2517 2972 2685 3037 venit,
2736 2973 3172 3043 praesidiumque
3199 2983 3414 3030 nostro-

1833 3078 1953 3118 rum
1974 3062 2028 3115 in
2056 3077 2119 3117 ea
2159 3063 2414 3131 positum.
2461 3062 2761 3133 Imperator
2804 3065 3029 3120 aestatis
3071 3072 3314 3135 tempore
3357 3066 3410 3121 in

1762 3167 1805 3228 (ς
1835 3152 2127 3207 Arduenna
2153 3152 2436 3208 venatibus
2458 3153 2763 3225 indulgens,
2798 3152 2872 3226 [v.
2915 3169 3137 3224 operam
3163 3154 3329 3221 dedit,
3358 3164 3415 3211 et

1838 3242 1903 3295 Α.
1949 3240 2039 3314 L.]
2090 3242 2255 3297 misso
2303 3241 2577 3297 Saxonum
2616 3241 2660 3274 ³⁷
2712 3243 2973 3307 exercitu,
3021 3242 3415 3298 transalbianos

1837 3330 2079 3387 Saxones
2139 3334 2391 3386 vastavit.
2452 3330 2763 3387 Grimaldus
2785 3331 2855 3397 ³⁸,
2912 3331 3413 3386 Beneventanorum

1836 3426 1965 3489 dux,
2010 3424 2063 3477 in
2107 3423 2333 3479 Luceria
2361 3424 2404 3455 ”
2434 3424 2761 3493 Winigisum
2790 3422 2834 3454 “
2873 3423 3123 3479 comitem
3166 3421 3413 3491 Spoletii,

1835 3515 1924 3584 qui
1954 3514 2224 3583 praesidio
2259 3520 2529 3584 praeerat,
2559 3512 2784 3569 adversa
2806 3513 3101 3568 valitudine
3128 3512 3411 3583 fatigatum

1835 3606 2045 3661 obsedit
2069 3605 2137 3670 δι,
2169 3614 2221 3660 et
2249 3605 2303 3659 in
2335 3605 2665 3660 deditionem
2707 3606 2933 3675 accepit,
2967 3613 3288 3675 captumque
3318 3606 3416 3660 ho-

1837 3697 2060 3752 noriﬁce
2107 3696 2313 3751 habuit.
2364 3692 2666 3765 Imperator
2696 3694 3019 3765 Aquisgrani
3050 3694 3283 3748 natalem
3312 3694 3419 3747 Do-

1836 3789 1967 3843 mini
2006 3788 2318 3843 celebravit.
2348 3787 2437 3859 [Et
2485 3789 2746 3843 inmutav.
2779 3802 2837 3843 se
2863 3802 3121 3843 numerus
3152 3800 3415 3841 annorum

1838 3880 1891 3933 in
1922 3880 1985 3931 Α.
2016 3878 2103 3949 L.]

2491 4010 2750 4067 DCCCIII.

1916 4127 2029 4181 Ilac
2061 4128 2237 4182 hieme
2264 4128 2415 4199 ,circa
2449 4128 2621 4197 ipsum
2652 4125 2909 4197 palatium
2940 4134 2995 4181 et
3024 4125 3281 4179 ﬁnitimas
3330 4140 3419 4181 re-

1847 4216 2033 4285 giones
2065 4225 2245 4271 terrae
2295 4226 2472 4272 motus
2522 4216 2721 4281 factus,
2762 4222 2817 4270 et
2873 4214 3173 4269 mortalitas
3228 4213 3419 4269 subsc-

1374 4388 1762 4446 VARIANTES
1800 4390 2197 4446 LECTIONES.

231 4505 248 4536 ³
275 4502 378 4558 toti
410 4500 456 4553 B
484 4500 536 4554 2.
630 4501 650 4531 ⁸
693 4500 954 4558 Spoletum
983 4498 1037 4552 4.
1066 4494 1130 4553 5.-
1147 4498 1199 4551 6.
1295 4499 1317 4531 ³
1354 4498 1494 4552 deest
1521 4498 1630 4553 B2.

1726 4500 1747 4531 ⁸
1783 4502 1979 4555 cecidit
2004 4501 2117 4555 B5.

2215 4503 2235 4534 ⁸
2266 4503 2415 4558 urbis
2442 4511 2653 4559 montes
2678 4502 2723 4557 Β
2737 4503 2795 4558 2.
2866 4503 2888 4535 ⁸
2928 4511 2983 4559 et
3035 4512 3244 4558 montes
3282 4503 3329 4557 B
3367 4504 3419 4560 7.

156 4576 178 4607 '
204 4574 357 4628 deest
410 4570 518 4641 B2.
592 4570 615 4602 ⁸
642 4567 957 4641 molliciem_
976 4567 1091 4641 B2.
1111 4569 1195 4641 _5:
1260 4567 1281 4597 ‘
1309 4568 1531 4641 Hiberni
1563 4577 1801 4641 tempore
1831 4571 1940 4624 B2.
2000 4573 2063 4641 1°
2092 4572 2295 4641 spoleto
2320 4572 2371 4625 4.
2406 4572 2461 4627 5.
2490 4574 2542 4627 6.
2622 4574 2661 4604 “
2688 4574 2903 4641 aliquod
2930 4574 3041 4628 B2.
3119 4574 3162 4605 "
3194 4576 3391 4629 nuncia
3410 4604 3425 4615 -

162 4654 248 4698 tor
279 4642 395 4696 B2.
477 4639 520 4671 "
550 4648 767 4708 portum
819 4640 871 4693 in
927 4638 1079 4693 Pisas
1106 4637 1216 4691 B7.
1317 4639 1360 4669 “
1386 4639 1565 4692 oviam
1596 4640 1645 4692 1.

161 4714 372 4768 mundo
416 4710 470 4763 5.
548 4708 977 4779 “_sigismuudus
1011 4708 1062 4779 5.

162 4782 206 4837 Β
234 4783 288 4837 6‘.
376 4782 420 4812 ’θ
450 4794 555 4848 que
584 4776 628 4831 Β
649 4776 702 4832 2.
779 4779 819 4809 “
845 4776 1009 4833 elefas
1036 4778 1147 4832 B5.
1225 4779 1267 4809 "

163 4921 209 4977 Β
243 4922 298 4976 7.
375 4916 421 4951 ’δ
460 4920 861 4977 conprehensus
885 4926 967 4972 est
990 4918 1043 4971 2.
1072 4918 1124 4971 4.
1153 4917 1205 4971 5.
1244 4916 1355 4969 B7.
1435 4916 1479 4947 ³⁸

168 4992 215 5024 ³⁸
254 4990 645 5056 helmgandum
691 4988 743 5041 5.
804 4987 1180 5056 helingaudum
1234 4987 1286 5039 4.
1327 4986 1376 5040 6.
1416 4986 1469 5038 7.

460 4920 861 4986 conprehensus
885 4926 967 4972 est
990 4918 1043 4971 2.
1072 4918 1124 4971 4.
1153 4917 1205 4971 5.

1746 4641 1789 4671 ³⁸
1815 4640 2059 4694 vercellis

1162 4709 1203 4739 ¹⁹
1235 4708 1709 4763 erchembauldum
1748 4708 1802 4763 2.
1843 4709 2247 4765 ercliinboldum
2280 4711 2331 4765 5.
2408 4708 2831 4768 erchanboldum
2885 4712 2938 4765 6.
2999 4708 3423 4767 erchanbaldum

1225 4779 1267 4809 "
1308 4793 1446 4847 quae
1476 4778 1539 4847 de
1560 4777 1669 4831 B5.
1703 4778 1753 4831 6.
1849 4780 1895 4809 "
1920 4794 2025 4847 que
2069 4779 2452 4836 deferabantur
2490 4782 2598 4836 B2.
2673 4784 2718 4814 “
2759 4790 3125 4847 transgressus
3164 4792 3251 4836 est
3298 4781 3341 4834 Β
3371 4781 3423 4835 5.

164 4854 211 4885 ⁸⁸
254 4852 311 4907 in
360 4846 551 4950 spania
574 4848 682 4902 B5.
713 4850 764 4902 in
788 4848 994 4916 ispania
1033 4847 1145 4903 Βϐ.
1185 4848 1463 4950 hispaniae
1495 4846 1605 4899 B7.
1682 4848 1727 4878 ’⁸
1762 4846 2015 4902 zatum’B
2044 4850 2096 4901 7.
2138 4858 2291 4904 zatus
2318 4850 2372 4903 4.
2413 4853 2487 4904 ita
2512 4862 2559 4904 et
2586 4851 2747 4950 infra.

171 4921 209 4950 D
243 4922 275 4950 ’Ἰ
375 4922 396 4950 Ι
460 4920 857 4950 nmnmhnncna
885 4926 962 4950 nos
990 4918 1024 4950 ο
1078 4918 1105 4950 ι
1156 4917 1186 4950 κ
1306 4918 1335 4950 ¹¹1
1435 4916 1479 4947 ³ο
1518 4918 1758 4950 ηιμ-[1ηηοῖ
1802 4916 1886 4950 Ωιι(
1939 4917 1971 4950 Ω
2070 4919 2112 4949 ιι
2152 4920 2395 4950 naM-Iuda
2439 4920 2524 4950 DQ
2616 4920 2636 4950 I
2704 4920 2747 4950 Α.

1553 4918 1760 4971 erducti
1798 4916 1905 4971 B5.
1939 4917 1991 4971 6.
2070 4919 2112 4949 “
2152 4920 2396 4974 octubrio
2432 4920 2543 4973 B2.
2616 4920 2636 4951 '

2146 4642 2199 4714 2.
2234 4642 2309 4714 7.__
2365 4642 2407 4673 ¹⁶
2456 4642 2867 4714 eporeiamB2.
2893 4642 2945 4714 5.
2970 4642 3019 4697 6.
3044 4643 3105 4714 7._
3195 4643 3425 4714 "sigis-

1849 4780 1895 4809 "
1920 4794 2025 4847 que
2069 4779 2452 4836 deferabantur
2490 4782 2598 4836 B2.
2673 4784 2718 4814 “
2759 4790 3125 4852 transgressus
3164 4792 3251 4836 est
3298 4781 3341 4834 Β
3371 4781 3424 4835 5.

1852 4863 1940 4902 um
1970 4849 2015 4901 Β
2044 4850 2096 4901 7.
2138 4858 2291 4904 zatus
2318 4850 2372 4903 4.
2413 4853 2487 4904 ita
2512 4862 2559 4904 et
2586 4851 2747 4904 infra.
2837 4852 2879 4881 ’τ
2910 4859 3058 4904 rcate
3082 4852 3165 4904 Η.
3242 4853 3288 4882 ’⁸
3310 4853 3424 4904 eius

2910 4866 3058 4905 rcate
3082 4866 3165 4904 ‘I‘l.
3243 4866 3288 4882 "
3310 4868 3429 4906 Ellis

2701 4920 2840 4974 deest
2890 4921 2939 4973 i.
3026 4921 3072 4952 ³³
3109 4920 3343 4975 natalem
3374 4922 3422 4973 i.

1551 5028 1564 5041 .
1615 4986 1723 5041 Β6.
1764 4990 1819 5043 8.
1860 4988 2201 5058 beliga‘udum
2249 4988 2301 5040 5.
2343 4990 2665 5058 beingaldun
2718 4988 2828 5042 B7.
2901 4990 2948 5021 "
2976 4992 3262 5044 statuerint
3307 4988 3421 5042 B2.

167 5060 216 5093 “
247 5055 516 5129 abulabat
545 5056 652 5129 B7.
693 5055 1087 5129 ambulabaz_B_
1096 5056 1148 5110 6.
1192 5056 1267 5129 U"
1316 5057 1483 5129 misso
1538 5057 1591 5110 in
1608 5060 1907 5129 _saxoniam
1938 5055 1990 5129 7.
2018 5056 2061 5109 B
2076 5056 2126 5110 7.
2189 5058 2354 5113 misso
2396 5055 2639 5129 exercitu
2663 5060 2714 5114 9.
2793 5059 2839 5091 ³⁸
2880 5060 3179 5129 grimoldus
3199 5059 3251 5112 4.
3285 5059 3337 5112 5.
3367 5058 3420 5113 6.

169 5127 527 5205 grimoaldus.
561 5128 613 5183 9.
692 5126 736 5158 "
764 5128 980 5182 lucerna
1003 5126 1111 5180 BG.
1189 5126 1233 5157 ⁸ο
1261 5127 1579 5196 winegisum
1604 5126 1713 5181 B2.
1791 5129 1835 5157 δι
1866 5125 2088 5197 fatigata
2114 5135 2241 5181 sunt
2264 5128 2476 5183 obsedit
2498 5128 2541 5181 Β
2559 5129 2609 5181 2.

1706 5278 1913 5335 NOTJF.
1924 5318 1937 5330 .

193 5453 219 5481 ι
306 5438 446 5503 Quae
470 5438 837 5557 pulcherrima
882 5438 1123 5488 omnium
1170 5438 1264 5514 bas

177 5505 467 5631 minis:
491 5522 562 5570 to,
589 5506 722 5560 heu!
764 5511 871 5559 tota
896 5502 1264 5573 conﬂagrant.

252 5591 276 5616 ο
302 5591 486 5631 Ivrea.

252 5657 273 5683 ι
312 5648 559 5716 Regnum
588 5642 714 5698 Pes.

510 5434 837 5491 ulcherrima
882 5434 1123 5488 omnium
1170 5433 1390 5489 basilica
1433 5449 1576 5487 anno
1616 5432 1750 5485 1825

1931 5434 1957 5473 ἀ
1989 5434 2184 5497 Cltieti,
2215 5433 2356 5488 haud
2379 5435 2563 5502 procul
2589 5435 2656 5489 ab
2680 5434 2901 5491 Ortona.

1944 5516 1967 5574 ἐ
2005 5503 2194 5557 Porto-
2210 5502 2421 5566 Venere,
2449 5503 2505 5559 in
2533 5506 2674 5559 ostio
2698 5507 2845 5561 sinus
2870 5506 3171 5574 Spezziani.

1947 5572 1970 5649 ξ
1994 5574 2073 5649 ad
2100 5587 2247 5627 mare
2269 5573 2547 5649 Superius,
2577 5576 2866 5649 nonlonge
2896 5572 3110 5649 alluvio
3136 5577 3329 5649 Sagra.

1945 5643 1970 5681 ³
1995 5642 2137 5696 Inter
2165 5643 2438 5697 meridiem
2475 5652 2527 5698 et
2552 5642 2881 5699 occidentem
2910 5644 3135 5713 Siponti.
