3928 6320
467 356 571 419 483

1753 356 2126 415 EGINHARDI
2167 357 2455 417 ABBATIS

3648 357 3740 413 itii

467 492 637 557 quuta
742 488 846 536 est.
882 482 898 499 ‘
950 477 1250 549 Winigisus
1279 478 1302 507 ⁸
1353 492 1384 532 a
1439 475 1721 532 Gt'imoldo
1759 475 1780 507 ³
1817 474 2060 530 redditus
2088 482 2137 540 Α
2164 486 2258 540 per
2283 472 2491 543 legatos
2519 470 2816 527 mandavit.
2850 470 2987 526 Nam
3016 472 3051 526 i.
3084 489 3130 527 s.
3161 471 3226 525 Α.
3256 472 3344 544 L.]
3394 472 3611 557 Allifam
3649 474 3744 529 tiu-

466 586 577 641 est,
611 583 667 631 et
708 574 861 630 missi
894 571 1245 643 imperatoris
1277 570 1298 602 ‘
1347 570 1414 626 de
1448 568 1919 638 Constantinopoli
1971 577 2057 622 re“—

467 664 787 731 versi‘sunt,
811 672 869 720 et
896 670 1163 719 venerunt
1191 676 1316 716 cum
1339 661 1420 716 eis
1450 660 1470 691 '
1498 658 1661 732 legati
1687 656 1909 714 Nicifori
1958 658 2057 711 im-

465 756 768 829 peratoris,
810 754 905 825 Qui
954 760 1085 807 tunc
1132 749 1523 819 rempublicam
1566 749 1786 821 regebat
1820 776 1893 788 —
1932 762 2057 800 nam

467 850 739 906 llerenam
776 847 797 878 ⁸
829 852 951 916 post
1013 844 1307 899 adventum
1360 842 1649 913 legationis
1709 841 2005 896 Francicae
2035 842 2054 872 ⁷

465 942 836 1010 deposuerunt
863 967 934 976 —
959 950 1192 1005 quorum
1225 934 1445 989 nomina
1492 932 1715 989 fuerunt
1739 932 2007 989 Michahel
2036 932 2058 964 ⁸

464 1036 784 1105 episc0pus,
836 1029 1034 1085 Petrus
1100 1028 1270 1082 abbas
1322 1034 1379 1082 et
1428 1024 1665 1081 Calistus
1716 1025 1739 1057 ’
1797 1025 2060 1080 candida-

468 1128 557 1179 tus
586 1136 635 1176 ι.
667 1121 771 1190 Qui
800 1126 1070 1175 venerunt
1114 1116 1183 1171 ad
1218 1117 1603 1187 imperatorem
1660 1117 1716 1171 in
1767 1114 2059 1171 Germania

467 1229 633 1286 super
667 1211 891 1267 ﬂuvium
921 1207 1070 1273 Sala,
1108 1207 1161 1261 in
1200 1207 1319 1261 loco
1348 1207 1441 1276 qui
1476 1204 1677 1261 dicitur
1716 1206 1865 1260 Saltz
1912 1197 1960 1237 ’π
2008 1206 2061 1273 b,

466 1315 525 1367 et
561 1312 779 1377 pactum
828 1301 1108 1355 faciendae
1161 1300 1201 1331 “
1253 1300 1405 1370 pacis
1460 1301 1516 1354 in
1564 1301 1767 1370 scripto
1812 1311 2063 1366 suscepe-

470 1408 598 1455 runt
627 1400 689 1454 “.
720 1399 787 1454 Et
818 1400 944 1455 inde
977 1398 1021 1431 ¹³
1051 1398 1259 1454 dimissi
1288 1414 1413 1453 cum
1439 1397 1668 1467 epistola
1696 1395 2063 1466 imperatoris,

469 1491 699 1547 Romam
762 1492 997 1562 regressi
1057 1500 1222 1560 atque
1284 1488 1811 1557 Constantinopolim
1860 1487 2064 1541 reversi

467 1593 618 1641 sunt.
680 1587 722 1607 “
780 1585 1082 1655 imperator
1146 1592 1325 1637 autem
1388 1582 1444 1636 in
1500 1580 1808 1636 Biaoariam
1867 1577 2065 1648 profe-

469 1686 597 1733 ctus
621 1679 715 1741 “',
747 1676 1031 1746 dispositis
1072 1674 1482 1731 Pannoniarum
1511 1671 1713 1735 causis,
1742 1668 2067 1724 Decembrio

473 1783 661 1825 mense
683 1768 1031 1838 Aquasgrani
1063 1782 1317 1823 reversus
1342 1772 1442 1827 est,
1483 1763 1667 1833 ibique
1695 1760 1935 1815 natalem
1962 1760 2069 1815 Do-

2157 561 2304 615 vium
2333 561 2575 627 sedebat,
2600 561 2655 614 in
2692 562 2809 616 loco
2836 562 2927 631 qui
2950 562 3147 616 dicitur
3173 561 3516 618 Holdunsteti
3541 550 3589 593 ’⁵
3622 574 3667 628 ε,
3693 573 3746 618 et

2159 651 2325 705 missa
2350 651 2416 705 ad
2442 648 2796 707 Godofridum
2824 651 3091 720 legatione
3118 667 3216 721 pro
3240 652 3484 723 perfugis
3520 653 3748 707 redden-

2159 741 2261 806 dis,
2292 742 2473 796 medio
2499 740 2546 772 "
2576 742 2917 809 Septembrio
2944 740 3221 796 Coloniam
3266 744 3433 797 venit.
3486 744 3750 798 Dimisso-

2161 848 2266 901 que
2279 832 2524 887 exercitu
2535 873 2549 895 ,
2563 831 2741 901 primo
2754 832 3090 902 Aquasgrani
3101 872 3115 896 ,
3130 832 3684 887 deindeArducnnam
3705 835 3750 866 ”

2160 923 2296 993 petit
2328 923 2394 988 ³⁸,
2424 930 2479 977 et
2512 922 2896 977 venationibus
2945 920 3251 991 indulgens,
3280 921 3624 990 Aquasgrani
3668 939 3751 977 re-

2162 1029 2351 1068 versus
2371 1024 2472 1068 est.
2508 1013 2683 1068 Medio
2707 1012 3033 1067 Novembrio
3059 1012 3279 1066 allatum
3306 1022 3390 1067 est
3417 1014 3489 1077 ei,
3515 1013 3751 1069 Leonem

2163 1117 2357 1172 papam
2384 1104 2620 1159 natalem
2651 1103 2865 1158 Domini
2897 1118 3019 1157 cum
3049 1118 3115 1157 eo
3149 1102 3423 1157 celebrare
3452 1104 3613 1169 velle,
3641 1105 3754 1158 ubi-

2164 1209 2397 1263 cumque
2449 1196 2556 1250 boc
2611 1196 2926 1265 contingere
2978 1195 3263 1265 potuisset.
3320 1194 3491 1261 Quem
3544 1198 3751 1260 statim,

2159 1284 2332 1337 misso
2357 1284 2426 1337 ad
2451 1292 2697 1339 sanctum
2723 1283 3040 1338 Mauricium
3088 1283 3253 1337 Karlo
3292 1282 3405 1339 tilio
3434 1300 3557 1349 suo,
3589 1287 3761 1341 Μολο-

2166 1373 2322 1429 rifiee
2349 1376 2629 1445 suscipere
2661 1375 2841 1429 iussit.
2865 1374 2984 1444 lpse
3012 1374 3228 1429 obviam
3260 1374 3335 1428 illi
3360 1376 3655 1431 Remorum
3684 1379 3760 1431 ci-

2166 1467 2391 1521 vitatem
2420 1468 2462 1489 “
2488 1466 2767 1537 profectus
2791 1474 2897 1531 est,
2926 1466 3109 1535 ibique
3145 1476 3455 1536 susceptum
3496 1468 3562 1531 ",
3583 1470 3760 1537 prino

2169 1557 2503 1613 Carislacum
2555 1557 2770 1621 villam,
2809 1558 2897 1611 ubi
2964 1556 3200 1610 natalem
3249 1555 3465 1610 Domini
3513 1556 3760 1612 celebra-

2171 1648 2250 1701 vit
2281 1648 2365 1712 "',
2399 1646 2594 1702 deinde
2628 1647 2964 1717 Aquasgrani
3009 1646 3055 1676 "
3086 1646 3339 1715 perditx'rt
3364 1680 3379 1711 ,
3415 1656 3469 1700 et
3500 1647 3761 1701 donatum

2172 1739 2385 1810 magnis
2409 1738 2746 1803 muneribus,
2772 1752 2870 1806 per
2893 1736 3199 1791 Baioariam
3221 1736 3310 1790 ire
3346 1736 3640 1803 volentem,
3670 1738 3763 1792 de-

471 1858 601 1913 mini
635 1825 953 1912 celebravi
1016 1855 1120 1930 [Et
1156 1825 1534 1910 inmutat.'est
1578 1825 1843 1906 humerus
1871 1864 2065 1911 anno“
2098 1825 2143 1883 Β
2171 1831 2295 1885 duci
2321 1830 2451 1885 fecit
2495 1844 2668 1900 usque
2716 1828 3053 1884 Ravennam.
3106 1826 3280 1882 Causa
3333 1828 3601 1883 adventus
3645 1829 3762 1883 eius

472 1949 528 2003 in
555 1944 747 2020 1.1.1

545 2057 929 2183 'Milmperator
957 2074 1088 2115 vero
1116 2066 1239 2128 post
1263 2057 1462 2128 pascha
1486 2057 1554 2111 ab
1576 2055 1748 2126 Aquis
1768 2054 2065 2127 profectus,

616 2130 899 2183 attonciam
930 2130 1103 2183 venit.
1135 2129 1316 2183 ibique
1347 2127 1508 2183 solito
1543 2142 1695 2182 more
1739 2136 2065 2181 conventum

471 2132 537 2184 ad
562 2127 899 2198 Magonciam
930 2130 1103 2193 venit,
1120 2127 1316 2198 ibique
1347 2127 1508 2183 solito
1543 2142 1695 2182 more
1739 2136 2069 2181 conventum

472 2200 812 2254 Francorum
848 2198 1058 2253 habuit.
1101 2198 1133 2253 9
1164 2199 1216 2251 b.

543 2272 581 2290 “
612 2268 806 2392 genit
834 2283 1052 2338 quoque
1082 2264 1412 2323 Fortunatus
1447 2267 1760 2338 patriarcha
1798 2266 1865 2321 de
1898 2264 2069 2321 Grae-

543 2356 604 2392 ta
680 2353 809 2392 rens
840 2351 1025 2392 secum
1073 2340 1218 2392 inter
1265 2346 1447 2392 cetera
1499 2339 1637 2392 dona
1693 2336 1831 2392 duas
1881 2345 2069 2392 portas

461 2342 553 2396 teis
574 2336 809 2395 ahrens
840 2336 1025 2393 secum
1073 2340 1218 2393 inter
1265 2336 1464 2392 cetera
1499 2339 1659 2406 dona,
1693 2336 1831 2392 duas
1881 2345 2070 2406 portas

454 2411 745 2480 eburneas
771 2408 1007 2480 mirifico
1034 2423 1201 2480 apere
1224 2408 1485 2476 sculptas.
1521 2407 1553 2462 9
1584 2405 1666 2478 b.]

648 2477 1020 2551 [venationem
1043 2476 1366 2535 bubalorum
1392 2476 1807 2551 ceterarumque
1830 2476 2068 2551 ferarum

470 2567 573 2622 per
603 2546 803 2622 saltum
847 2547 1145 2622 Hircanutn
1188 2550 1452 2622 exercuii.
1483 2547 1612 2601 inde
1638 2546 1868 2622 veronad
1900 2547 2071 2622 Rege-

466 2616 746 2677 itesburch
791 2620 1038 2683 veniens,
1072 2618 1349 2688 dispositis
1380 2618 1466 2673 bis
1512 2627 1652 2688 quae
1696 2616 1880 2688 ,utiliar
1916 2616 2070 2671 vide-

474 2691 680 2745 bantur
699 2704 842 2755 esse,
874 2688 1168 2743 adventum
1208 2688 1483 2743 exercitus
1532 2688 1599 2742 de
1642 2687 1922 2742 Pannonia
1978 2702 2070 2739 re-

473 2761 691 2816 deuntis
713 2759 1173 2830 praestolabatur.
1200 2758 1422 2830 Quibus
1439 2759 1697 2823 reversis,
1720 2758 1938 2830 obviam
1964 2756 2073 2830 illis

475 2830 546 2885 ad
577 2826 1001 2901 Rege-nesburch
1026 2828 1309 2901 venitalbi
1353 2826 1518 2901 etiam
1565 2843 1692 2901 cum
1738 2828 1844 2882 illis
1886 2827 2070 2901 zodan

474 2897 732 3025 Blrinee'ps
758 2898 1074 2954 Pannoniae
1102 2899 1350 2963 veniens,
1380 2898 1697 3022 imperatori
1728 2912 1786 2953 se
1824 2897 2068 2951 tradidit.

533 2970 630 3025 ulti
667 2984 887 3025 uuooue
922 2969 1105 3025 Sclav‘i
1150 2978 1207 3024 et
1261 2968 1405 3023 Huni
1476 2985 1510 3021 n
1559 2968 1753 3023 eodem
1798 2976 2068 3022 conventu

533 2970 630 3025 ulti
667 2968 887 3042 quoque
922 2969 1105 3025 Sclav‘i
1150 2968 1405 3042 etullluni
1456 2968 1510 3022 in
1559 2968 1759 3042 eodem
1798 2976 2072 3042 conventu

474 3037 719 3108 fuerunt,
749 3037 884 3095 et'se
910 3055 1035 3095 eum
1073 3040 1327 3094 omnibus
1361 3051 1500 3108 quae
1528 3037 1879 3106 possidebant
1904 3039 2073 3108 impe—

477 3112 679 3167 ratoris
699 3106 941 3166 dominio
962 3110 1341 3165 subdiderunt.
1367 3106 1797 3175 Constitutisque
1817 3106 2072 3162 omnibus

476 3182 825 3251 utilitatibus,
867 3194 1008 3251 quae
1033 3181 1087 3234 in
1122 3177 1504 3251 illis’partibus
1534 3174 1847 3251 necessaria
1891 3185 2066 3239 erant,
2099 3174 2143 3237 C

475 3247 978 3333 perAAlemanni'am
1005 3258 1062 3304 et
1088 3247 1575 3333 per_Wormatiam
1607 3247 1800 3333 hiemis
1828 3254 2072 3328 tempore

467 3315 547 3375 id
578 3320 750 3402 Aquis
764 3318 1038 3446 galatium
1056 3315 1235 3387 venit,
1265 3318 1451 3390 ibique
1484 3317 1718 3373 natalem
1746 3315 1962 3372 Domini
1985 3332 2073 3371 ce-

477 3391 731 3446 lebravit.
827 3387 911 3461 b.]

1145 3499 1410 3558 DCCCIV.

547 3593 853 3664 Imperator
875 3591 1208 3662 Aquisgrani
1233 3591 1279 3622 ’δ
1300 3592 1632 3659 hiemavit‘;
1662 3580 1869 3649 aestate
1894 3601 2076 3648 autem

475 3686 539 3741 lu
579 3682 877 3739 Saxoniam
935 3682 1102 3737 ducto
1148 3681 1421 3747 exercitu,
1467 3696 1658 3737 omnes
1696 3684 1741 3714 "
1778 3684 1873 3753 qui
1926 3691 2081 3738 trans

474 3775 690 3831 Albiam
723 3774 766 3806 “
803 3782 859 3830 et
891 3775 946 3828 in
973 3772 1289 3828 Wihmuodi
1332 3773 1373 3803 ¹⁷
1415 3783 1438 3811 ο
1494 3773 1810 3828 habitabant
1834 3772 2081 3828 Saxones

474 3880 601 3921 cum
624 3864 667 3896 “
699 3864 1020 3920 mulieribus
1043 3862 1085 3894 "
1117 3872 1172 3919 et
1194 3862 1491 3918 infantibus
1516 3863 1802 3918 transtulit
1821 3865 1877 3917 in
1908 3863 2079 3917 Fran-

474 3958 641 4022 ciam,
670 3966 725 4011 et
748 3970 916 4027 pagos
946 3953 1346 4009 transalbianos
1370 3951 1650 4008 Abodritis
1678 3952 1844 4007 dedit.
1869 3952 2075 4008 Eodem

477 4057 719 4117 tempore
751 4045 1115 4109 Godofridus,
1158 4058 1255 4098 rex
1290 4042 1586 4108 Danorum,
1610 4043 1760 4097 venit
1785 4057 1911 4096 cum
1934 4042 2077 4097 clas-

474 4153 535 4194 se
572 4153 672 4193 sua
727 4151 939 4192 necnon
991 4142 1047 4191 et
1091 4134 1240 4189 omni
1283 4133 1530 4204 equitatu
1580 4130 1731 4204 regni
1781 4133 1866 4189 sui
1900 4134 1969 4188 ad
2007 4134 2080 4190 lo-

2173 1920 2309 1974 haec
2347 1927 2511 1974 erat:
2552 1918 2828 1973 Perlatum
2879 1925 2962 1972 est
3009 1916 3078 1972 ad
3120 1917 3502 1985 imperatorem
3554 1926 3767 1972 aestate

2164 2009 2500 2078 praeterita,
2548 2008 2752 2064 Christi
2799 2008 3116 2078 sanguinem
3172 2008 3225 2061 in
3278 2006 3497 2061 Mantua
3544 2008 3766 2063 civitate

2172 2098 2341 2154 fuisse
2368 2107 2664 2171 repertum,
2694 2107 2918 2169 propter
2949 2098 3053 2153 hoc
3076 2097 3226 2153 misit
3246 2098 3310 2153 ad
3328 2112 3552 2169 papam,
3574 2108 3765 2169 petens

2174 2198 2231 2243 ut
2254 2189 2412 2243 huius
2434 2189 2609 2244 famae
2634 2190 2919 2245 veritatem
2944 2190 3263 2259 inquireret.
3287 2190 3390 2257 Qui
3416 2200 3643 2261 accepta
3670 2206 3766 2246 oc-

2172 2278 2391 2333 casione
2419 2279 2673 2343 exeundi,
2699 2279 2873 2349 primo
2901 2280 2955 2331 in
2988 2278 3445 2349 Langobardiam,
3476 2282 3636 2350 quasi
3664 2297 3767 2352 pro

2173 2372 2526 2443 inquisitione
2547 2372 2822 2442 praedicta
2850 2372 3127 2442 profectus
3154 2380 3260 2439 est,
3282 2372 3516 2442 indeque
3544 2384 3769 2444 arrepto

2316 2523 2492 2597 [etab
2528 2524 2699 2597 Aquis
2745 2523 3117 2597 profic'scens,
3171 2526 3323 2597 venit
3374 2526 3441 2579 ad
3494 2525 3761 2595 palatium

2172 2584 2537 2664 qttod‘dicitur
2562 2584 2905 2665 Niumagum.
2939 2584 3126 2665 Ibique
3162 2585 3309 2650 veris
3354 2584 3601 2665 tempore
3650 2611 3768 2649 ma-

2173 2663 2328 2745 nens,
2355 2665 2562 2745 pascha
2597 2666 2765 2745 etiam
2785 2664 2982 2745 ibidem
3012 2663 3327 2745 celebravit.
3353 2663 3768 2745 Incipienteque

2172 2733 2398 2805 aestatis
2426 2745 2671 2805 tempore
2701 2735 2767 2788 ad
2790 2733 2961 2801 Aquis
2989 2734 3249 2801 palatium
3276 2733 3578 2799 revertens,
3604 2733 3769 2789 exer-

2172 2804 2340 2887 citum
2364 2806 2419 2858 in
2456 2803 2951 2887 Saioniamnmislt.
2985 2805 3353 2887 Transitoque
3372 2805 3565 2887 Rheno
3589 2820 3772 2887 gene-

2173 2872 2343 2944 ralem
2382 2883 2705 2944 conventum
2736 2873 3071 2927 Francorum
3102 2872 3290 2929 habuit
3340 2877 3517 2944 iuxta_
3542 2872 3770 2944 Lippiae

2173 2942 2400 3015 fontem.
2437 2942 2775 3015 Sumptoque
2807 2944 2931 2997 inde
2958 2944 3171 3015 itinere,
3194 2950 3296 3013 per
3321 2937 3771 3015 Saxonlanipro-

2174 3013 2371 3078 fectus,
2403 3013 2589 3069 castra
2608 3022 2842 3069 metatus
2868 3022 2952 3068 est
2980 3014 3031 3067 in
3059 3014 3179 3068 loco
3203 3015 3293 3082 qui
3312 3016 3515 3069 dicitur
3536 3013 3773 3068 Boltlon-

2174 3092 2283 3137 stat
2314 3083 2714 3155 (Holdonstat).
2738 3084 2796 3137 in
2836 3084 3035 3155 quibus
3078 3087 3277 3138 castris
3319 3085 3489 3139 etiam
3522 3082 3767 3155 iSclavo—

2176 3169 2293 3207 rum
2323 3154 2596 3223 principes
2622 3153 2930 3208 adfuerunt.
2983 3153 3227 3220 Quorum
3273 3156 3453 3210 causis
3501 3154 3773 3224 discussis

2174 3224 2229 3277 e't
2256 3222 2549 3278 secundum
2578 3224 2867 3295 arbitrium
2897 3224 3195 3295 dispositis,
3220 3240 3398 3295 regem
3431 3223 3538 3295 illis
3581 3222 3772 3279 Trasi—

2171 3305 2368 3374 ‘eonein
2414 3293 2716 3374 constituit.
2782 3293 3065 3374 iiisslsque
3112 3295 3235 3349 inde
3278 3293 3610 3374 exercitibus

2171 3374 2276 3433 per
2296 3363 2540 3418 diversas
2572 3371 2758 3433 partes
2786 3362 3073 3425 Saxoniae,
3111 3374 3217 3417 tam
3242 3364 3481 3437 perﬁdos
3503 3363 3624 3419 illos
3648 3362 3771 3488 get)

2178 3449 2315 3488 (tuos
2344 3436 2487 3488 ultra
2514 3432 2724 3487 Albiam
2747 3434 3057 3488 transierat.
3084 3450 3245 3488 quam
3278 3434 3398 3488 illos
3429 3434 3519 3488 aui
3550 3436 3603 3488 in
3723 3436 3768 3488 i-

2178 3432 2487 3503 quosrultra
2514 3432 2724 3503 Albiam
2747 3434 3057 3495 transierat,
3084 3432 3255 3503 quam
3278 3434 3398 3489 illos
3429 3432 3519 3502 qui
3550 3436 3603 3488 in
3648 3432 3768 3489 Wi-

2217 3500 2350 3557 tnoti
2379 3502 2691 3567 manebant,
2722 3511 2778 3557 et
2802 3500 3179 3572 frequentibus
3207 3500 3486 3558 maleficiis
3514 3505 3773 3573 populum

2225 3583 2459 3627 aXonttm
2484 3590 2512 3627 a
2548 3574 2633 3625 via
2664 3574 2910 3627 veritatis
2939 3582 3265 3636 averterant,
3295 3584 3419 3627 cum
3449 3574 3776 3629 mulieribus

2186 3652 2242 3697 et
2269 3642 2563 3713 infantibus
2591 3644 2701 3697 Deo
2748 3644 3041 3696 auxiliante
3078 3644 3483 3711 sapientissima
3536 3644 3773 3713 disposi-

2185 3714 2332 3767 tione
2355 3714 2420 3767 de
2451 3712 2691 3784 Saxonia
2727 3727 2825 3780 per
2849 3712 3093 3784 diversas
3138 3714 3255 3766 vias
3297 3713 3555 3784 dirigens,
3585 3712 3775 3769 fundi-

2187 3791 2273 3836 ttts
2300 3783 2700 3853 exterminavit,
2726 3790 2780 3853 et
2810 3796 2910 3853 per
2932 3781 3136 3836 Gallias
3175 3781 3493 3851 ceterasque
3524 3784 3777 3853 regiones

2187 3854 2337 3923 regni
2361 3853 2440 3906 sui
2474 3853 2591 3907 sine
2620 3851 2722 3905 ulla
2767 3852 3006 3923 laesione
3044 3855 3321 3923 exercitus
3368 3853 3452 3907 sui
3493 3851 3773 3921 dispersit.

2182 3922 2387 3977 Eodem
2413 3930 2659 3992 tempore
2682 3922 3005 3977 Godefridus
3024 3931 3131 3976 etc.
3150 3923 3185 3977 9
3205 3922 3288 3994 b.]

2309 4012 2410 4138 ἐξ]
2428 4015 2663 4155 1basilica
2689 4012 2833 4069 beati
2864 4012 3094 4085 Remigii
3123 4015 3210 4085 cpi
3242 4015 3361 4084 copi
3397 4022 3453 4069 et
3491 4012 3775 4071 confess).

2214 4100 2226 4137 Ι
2407 4122 2419 4135 .

2178 4099 2278 4137 TIS.
2309 4099 2342 4137 υ
2368 4099 2419 4137 ι).

2338 4170 2395 4255 ,__[
2420 4172 2569 4254 lude.
2595 4174 2801 4255 pariter
2833 4174 3262 4255 proﬁciscentes,
3302 4181 3673 4255 pervenerunt
3709 4173 3778 4255 a_d

475 4245 603 4287 cum
649 4230 741 4300 qui
790 4228 991 4283 dicitur
1045 4225 1351 4296 Sliesthorp
1394 4226 1440 4257 ’θ
1467 4224 1494 4265 ά
1516 4266 1531 4290 ,
1562 4225 1617 4280 in
1648 4226 1889 4281 conﬁnio
1922 4226 2068 4296 regni

2176 4224 2513 4314 suasua;
2525 4224 2799 4297 minus
2813 4224 3289 4314 ,ἳὶιᾞιὶἷὶιῖὶῆἷὲεᾈ
3304 4224 3639 4314 35.55123?
3654 4224 3775 4298 col:

475 4320 560 4376 sui
591 4327 649 4375 et
683 4317 977 4374 Saxoniae.
1025 4314 1288 4370 Promisit
1326 4314 1505 4381 enim,
1534 4329 1595 4370 se
1634 4315 1703 4369 ad
1746 4315 2076 4387 colloquium

476 4410 825 4482 imperatoris
862 4415 1175 4472 venturum,
1208 4407 1304 4462 sed
1335 4407 1379 4437 “
1408 4406 1635 4461 consilio
1662 4420 1885 4462 suorum
1936 4407 2079 4462 inbi-

476 4504 622 4559 bitus
660 4500 732 4573 ie.
761 4516 808 4555 s.
834 4499 1062 4554 territus
1090 4496 1156 4550 Α.
1194 4495 1306 4567 L.],
1335 4495 1558 4565 propius
1598 4495 1642 4526 “
1668 4510 1779 4549 non
1817 4497 2067 4552 accessit.
2100 4482 2153 4541 υ

476 4594 778 4666 Imperator
800 4597 985 4647 autem
1015 4601 1179 4658 super
1206 4586 1461 4659 [accessit
1489 4586 1584 4642 sed
1610 4586 1869 4657 quicquid
1901 4587 2072 4642 voluit

2182 4312 2425 4381 loquium
2453 4329 2744 4384 germanae
2781 4329 2910 4369 suae
2944 4312 3145 4379 Gislae,
3175 4312 3411 4383 quae'in
3459 4315 3542 4368 his
3576 4312 3779 4384 diebus

2182 4383 2516 4454 aegrotabat,
2541 4383 2609 4438 ad
2649 4383 2836 4439 Calam
2873 4392 3262 4440 monasterium
3307 4385 3569 4454 pervenit.
3616 4383 3779 4437 Frui-

2181 4460 2376 4522 tusque
2396 4452 2528 4507 eius
2548 4454 2839 4523 colloquio,
2864 4455 2931 4509 ad
2958 4452 3503 4510 Carisiacum‘villam
3532 4452 3776 4523 Lemniam

2180 4528 2587 4595 papam,gquem
2620 4522 2763 4593 apud
2792 4533 3037 4595 sancitum
3084 4524 3409 4595 yedardum
3440 4522 3771 4595 derelique-

2179 4600 2285 4656 rat,
2314 4593 2417 4649 sibi
2446 4592 2663 4648 obviam
2694 4594 2877 4649 venire
2908 4592 3055 4649 fecit.
3083 4593 3293 4649 Deinde
3316 4593 3349 4648 9
3378 4592 3461 4665 b.]

1726 4676 2120 4736 VARIANTES
2157 4683 2561 4741 LECTIONES.

549 4778 568 4808 ί
607 4772 936 4855 ειιδεραρδω
1037 4774 1092 4828 2.
1199 4774 1228 4855 ξ
1252 4772 1313 4854 vri

475 4849 620 4973 inlip.l
646 4842 859 4943 '6.
996 4845 1018 4876 ⁸
1046 4859 1171 4926 cum
1215 4842 1349 4913 ipsis
1390 4842 1443 4945 .B

551 4957 564 4971 .
621 4930 927 4973 eaaaonem
958 4914 1130 4969 francr
1159 4914 1204 4967 Β
1242 4914 1295 4967 2.
1447 4928 1541 4969 mtt

475 4988 639 5044 saltat
656 4988 709 5040 6.

1199 4774 1218 4804 ¹
1252 4772 1549 4843 winegisus
1577 4771 1622 4825 Β
1652 4770 1708 4843 2.
1734 4772 2067 4843 iwin'mhisus
2105 4772 2150 4825 B
2179 4773 2231 4828 6.

1679 4842 1981 4897 ‘helen’am
2036 4842 2089 4895 5.
2150 4844 2202 4898 4.
2269 4842 2529 4899 harenam
2582 4846 2636 4900 5.

1390 4914 1413 4945 ⁸
1447 4913 1678 4969 michael
1704 4913 1754 4967 l.
1785 4914 1838 4969 3.
1872 4913 1923 4968 9.
1954 4912 2002 4966 B
2035 4914 2086 4967 7.

791 4988 830 5018 “
867 4983 1281 5056 paciende_B_2.
1346 4984 1402 5056 A‘A’
1442 4986 1790 5056 susciperth
1820 4982 1866 5056 Β
1892 4984 1972 5056 2.Δ
2027 4985 2071 5015 ⁸³
2095 4984 2278 5056 Ειίὴίο
2305 4987 2357 5039 d.
2391 4985 2431 5038 Β
2462 4986 2514 5039 7.
2596 4986 2640 5017 “
2671 4982 3000 5056 aquasgrani
3024 4984 3086 5056 BA
3122 4986 3176 5039 5.

2323 4774 2343 4805 ³
2374 4776 2640 4847 grimaldo
2668 4776 2713 4829 Β
2734 4776 2788 4830 2.
2813 4777 2865 4847 5A.
2891 4775 3190 4847 grimoaldo
3226 4776 3284 4847 9.
3360 4775 3383 4806 ⁸
3406 4776 3565 4847 missi
3586 4777 3778 4832 dormi

2358 4844 2641 4928 :enamnS;
2744 4847 2800 4928 η’
2830 4844 3101 4928 frant'ica‘e
3154 4844 3509 4928 4.__fra'nciae
3548 4846 3608 4928 8._
3636 4848 3685 4901 Β

2201 4914 2221 4945 ⁸
2251 4915 2495 4970 callistus
2524 4914 2570 4970 Β
2610 4916 2664 4969 7.
2744 4917 2785 4947 ¹⁰
2826 4912 3009 4985 εθΙιηΒ
3048 4915 3103 4969 2.
3155 4915 3286 4970 saliz
3328 4915 3375 4971 B
3428 4918 3480 4971 6.
3533 4916 3698 4971 salzt.
3723 4917 3777 4972 5.

2201 4984 2278 5039 hic
2305 4987 2357 5039 d.
2391 4985 2431 5038 Β
2462 4986 2514 5039 7.
2596 4986 2640 5017 “
2671 4984 3000 5041 aauasstrani
3031 4984 3077 5039 Β
3122 4986 3176 5039 5.
3254 4986 3301 5017 ⁸⁵
3350 4988 3491 5041 deest
3520 4985 3565 5039 B
3594 4985 3654 5040 2.
3738 4988 3780 5019 “

474 5058 675 5113 albiam
700 5057 753 5109 in
783 5053 1111 5111 wilicmuodi
1138 5054 1180 5107 Β
1208 5053 1263 5106 2.
1343 5054 1382 5084 "
1417 5053 1713 5108 wihinuodi
1739 5054 1793 5106 3.
1824 5054 1875 5107 7.
1908 5054 2124 5109 wimodi
2158 5055 2209 5109 4.
2246 5056 2486 5109 winuodi
2513 5056 2566 5110 5.
2599 5053 2868 5109 wim’uodi
2883 5056 2935 5109 6.
2964 5054 3299 5111 wichmuodi
3338 5056 3383 5110 Β
3410 5056 3466 5111 6.
3516 5056 3779 5111 wimuadi

476 5128 522 5183 Β
554 5129 607 5181 7.
686 5122 729 5157 ⁸⁸
752 5142 875 5181 eum
906 5127 1045 5179 deest
1074 5126 1123 5178 l.

1206 5124 1258 5195 “7
1281 5125 1557 5195 mueribus
1580 5122 1624 5175 Β
1652 5124 1705 5195 2.
1772 5123 1830 5195 βο
1863 5123 2108 5179 sliestorf
2127 5127 2179 5179 5.
2213 5126 2503 5195 snesthorp

2528 5126 2581 5181 6.
2612 5126 2957 5192 scliesthorp.
3008 5124 3060 5177 4.
3114 5125 3371 5182 suesthor
3409 5126 3463 5180 5.
3513 5126 3719 5180 licstho

478 5199 524 5252 Β
548 5198 601 5251 7.
677 5198 720 5227 ἰ
752 5198 796 5250 si
828 5195 873 5248 Β
902 5195 956 5247 2.
1034 5196 1079 5225 “
1111 5194 1388 5263 propicius
1416 5193 1457 5245 Β
1490 5194 1543 5247 2.
1621 5194 1668 5224 ⁸⁸
1696 5194 2059 5249 holdunestcti
2111 5198 2163 5249 4.
2218 5193 2587 5262 holdunstetin
2644 5196 2695 5249 9.
2748 5194 3091 5249 boldunstein
3119 5194 3164 5247 Β
3191 5194 3245 5251 6.
3281 5197 3606 5250 hodumsteti
3642 5195 3693 5248 Β
3722 5193 3774 5249 7.

479 5268 528 5338 ξδ
566 5267 852 5322 reddendis
881 5280 1066 5338 mense
1096 5273 1232 5338 scpt.
1267 5263 1394 5338 9.]?
1424 5266 1476 5317 7.
1555 5264 1601 5295 ³⁵
1625 5265 1678 5319 d.
1718 5266 1787 5319 ad
1810 5265 2147 5320 a‘rducnnam
2172 5264 2217 5318 Β
2242 5266 2296 5319 2.
2376 5266 2421 5298 ’⁸
2450 5266 2609 5338 petiit
2638 5265 2684 5319 Β
2713 5265 2769 5322 2.
2847 5265 2890 5296 ’⁷
2924 5273 3179 5334 suscepto
3235 5268 3414 5337 primo
3462 5268 3775 5321 carsiacum

2006 5404 2237 5461 NOTAE.

475 5337 524 5397 Β
548 5338 602 5394 2.
680 5338 724 5369 ⁸³
757 5338 884 5392 inde
916 5334 1231 5404 aquisgrani
1263 5333 1308 5386 B
1330 5334 1382 5390 9.

548 5514 575 5542 ι
614 5498 919 5563 Candidati,
945 5495 1273 5553 scltolarium
1313 5495 1366 5549 in
1398 5496 1600 5565 palatio
1642 5496 1951 5562 classismd
1978 5513 2073 5552 cu-

477 5572 711 5629 stodiam
743 5572 1134 5639 imperatorum
1182 5566 1431 5623 adhibiti.

548 5663 579 5705 δ
618 5658 1001 5732 Kdnigshofen.

552 5767 574 5797 ε
616 5755 813 5827 Pagus,
844 5755 895 5809 in
926 5770 1036 5825 quo
1067 5754 1280 5819 Brcma,
1311 5752 1453 5808 intra
1482 5750 1659 5807 Albim
1690 5761 1745 5807 et
1772 5752 2068 5808 Wisoram.

2223 5497 2275 5579 ,ἀ
2321 5497 2635 5567 διἸιιεειιιΞ9;
2674 5497 2771 5567 trig
2796 5496 2941 5551 enim
2966 5497 3268 5563 civitatem,
3300 5498 3454 5567 tlmrp
3485 5498 3668 5553 villam
3700 5497 3782 5552 in-

2182 5569 2647 5691 dlimilollenstcdt
2699 5638 2907 5692 duobus
2952 5637 3024 5692 ab
3070 5638 3226 5693 Albia
3272 5637 3601 5692 milliarilius
3647 5634 3782 5691 Ger-

2183 5706 2433 5769 manicis,
2462 5722 2491 5759 c
2523 5707 2750 5761 meridie
2778 5724 2845 5776 op
2886 5708 2960 5766 idi
2992 5706 3408 5778 llarburg;jam
3442 5723 3612 5777 supra
3638 5720 3783 5761 anno

2183 5777 2288 5833 795
2320 5776 2466 5832 Litne
2498 5792 2621 5833 cum
2649 5777 2811 5833 fluvio
2836 5724 2961 5833 ὥΒὶ
2992 5778 3247 5833 coniungi
3282 5777 3541 5833 vidimus.

2183 5777 2288 5833 795
2320 5776 2466 5832 Litne
2498 5792 2621 5835 cum
2649 5777 2811 5834 fluvio
2836 5776 2961 5841 Albi
2992 5776 3247 5851 conjungi
3282 5776 3541 5837 vidimus}
