3928 6314
180 399 289 457 ⁸65

179 603 365 673 sitque
390 603 532 673 apud
560 602 711 656 illum
761 602 877 657 dies
933 611 1077 668 octo,
1107 611 1163 659 et
1208 602 1351 657 sicut
1396 602 1597 657 dictum
1643 609 1757 665 est,

183 692 413 750 Romam
439 693 734 763 repedavit.
764 690 856 763 [Et
875 694 1129 748 inmutat.
1158 700 1244 749 est
1272 707 1531 747 numerus
1565 706 1758 747 annor.

180 784 238 839 tn
270 784 335 837 Α.
366 783 453 856 ι..]

254 896 341 916 ⁶⁶⁶⁶
375 893 511 965 [Rex
559 909 689 951 vero
737 896 999 965 reliquam
1047 901 1258 965 partem
1308 895 1504 950 hiemis
1552 896 1606 949 in
1658 896 1763 950 iam

179 964 330 1036 dicto
356 964 556 1033 palatio
581 964 871 1036 peragens,
890 964 1091 1036 pascha
1139 966 1351 1019 Domini
1398 981 1523 1025 cum
1567 967 1763 1035 gaudio

180 1035 500 1106 celebravit.
531 1036 565 1106 θ
593 1035 671 1106 b.]

178 1102 452 1229 gigbgdg
482 1102 824 1246 talireverum
873 1106 1159 1176 episcopus
1187 1104 1325 1161 obiit
1348 1105 1575 1161 Kalend.
1603 1104 1761 1161 Octo-

252 1191 316 1228 ιδ.
455 1213 471 1227 .
539 1215 551 1226 .

252 1191 316 1228 ιί.
349 1191 471 1227 ΠΖ.
498 1191 551 1227 ὓ.

252 1354 369 1409 Non
414 1356 584 1411 multo
618 1364 741 1427 post
765 1357 1048 1427 Capeanus
1076 1359 1132 1423 ⁸,
1173 1359 1425 1429 princeps
1461 1357 1760 1426 Hunorum,

179 1455 415 1517 ριόριειι,
427 1448 806 1503 necessitatem
829 1449 1010 1520 populi
1042 1448 1124 1503 sui
1151 1450 1533 1519 imperatorem
1556 1451 1690 1505 adiit
1720 1451 1761 1515 ³,

178 1535 462 1603 postulans
515 1534 539 1566 ⁸
575 1536 678 1591 sibi
725 1524 919 1593 locum?
957 1538 1073 1593 dari
1120 1538 1191 1592 ad
1231 1538 1581 1595 habitandum
1626 1541 1767 1595 inter

181 1620 466 1678 Sabariam
494 1636 519 1663 ει
550 1632 604 1681 et
632 1624 966 1681 Carnuntum
996 1625 1017 1655 '
1039 1626 1089 1691 δ,
1114 1627 1240 1696 quia
1276 1636 1500 1697 propter
1545 1627 1767 1684 infesta-

180 1712 385 1769 tionem
428 1712 744 1769 selavorum
776 1715 829 1769 in
856 1714 1099 1784 pristinis
1139 1716 1357 1771 sedibus
1386 1732 1506 1773 esse
1536 1733 1639 1773 non
1670 1735 1765 1788 po-

182 1806 341 1856 terat.
392 1800 413 1832 ⁸
449 1802 619 1869 Quem
660 1803 952 1871 imperator
1005 1804 1238 1873 benigne
1277 1807 1515 1876 suscepit
1541 1838 1615 1849 —
1645 1816 1764 1862 erat

176 1891 327 1950 enim
368 1891 650 1962 Capcanus
669 1893 696 1923 ‘
728 1894 1078 1957 Christianus,
1113 1896 1331 1950 nomine
1357 1896 1759 1953 Theodorus——

177 1990 235 2039 et
262 1984 517 2053 precibus
546 1984 662 2039 eius
684 2000 947 2049 annuens,
964 1984 1279 2041 muneribus
1305 1986 1565 2041 donatum
1586 1988 1764 2043 redire

176 2074 447 2145 permisit.
502 2072 604 2140 Qui
645 2074 862 2129 rediens
891 2075 912 2107 ⁸
934 2074 1001 2128 ad
1033 2076 1289 2145 populum
1337 2093 1515 2143 suum,
1545 2094 1716 2147 pauco
1741 2082 1761 2110 "

179 2174 426 2235 tempore
449 2174 725 2222 transacto
748 2167 888 2222 diem
914 2166 1065 2221 obiit.
1117 2168 1183 2222 Et
1230 2170 1378 2225 misit
1423 2169 1669 2241 Caganus
1720 2171 1762 2202 '°

176 2272 348 2312 unum
379 2258 445 2313 de
487 2258 839 2329 optimatibus
872 2260 911 2289 υ
949 2259 1097 2323 suis,
1125 2269 1316 2329 petens
1353 2262 1455 2316 sibi
1503 2263 1762 2318 honorem

175 2349 463 2421 antiquum
485 2391 497 2415 ,
523 2365 684 2419 quem
738 2348 989 2421 Caganus
1022 2350 1063 2381 “
1100 2351 1241 2420 apud
1280 2350 1464 2406 Hunos
1495 2352 1537 2382 ¹⁸
1566 2352 1764 2407 habere

173 2438 401 2494 solebat.
434 2438 599 2494 Cuius
641 2440 892 2510 precibus
927 2439 1222 2510 imperator
1271 2441 1558 2496 adsensum
1607 2456 1762 2511 prae-

173 2530 314 2594 buit,
346 2535 400 2583 et
436 2544 705 2584 summam
733 2530 898 2585 totius
924 2530 1075 2601 regni
1120 2530 1270 2585 iuxta
1298 2530 1537 2601 priscum
1572 2546 1762 2586 eorum

174 2618 343 2672 ritum
364 2616 639 2687 Caganum
672 2618 715 2649 “
746 2618 947 2673 habere
987 2619 1263 2688 prmeepit.
1312 2618 1514 2674 Eodem
1557 2634 1697 2674 anno
1742 2620 1760 2640 ‘

172 2708 328 2763 misit
351 2710 651 2763 exercitum
680 2724 839 2763 suum
865 2724 985 2763 cum
1014 2708 1124 2763 filio
1152 2724 1249 2763 suo
1279 2708 1441 2763 Karlo
1471 2708 1525 2762 in
1558 2716 1760 2764 terram

173 2798 515 2864 Sciat-orum,
544 2800 635 2873 qui
685 2806 949 2854 vocantur
992 2800 1035 2830 "
1066 2799 1306 2854 Beheimi
1336 2799 1381 2830 ¹⁶
1412 2800 1473 2852 ⁴⁹.
1507 2799 1608 2867 Qui
1647 2815 1759 2854 om-

170 2904 303 2945 nem
333 2890 373 2919 ¹⁷
408 2888 622 2943 illorum
640 2888 680 2920 ¹³
704 2889 937 2957 patriam
960 2888 1333 2963 depopulatus,
1358 2888 1550 2943 ducem
1571 2904 1761 2945 eorum

169 2980 396 3035 nomine
442 2980 746 3036 Bechonem
796 2980 837 3011 "
884 2980 1211 3053 [Lechonem
1241 2980 1304 3033 A.
1338 2979 1426 3052 L.]
1453 2981 1651 3037 occidit
1671 3023 1686 3047 ,
1709 2989 1763 3037 et

171 3068 311 3125 inde’
331 3086 631 3147 regressus,
651 3074 707 3126 in
736 3070 945 3141 Vosego
972 3072 1016 3102 ‘°
1033 3071 1165 3126 silva
1194 3073 1260 3127 ad
1288 3080 1498 3140 patrem
1528 3072 1758 3138 “venit,

170 3158 227 3213 in
255 3157 375 3214 loco
411 3162 503 3230 qui
547 3161 747 3216 dicitur
795 3161 961 3237 Camp
1006 3174 1055 3217 ο.
1089 3160 1223 3216 Nam
1280 3163 1575 3232 imperator
1626 3162 1760 3218 iulio

170 3268 365 3308 mense
392 3256 458 3307 de
488 3254 811 3325 Aquisgrani
847 3254 1146 3324 profectus,
1181 3269 1279 3323 per
1314 3254 1623 3309 Theodonis
1664 3254 1763 3308 vil-

170 3343 281 3397 iam
304 3346 349 3375 ²²
367 3354 531 3419 atque
557 3344 734 3399 Mettis
754 3344 1057 3421 [profectus
1072 3344 1274 3399 Theod.
1292 3359 1345 3397 v.
1368 3360 1419 3397 a.
1444 3358 1543 3413 per
1562 3342 1761 3398 Mettis.

169 3438 237 3490 Α.
256 3436 345 3507 Ι..]
378 3438 667 3501 transiens,
682 3436 951 3507 Vosegum
966 3436 1011 3467 ³³
1025 3436 1197 3506 petiit.
1219 3435 1403 3505 Ibique
1424 3435 1698 3489 venationi
1718 3434 1765 3465 “

169 3540 378 3579 vacans
411 3524 556 3595 heu.
594 3540 814 3595 Operam
848 3525 981 3579 dans
1018 3524 1082 3577 A.
1109 3523 1218 3596 L.],
1246 3534 1367 3593 post
1398 3525 1763 3579 reversionem

167 3618 452 3674 exercitus
476 3617 541 3671 ad
572 3615 850 3671 Rumerici
878 3615 924 3647 ’⁸
956 3614 1238 3669 castellum
1275 3613 1302 3652 ά
1336 3614 1631 3684 proiectus,
1664 3614 1767 3667 ibi-

164 3722 278 3777 que
307 3705 642 3775 aliquantum
664 3706 710 3737 '°
740 3707 997 3777 temporis
1032 3713 1294 3771 moratus,
1325 3707 1391 3760 ad
1417 3694 1765 3760 hiemandum

166 3796 225 3849 in
252 3793 712 3849 Theodonis-vilia
737 3794 937 3862 palatio
955 3808 1053 3847 suo
1082 3791 1345 3847 consedit.
1376 3790 1455 3845 Ibi
1483 3790 1552 3844 ad
1582 3792 1763 3846 eum"

168 3884 336 3938 ambo
359 3884 404 3913 ¹⁸
428 3883 524 3937 lilii
556 3883 637 3937 sui
667 3883 928 3951 Pippinus
950 3890 1004 3936 et
1026 3881 1321 3935 Hludoicus
1351 3887 1635 3945 venerunt,
1672 3894 1767 3934 ce-

165 3974 512 4043 lebravitque
535 3975 605 4029 ibi
631 3973 864 4028 natalem
882 3972 1113 4028 Domini.
1145 3970 1235 4043 [Et
1249 3971 1511 4025 inmutav.
1534 3984 1593 4025 se
1613 3986 1761 4024 num.

168 4081 368 4121 annor.
402 4066 454 4119 in
482 4064 548 4118 Α.
573 4064 661 4137 L.]

168 4227 213 4280 Α
243 4158 263 4175 ⁴
299 4154 619 4297 [ουὸῃὺεῖερι
644 4156 937 4227 imperator
975 4156 1030 4210 in
1054 4155 1278 4227 palatio,
1310 4154 1456 4225 quod
1489 4154 1654 4209 situm
1680 4162 1766 4210 est

220 4240 364 4297 quis.
492 4267 504 4277 .
724 4296 729 4297 γ
830 4296 835 4297 γ
1034 4295 1047 4297 ᾼ
1259 4294 1268 4297 Α
1638 4294 1649 4297 _

220 4240 364 4294 quis.
392 4240 426 4279 υ
454 4240 504 4279 n.

1662 392 2003 452 ANNALES.

181 517 399 580 itinere,
421 514 600 569 subito
635 514 703 567 ad
734 512 1114 583 imperatorem
1143 527 1310 582 usque
1328 511 1592 579 pervenit.
1618 509 1765 564 Man-
1791 512 1841 572 Α

3329 390 3433 445 400

1935 515 2153 562 netrare
2176 506 2455 578 praecipit.
2502 506 2714 565 Partem
2762 516 2942 565 autem
2988 507 3263 565 exercitus
3310 524 3450 568 cum.

1911 578 2063 632 arolo
2093 576 2239 648 rege,
2267 576 2377 634 ﬁlio
2409 594 2537 642 suo,
2560 594 2657 648 per
2683 580 3000 636 orientalem
3026 589 3234 648 partem
3263 578 3437 633 Frau-

1865 649 1985 703 ciae
2022 650 2126 720 seu“
2144 649 2464 720 Germaniae
2493 649 2569 720 ir_e
2596 651 2892 720 praecepit,
2921 658 2981 704 ut
3012 649 3249 720 Hii-cano
3292 649 3435 703 saltu

1866 718 2179 782 transiecta,
2206 718 2487 772 iamdictos
2521 718 2743 774 Sclavos
2779 718 3076 775 invaderet.
3101 719 3277 773 Aliam
3305 733 3437 773 vero

1935 796 2185 870 rtem_per
2206 786 2497 870 saxpniam
2520 787 2777 870 dirigens,
2792 797 2929 870 unen
2947 789 3117 870 altera
3138 798 3293 870 parte
3311 802 3438 870 cum

1907 858 2171 913 axonibus
2206 867 2263 912 et
2314 856 2794 913 innumerabilitus
2833 856 3071 925 Sclavis,
3098 856 3327 913 transito
3368 859 3439 911 ah

1865 928 2116 999 aquilone
2166 928 2421 983 iamdicto
2462 929 2623 992 saltu,
2662 928 2715 981 in
2762 928 2985 999 Sclavos
3036 934 3437 999 prorumperet.

1865 997 2048 1068 Tertia
2074 1012 2284 1067 quoque
2319 1012 2387 1051 ex
2413 1006 2566 1065 parte
2604 998 3001 1068 expeditionem
3038 997 3203 1053 totius
3246 997 3442 1051 Baioao

1865 1066 1978 1121 riae
2009 1068 2063 1120 in
2096 1066 2336 1122 eandem
2384 1068 2654 1128 regionem
2676 1066 2910 1128 'intrare
2944 1066 3119 1125 iussit.
3143 1067 3440 1128 Venientes

1866 1144 2046 1209 autem
2058 1137 2309 1209 undique
2338 1137 2392 1191 in
2417 1136 2703 1209 planiciem
2742 1136 2981 1203 Behemi,
3009 1137 3245 1209 universi
3259 1206 3276 1209 _
3280 1136 3437 1209 prin:

1866 1206 2012 1277 cipes
2043 1205 2379 1277 diversarum
2409 1211 2648 1276 gentium
2685 1206 2737 1260 in
2774 1214 3065 1277 conspectu
3088 1207 3229 1277 regis
3256 1205 3440 1277 Κατοιῇ

1866 1274 2247 1344 pervenerunt.
2289 1274 2666 1330 Castrametati
2721 1284 2851 1331 sunt
2883 1274 3062 1330 autem
3086 1274 3221 1330 haut
3251 1274 3439 1344 procul

1867 1342 1895 1397 a
1930 1360 1989 1399 se
2034 1344 2109 1398 illi
2151 1345 2571 1400 innumerabiles
2606 1346 2878 1401 exercitus
2919 1346 3206 1400 distantes.
3253 1342 3442 1405 Karoli

1866 1423 2045 1470 autem
2076 1416 2307 1497 regismet
2331 1416 2629 1495 principum
2653 1416 2744 1497 qui
2782 1430 2904 1469 cum
2928 1425 3181 1497 eo.erant
3214 1414 3443 1497 imperio

1865 1482 2171 1559 nsustotus
2207 1482 2630 1559 illeexercitus,
2668 1482 2847 1559 ipsam
2900 1482 3196 1559 regionem
3223 1482 3440 1559 invasit:

1869 1554 1974 1609 Sed
1998 1555 2175 1610 Sclavi
2206 1555 2346 1609 invia
2368 1563 2423 1608 et
2450 1555 2618 1608 saltus
2647 1552 3012 1623 penetrantes,
3043 1569 3101 1609 se
3129 1554 3353 1608 minime
3374 1552 3445 1606 ad

1867 1640 2100 1694 pugnam
2139 1634 2614 1694 praeparaverunt.
2673 1626 2894 1679 Vastata
2923 1633 3101 1678 autem
3130 1632 3188 1679 et
3222 1624 3445 1694 incensa

1938 1692 2056 1747 ξω
2083 1692 2198 1749 dies
2247 1692 2434 1763 eadem
2458 1694 2716 1763 regione,
2762 1694 2953 1747 ducem
2986 1708 3179 1763 eorum
3220 1692 3444 1763 nomine

1913 1766 2171 1818 echonem
2200 1762 2415 1819 occidit.
2451 1762 2517 1817 Et
2550 1762 2686 1817 dum
2727 1778 2828 1817 nec
2870 1763 2977 1817 iam
3024 1762 3216 1831 pabula
3265 1762 3442 1883 cauis,

1913 1842 1963 1883 ut
1992 1834 2195 1883 cibaria
2225 1834 2484 1883 exercitui
2516 1841 2891 1883 suneressent.
2916 1839 3124 1883 vastata
3166 1840 3224 1883 et
3264 1846 3294 1883 a
3361 1830 3442 1883 ni-

1870 1842 1963 1887 aut
1992 1834 2195 1888 cibaria
2225 1834 2484 1887 exercitui
2516 1841 2891 1901 superessent,
2916 1839 3124 1887 vastata
3166 1840 3224 1886 et
3264 1834 3331 1884 ad
3361 1834 3447 1885 nia

1867 1904 2035 1958 hilum
2057 1904 2274 1958 redacta
2307 1903 2410 1956 iam
2436 1902 2580 1956 dicta
2611 1903 2848 1972 regione,
2880 1902 2946 1955 ad
3000 1902 3216 1972 propria
3262 1914 3446 1972 rever-

1865 1988 1958 2029 sus
1995 1983 2098 2028 est.
2130 1972 2427 2041 Imperator
2461 1988 2592 2027 vero
2637 1969 2805 2042 ipsius
2852 1969 3078 2042 aestatis
3101 1969 3337 2039 'tempus
3383 1969 3455 2042 _i_n.

1864 2043 2151 2097 venatione
2170 2038 2227 2111 et
2250 2042 2576 2103 iocunditate
2598 2038 2883 2111 peragens,
2908 2056 3005 2110 per
3042 2038 3306 2111 Vosagtun
3337 2038 3439 2111 Asil-

1865 2126 1985 2166 vam
2034 2112 2157 2181 iter,
2183 2110 2418 2175 faciens,
2448 2108 2694 2181 pervenit
2738 2108 2813 2165 ad
2874 2108 3207 2181 locum_qui'
3245 2108 3446 2181 dicitur

1862 2181 2117 2251 Campus.
2148 2180 2331 2251 ibique
2356 2177 2562 2251 aliquot
2590 2180 2777 2236 diebus
2813 2195 3027 2235 moram
3059 2177 3283 2251 faciens,
3303 2177 3443 2233 diie—

1865 2249 2015 2305 ctuni
2035 2250 2201 2305 tilium
2229 2249 2386 2306 suum
2411 2249 2667 2305 Karolum
2690 2265 2871 2320 regem
2902 2250 2970 2305 ab
2991 2249 3337 2320 expeditione
3363 2262 3445 2320 re-

1865 2335 2227 2401 versumcum
2256 2320 2451 2401 gaudio
2475 2320 2731 2401 suscepit.
2942 2315 3080 2401 ver-9'
3098 2332 3285 2373 mense
3311 2315 3446 2401 iulio

1865 2390 1932 2471 de
1956 2386 2944 2471 AquisgrgniAprofectu‘snTheodonis
2966 2386 3149 2443 villam
3169 2388 3441 2459 pervenit,

1866 2468 2028 2531 atque
2054 2459 2152 2531 per
2179 2459 2377 2525 Mettis,
2402 2468 2506 2515 etc.
2546 2460 2579 2516 9
2608 2459 2691 2533 b.]

2508 2572 2770 2631 DCCCVI.

1936 2663 2131 2721 Statim
2171 2672 2296 2739 post
2329 2664 2570 2721 natalem
2597 2664 2815 2721 Domini
2844 2671 3110 2720 venerunt
3147 2659 3362 2718 Willeri
3396 2661 3445 2694 "

1865 2764 1922 2810 et
1958 2754 2189 2822 Beatus,
2234 2757 2401 2811 duces
2428 2754 2688 2811 Venetiae
2711 2796 2725 2820 ,
2757 2769 2969 2810 necnon
3010 2760 3065 2809 et
3105 2751 3307 2808 Paulus
3338 2752 3447 2808 dux

1862 2848 2082 2907 Iaderae
2112 2848 2156 2879 ³⁰
2192 2860 2215 2888 ο
2247 2856 2408 2918 atque
2436 2848 2480 2879 “
2508 2848 2747 2903 Donatus
2784 2847 3027 2903 eiusdem
3066 2846 3307 2903 civitatis
3334 2846 3447 2914 epi-

1865 2952 2079 3007 scopus,
2130 2938 2292 3009 legati
2321 2937 2693 2993 Dalmatarum
2719 2937 2764 2970 "
2791 2979 2805 3003 ,
2837 2938 2903 2991 ad
2928 2936 3294 3007 praesentiam
3340 2934 3446 2990 im-

1863 3027 2131 3097 peratoris
2174 3042 2298 3082 cum
2338 3028 2549 3096 magnis
2584 3027 2761 3083 donis.
2791 3026 2857 3081 Et
2891 3025 3034 3081 facta
3073 3033 3158 3081 est
3199 3025 3270 3080 ibi
3296 3025 3444 3079 ordi-

1864 3118 2013 3173 natio
2048 3119 2116 3174 ab
2157 3119 2483 3188 imperatore
2522 3117 2589 3173 de
2630 3116 2859 3174 ducibus
2889 3125 2944 3173 et
2982 3115 3195 3187 populis
3241 3114 3287 3147 ³⁸
3332 3122 3445 3168 tam

1789 3204 1833 3267 C
1866 3210 2123 3265 Venetiae
2158 3225 2319 3279 quam
2358 3210 2678 3265 Dalmatiae.
2723 3211 2939 3279 Illisque
2979 3208 3241 3264 absolutis
3262 3248 3277 3275 ,
3309 3224 3445 3263 con-

1863 3313 2083 3356 ventum
2112 3302 2302 3357 habuit
2338 3302 2632 3372 imperator
2669 3317 2791 3357 cum
2838 3301 3167 3371 primoribus
3212 3307 3268 3355 et
3303 3300 3447 3372 opti-

1866 3393 2101 3448 matibus
2130 3390 2465 3447 Francorum
2498 3393 2562 3447 de
2581 3408 2714 3462 pace
2744 3391 3122 3447 constituenda
3149 3398 3203 3445 et
3228 3403 3451 3445 conser-

1865 3482 2042 3537 vanda
2085 3483 2227 3536 inter
2270 3482 2408 3537 ﬁlios
2433 3497 2594 3547 suos,
2634 3490 2689 3536 ct
2726 3481 2988 3536 divisione
3020 3480 3174 3552 regni
3200 3481 3447 3534 facienda

1868 3572 1921 3626 in
1955 3578 2066 3625 tres
2090 3578 2275 3641 partes
2294 3610 2309 3635 ,
2337 3578 2399 3625 ut
2420 3571 2585 3626 sciret
2612 3571 2987 3640 unusquisque
3016 3570 3251 3635 illorum,
3283 3584 3449 3637 quam

1864 3669 2077 3730 partem
2108 3660 2246 3715 tueri
2287 3668 2345 3715 et
2369 3675 2559 3732 regere
2582 3661 2876 3723 debuisset,
2911 3661 2957 3714 si
2987 3667 3261 3731 superstes
3297 3658 3353 3690 ³*
3371 3658 3449 3710 illi

1869 3751 2143 3805 deveniret
2166 3750 2430 3821 [eveniret
2452 3750 2517 3804 Α.
2548 3749 2657 3821 L.].
2686 3750 2761 3804 De
2774 3750 2875 3804 hac
2894 3750 3185 3820 partitione
3206 3758 3261 3804 et
3282 3756 3451 3805 testa~

1868 3849 2107 3896 mentum
2160 3841 2403 3908 factum,
2461 3850 2515 3897 et
2567 3841 2916 3897 iureiurando
2984 3842 3052 3897 ab
3098 3840 3453 3911 Optimatibus

1866 3932 2200 3987 Francorum
2229 3931 2608 3991 conﬁrmatum
2628 3971 2643 3995 ,
2690 3939 2747 3985 et
2775 3931 3192 3986 constitutiones
3214 3931 3261 3962 "
3300 3929 3454 3998 pacis

1868 4020 2269 4075 conservandae
2320 4035 2485 4076 causa
2526 4018 2571 4050 “
2617 4018 2825 4085 factae,
2876 4028 3037 4088 atque
3090 4019 3224 4073 haec
3269 4017 3453 4074 omnia

1868 4112 2064 4171 litteris
2092 4113 2345 4170 mandata
2393 4121 2541 4178 sunt,
2591 4118 2647 4167 et
2688 4111 2855 4167 Leoni
2886 4126 3088 4181 papae,
3138 4119 3198 4165 ut
3225 4111 3310 4166 his
3348 4124 3452 4180 sua

1871 4216 2033 4254 manu
2062 4200 2452 4265 subscriberet,
2477 4216 2576 4270 per
2594 4200 2928 4255 Einhardum
2958 4198 3001 4231 ³⁷
3026 4200 3210 4255 missa.
3242 4197 3451 4265 Quibus

247 4291 287 4317 "
316 4294 392 4366 [et
426 4291 531 4367 per"
552 4304 663 4351 tres
683 4296 799 4350 vias
823 4296 878 4349 in
911 4295 1138 4357 eandem
1159 4294 1434 4365 regionem
1470 4294 1769 4348 exercitum
1795 4307 1847 4367 D
1872 4291 2113 4361 pontifex
2164 4291 2340 4359 lectis,
2377 4299 2434 4346 et
2469 4292 2757 4347 adsensum
2805 4293 3084 4363 praebuit,
3137 4301 3191 4347 et
3233 4292 3451 4365 propria

1420 4406 1813 4463 VARIANTES
1848 4408 2250 4465 LECTIONES.

246 4501 533 4574 iﬁig'todti
579 4512 682 4574 etc.
725 4503 975 4574 reperitur
1023 4502 1182 4574 etia‘m
1227 4501 1281 4553 in
1327 4514 1452 4553 ann.
1506 4496 1761 4574 uidens.

168 4573 299 4628 BS.
353 4568 590 4641 Eapanus
633 4573 686 4627 5.
738 4568 788 4626 6.
833 4588 1065 4627 cacanus
1113 4571 1166 4628 9.
1225 4584 1464 4637 caganus
1513 4569 1565 4641 7_.
1612 4568 1657 4641 Β
1686 4570 1738 4621 7.

170 4636 461 4699 carnotutit
503 4642 547 4694 Β
579 4642 630 4696 5.
674 4653 997 4696 coruuntum
1053 4641 1106 4701 5.
1160 4636 1481 4693 carnontum
1522 4636 1565 4690 Β
1622 4640 1673 4693 7.

171 4781 512 4905 $3121.81
546 4781 597 4834 5.
629 4781 683 4834 4.
713 4782 763 4835 5.
798 4781 849 4836 6.
894 4783 944 4835 7.

216 4892 229 4903 .
307 4890 320 4903 .
386 4891 398 4903 .
465 4891 477 4903 .
513 4866 783 4905 cancanus
807 4853 859 4905 5.
890 4867 944 4905 ca

175 4921 224 4952 "
262 4929 485 4974 vocatur
513 4922 725 4975 beheim
755 4923 805 4975 4.
885 4923 927 4953 ιθ

1848 4569 1869 4600 ³
1910 4568 2116 4625 addidit
2156 4568 2202 4622 Β
2258 4570 2312 4623 2.

1775 4639 2071 4709 °p01erant
2120 4639 2175 4692 4.
2227 4639 2279 4694 5.
2328 4640 2382 4694 6.

172 4712 228 4766 6.
261 4712 317 4766 8.
344 4713 395 4764 9.
420 4711 747 4781 captanusB
778 4712 829 4765 5.
861 4726 1101 4835 capenos
1128 4710 1179 4763 5.
1211 4710 1263 4764 6.
1296 4723 1531 4764 cacanus
1555 4708 1608 4762 9.
1636 4707 1872 4779 caganus
1899 4710 1949 4761 7.
1974 4707 2019 4760 Β
2048 4709 2099 4762 7.
2192 4709 2214 4740 ⁸
2245 4708 2561 4764 reddicnsB
2586 4709 2640 4762 2.
2716 4709 2737 4738 ’
2764 4723 2963 4776 paucos
3006 4707 3052 4760 B
3097 4708 3149 4760 2.
3208 4707 3211 4708 ⁷
3275 4707 3321 4741 ¹⁸
3362 4725 3455 4763 ca-

172 4781 351 4835 nanus
376 4782 425 4834 i.
459 4782 512 4834 2.
546 4781 597 4834 5.
629 4781 683 4834 4.
713 4782 763 4835 5.
798 4781 849 4835 6.
894 4783 944 4835 7.
987 4780 1033 4834 Β
1108 4821 1120 4833 .
1154 4779 1204 4834 5.
1241 4779 1297 4835 6.
1326 4780 1377 4831 7.
1402 4778 1453 4832 8.
1489 4794 1723 4833 cacanus
1748 4779 1801 4833 9.
1883 4779 1922 4809 ”
1954 4778 2304 4833 obtimatibus
2328 4778 2373 4832 Β
2394 4780 2451 4833 2.
2534 4780 2577 4809 ¹¹
2624 4792 2865 4835 cattanus
2912 4778 2963 4831 1.
2993 4776 3047 4831 2.
3072 4776 3125 4830 4.
3152 4777 3209 4831 6.
3238 4776 3289 4831 7.
3322 4778 3366 4831 Β
3394 4778 3451 4831 2.

987 4780 1033 4834 Β
1067 4776 1120 4835 2.
1154 4779 1204 4834 5.
1241 4779 1297 4835 6.
1326 4780 1377 4831 7.
1402 4778 1453 4832 8.
1489 4776 1726 4833 cacantis
1748 4779 1801 4833 9.
1883 4779 1922 4809 ”
1954 4778 2304 4833 obtimatibus
2328 4778 2373 4832 Β
2394 4780 2451 4833 2.
2534 4780 2577 4809 ¹¹
2624 4792 2865 4847 caganus
2912 4778 2963 4831 1.
2993 4776 3047 4831 2.
3072 4776 3125 4830 4.
3152 4777 3209 4831 6.
3238 4776 3366 4847 7.78
3394 4778 3451 4831 2.

263 4852 320 4903 6.
348 4851 398 4903 7.
426 4851 477 4904 8.
513 4866 783 4920 capcanus
807 4853 859 4905 5.
890 4866 1125 4920 capanus
1154 4850 1205 4903 5.
1238 4863 1473 4904 cacanus
1507 4848 1590 4920 9.»
1631 4848 1853 4920 A‘iapud
1881 4848 2055 4920 hones
2076 4848 2233 4920 deest
2258 4848 2303 4901 B
2332 4848 2385 4902 6.
2466 4848 2509 4920 ιε
2546 4863 2609 4920 c_a

1006 4920 1163 4975 :hcmi
1196 4921 1247 4973 7.
1273 4918 1594 4973 bchemanni
1619 4918 1671 4973 9.
1700 4918 1969 4973 behehuui
2002 4918 2044 4971 Β
2073 4919 2125 4971 7.

2073 4516 2176 4555 nus
2226 4500 2274 4553 1.
2326 4500 2380 4553 2.
2425 4499 2477 4553 5.
2532 4499 2586 4553 4.
2630 4495 2730 4570 (7.)
2771 4496 2894 4552 B2.
2934 4497 3062 4554 6.8.
3095 4498 3147 4553 9.
3188 4508 3452 4567 captantis

2075 4572 2116 4623 it
2156 4568 2202 4622 Β
2258 4570 2312 4623 2.
2412 4566 2734 4624 ‘nostolans
2778 4568 2823 4621 Β
2869 4568 2923 4622 2.
3029 4570 3050 4601 ⁸
3079 4577 3361 4622 carnutum
3393 4570 3447 4624 6.

2459 4576 2734 4641 postolans
2778 4576 2823 4621 Β
2869 4576 2923 4622 2.
3029 4576 3050 4601 '
3079 4577 3361 4622 carnutum
3393 4576 3447 4624 6.

2481 4640 2500 4670 ⁷
2524 4653 2812 4740 llpa‘pcanus
2862 4638 2909 4691 1.
2936 4637 2989 4691 2.
3014 4638 3071 4740 ξ.
3097 4638 3163 4740 ἐ.
3195 4636 3366 4740 (7.2.Β
3389 4638 3447 4694 2.

2192 4709 2214 4740 ⁸
2245 4708 2561 4764 reddicnsB
2586 4709 2640 4762 2.
2716 4709 2737 4738 ’
2764 4723 2963 4776 paucos
3006 4707 3052 4760 B
3097 4708 3149 4760 2.
3208 4707 3211 4708 ⁷
3275 4707 3321 4741 ¹⁸
3362 4725 3426 4763 ca

1862 4500 1887 4531 ί
1907 4515 2067 4569 capea

2650 4846 2812 4901 anum
2861 4863 2997 4900 corr.
3049 4862 3253 4917 cagano
3298 4846 3343 4900 Β
3394 4849 3449 4901 2.

2614 4864 2674 4971 ᾗ.
2782 4917 2823 4947 ιθ
2859 4918 3038 4970 omnia
3078 4917 3113 4968 i.
3148 4926 3203 4971 et
3230 4932 3284 4971 ι).
3315 4915 3358 4969 Β
3390 4918 3447 4971 7.

2226 4920 2267 4950 ⁸⁷
2308 4918 2515 4973 omnei
2549 4916 2593 4970 Β
2621 4915 2674 4971 6.
2782 4917 2823 4947 ¹⁸
2859 4918 3038 4970 omnia
3078 4915 3203 4971 iIet
3230 4932 3284 4985 p.
3315 4915 3358 4969 Β
3390 4918 3447 4972 7.

177 4989 222 5022 "
255 4990 552 5045 bechonem
584 4992 632 5043 l.
673 4992 728 5044 2.
768 4994 819 5046 5.
849 4993 901 5044 4.
931 4991 983 5045 5.
1018 4990 1068 5045 6.
1105 4990 1157 5042 7.
1190 4989 1491 5059 lectionem,
1516 4987 1568 5041 9.
1601 4986 1644 5041 Β
1682 4988 1735 5041 2.
1766 4988 1819 5059 5.
1853 4988 1913 5059 6.;
1934 4988 1986 5040 7.
2019 4990 2072 5044 8.
2146 4990 2193 5019 '°
2221 4989 2483 5059 vosegol.
2505 4988 2561 5059 3.
2592 4985 2728 5059 4._5.
2756 4985 2879 5059 6,8
2914 4986 2973 5059 2.
2996 4986 3137 5059 5:6:
3168 4987 3219 5041 8.
3248 5001 3450 5059 vosega

171 5061 232 5115 2.
264 5074 517 5129 vosegum
530 5060 582 5113 7.
601 5076 853 5130 vogesum
867 5062 922 5117 9.
938 5074 1154 5182 γνοίης
1177 5059 1221 5111 Β
1240 5058 1290 5110 7.
1313 5060 1385 5110 ita
1412 5058 1669 5138 deinceps.
1758 5058 1803 5088 ἰ
1822 5056 2438 5140 αόίητρςιθῑοτῡῐηβῖρι
2464 5057 2619 5111 codd.
2652 5056 2717 5109 Β.

177 5144 310 5182 cum
328 5128 394 5182 Β.
430 5128 483 5182 6.
571 5130 616 5161 ’⁸
643 5132 1019 5182 venationibus
1045 5130 1087 5182 Β
1149 5170 1161 5181 .
1254 5128 1301 5158 ’⁸
1329 5141 1579 5181 romerict
1618 5126 1730 5180 Β6.
1778 5142 2032 5182 rumorim
2054 5130 2105 5182 7.
2138 5129 2397 5182 rumrichi
2442 5127 2495 5182 9.
2534 5141 2717 5181 numer

1149 5170 1161 5181 .
1254 5128 1301 5158 ’⁸
1329 5125 1730 5181 τοηιετίεἴΒδ.
1778 5128 2032 5182 rumorici
2054 5130 2105 5182 7.
2138 5129 2397 5183 rumrichi
2442 5127 2495 5183 9.
2534 5126 2797 5181 numerici
2828 5125 2880 5179 4.

176 5144 310 5253 gum
328 5128 483 5184 8.6.
571 5130 616 5161 ’⁸
643 5128 1087 5212 venationibus}!

251 5199 307 5253 6.
403 5199 447 5228 ί*
469 5214 654 5253 eorum
695 5200 739 5253 Β
766 5202 819 5253 2.
895 5202 940 5233 ’⁸
972 5203 1082 5253 ibm

403 5199 447 5228 ”
469 5214 654 5256 eorum
695 5200 739 5253 Β
766 5202 819 5254 2.
895 5202 940 5233 ’⁸
972 5202 1173 5269 ibique
1202 5198 1360 5265 ambo
1390 5196 1459 5269 72.
1529 5197 1573 5227 "
1604 5197 1882 5269 wilharjus
1919 5197 1995 5269 9._
2032 5197 2268 5253 willerus
2314 5199 2364 5251 7.

946 5264 1126 5339 populi
1152 5268 1196 5321 Β
1228 5269 1281 5339 2.
1334 5268 1745 5339 A’fsuperestes
1773 5266 1824 5339 Β
1851 5267 1903 5339 2.
1952 5267 2026 5339 7”
2056 5269 2441 5339 constitutione
2464 5265 2585 5339 B2.
2653 5265 2707 5339 _'°
2733 5281 2894 5339 cause
2920 5264 2982 5317 Β.
3010 5264 3064 5339 _2.
3130 5264 3449 5339 ,πείρων-

178 5268 225 5301 ⁸¹
266 5267 643 5327 dalmatiarum
673 5270 714 5323 Β
747 5272 798 5323 7.
876 5272 921 5303 ³³

2816 5057 2861 5087 ’³
2884 5056 3009 5110 villa
3031 5056 3075 5109 Β
3101 5056 3153 5109 7.
3230 5058 3275 5087 ’³
3292 5072 3420 5111 vosa

2983 5126 3027 5156 "
3057 5126 3447 5194 aliquantulum

2473 5197 2517 5266 F°
2558 5197 2772 5251 ioderae
2813 5195 2857 5249 Β
2886 5195 2945 5266 7.
3023 5196 3082 5266 Α³¹
3112 5197 3285 5266 adque
3314 5195 3358 5248 Β
3386 5194 3442 5250 2.

179 5339 312 5393 dum
342 5339 409 5410 i._
432 5338 485 5392 2.
510 5339 563 5395 4.
599 5340 649 5393 7.
687 5340 729 5393 Β
786 5341 836 5395 5.
870 5342 921 5396 7.
947 5334 1233 5395 cinardum
1254 5337 1298 5391 Β
1327 5337 1379 5391 2.
1409 5334 1765 5392 heinhardum
1790 5337 1832 5391 Β
1862 5338 1911 5392 6.
1952 5338 2289 5392 hcinlardum
2316 5340 2369 5394 5.
2408 5336 2760 5410 eginhardum
2788 5335 2841 5391 9.
2875 5334 3241 5405 peruhardum
3268 5335 3321 5390 6.
3353 5350 3452 5406 per

179 5408 505 5464 einhardum
528 5410 670 5463 deest
698 5410 750 5464 5.

1690 5496 1916 5553 ΝΟΤᾸΞ.

252 5603 277 5630 ⁸
321 5589 543 5646 Samar.

1875 5585 2133 5658 Bruyeres
2160 5586 2225 5640 ad
2249 5588 2427 5642 rivum
2464 5586 2706 5658 Velogne,
2732 5603 2761 5642 a
2788 5587 3152 5658 septentrione
3176 5584 3451 5644 Romarit'i

252 5660 280 5698 δ
320 5657 611 5732 Heimburg
634 5659 887 5732 oppidum
915 5658 978 5713 ad
1001 5658 1323 5721 Danubium,
1369 5656 1421 5708 in
1461 5654 1691 5715 Austris:
1717 5665 1773 5709 et
1876 5654 2103 5732 montis,
2128 5658 2270 5732 etab
2294 5658 2505 5714 oriente
2527 5654 2750 5729 Spinalii
2776 5654 3035 5732 (Ερἱαι).

180 5729 476 5799 ΙΙιιηεδτίε
510 5728 832 5799 conﬁnibus.

270 5796 560 5872 f'Cltamps
625 5800 677 5854 in
737 5796 1118 5870 Lotharingia,
1176 5798 1299 5853 villa
1376 5810 1539 5867 parva
1602 5811 1769 5867 prope

1945 5724 1971 5763 ἀ
2006 5724 2372 5781 Remirentoul.

1953 5806 1974 5834 ε
2000 5793 2160 5849 Ζαγα.
