3928 6354
481 414 578 474 ιω

1781 422 2152 482 EGI‘NHARDI
2190 420 2483 475 ABBATIS

3667 428 3750 484 468

482 549 646 591 manu
688 536 1029 606 subscripsit.
1059 536 1361 607 Imperator
1380 578 1394 604 ,
1424 537 1650 592 dimiSso
1672 547 1903 607 utroque
1922 536 2034 591 ﬁlio
2057 539 2072 570 ι
2103 544 2154 600 Α
2178 537 2464 592 undecima
2496 546 2649 608 parte
2676 541 2932 611 Virginis.
2968 540 3102 595 Nam
3125 551 3187 599 et.
3207 542 3364 597 stella
3395 542 3652 598 Mercurii
3699 545 3750 599 l6

480 628 539 685 in
568 643 797 698 regnum
825 628 929 685 sibi
953 629 1291 699 deputatum,
1336 627 1566 699 Pippino
1608 629 1817 684 scilicet
1859 638 1914 682 et
1939 628 2070 682 Hla-

480 721 657 788 doico,
707 721 776 776 de
801 721 932 777 villa
972 720 1285 778 Theodonis
1333 721 1460 794 [Th.
1509 722 1712 793 palatio
1743 721 1810 778 Α.
1857 720 2073 794 L.]per

477 816 754 873 Mosellam
785 824 842 872 et
887 815 1140 871 Rhenum
1169 814 1408 871 secunda
1447 830 1588 886 aqua
1618 813 2008 885 Noviomagnm
2048 815 2069 847 '

477 908 788 980 navigavit,
833 909 1018 978 ibique
1062 907 1084 939 ³
1125 916 1375 963 sanctum
1415 907 1888 978 quadragesimale
1931 906 2068 960 ieiu-

475 1000 627 1054 nium
669 1006 732 1055 et
772 997 1204 1064 sacratissimam
1251 999 1488 1068 paschae
1534 995 1886 1053 festivitatem
1929 995 2071 1051 cele—

474 1090 674 1162 bravit.
701 1091 769 1145 Et
796 1090 921 1146 inde
946 1097 1075 1160 post
1092 1105 1205 1162 non
1231 1088 1434 1144 multos
1462 1087 1580 1144 dies
1604 1086 1950 1159 Aquasgrani
1979 1099 2072 1139 ve-

474 1161 654 1242 niens.
687 1181 912 1238 Karlum
951 1161 1125 1236 filium
1154 1195 1314 1236 suum
1343 1182 1407 1236 in‘
1428 1189 1636 1235 terram
1683 1179 2005 1235 Sclavorum
2048 1179 2069 1210 ⁸

475 1273 570 1344 qui
597 1274 853 1330 dicuntur
883 1271 904 1304 ⁸
931 1270 1150 1336 Sorabi,
1181 1279 1237 1326 et
1273 1269 1476 1327 sedent
1507 1268 1724 1342 [Sorabi
1755 1269 1847 1343 qui
1874 1269 2069 1324 sedent

472 1366 538 1420 Α.
570 1362 662 1436 L.]
714 1379 882 1435 super
906 1363 1091 1419 Albim
1114 1362 1135 1394 '
1169 1361 1429 1427 ﬂuvium,
1459 1376 1588 1417 cum
1613 1361 1858 1417 exercitu
1894 1359 2064 1423 misit,

472 1457 531 1511 in
560 1471 669 1527 qua
697 1456 1046 1528 expeditione
1093 1454 1387 1510 Miliduoch
1421 1455 1443 1487 "
1483 1453 1803 1508 Sclavorum
1846 1452 1957 1506 dux
1985 1452 2068 1505 in-

472 1545 733 1603 terfectus
758 1553 872 1611 est,
903 1546 1119 1620 duoque
1153 1544 1377 1600 castella
1405 1545 1473 1599 ab
1496 1542 1742 1598 exercitu
1763 1540 2063 1606 aedificata,

470 1653 642 1693 unum
689 1651 852 1708 super
883 1637 1057 1708 ripam
1095 1634 1335 1691 ﬂuminis
1380 1620 1572 1701 Salae,
1625 1634 1855 1689 alterum
1914 1633 2066 1688 iuxta

469 1721 692 1784 ﬂuvium
728 1727 910 1784 Albim
946 1740 994 1780 α.
1037 1726 1359 1797 Sclavisque
1403 1725 1636 1796 pacatis,
1695 1724 1894 1780 Karlus
1939 1739 2062 1778 cum

473 1819 722 1878 exercitu
761 1832 1079 1888 regressus,
1114 1817 1167 1872 in
1199 1815 1320 1872 loco
1365 1817 1460 1887 qui
1489 1817 1687 1872 dicitur
1728 1814 1846 1871 Silli
1869 1816 1890 1846 '
1920 1817 1948 1856 δ
1975 1830 2066 1870 su-

2173 628 2293 682 Kal.
2330 627 2534 698 Aprilis
2572 632 2686 685 visa
2725 640 2809 687 est
2839 633 2894 686 in
2924 633 3036 687 sole
3065 635 3221 703 quasi
3244 649 3412 704 parva
3441 635 3656 689 macula
3680 638 3748 690 ni-

2173 734 2286 788 gra,
2330 719 2606 788 paululum
2647 722 2898 793 superius
2921 725 3099 779 media
3137 725 3176 757 ¹⁷
3213 724 3411 797 [nigra,
3451 726 3642 782 tamen
3659 743 3708 796 p.
3731 744 3752 783 s

2171 810 2350 864 medio
2361 813 2424 864 Α.
2441 810 2528 882 L.]
2544 821 2731 868 centro
2743 815 2981 869 eiusdem
2996 815 3208 880 sideris,
3221 832 3359 885 quae
3373 832 3403 870 a
3417 816 3576 873 nobis
3589 817 3632 848 ³⁸
3647 829 3752 874 octo

2171 900 2286 956 dies
2307 902 2657 972 conspicitur.
2705 904 2746 934 "
2780 903 2885 962 Sed
2912 907 3127 973 quando
3155 907 3393 974 primum
3423 908 3652 972 intravit
3678 910 3750 963 vel

2170 992 2370 1057 exivit,
2402 993 2636 1049 nubibus
2665 994 3080 1064 impedientibus
3105 996 3326 1050 minime
3354 1005 3546 1052 notare
3575 998 3753 1070 [adno-

2175 1093 2290 1141 tare
2328 1086 2392 1140 A.
2431 1085 2519 1158 L.]
2551 1088 2844 1157 potuimus.
2893 1088 2936 1118 ‘°
2965 1088 3166 1144 lterum
3215 1104 3403 1143 mense
3448 1090 3679 1160 Augusti
3712 1092 3750 1122 ’ί

2172 1179 2259 1233 Η.
2295 1178 2410 1233 Kal.
2447 1175 2727 1250 Septemb.
2766 1181 2997 1252 eclypsis
3031 1181 3197 1236 lunae
3235 1180 3377 1236 facta
3412 1190 3496 1237 est
3537 1183 3671 1236 hora
3714 1183 3752 1213 "

2173 1272 2352 1327 noctis
2386 1274 2565 1337 tertia,
2596 1273 2711 1327 sole
2739 1274 2918 1343 posito
2951 1274 3004 1328 in
3034 1275 3223 1345 quinta
3256 1282 3413 1342 parte
3443 1273 3683 1344 Virginis
3706 1282 3755 1328 et

2172 1365 2298 1420 luna
2328 1366 2384 1420 in
2423 1365 2613 1434 quinta
2633 1373 2793 1434 parte
2822 1365 3080 1420 Piscium.
3115 1365 3312 1435 Sicque
3342 1366 3411 1420 ab
3443 1368 3572 1422 anni
3603 1383 3751 1436 supe-

2170 1455 2333 1510 rioris
2366 1454 2706 1524 Septembrio
2737 1457 2999 1525 usque‘ad
3030 1456 3156 1510 anni
3182 1458 3485 1526 praesentis
3517 1457 3754 1527 Septem-

2169 1546 2347 1602 brium
2381 1553 2463 1600 ter
2489 1545 2618 1601 luna
2647 1547 2938 1601 obscurata
2981 1555 3064 1600 est
3099 1557 3154 1600 et
3181 1547 3260 1601 sol
3288 1547 3477 1601 semel.
3518 1547 3753 1602 Radber-

2171 1644 2258 1691 tus
2285 1635 2352 1703 ’³,
2384 1634 2585 1690 missus
2627 1635 2970 1708 imperatoris
2997 1676 3012 1701 ,
3046 1636 3138 1706 qui
3175 1636 3240 1690 de
3269 1637 3479 1691 oriente
3521 1650 3752 1691 reverte-

2168 1725 2361 1791 batur,
2413 1724 2700 1780 defunctus
2738 1733 2856 1789 est,
2907 1733 2960 1779 et
3007 1725 3215 1795 legatus
3256 1727 3399 1796 regis
3446 1725 3752 1790 Persarum,

2171 1818 2392 1873 nomine
2419 1816 2665 1882 Abdella,
2697 1830 2820 1872 cum
2851 1816 3132 1870 monachis
3161 1816 3227 1871 de
3261 1815 3595 1870 Hierusalem
3625 1858 3638 1880 ,
3670 1817 3752 1885 qui

467 1925 566 1980 per
604 1909 780 1980 ripam
830 1908 1011 1964 Mosae
1055 1907 1295 1964 ﬂuminis
1339 1907 1408 1962 ad
1456 1908 1843 1978 imperatorem
1892 1906 2060 1976 venit.
2093 1895 2140 1953 Β
2168 1909 2437 1980 legatione
2463 1909 2704 1964 Thomae
2733 1909 3078 1978 patriarchae
3105 1909 3487 1980 fungebantur,
3531 1927 3755 1980 quorum

467 1997 637 2054 Missa
667 2005 751 2053 est
778 2006 835 2053 et
858 2013 1058 2053 manus
1095 1999 1161 2053 de
1200 1997 1449 2051 Baioaria
1471 2006 1527 2052 et
1550 1995 1876 2052 Alamannia
1902 2003 2063 2065 atque

467 2089 785 2159 Burgundia
809 2088 951 2144 sicut
974 2103 1118 2143 anno
1143 2087 1422 2158 superiore
1445 2087 1500 2141 in
1517 2095 1722 2142 terram
1743 2084 1996 2140 Beeheim
2015 2083 2057 2152 ’,

466 2187 793 2250 vastataque
823 2187 1005 2235 terrae
1032 2179 1396 2237 nonminima
1425 2177 1697 2248 portione,
1727 2178 1930 2247 absque
1950 2175 2062 2238 ullo

463 2273 619 2344 gravi
647 2271 992 2329 incommodo
1017 2285 1286 2342 regressa.
1309 2271 1514 2327 Eodem
1537 2285 1683 2327 anno
1705 2271 1761 2330 in
1782 2261 2062 2328 Corsicam

463 2360 700 2420 insulam
748 2367 939 2418 contra
977 2357 1195 2416 Mauros
1243 2361 1340 2431 qui
1388 2371 1523 2415 eam‘
1544 2358 1832 2414 vastabant
1870 2357 2062 2414 classis

461 2453 530 2510 de
550 2451 704 2508 italia
734 2466 767 2506 a
788 2450 1017 2521 Pippino
1046 2450 1218 2505 missa
1245 2457 1350 2515 est,
1380 2451 1534 2505 cuius
1561 2451 1851 2511 adventum
1886 2447 2058 2502 Mauri

459 2558 573 2600 non
595 2550 948 2613 expectantes
979 2543 1399 2608 abscesserunt;
1435 2558 1577 2597 unus
1615 2551 1796 2598 tamen
1837 2548 2055 2596 nostro—

460 2650 607 2702 rum,
655 2633 1003 2690 lladumarus
1033 2648 1219 2688 comes
1252 2633 1294 2664 "
1323 2631 1565 2687 civitatis
1597 2631 1840 2697 Genuae,
1866 2631 2058 2700 inpru-

462 2726 658 2785 denter
681 2731 873 2779 contra
907 2738 1004 2779 eos
1033 2722 1300 2778 dimicans
1328 2723 1543 2778 occisus
1580 2731 1682 2777 est.
1709 2721 1767 2776 In
1796 2720 2056 2791 Hispania

456 2833 591 2875 vero
624 2816 856 2873 Navarri
888 2818 929 2849 ἰ
961 2824 1017 2872 et
1042 2812 1487 2887 Pampilonenses
1535 2812 1597 2880 “,
1632 2815 1726 2886 qui
1763 2813 2060 2884 superiori-

455 2910 563 2966 bus
583 2909 742 2973 annis
766 2909 836 2964 ad
866 2905 1202 2965 Sarracenos
1239 2908 1282 2940 ³³
1313 2906 1656 2973 defecerant,
1697 2907 1753 2961 in
1784 2906 1945 2962 ﬁdem
1971 2923 2057 2962 re—

456 3000 601 3072 cepti
631 3008 778 3062 sunt,
827 2997 1032 3054 Classis
1068 3014 1100 3052 a
1142 2996 1381 3054 Nicil‘oro
1421 2997 1786 3068 imperatore,
1822 2997 1908 3053 cui
1965 2995 2058 3052 Ni-

456 3100 581 3148 ceta
598 3091 858 3162 patricius
875 3097 1152 3162 praeerat,
1163 3089 1228 3143 ad
1247 3089 1656 3160 reciperandam
1673 3089 1716 3120 “
1729 3089 2055 3148 Dalmatiam

455 3184 713 3248 mittitur,
756 3191 811 3240 et
845 3182 1009 3253 legati
1047 3181 1141 3251 qui
1170 3188 1297 3236 ante
1334 3187 1594 3251 quattuor
1630 3179 1745 3235 fere
1777 3196 1952 3236 annos
1981 3180 2051 3234 ad

2166 2001 2387 2060 nomina
2417 2000 2569 2055 fuere
2596 1999 2862 2070 Georgius
2891 2009 2946 2056 et
2972 2000 3125 2055 Felix
3164 2000 3275 2074 [hic
3297 2000 3564 2071 Georgius
3603 2000 3650 2032 "
3680 2013 3757 2056 est

2166 2091 2305 2146 abba
2332 2092 2388 2145 in
2418 2099 2604 2145 monte
2632 2089 2850 2155 Oliveti,
2899 2097 2953 2145 et
2999 2091 3084 2146 cui
3124 2091 3296 2162 patria
3331 2090 3627 2146 Germania
3655 2101 3755 2156 est,

2165 2183 2260 2254 qui
2317 2183 2481 2238 etiam
2532 2182 2753 2253 proprio
2805 2191 3035 2237 vocatur
3081 2183 3301 2239 nomine
3349 2179 3666 2250 Egilbaldus
3713 2185 3755 2215 "

2163 2273 2303 2328 Ann.
2336 2271 2528 2344 Laut]
2572 2273 2641 2328 ad
2677 2273 3063 2341 imperatorem
3091 2279 3492 2342 pervenerunt,
3529 2287 3754 2327 munera

2164 2365 2473 2423 deferentes
2511 2379 2651 2436 quae
2678 2364 2988 2436 praedictus
3030 2379 3125 2419 rex
3157 2364 3474 2434 imperatori
3507 2364 3754 2429 miserat,

2161 2458 2218 2512 id
2242 2465 2328 2513 est
2352 2457 2681 2527 papilionem
2708 2463 2763 2512 et
2789 2455 3025 2519 tentoria
3054 2455 3181 2508 atrii
3214 2454 3361 2526 [atrii
3384 2455 3540 2509 vario
3569 2456 3756 2511 colore

2160 2543 2310 2607 facta
2352 2545 2415 2600 Α.
2466 2543 2557 2619 L.]
2595 2544 2767 2601 mirae
2793 2543 3183 2614 magnitudinis
3214 2551 3269 2597 et
3293 2541 3750 2612 pulchritudinis;

2159 2644 2318 2691 erant
2364 2635 2512 2690 enim
2553 2636 2741 2691 omnia
2778 2635 3023 2699 bissina,
3079 2641 3188 2689 tam
3227 2633 3460 2690 tentoria
3493 2650 3657 2706 quam
3706 2643 3758 2689 et

2158 2724 2319 2781 funes
2378 2740 2609 2790 eorum,
2664 2722 2901 2779 diversis
2941 2723 3108 2778 tincta
3154 2723 3449 2778 coloribus.
3515 2721 3758 2778 Fuerunt

2157 2823 2439 2884 praeterea
2466 2827 2691 2872 munera
2711 2812 2946 2882 praefati
2976 2813 3121 2884 regis
3144 2812 3308 2884 pallia
3327 2812 3490 2867 sirica
3516 2812 3562 2843 ’⁸
3588 2813 3755 2867 multa

2157 2913 2212 2960 et
2247 2904 2519 2977 preclusa,
2547 2912 2602 2958 et
2625 2904 2822 2959 odores
2845 2912 3009 2972 atque
3040 2909 3313 2974 unguenta
3339 2911 3393 2956 et
3413 2901 3751 2969 balsamum;

2158 3012 2260 3053 nec
2285 3012 2393 3052 non
2418 3004 2473 3052 et
2501 2995 2842 3067 horologium
2877 3010 2946 3051 ex
2978 2995 3254 3050 auricalco
3283 3002 3402 3048 arte
3431 2995 3755 3050 mechanica

2157 3087 2387 3146 mirifice
2422 3088 2792 3158 conpositum,
2818 3089 2871 3142 in
2895 3103 3003 3157 quo
3029 3088 3313 3142 duodecim
3336 3087 3755 3149 horarum.cur-

2158 3193 2253 3252 sus
2278 3177 2347 3232 ad
2393 3177 2719 3247 clcpsidram
2764 3178 3112 3243 vertebatur,
3164 3193 3288 3231 cum
3320 3177 3546 3232 totidem
3578 3178 3755 3233 aereis

459 3274 579 3347 [qui
605 3247 808 3329 dudum
836 3247 992 3327 a.'A.
1023 3247 1114 3344 Li]
1147 3284 1332 3344 regem
1350 3247 1661 3327 —Persarum
1701 3271 1855 3326 missi
1892 3280 2047 3337 sunt,
2077 3247 2122 3309 (ἶ
2154 3247 2356 3338 pilulis,
2385 3284 2524 3338 quae
2575 3271 2642 3324 ad
2673 3269 3084 3340 completionem
3113 3268 3367 3322 horarum
3400 3268 3745 3334 decidebant,

459 3379 564 3436 per
608 3364 756 3433 ipsas
795 3362 1130 3417 Graecarum
1169 3362 1390 3416 navium
1430 3361 1697 3416 stationes
1735 3361 2051 3426 transvecti,

455 3459 524 3514 ad
567 3457 869 3512 Tarvisiani
904 3456 949 3489 ¹⁵
976 3463 1168 3528 portus
1203 3454 1628 3526 receptaculum,
1672 3452 1819 3507 nullo
1863 3452 2054 3506 adver-

455 3547 726 3607 sarion
763 3548 1064 3614 sentiente,
1108 3547 1349 3619 regressi
1395 3553 1540 3602 sunt.
1582 3544 1886 3615 imperator
1913 3543 2054 3597 cele-

453 3648 639 3706 bravit
663 3647 901 3704 natalem
932 3647 1145 3702 Domini
1175 3646 1524 3720 Aquisgrani.
1562 3643 1652 3719 [Et
1681 3644 1936 3700 inmutat.
1969 3651 2054 3699 est

454 3746 718 3797 numerus
746 3752 945 3793 annor.
977 3738 1033 3795 in
1065 3738 1130 3791 Α.
1170 3735 1262 3809 L.]

1108 3866 1397 3924 DCCCYll.

531 3979 683 4035 Anno
728 3981 1011 4047 superiore
1047 3980 1102 4033 4.
1148 3978 1288 4034 Non.
1325 3977 1631 4049 Septembr.
1667 3977 1772 4035 ibit
1812 3978 2050 4050 eclypsis
2126 3983 2129 3985 ‘

454 4069 644 4136 lunae;
694 4081 823 4125 tunc
849 4071 1027 4124 stabat
1055 4068 1135 4124 sol
1167 4069 1220 4122 in
1254 4069 1462 4124 decima
1498 4077 1651 4123 sexta
1688 4077 1845 4138 parte
1870 4068 2050 4139 Virgi-

453 4159 561 4224 nis,
583 4156 714 4212 luna
745 4164 928 4211 autem
956 4158 1010 4210 in
1037 4156 1250 4211 decima
1277 4164 1432 4212 sexta
1459 4165 1614 4227 parte
1635 4156 1909 4221 Piscium;
1942 4156 2048 4212 hoc

455 4257 638 4306 autem
681 4259 824 4302 anno
866 4247 1042 4318 pridie
1076 4245 1193 4309 Kal.
1239 4245 1403 4304 Febr.
1455 4247 1557 4301 fuit
1593 4247 1636 4278 ¹⁶
1665 4247 1790 4302 luna
1837 4248 2047 4302 decima

457 4341 708 4410 septima,
741 4338 956 4408 quando
996 4336 1152 4391 stella
1196 4335 1338 4400 lovis
1387 4337 1542 4405 quasi
1583 4351 1684 4406 per
1717 4353 1841 4392 eam
1872 4345 2050 4394 trans;

456 4433 537 4486 ire
572 4432 688 4488 visa
714 4440 818 4494 est,
854 4437 907 4483 et
933 4431 984 4484 5.
1016 4429 1094 4492 1d.
1124 4428 1286 4484 Febr.
1321 4426 1425 4483 fuit
1454 4429 1689 4500 eclypsis
1714 4430 1843 4488 solis
1867 4431 2045 4490 media

455 4523 564 4586 die,
599 4530 781 4576 stante
809 4528 1040 4589 utroque
1069 4521 1250 4575 sidere
1273 4520 1330 4581 in
1371 4520 1633 4576 vicesima
1665 4522 1853 4591 quinta
1890 4531 2045 4592 parte

2070 4585 2123 4643 D

2155 3367 2206 3414 et
2243 3374 2375 3414 casu
2410 3375 2508 3414 suo
2534 3360 2837 3417 subiectum
2869 3359 2973 3413 sibi
3004 3357 3297 3412 cimbalum
3338 3357 3540 3411 tinnire
3579 3355 3753 3413 {acie-

2151 3448 2321 3513 bant,
2361 3447 2562 3501 additis
2593 3447 2648 3501 in
2689 3447 2881 3502 eodem
2911 3446 3154 3504 eiusdem
3183 3444 3394 3500 numeri
3432 3445 3713 3514 equitibus
3736 3485 3753 3511 ,

2154 3535 2247 3606 qui
2294 3550 2394 3604 per
2438 3535 2723 3590 duodecim
2769 3534 3040 3590 fenestras
3079 3534 3362 3605 completis
3409 3534 3570 3589 horis
3601 3535 3730 3590 exie

2152 3624 2301 3687 bant,
2334 3633 2388 3678 et
2417 3624 2630 3694 inpulsu
2664 3625 2997 3696 egressionis
3035 3639 3165 3678 suae
3193 3623 3418 3677 totidem
3452 3622 3753 3689 fenestras,

2154 3726 2292 3785 quae
2317 3711 2469 3781 prius
2513 3721 2669 3766 erant
2707 3721 2928 3783 apertae
2952 3753 2967 3778 ,
3004 3713 3360 3776 claudebant;
3409 3726 3509 3765 nec
3547 3726 3660 3766 non
3701 3718 3757 3766 et

2152 3803 2263 3868 alia,
2286 3805 2455 3861 multa
2483 3813 2642 3867 erant
2675 3805 2729 3858 in
2761 3804 2878 3877 ipso
2910 3803 3212 3874 horologio,
3253 3817 3394 3872 quae
3439 3817 3586 3856 nunc
3615 3819 3756 3859 enu-

2153 3912 2368 3955 merare
2412 3896 2634 3967 longum
2655 3903 2778 3959 test.
2808 3896 3053 3952 Fuerunt
3094 3903 3376 3966 praeterea
3409 3893 3552 3950 inter
3587 3909 3754 3971 prae-

2151 3987 2293 4050 dicta
2338 4003 2563 4047 munera
2614 3988 2940 4044 candelabra
2984 3973 3094 4043 duo
3137 4003 3205 4042 ex
3238 3987 3514 4042 auricalco
3565 3989 3754 4043 mirae

2149 4079 2540 4149 magnitudinis
2557 4088 2611 4134 et
2632 4079 3014 4149 proceritatis;
3042 4095 3180 4149 quae
3205 4083 3384 4133 omnia
3410 4079 3462 4132 in
3488 4079 3752 4147 Aquense

2151 4169 2354 4244 [omnia
2383 4173 2552 4243 Aquis
2585 4175 2650 4230 Α.
2684 4173 2770 4247 L.]
2797 4174 3012 4245 palacio
3037 4176 3104 4230 ad
3143 4176 3528 4245 imperatorem
3557 4175 3751 4229 delata

2150 4269 2294 4316 sunt.
2331 4263 2631 4332 Imperator
2672 4263 2908 4334 legatum
2942 4275 2996 4319 et
3026 4266 3320 4320 monachos
3359 4281 3458 4335 per
3496 4265 3753 4336 aliquan—

2146 4356 2264 4406 tum
2294 4357 2502 4419 tempus
2531 4367 2716 4407 secum
2745 4354 3006 4418 retinens,
3048 4355 3101 4408 in
3145 4354 3355 4408 italiam
3387 4355 3613 4420 direxit,
3670 4367 3752 4412 at-

2147 4455 2253 4510 que
2295 4440 2369 4496 ibi
2415 4456 2509 4514 eos
2551 4449 2765 4514 tempus
2813 4445 3172 4514 navigationis
3205 4454 3496 4513 expectare
3545 4445 3746 4511 iussit;

2148 4509 2617 4602 eodemqueLanno
2642 4509 3016 4593 liurchardtim
3043 4536 3086 4566 "
3131 4509 3391 4592 comitem
3414 4536 3614 4593 stabuli
3661 4509 3751 4592 sui

452 4623 696 4693 Aquarii.
729 4623 932 4676 lterum
958 4620 1012 4675 4.
1038 4620 1155 4676 Kal.
1190 4620 1348 4675 Mart.
1379 4619 1480 4675 fuit
1509 4621 1741 4692 eclypsis
1769 4621 1956 4674 lunae.
1991 4630 2046 4675 et
2070 4619 2123 4643 ν
2150 4637 2273 4676 cum
2314 4623 2488 4679 classe
2524 4626 2672 4681 misit
2719 4627 2775 4680 in
2819 4625 3132 4692 Corsicam,
3168 4636 3230 4681 ut
3273 4643 3392 4682 eam
3436 4644 3465 4682 a
3506 4628 3748 4697 Mauris,

453 4720 822 4782 apparuerunt
856 4713 1002 4767 acies
1031 4710 1219 4766 eadem
1251 4720 1408 4766 nocte
1432 4711 1601 4765 mirae
1631 4708 2036 4781 magnitudinis,

453 4815 508 4860 et
537 4806 617 4861 sol
661 4805 812 4859 stetit
840 4805 892 4857 in
923 4803 1206 4858 undecima
1236 4812 1391 4875 parte
1422 4800 1664 4860 Piscium
1683 4840 1698 4864 ,
1729 4809 1784 4856 et
1816 4800 1941 4855 luna
1983 4801 2039 4855 in

2148 4715 2238 4783 qui
2279 4717 2646 4786 superioribus
2689 4719 2846 4774 annis
2879 4718 3007 4774 illuc
3034 4721 3357 4789 praedatum
3387 4719 3570 4774 venire
3607 4736 3753 4776 con-

2148 4810 2474 4870 sueverant,
2530 4804 2878 4873 defenderet;
2928 4808 3022 4880 qui
3072 4808 3224 4862 iuxta
3283 4809 3751 4865 consuetudinem

1677 4911 2061 4969 VARIANTES
2089 4913 2488 4970 LECTIONES.

529 5014 545 5045 ⁸
576 5013 686 5065 lilio
715 5021 774 5063 ut
806 5024 1031 5078 regnum
1062 5008 1105 5059 Β
1130 5010 1184 5062 5.
1264 5009 1283 5038 ³
1316 5008 1696 5078 naviumagugn
1717 5007 1772 5078 ὅ.

453 5081 728 5137 annalium
767 5076 1028 5132 Einhardi
1071 5079 1159 5130 10.
1237 5080 1256 5109 ⁸
1290 5079 1384 5147 qui
1409 5076 1606 5147 dicitur
1635 5076 1681 5130 Β
1712 5077 1766 5134 2.

453 5154 632 5206 duohc
671 5151 715 5202 Β
750 5150 804 5202 2.
834 5148 1123 5201 mibduoch
1152 5147 1194 5205 Β
1220 5148 1271 5202 6.
1308 5145 1368 5218 ί⁸
1397 5148 1515 5218 sylli
1540 5145 1586 5201 Β
1618 5147 1650 5200 8

1847 5006 2146 5061 ³⁸1ὺί85.

1861 5076 1882 5108 ⁸
1905 5077 2106 5134 albiam
2134 5076 2178 5130 Β
2210 5077 2262 5131 2.

1779 5146 1798 5176 '
1826 5147 2071 5208 beeheim
2104 5165 2241 5201 corr.
2269 5149 2483 5204 beheim
2515 5152 2562 5206 l.
2603 5153 2816 5207 beheim
2837 5150 2888 5204 4.
2923 5152 2975 5206 5.
3007 5152 3052 5207 Β
3086 5155 3136 5207 6.
3179 5153 3647 5209 behemannornm
3686 5158 3744 5211 9.

2252 5009 2274 5040 "
2312 5009 2380 5084 in;
2405 5017 2606 5084 terram
2633 5013 3054 5084 sclavorumﬁis
3097 5014 3307 5084 uocibus
3338 5014 3519 5084 incipit
3557 5017 3747 5072 codex

2361 5082 2380 5110 ⁷
2408 5082 2703 5137 iniliduobc
2731 5082 2784 5137 4.
2819 5081 3074 5137 milidiicb
3104 5083 3157 5138 5.
3193 5081 3453 5138 miliduob
3495 5083 3545 5136 6.
3595 5089 3746 5142 mihi

455 5224 498 5254 ³ο
528 5219 766 5294 ςοῐηίελΒ
800 5220 858 5294 2.
1007 5217 1068 5294 Α¹¹
1094 5218 1279 5294 navari
1383 5217 1435 5270 5.
1515 5220 1557 5249 "
1590 5217 2109 5294 pampelonenses‘Q;
2191 5218 2285 5294 {{a
2305 5222 2758 5294 sarracenisng'l.
2840 5221 3304 5294 ‘freciperandarn
3337 5225 3384 5276 l.
3425 5223 3478 5276 2.
3515 5221 3622 5294 (5.)
3651 5227 3743 5280 10.

451 5291 818 5370 recipiendam
836 5287 978 5370 ιζ
1000 5286 1060 5370 (ὶὲ
1084 5287 1138 5370 Β
1157 5287 1210 5370 2.
1227 5287 1291 5370 A5.
1312 5286 1828 5370 6._recupera‘ndami
1926 5288 1977 5341 9.
2207 5289 2250 5318 ⁸⁵
2274 5291 2586 5370 iuravisiani
2607 5292 2650 5344 Β
2753 5286 3088 5370 ῐξιτνίξεξηῖἹ.

453 5364 507 5416 1.
567 5357 637 5458 7;"
663 5359 932 5458 rnedquS?‘
947 5358 999 5412 5.
1032 5359 1083 5410 7.
1193 5357 1276 5411 l0.
1359 5359 1399 5388 ⁸⁸
1423 5373 1563 5427 quae
1601 5366 1657 5412 et
1677 5374 1713 5458 ἓ
1745 5359 1900 5458 rhob‘is
1926 5366 2047 5411 octo
2074 5359 2188 5412 dies
2211 5361 2644 5458 conspiciebatur
2669 5361 2733 5414 B.
2767 5361 2818 5415 9.

455 5442 575 5458 ,ιη-ι.
685 5447 699 5458 ι
900 5445 909 5458 .
940 5444 1023 5458 nnrn
1079 5438 1334 5458 ιιιπὶΛΙηιιΛ
1379 5429 1649 5458 “ninam-.0
1921 5429 2093 5458 nnlnn:
2136 5430 2306 5458 nnlnn:l
2337 5430 2364 5458 ιλ.
2555 5446 2735 5458 Μηηηη
2780 5446 2818 5458 η.

898 5429 1025 5481 item
1078 5431 1335 5482 adnotare
1379 5429 1652 5498 potuimus
1677 5428 1727 5481 9.
1761 5428 1793 5481 9
1834 5428 1886 5481 b.
1921 5429 2096 5480 notari

452 5442 577 5488 octo
605 5431 637 5484 9
668 5431 721 5483 b.

452 5503 498 5534 ³³
528 5500 822 5554 radberdus
850 5499 898 5552 i.
930 5499 1220 5552 ratbertus.
1249 5499 1297 5551 7.
1317 5498 1369 5552 9.
1400 5498 1444 5550 Β
1476 5499 1526 5550 7.

453 5589 512 5625 ca
545 5573 590 5625 l.
618 5572 670 5624 2.
696 5570 749 5623 5.
784 5569 828 5621 Β
857 5567 908 5619 2.
940 5569 990 5622 5.
1025 5568 1076 5622 ϐ.
1153 5570 1196 5599 ²⁷
1231 5568 1594 5639 bnrgburdum
1623 5567 1667 5620 B
1694 5567 1746 5619 2.

1626 5498 1669 5527 ’³
1693 5498 1780 5553 hic
1806 5498 2019 5567 georius
2047 5498 2089 5551 Β
2119 5498 2169 5552 6.

3180 5293 3222 5324 ⁸⁸
3248 5291 3407 5347 Febr.
3457 5291 3582 5348 luna
3633 5295 3747 5352 fuit

2915 5362 2957 5392 ¹⁹
2985 5379 3014 5416 a
3052 5364 3205 5418 nobis
3230 5365 3558 5434 mnSpicitur
3588 5367 3741 5421 dies.

2171 5430 2310 5483 otuit
2478 5432 2521 5460 ²¹
2554 5446 2736 5486 mense
2779 5434 2992 5501 augusti
3024 5433 3088 5486 l0
3116 5434 3159 5486 Β
3184 5434 3236 5487 6.
3341 5430 3384 5464 η
3416 5435 3549 5489 liora
3593 5437 3646 5490 Β
3680 5436 3740 5492 2.

2295 5501 2341 5531 ³⁸
2371 5501 2680 5571 egelbaldus
2704 5501 2748 5554 Β
2775 5501 2827 5556 5.
2860 5503 2913 5557 6.
2945 5504 3294 5574 engelbaldus
3331 5503 3377 5557 Β
3401 5507 3453 5558 7.

3529 5505 3572 5536 ³⁸
3605 5507 3747 5561 siri-

1950 5660 2180 5717 ΝΟΤᾸΞ.

525 5767 552 5826 ογ
584 5750 737 5826 ηαιιε
770 5760 821 5826 ct
851 5754 1080 5826 alterum
1107 5765 1291 5813 contra
1323 5754 1665 5826 Magilcburg.
1693 5752 1795 5808 CF.
1825 5752 2026 5808 Chron.

456 5823 724 5881 Muissiac.
754 5823 820 5877 ad
852 5825 903 5878 lt.
935 5842 983 5879 a.

2212 5756 2237 5796 δ
2271 5753 2426 5823 Sclle,
2460 5755 2523 5811 ad
2547 5755 2792 5811 dextram
2820 5756 2979 5813 Mosa:
2999 5754 3168 5826 ripam
3187 5797 3200 5822 ,
3232 5770 3400 5826 prope
3431 5755 3659 5812 Dinant.
