3928 6306
200 388 307 444 469

1675 386 2022 452 ANNALES.

3345 383 3451 438 470

199 513 354 555 suam
375 501 439 553 de
467 500 760 568 Hispaniae
782 499 976 570 gressi,
1001 499 1174 568 primo
1199 483 1504 551 Sardiniam
1528 495 1737 565 adpulsi
1760 495 1772 524 ¹
1804 521 1850 579 Α
1879 494 2158 548 cuiusdam
2187 495 2366 564 oppidi
2397 509 2519 549 cum
2550 492 2797 562 plurimis
2823 494 3092 548 Danorum
3125 493 3448 560 primoribus

199 598 368 652 sunt,
427 589 607 658 ibique
652 603 773 642 cum
832 587 1019 643 Sardis
1081 587 1285 656 proelio
1344 586 1670 650 commisso,
1722 594 1776 639 et

197 680 386 733 multis
420 695 638 734 suorum
677 680 892 734 amissis
918 710 988 720 ——
1019 693 1142 732 nam
1193 679 1291 731 tria
1329 675 1474 732 milia
1523 676 1595 732 ibi
1637 676 1778 732 ceci-

195 768 340 823 disse
355 770 714 838 perhibentur
743 801 810 809 —
836 771 887 824 in
916 769 1192 826 Corsicam
1224 779 1372 823 recto
1395 783 1556 823 cursu
1581 781 1774 838 perve-

193 867 411 913 nerunt.
444 858 520 917 lbi
551 859 746 914 iterum
779 860 833 913 in
859 859 1093 928 quodam
1115 866 1272 928 portu
1296 857 1536 912 eiusdem
1566 855 1775 918 insulae

193 963 318 1002 cum
339 949 510 1004 classe
531 949 618 1003 cui
642 949 984 1009 Burchardus
1005 950 1029 981 ’
1053 956 1328 1019 praeerat,
1356 947 1561 1017 proelio
1589 949 1774 1002 decer-

193 1044 466 1102 taverunt,
504 1029 736 1110 victique
765 1055 830 1093 ac
871 1039 1040 1110 fugati
1080 1046 1238 1102 sunt,
1269 1039 1484 1092 amissis
1513 1039 1771 1093 tredecim

190 1127 422 1182 navibus
471 1138 524 1183 et
573 1130 817 1200 plurimis
856 1145 1074 1185 suorum
1121 1128 1441 1184 interfectis.
1482 1129 1632 1184 Adeo
1682 1130 1772 1186 illo

189 1231 335 1271 anno
362 1217 414 1270 in
450 1221 696 1274 omnibus
723 1221 858 1276 locis
887 1221 1113 1274 adversa
1150 1219 1366 1274 fortuna
1389 1219 1595 1292 fatigati
1619 1231 1765 1288 sunt,

188 1315 248 1359 ut
283 1307 382 1377 ipsi
411 1308 516 1364 sibi
535 1310 634 1364 hoc
657 1310 920 1366 accidisse
961 1311 1141 1364 testati
1169 1311 1277 1364 sint
1305 1310 1348 1375 ³,
1377 1325 1440 1366 eo
1463 1313 1607 1380 quad
1628 1328 1769 1368 anno

185 1397 466 1464 superiore
501 1406 689 1454 contra
729 1415 943 1454 omnem
993 1400 1260 1458 iustitiam
1289 1402 1356 1456 de
1391 1402 1662 1457 Patelaria
1691 1402 1711 1433 ‘
1740 1416 1766 1445 ι

184 1485 363 1544 insula
391 1482 667 1560 sexaginta
701 1494 994 1551 monachos
1037 1501 1342 1564 asportatos
1367 1494 1429 1550 in
1460 1493 1719 1566 Hispania
1745 1497 1768 1530 '

183 1578 562 1645 vendiderunt,
609 1596 840 1650 quorum
864 1583 1029 1652 aliqui
1069 1597 1169 1659 per
1200 1583 1580 1640 liberalitatem
1621 1586 1641 1617 '
1667 1587 1768 1641 im-

180 1670 456 1740 peratoris
497 1673 691 1724 iterum
725 1673 792 1726 ad
832 1689 928 1726 sua
958 1672 1178 1745 [iterum
1208 1675 1262 1729 in
1295 1689 1392 1730 sua
1422 1676 1488 1730 Α.
1525 1676 1614 1749 L.]
1646 1679 1765 1737 loca

179 1761 386 1817 reversi
417 1771 562 1816 sunt.
607 1762 794 1820 Niceta
823 1766 1083 1835 patricius
1107 1806 1122 1831 ,
1155 1767 1248 1836 qui
1276 1782 1398 1821 cum
1422 1768 1597 1824 classe
1630 1785 1763 1825 con-

153 1853 655 1924 .stautinopolltana
685 1856 908 1915 sedebat
937 1857 992 1912 in
1024 1857 1272 1922 Venetia,
1297 1874 1433 1936 pace
1466 1859 1608 1916 facta
1637 1877 1762 1916 cum
1791 1877 1837 1937 Β

174 1940 402 2012 Pippino
425 1960 569 2016 rege,
597 1954 652 2000 et
681 1946 903 2001 indutiis
925 1962 1096 2015 usque
1112 1948 1176 2001 ad
1200 1961 1439 2003 mensem
1461 1949 1762 2021 Augustum

172 2035 486 2090 constitutis
505 2076 520 2101 ,
546 2037 777 2092 statione
805 2037 978 2092 soluta
999 2036 1522 2114 Constantinopolim
1549 2054 1761 2112 regres-

172 2137 269 2178 sus
312 2133 414 2179 est.
450 2124 562 2180 Hoc
591 2142 734 2182 anno
773 2129 792 2158 '
834 2128 1131 2198 imperator
1171 2129 1368 2197 pascha
1402 2129 1573 2199 Aquis
1617 2131 1760 2187 cele«

170 2213 355 2268 bravit
392 2230 494 2270 nec
524 2232 630 2271 non
657 2225 713 2271 et
747 2217 980 2272 natalem
1004 2203 1236 2274 Domini.
1277 2216 1366 2290 [Et
1386 2219 1637 2277 inmutat.
1673 2230 1759 2278 est

170 2321 434 2362 numerus
467 2323 660 2362 annor.
701 2309 753 2362 in
777 2309 839 2361 Α.
869 2307 957 2380 L.]

809 2401 1116 2457 DCCCVIII.

241 2492 464 2562 llbmps
493 2491 808 2552 mollissima
841 2493 945 2547 hac
975 2493 1236 2563 pestilens
1278 2491 1382 2547 fuit
1412 2493 1467 2548 in
1499 2493 1594 2548 illo
1622 2499 1756 2550 tem-

166 2594 336 2650 pore,
392 2595 627 2649 vereque
675 2580 966 2636 inchoante
1015 2581 1317 2650 imperator
1365 2580 1754 2654 Noviomagum

167 2669 471 2744 profectus,
506 2678 787 2724 transacto
821 2670 894 2725 ibi
923 2669 1377 2744 quadragesima“.
1407 2672 1636 2738 ieiunio,
1667 2689 1755 2731 ce-

164 2759 381 2824 lebrato
432 2763 595 2816 etiam
635 2770 824 2818 sancto
869 2762 1114 2832 pascha,.
1142 2763 1614 2834 iterum-Aquas'
1667 2781 1754 2822 res-

168 2869 392 2924 gressus
425 2862 528 2910 est.
565 2855 633 2910 Et
683 2855 808 2924 quia
843 2855 1225 2920 nunciabatur,
1273 2853 1754 2914 Godofridum’re-

163 2959 288 3015 gem
319 2944 596 3002 Danorum
624 2946 678 3000 in
702 2945 994 3000 Abodritoa
1021 2959 1142 2999 cum
1169 2946 1413 3001 exercitu
1445 2947 1746 3015 traiecisse,

162 3031 387 3094 Karlum
423 3033 590 3088 filium
625 3048 778 3090 suum
810 3033 878 3087 ad
908 3031 1120 3088 Albiam
1148 3049 1271 3088 cum
1303 3033 1480 3089 valida
1507 3034 1749 3091 Franco-

163 3137 286 3176 rum
324 3131 379 3177 et
417 3121 695 3178 Saxonum
733 3137 896 3177 manu
937 3123 1106 3189 misit,
1153 3122 1342 3178 iubens
1369 3139 1607 3180 vaesano
1634 3127 1749 3197 regi

1883 583 2192 639 interfectus
2235 593 2338 638 est.
2386 582 2555 639 Filius
2583 591 2760 639 autem
2800 583 3147 652 imperatoris
3175 582 3371 638 Karlus
3404 585 3444 616 “

1877 674 2086 728 Albiam
2117 683 2276 744 ponte
2306 675 2480 728 iunxit
2508 675 2574 740 “,
2595 683 2648 729 et
2677 675 2975 731 exercitum
3006 673 3093 728 cui
3120 680 3367 742 praeerat
3393 672 3449 729 in

1877 761 2109 817 Linoncs
2138 763 2181 794 ¹⁸
2204 771 2258 817 et
2286 762 2625 833 Smeldingos
2657 763 2700 795 ”
2737 763 2788 828 δ,
2819 764 2911 832 qui
2948 772 3004 818 et
3040 763 3142 834 ipsi
3171 763 3239 817 ad
3265 763 3446 818 Godo—

1877 852 2073 907 fridum
2123 869 2306 924 regem
2352 854 2686 920 defecerant,
2720 863 2920 924 quanta
2957 855 3134 924 potuit
3162 854 3445 910 celeritate

1877 947 2224 1014 transposuit,
2239 947 2614 1017 populatisque
2630 947 3044 1016 circumquaque
3064 960 3252 1003 eorum
3274 945 3444 1017 agris.

1877 1037 2106 1090 transito
2139 1037 2334 1094 iterum
2363 1036 2600 1101 flumine,
2635 1051 2757 1092 cum
2804 1036 3056 1092 incolumi
3098 1038 3344 1091 exercitu
3389 1037 3444 1090 in

1875 1123 2167 1199 Saxomam
2198 1141 2255 1181 se
2287 1126 2507 1195 recepit.
2535 1127 2702 1181 Erant
2728 1141 2850 1182 cum
2878 1125 3169 1181 Godol'rido
3195 1128 3249 1181 in
3279 1141 3442 1197 expe-

1871 1216 2070 1271 ditione
2093 1219 2367 1286 praedicta
2397 1217 2574 1274 Sclavi
2604 1218 2697 1288 qui
2725 1219 2981 1273 dicuntur
3009 1217 3192 1273 Wiltzi
3241 1220 3303 1284 ι’,
3334 1219 3430 1288 qui

1871 1315 2090 1381 propter
2127 1309 2377 1378 antiquas
2422 1308 2732 1364 inimicitias
2756 1323 2891 1378 quas
2919 1324 3043 1364 cum
3073 1309 3346 1364 Abodritis
3395 1309 3438 1340 "

1869 1398 2069 1452 habere
2121 1397 2397 1464 solebant,
2444 1407 2636 1468 sponte
2681 1413 2741 1454 se
2789 1399 2962 1469 copiis
2987 1399 3104 1454 eius
3145 1400 3438 1455 coniunxe-

1871 1497 2000 1545 runt
2024 1491 2085 1554 ",
2118 1492 2345 1562 ipsoque
2371 1491 2425 1546 in
2467 1505 2691 1561 regnum
2717 1505 2875 1546 suum
2923 1501 3258 1558 revertente,
3312 1507 3438 1548 cum

1867 1580 2062 1651 praeda
2092 1597 2256 1652 quam
2305 1585 2358 1638 in
2387 1582 2666 1644 Abodritis
2695 1598 2889 1652 capere
2917 1593 3233 1653 potuerunt,
3257 1594 3310 1641 et
3338 1586 3455 1656 ipsi.

1868 1672 2084 1727 domum
2131 1675 2366 1745 regressi
2399 1683 2542 1729 sunt.
2572 1672 2902 1729 Godofri‘dus
2939 1690 3088 1739 vero,
3118 1677 3437 1746 priusquam

1867 1771 2247 1829 reverteretur,
2281 1764 2556 1819 destructo
2585 1763 2630 1796 ³⁸
2671 1765 2936 1834 emporio,
2963 1767 3108 1834 quod
3136 1766 3190 1820 in
3239 1769 3431 1820 oceani

1866 1849 2023 1909 litore
2047 1855 2417 1920 constitutum,
2451 1855 2634 1926 lingua
2662 1854 2937 1912 Danorum
2976 1857 3142 1915 Beric
3166 1867 3190 1896 ο
3221 1858 3438 1912 diceba-

1865 1949 1970 2006 tur,
1999 1951 2052 1996 et
2080 1959 2332 2015 magnam
2369 1959 2536 2016 regno
2565 1945 2709 2004 illius
2737 1946 3172 2002 commoditatem
3199 1949 3436 2017 vectiga-

1861 2029 1991 2086 lium
2019 2033 2381 2102 pcrsolutione
2404 2035 2737 2106 praestabat,
2773 2035 3157 2105 translatisque
3180 2036 3304 2091 inde
3333 2051 3434 2090 ne-

1860 2123 2233 2190 gotiatoribus,
2255 2124 2427 2179 soluta
2441 2124 2616 2180 classe
2637 2126 2705 2180 ad
2725 2133 2942 2195 portum
2960 2126 3052 2195 qui
3065 2125 3372 2197 Sliesthorp
3389 2127 3432 2158 "

1860 2211 2058 2266 dicitur
2091 2227 2215 2267 cum
2242 2214 2494 2269 universo
2520 2214 2766 2268 exercitu
2806 2213 2972 2268 venit.
3003 2213 3082 2268 Ibi
3127 2214 3171 2246 ¹⁶
3211 2229 3310 2285 per
3337 2214 3436 2269 ali-

1857 2310 1991 2370 quot
2018 2301 2132 2357 dies
2168 2311 2430 2368 moratus,
2461 2301 2687 2357 limitem
2715 2303 2868 2372 regni
2899 2302 2982 2358 sui
3013 2303 3106 2374 qui
3136 2301 3431 2359 Saxoniain

1859 2393 2100 2461 respicit,
2131 2393 2274 2449 vallo
2320 2394 2530 2448 munire
2573 2393 2884 2459 constituit,
2914 2409 2982 2450 eo
3033 2395 3214 2462 modo,
3261 2404 3322 2450 ut
3361 2395 3432 2450 ab

1855 2485 2102 2540 orientali
2134 2486 2300 2541 maris
2328 2486 2468 2550 sinu,
2502 2499 2663 2556 quem
2689 2485 2763 2541 illi
2793 2485 3058 2546 Ostarsalt
3078 2487 3122 2517 “
3153 2485 3181 2526 ά
3220 2487 3428 2554 dicunt,

1855 2591 2024 2645 usque
2049 2576 2116 2634 ad
2142 2577 2531 2638 occidentalem
2561 2591 2824 2634 oceanum
2855 2585 3025 2633 totam
3064 2576 3368 2650 Aegidorae
3398 2589 3426 2618 ο

1855 2667 2090 2722 ﬂuminis
2111 2669 2486 2737 Aquilonalem
2509 2668 2682 2739 ripam
2710 2669 3105 2724 munimentum
3125 2668 3248 2722 valli
3272 2683 3430 2739 prae-

1855 2765 2083 2823 texeret,
2129 2773 2234 2814 una
2265 2767 2472 2814 tantum
2499 2761 2542 2790 “
2587 2767 2741 2838 porta
2768 2759 3012 2825 dimissa,
3056 2775 3154 2830 per
3192 2756 3356 2830 quam
3380 2761 3427 2792 ³⁸

1855 2863 2010 2904 eam
2038 2854 2092 2902 et
2113 2848 2333 2916 equites
2361 2849 2534 2904 emitti
2564 2857 2620 2904 et
2661 2849 2828 2920 recipi
2865 2851 3169 2920 potuissent
3209 2865 3224 2904 :
3254 2850 3433 2907 diviso

1854 2939 2034 3009 itaque
2082 2954 2248 3008 opere
2292 2939 2435 2996 inter
2462 2941 2629 2996 duces
2655 2941 2956 3010 copiarum,
2998 2941 3215 2996 domum
3240 2954 3427 2996 revera

1854 3046 1946 3085 sus
1985 3037 2089 3086 est.
2126 3031 2335 3086 Interea
2366 3044 2462 3084 rex
2507 3030 3083 3086 Nordanhumbrorum
3112 3031 3158 3061 ’δ
3194 3031 3262 3086 de
3288 3031 3432 3087 Brit-

1851 3122 1994 3178 tania
2036 3123 2230 3188 insula,
2260 3123 2477 3179 nomine
2500 3121 2726 3178 Eardulf
2742 3123 2806 3189 ⁸⁸,
2838 3138 3002 3194 regno
3028 3131 3083 3177 et
3108 3123 3284 3194 patria
3312 3123 3433 3193 pul-

163 3212 424 3266 msistere
443 3254 455 3272 .
488 3213 533 3266 si
581 3211 850 3267 Saxoniae
891 3213 1150 3267 terminos
1180 3211 1397 3282 adgredi
1430 3222 1737 3283 temptaret.
1769 3221 1813 3282 ρ
1845 3226 1956 3276 sus,
1986 3211 2053 3266 ad
2077 3213 2459 3282 imperatorem
2488 3212 2615 3265 dum
2642 3213 2817 3267 adhuc
2843 3211 3154 3282 Noviomagi
3179 3226 3423 3268 morare-

161 3302 272 3360 Sed
317 3303 407 3358 ille
435 3305 648 3359 stativis
684 3319 783 3377 per
823 3303 1028 3371 aliquot
1057 3303 1173 3357 dies
1206 3305 1256 3356 in
1300 3304 1459 3361 litore
1510 3306 1742 3372 habitis,

158 3394 486 3463 expugnatis
514 3393 678 3448 etiam
708 3400 764 3446 et
792 3407 954 3446 manu
983 3392 1157 3461 captis
1184 3392 1392 3462 aliquot
1426 3392 1745 3450 Sclavorum

158 3481 423 3546 castellis,
456 3497 578 3535 cum
619 3497 813 3552 magno
842 3483 1120 3551 copiarum
1154 3496 1375 3537 suarum
1416 3483 1746 3543 detrimento

157 3587 417 3629 reversus
467 3580 578 3625 est.
606 3571 738 3624 Nam
788 3571 913 3626 licet
954 3572 1288 3629 Drasconem
1310 3571 1352 3638 ’,
1385 3572 1575 3628 ducem
1601 3574 1747 3632 Abo-

156 3661 456 3723 dritorum,
487 3660 828 3732 popularium
857 3659 980 3715 ﬁdei
1009 3660 1335 3716 diﬂidentem
1367 3662 1484 3717 loco
1506 3663 1745 3733 pepulis-

154 3761 260 3814 set,
295 3750 649 3805 Godelaibum
676 3751 740 3817 ‘°,
769 3751 934 3807 alium
963 3752 1177 3817 ducem,
1209 3751 1329 3807 dolo
1366 3762 1580 3823 captum
1612 3755 1748 3824 pati-

153 3835 281 3896 bulo
310 3841 700 3911 suspendisset,
739 3842 1124 3897 Abodritorum
1148 3843 1285 3897 duas
1303 3853 1487 3912 partes
1518 3844 1621 3900 sibi
1656 3859 1745 3898 ve-

152 3933 386 4004 ctigales
413 3932 650 3997 fecisset,
681 3933 918 4003 optimos
949 3941 1126 3989 tamen
1154 3934 1386 3988 militum
1419 3949 1643 3988 suorum
1684 3945 1741 3991 et

1851 3309 1940 3356 tur
1968 3303 2136 3367 venit,
2182 3312 2238 3357 et
2283 3301 2553 3371 patefacto
2583 3302 2846 3357 adventus
2900 3301 2982 3360 sui
3031 3303 3268 3373 negotio,
3313 3303 3423 3357 Ro~

1850 3407 1993 3446 mam
2032 3391 2415 3463 proficiscitur,
2469 3392 2746 3461 Romaque
2788 3391 3039 3458 rediens,
3079 3409 3176 3464 per
3215 3393 3424 3464 legatos

1851 3481 2079 3537 Romani
2129 3482 2398 3554 pontificis
2423 3491 2478 3538 et
2504 3483 2686 3537 domni
2710 3483 3056 3554 imperatoris
3094 3483 3148 3536 in
3190 3498 3420 3552 regnum

1848 3591 2006 3630 suum
2053 3574 2350 3629 reducitur.
2380 3573 2425 3604 ³⁸
2453 3572 2709 3628 Praeerat
2736 3582 2865 3628 tunc
2890 3572 3147 3643 temporis
3177 3573 3422 3627 ecclesiae

1849 3663 2126 3718 Romanae
2165 3662 2275 3717 Leo
2305 3662 2518 3727 tertius,
2565 3662 2718 3718 cuius
2742 3663 2950 3733 legatus
2991 3663 3060 3716 ad
3097 3663 3416 3717 Brittaniam

1846 3756 2082 3811 directus
2120 3763 2203 3811 est
2229 3755 2474 3811 Aldulfus
2496 3755 2542 3786 "
2562 3755 2821 3810 diaconus
2841 3756 2906 3810 de
2933 3755 3048 3825 ipsa
3061 3754 3324 3809 Brittania
3348 3755 3420 3820 ’⁸,

1846 3845 2063 3900 natione
2093 3843 2259 3910 Saxo,
2285 3853 2341 3899 et
2366 3859 2490 3899 cum
2527 3859 2592 3899 eo
2623 3846 2692 3899 ab
2721 3845 3048 3914 imperatore
3072 3845 3117 3876 ”
3144 3847 3296 3900 missi
3323 3847 3418 3901 ab-

1843 3934 1998 3988 bates
2043 3933 2146 3988 duo
2175 3933 2484 3989 Hrotfridus
2511 3934 2555 3965 ’°
2595 3936 2841 3990 notarius
2874 3934 2893 3974 ί
2927 3945 2983 3989 et
3008 3934 3341 3991 Nantbarius
3372 3936 3418 3968 "

153 4038 318 4076 manu
350 4023 781 4092 promptissimos
827 4023 1027 4088 amisit,
1058 4032 1113 4079 et
1153 4039 1276 4078 cum
1318 4025 1401 4079 eis
1429 4023 1597 4080 lilium
1627 4026 1741 4079 fra-
1839 4024 2004 4077 abbas
2032 4023 2098 4077 de
2124 4033 2311 4078 sancto
2336 4023 2645 4078 Audemaro
2674 4024 2741 4076 “.
2772 4025 3072 4096 Imperator
3096 4039 3226 4080 vero
3265 4026 3412 4081 aedi-

154 4113 252 4168 tris
285 4114 396 4177 sui,
428 4113 645 4166 nomine
701 4111 1076 4181 chinoldum,
1109 4114 1200 4186 qui
1243 4114 1299 4172 in
1342 4115 1741 4185 obpugnatione
1845 4113 2017 4167 fieatis
2048 4129 2144 4184 per
2175 4113 2379 4184 legatos
2420 4128 2547 4170 suos
2573 4129 2734 4184 super
2760 4114 2936 4170 Albim
2960 4113 3180 4170 ﬂuvium
3201 4115 3412 4172 duobus

1376 4222 1768 4282 VARIANTES
1806 4225 2203 4282 LECTIONES.

225 4323 240 4354 ¹
262 4322 564 4403 Sardiniain
589 4321 783 4403 inpulsi
804 4320 856 4403 Β
871 4321 930 4403 2.
1001 4321 1020 4353 ’
1043 4321 1399 4403 Purghardus
1418 4320 1470 4403 Β.
1485 4322 1538 4375 2.
1633 4323 1653 4352 ³
1676 4324 1858 4403 testati
1881 4333 2008 4403 sunt
2039 4325 2090 4403 ~l._
2116 4322 2255 4403 8‘5;
2319 4321 2339 4351 ⁸
2359 4321 2640 4403 patellaria
2665 4321 2708 4375 Β
2725 4323 2777 4378 5.
2809 4322 3068 4403 patelaria
3087 4309 3130 4374 Β
3153 4324 3203 4376 6.
3282 4324 3415 4403 ³.]ιέ-

151 4394 401 4462 spaniam
441 4391 482 4444 Β
509 4391 558 4444 7.
651 4390 675 4421 "
703 4391 1007 4447 libertatem
1033 4390 1079 4442 Β
1111 4390 1185 4444 7.“
1256 4393 1275 4422 ⁷
1313 4391 1426 4444 Hoc
1457 4391 1511 4444 in
1537 4406 1680 4446 anno
1707 4391 1752 4444 Β
1775 4392 1826 4449 2.
1904 4393 1996 4444 "A
2040 4395 2121 4448 uis
2151 4392 2196 4444 B
2225 4393 2276 4446 7.
2372 4392 2391 4422 ’
2415 4392 2766 4450 drasoconem
2804 4390 2848 4445 Β
2878 4394 2931 4448 8.
2959 4401 3261 4447 trasconem
3289 4393 3334 4448 Β
3362 4396 3414 4450 7.

151 4466 520 4517 thrasiconem
552 4460 603 4514 9.
707 4461 747 4491 ιο
787 4461 1125 4528 godolaihum
1170 4459 1221 4513 5.
1329 4461 1369 4490 ¹¹
1417 4462 1646 4515 domnus
1695 4462 1886 4516 Karlus
1919 4409 2047 4516 Β
2127 4462 2167 4492 "
2201 4461 2406 4515 iuncxit
2440 4461 2558 4514 B2.
2660 4462 2702 4493 ⁸³
2733 4462 2918 4516 lilones
2963 4463 3014 4514 5.
3049 4463 3312 4518 hilinones
3358 4466 3411 4519 9.

154 4534 196 4563 “
229 4532 565 4600 smeldignos
603 4529 719 4602 35.
815 4529 1056 4602 “iwilui
1083 4529 1125 4602 Β
1170 4529 1224 4583 5.
1256 4531 1473 4602 wilziB
1505 4531 1554 4583 7.
1635 4532 1677 4562 ¹⁶
1705 4547 1866 4602 quam
1914 4532 2185 4602 abodritis
2210 4531 2259 4602 l.
2357 4533 2396 4562 ¹⁷
2425 4532 2852 4602 coniuncxerunt
2880 4532 2925 4584 Β
2949 4531 3000 4584 2.
3082 4532 3123 4562 ⁸⁸
3153 4533 3417 4602 distructo

148 4602 268 4656 B2.
299 4603 353 4655 7.
439 4602 479 4632 ¹⁹
511 4601 816 4672 suesthorp.
844 4600 1235 4672 5._ﬂi_estborp.
1281 4600 1335 4653 4.
1375 4601 1662 4672 sliestorph
1695 4600 1746 4655 5⁷.
1824 4602 2133 4672 siliestorph
2161 4600 2213 4654 6.
2249 4601 2473 4672 liesthor
2499 4601 2592 4657 alii
2620 4601 3014 4672 sliesthorp._7.
3064 4601 3324 4656 sliestorﬂ‘
3354 4604 3407 4658 9.

149 4673 444 4744 sliesthrop
465 4672 515 4744 Β
539 4669 593 4744 5.
629 4671 874 4744 sbestorb
901 4669 948 4724 Β
971 4670 1028 4744 _6.
1060 4671 1380 4744 sciesthrop.
1421 4671 1466 4744 Β
1509 4671 1560 4725 7.
1592 4669 1857 4744 liesthorp
1885 4672 1934 4744 ΔΒ
1966 4673 2038 4744 ᾼ9.
2065 4669 2376 4744 'sliesvvieB
2406 4671 2489 4724 l2.
2569 4672 2613 4744 ’ἢ
2646 4671 2829 4744 lb_iq_ue
2854 4669 2899 4723 B
2920 4670 2974 4724 2.
3044 4672 3419 4744 _"__ostharsalt

148 4741 200 4801 3-
238 4739 520 4797 orstalsalt
541 4742 596 4794 5.
626 4739 945 4796 ostersaltus
966 4739 1020 4792 5.
1045 4739 1399 4794 ostersaltf6.
1435 4741 1485 4796 9.
1517 4742 1808 4796 ostarhsalt
1828 4739 1934 4794 'alii
1964 4741 2275 4798 lestarhsalt
2308 4741 2360 4794 7.
2389 4739 2647 4796 ostarsalz
2680 4741 2724 4794 Β
2743 4739 2804 4794 2.
2830 4739 3059 4795 ostarsal
3089 4740 3133 4794 B
3157 4741 3208 4794 5.
3243 4753 3414 4797 estar-

147 4812 254 4866 salt
287 4812 336 4870 B
365 4813 416 4865 7.
450 4811 733 4882 ostarsaltz
762 4811 805 4863 Β
832 4811 918 4882 8η
939 4819 1045 4864 etc.
1103 4812 1166 4882 β’
1197 4819 1376 4882 tamen
1422 4811 1468 4864 Β
1495 4812 1546 4864 7.
1578 4827 1685 4866 uno
1727 4821 1764 4864 t.
1793 4820 1955 4882 portu
1985 4813 2209 4867 dimisso
2236 4826 2334 4882 per
2357 4825 2518 4881 quem
2547 4811 2599 4882 4.
2625 4810 2678 4869 5.
2712 4810 2762 4864 6.
2872 4811 2927 4882 ’ᾗ
2963 4827 3058 4880 per
3084 4826 3241 4880 quem
3276 4813 3321 4865 l.
3356 4813 3408 4866 2.

149 4883 193 4912 ’δ
221 4881 851 4942 nordidanbumhrorum
893 4879 946 4933 2.
979 4881 1474 4936 nordhumbrorum
1523 4883 1574 4936 5.
1609 4883 1660 4936 9.
1707 4879 2216 4936 nordanimbrorum
2238 4879 2302 4933 ‘4.
2333 4879 2864 4936 northanimbrorum
2897 4879 3412 4936 5Jnordanumbro-

148 4967 267 5006 rum
303 4953 359 5006 6.
391 4951 986 5006 norddanhumbrorum
1018 4951 1068 5002 7.
1168 4952 1214 4982 "
1240 4952 1437 5006 earduf
1461 4953 1512 5005 l.
1549 4951 1827 5007 eardulfus
1874 4953 1926 5008 5.
1958 4953 2009 5005 7.
2047 4952 2092 5005 Β
2120 4953 2170 5005 7.
2209 4950 2403 5004 ardulf.
2435 4950 2486 5003 9.
2561 4949 2606 4979 "
2633 4951 2916 5004 deducitur
2939 4950 2982 5001 Β
3007 4950 3060 5003 2.
3142 4951 3182 4980 ’⁷
3214 4951 3408 5004 addul-

148 5021 301 5094 [ΜΒ
327 5024 380 5076 7.
414 5021 678 5094 adelthS
700 5021 752 5075 9.
797 5021 966 5094 _‘_‘_de
995 5020 1115 5094 ipsa
1136 5021 1367 5094 brisinia
1395 5022 1439 5074 Β
1464 5022 1515 5094 2.
1559 5023 1638 5094 7”
1671 5023 1738 5076 ad
1772 5020 2307 5094 iuiperatore_m__l.A5.
2335 5019 2459 5094 6.9.
2537 5018 2580 5049 '°
2616 5019 2914 5094 ruotfridus
2943 5020 2993 5072 5.
3024 5020 3076 5094 4.
3113 5020 3412 5094 liortfridus

145 5090 198 5146 5.
235 5093 288 5148 6.
324 5089 588 5148 rotfridtis
615 5091 664 5142 7.
698 5089 960 5144 rutfridus
1002 5089 1054 5144 9.
1104 5091 1440 5147 hruotfridus
1477 5093 1522 5144 Β
1548 5093 1599 5145 2.
1628 5094 1679 5147 7.
1733 5089 2047 5147 lirodi'Tidus
2077 5091 2122 5144 Β
2146 5090 2196 5146 5.
2229 5089 2280 5142 6.
2359 5089 2402 5120 ³⁸
2435 5090 2734 5144 mantarius
2781 5089 2832 5142 5.
2865 5091 3146 5144 nantarius
3173 5090 3227 5144 4.
3260 5107 3404 5145 man-

146 5164 372 5218 charius
404 5163 456 5215 6.
533 5162 578 5193 ³³
609 5161 904 5216 audemaro
929 5160 982 5215 2.
1014 5160 1064 5212 7.
1096 5159 1140 5213 Β
1181 5161 1235 5214 2.
1280 5162 1332 5216 5.
1368 5163 1697 5217 audemauro
1726 5162 1777 5216 5.
1821 5164 1999 5219 sancti
2021 5160 2336 5218 audemauri
2359 5159 2412 5214 6.
2437 5168 2650 5216 otmaro
2674 5161 2708 5215 5
2733 5159 2778 5213 Β
2805 5159 2856 5212 7.
2879 5161 3127 5216 othmaro
3156 5160 3205 5216 9.

1652 5295 1881 5352 ΝΟΤᾸΞ.

1824 5395 2193 5463 geographicis
2223 5395 2365 5449 haud
2399 5391 2632 5450 invenio.

1893 5463 1917 5502 ά
1950 5465 2042 5518 Die
2066 5463 2263 5518 Ostsec.

1880 5546 1923 5622 ,ε
1953 5534 2044 5587 Die
2092 5535 2290 5599 Eider;
2321 5535 2392 5590 cf.
2453 5530 2682 5592 «Kieler
2719 5527 2939 5594 Blaucr.
2971 5549 2989 5582 ι
3043 5538 3170 5583 Iom-
3204 5527 3306 5592 ιν.
3338 5543 3393 5600 ρο

1822 5603 2129 5727 "leuibus
2164 5675 2221 5729 S.
2249 5674 2494 5728 Antandi.

216 5408 243 5436 ι
275 5393 427 5448 Inter
453 5389 697 5444 Siciliam
729 5399 784 5446 et
811 5389 1048 5446 Africam
1081 5389 1201 5445 sita.

217 5466 243 5505 δ
283 5463 433 5518 Inter
460 5459 666 5514 Wilzos
698 5468 751 5512 et
776 5460 1064 5514 Abodritos
1099 5459 1239 5510 ultra
1266 5459 1475 5512 Albiam
1504 5461 1717 5514 habita-

148 5537 298 5596 bant,
331 5529 630 5599 Smcldingi
659 5529 826 5599 Albia;
844 5530 1146 5599 propiores.
1172 5527 1252 5583 Cf.
1283 5529 1533 5585 Clironici
1568 5529 1722 5584 Gott-

149 5545 298 5596 bant,
331 5545 630 5599 smctmngi
659 5545 885 5650 Λιυιιρᾶι

149 5603 402 5658 wicensis
430 5600 647 5666 Prodr.,
672 5598 734 5660 ll,
763 5597 830 5651 66
873 5637 886 5651 .

217 5685 234 5712 ε
264 5670 593 5733 Gebhardio,
628 5668 758 5722 Hist.
794 5667 974 5722 Danize
999 5685 1052 5737 p.
1087 5669 1208 5731 58!,
1242 5678 1323 5722 cst
1354 5669 1718 5732 Roriclm‘illa

150 5757 308 5810 parva
367 5755 532 5811 prope
581 5738 945 5804 Wismal'ium,
997 5754 1154 5805 quam
1193 5749 1367 5792 tamen
1411 5740 1459 5790 in
1512 5743 1718 5807 mappis
