3928 6330
475 357 569 415 ιτκι

1712 369 2086 429 ΕΟΙΝΗΑΒΙἎ
2120 374 2413 431 ABBATIS

3640 385 3745 440 .572

474 476 729 543 castellis,
771 483 1151 556 praesidioque
1182 485 1236 541 in
1267 487 1343 543 eis
1384 494 1573 543 contra
1609 486 1927 544 Sclavorum
1963 489 2049 541 in-
2078 492 2128 551 Α
2154 490 2223 544 ab
2267 489 2376 544 illis
2423 490 2596 559 primo
2626 494 2668 523 “
2714 491 2881 551 fuisse
2924 493 3255 550 inchoatam.
3293 494 3519 553 Petebat
3554 499 3744 564 etiam,

475 569 755 627 cursiones
781 572 1072 654 disposito,
1109 575 1437 649 Aquisgrani
1465 578 1746 645 hiemavit,
1788 578 2055 633 natalem—

474 677 579 732 que
604 664 619 695 ¹
648 663 861 721 Domini
889 673 943 721 et
972 677 1217 726 sanctum
1266 672 1473 741 pascha
1500 671 1703 727 ibidem
1730 671 2050 727 celebravit.

496 750 597 808 Et’
621 754 871 811 inmutat.
896 766 983 814 est
1005 760 1026 792 ³
1057 775 1268 815 numer.
1304 776 1497 817 annor.
1530 763 1588 817 in
1619 762 1685 815 A.
1709 761 1798 816 ιλ

1121 849 1392 907 DCCCIX.

540 934 742 992 Classis
785 937 853 993 de
904 936 1373 1010 Constantinopoli
1413 940 1578 997 missa
1626 943 1804 1012 primo
1838 942 2053 997 Dalma—

472 1024 601 1079 tiam
637 1024 832 1081 deinde
860 1026 1151 1083 Veneeiam
1174 1027 1194 1059 ⁸
1224 1029 1451 1099 appulit,
1478 1044 1710 1100 cumque
1748 1031 1819 1085 ibi
1848 1031 2056 1086 hiema-

472 1126 573 1183 ret,
603 1133 732 1189 pars
766 1120 887 1175 eius
914 1119 1249 1177 Comiaclum
1276 1133 1302 1162 ι
1333 1122 1567 1177 insulam
1606 1123 1861 1189 accessit,
1906 1138 2057 1179 conn»

472 1211 743 1281 missoque
755 1211 963 1282 proelio
987 1210 1177 1269 contra
1202 1214 1535 1284 praesidium
1555 1216 1698 1285 quod
1713 1215 1765 1269 in
1785 1229 1849 1269 ea
1874 1215 2054 1285 dispo—

470 1304 635 1360 situm
662 1312 799 1369 erat,
831 1306 974 1361 victa
1023 1314 1188 1376 atque
1222 1305 1407 1377 fugata
1458 1307 1752 1362 Veneciam
1800 1307 2050 1362 recessit.

470 1392 585 1449 Dux
615 1403 794 1451 autem
821 1396 914 1464 qui
944 1395 1105 1453 classi
1135 1405 1406 1466 praeerat,
1434 1399 1653 1454 nomine
1680 1399 1904 1465 Paulus,
1929 1413 2054 1455 cum

470 1486 536 1539 de
555 1500 690 1556 pace
717 1485 857 1541 inter
877 1486 1119 1543 Francos
1137 1495 1195 1543 et
1215 1486 1453 1544 Graecos
1472 1490 1875 1557 constituenda,
1900 1488 2055 1562 quasi

469 1576 572 1633 sibi
608 1576 712 1633 hoc
765 1586 913 1634 esset
943 1579 1271 1645 iniunctum,
1316 1580 1459 1651 apud
1504 1581 1790 1653 Pippinum
1820 1584 1842 1616 ⁵
1869 1584 2057 1643 Italiae

470 1684 651 1739 regem
690 1685 857 1741 agere
895 1671 1198 1740 moliretur,
1238 1672 1561 1732 Wilhareno
1600 1676 1621 1707 ⁵
1654 1684 1711 1731 et
1765 1678 1928 1733 beato
1957 1676 2061 1734 Ve-

471 1763 650 1819 netiae
682 1763 910 1820 ducibus
949 1780 1140 1821 omnes
1182 1766 1469 1822 inchoatus
1517 1767 1637 1822 eius
1683 1769 1704 1800 ἰ
1754 1767 2056 1839 impedien-

2158 587 2217 635 ut
2244 589 2544 635 conventus
2571 583 2828 638 comitum
2878 584 2923 616 ³³
2954 585 3294 655 imperatoris
3331 596 3496 657 atque
3520 605 3747 645 suorum

2157 672 2305 727 iuxta
2341 675 2604 730 terminos
2632 676 2783 746 regni
2810 678 2893 731 sui
2922 686 3074 734 trans
3107 678 3285 739 Albim
3317 679 3493 745 ﬁeret,
3535 682 3590 736 in
3634 696 3749 751 quo

2158 785 2246 825 res
2296 770 2529 826 invicem
2578 779 2763 840 gestae
2793 772 3024 842 proferri
3069 782 3123 829 et
3163 775 3544 832 emendatione
3580 777 3749 845 digna

2157 858 2302 913 inter
2347 866 2531 928 partes
2575 862 2888 919 enumerari
2912 861 2959 892 ”
3000 863 3328 933 potuissent.
3385 862 3503 918 Non
3553 863 3752 919 abnuit

2157 948 2482 1017 imperator;
2546 948 2982 1019 colloquiumque
3033 959 3185 1007 trans
3234 952 3449 1006 Albiam
3495 952 3747 1007 habitum

2157 1051 2279 1091 cum
2321 1036 2650 1105 primoribus
2701 1038 2995 1105 Danorum,
3038 1039 3241 1095 inloco
3266 1041 3356 1108 qui
3400 1032 3599 1094 dicitur
3640 1038 3751 1093 Ba-

2155 1126 2377 1183 dentliot
2401 1128 2447 1159 "
2472 1127 2527 1193 ἀ,
2572 1128 2865 1199 multisque
2894 1130 3024 1190 hinc
3067 1137 3123 1184 et
3152 1131 3277 1185 inde
3314 1130 3545 1200 prolatis
3580 1140 3749 1200 atque

2155 1218 2491 1274 enumeratis
2513 1218 2703 1283 rebus,
2730 1221 2949 1290 negotio
2972 1222 3188 1290 penitus
3215 1220 3413 1276 infecto
3440 1221 3747 1276 discessum

2155 1316 2257 1364 est.
2300 1308 2541 1365 Thrasco
2570 1308 2616 1340 "
2656 1323 2811 1373 vero,
2863 1310 2971 1363 dux
3006 1308 3412 1373 Abodritorum,
3455 1320 3747 1379 postquam

2156 1400 2329 1455 illium
2365 1416 2520 1456 suum
2562 1400 2862 1471 postulanti
2889 1399 3187 1457 Godot‘rido
3225 1401 3471 1456 obsidem
3494 1400 3746 1465 dederat,

2158 1491 2381 1548 collecta
2408 1493 2451 1523 "
2482 1490 2821 1562 popularium
2847 1506 3030 1555 manu,
3062 1498 3119 1545 et
3154 1490 3351 1550 auxilio
3380 1506 3410 1544 a
3437 1490 3751 1545 Saxonibus

2157 1590 2396 1654 accepto,
2429 1582 2639 1637 vicinos
2669 1596 2795 1636 suos
2822 1580 3053 1636 Wiltzos
3087 1581 3406 1652 adgressus,
3450 1595 3613 1650 agros
3653 1594 3751 1633 eo-

2157 1690 2278 1730 rum
2326 1673 2474 1729 ferro
2515 1681 2571 1729 et
2612 1674 2722 1744 igni
2768 1680 2944 1728 vastat
2995 1672 3039 1704 ⁸⁸
3086 1687 3475 1743 regressusque
3524 1672 3749 1727 domum

2159 1780 2283 1821 cum
2305 1764 2509 1836 ingenti
2532 1763 2753 1834 praeda,
2791 1771 3015 1833 accepto
3040 1762 3237 1818 iterum
3264 1777 3294 1819 a
3327 1759 3633 1816 Saxonibus
3656 1777 3755 1814 va-

474 1854 634 1919 tibus,
660 1864 826 1923 atque
849 1854 951 1925 ipsi
991 1856 1156 1910 etiam
1178 1855 1405 1912 insidias
1423 1858 1743 1927 parantibus
1768 1858 1812 1924 ⁸,
1839 1858 2056 1929 cognita
2086 1846 2132 1906 Β
2160 1856 2337 1915 lidiori
2364 1855 2594 1920 auxilio,
2617 1854 3053 1925 Smeldingorum
3080 1856 3371 1909 maximam
3396 1853 3677 1909 civitatem
3702 1852 3750 1883 ”

475 1945 690 2000 illorum
721 1944 928 2009 fraude,
963 1946 1233 2001 discessit.
1274 1947 1346 2001 At
1374 1949 1427 2002 in
1455 1948 1699 2004 occiduis
1742 1950 1988 2019 partibus
2010 1949 2055 2014 ’,

475 2038 705 2091 domnus
731 2036 1025 2092 Hludoicus
1054 2051 1148 2091 rex
1178 2052 1303 2092 cum
1344 2038 1590 2092 exercitu
1629 2037 1945 2106 Hispaniam
1976 2038 2058 2092 in-

474 2128 1117 2200 gressns,Dertosam“’b
1149 2130 1427 2185 civitatem
1458 2131 1512 2185 in
1540 2130 1657 2201 ripa
1683 2130 1870 2186 Hiberi
1902 2131 1940 2163 “
1966 2130 2058 2184 llu-

474 2220 637 2275 minis
683 2220 848 2274 sitam
901 2220 1157 2285 obsedit,
1204 2229 1634 2292 consumptaque
1672 2222 1725 2277 in
1779 2223 2057 2292 obpugna-

472 2312 619 2367 tione
641 2309 1065 2383 [expugnatione
1089 2311 1157 2364 Α.
1194 2310 1285 2384 ι.]
1312 2311 1454 2367 illius
1488 2312 1765 2383 aliquanto
1792 2323 2053 2384 tempore,

467 2412 754 2475 postquam
799 2417 921 2457 eam
958 2410 1070 2457 tam
1106 2403 1216 2459 cito
1252 2404 1373 2473 capi
1421 2419 1527 2459 non
1576 2419 1739 2474 posse
1784 2405 1937 2470 vidit,
1976 2406 2057 2459 di-

469 2494 633 2547 missa
673 2492 976 2558 obsidione,
1018 2507 1143 2548 cum
1186 2491 1441 2548 incolomi
1490 2495 1738 2549 exercitu
1783 2495 1838 2550 in
1882 2495 2053 2565 Aqui-

470 2583 672 2637 ta’niam
700 2598 759 2638 se
785 2583 1010 2652 recepit.
1044 2582 1342 2652 Postquam
1358 2583 1610 2641 Aldnlfus
1626 2586 1673 2617 "
1692 2602 1785 2643 rex
1809 2585 2057 2641 Nordan-

470 2674 824 2731 humbrorum
868 2675 913 2708 "
940 2668 1221 2731 ~reductus
1267 2684 1351 2731 est
1380 2676 1435 2732 in
1480 2676 1722 2749 regnum'
1753 2693 1949 2741 suum,
2001 2686 2057 2732 et

468 2765 630 2837 legati
656 2766 1000 2836 imperatoris
1025 2774 1190 2836 atque
1215 2766 1489 2837 pontificis
1514 2769 1717 2823 reversi
1742 2777 1890 2834 sunt,
1916 2784 2057 2823 unus

467 2874 536 2913 ex
573 2858 677 2924 eis,
714 2857 965 2913 Aldulfns
1002 2858 1253 2913 videlicet
1273 2858 1534 2914 diaconus
1566 2857 1801 2931 [Ardulf.
1836 2859 2053 2914 diacon.

467 2948 532 3001 Α.
563 2945 674 3019 L.],
717 2963 750 3002 a
780 2948 975 3018 piratis
1004 2956 1193 3017 captus
1221 2956 1331 3011 est,
1383 2948 1616 3004 caeteris
1652 2948 1771 3004 sine
1816 2948 2056 3017 periculo

470 3039 871 3104 traicientibus,
920 3039 1223 3109 ductusque
1273 3040 1341 3095 ab
1390 3039 1470 3094 eis
1508 3039 1563 3093 in
1616 3038 1884 3094 Brittania
1910 3038 1972 3103 ιδ,
2024 3055 2054 3093 a

467 3130 701 3199 quodam
733 3130 777 3162 ¹¹
803 3129 1047 3185 Coenum
1078 3129 1121 3161 ¹⁶
1152 3130 1297 3201 regis
1331 3130 1552 3185 homine
1578 3129 1889 3199 redemptus
1926 3139 2009 3185 est
2037 3171 2051 3197 ,

470 3220 811 3289 Romamque
849 3234 1123 3276 reversus.
1158 3220 1197 3252 "
1244 3220 1301 3274 In
1346 3219 1542 3275 Tuscia
1580 3220 1931 3289 Populonium
1966 3221 2008 3252 η
2034 3264 2050 3286 ,
2082 3194 2127 3257 C

468 3314 662 3369 civitas
689 3315 984 3380 maritima,
1018 3330 1049 3368 a
1094 3313 1318 3370 Graecis
1352 3315 1446 3383 qui
1494 3312 1787 3369 Orobio'tae
1819 3313 1861 3345 ¹⁹
1890 3324 1913 3353 ο
1960 3329 2053 3370 vo-

470 3410 664 3457 cantur
706 3404 1032 3473 depraedata
1074 3412 1175 3457 est.
1221 3403 1390 3457 Mauri
1425 3418 1642 3473 quoque
1682 3404 1747 3458 de
1793 3402 2052 3473 Hispania

468 3493 747 3549 Corsicam
784 3493 1034 3564 ingressi,
1076 3494 1133 3547 in
1172 3493 1293 3562 ipso
1325 3501 1515 3548 sancto
1552 3493 1793 3563 paschali
1824 3495 2053 3549 sabbato

467 3585 742 3641 civitatem
778 3582 1054 3653 quandam
1091 3583 1460 3654 diripuerunt,
1508 3592 1564 3640 et
1590 3592 1817 3652 praeter
1839 3584 2052 3653 episeo-z

469 3692 597 3747 pum
649 3690 714 3731 ac
750 3689 954 3743 paucos
989 3688 1147 3729 senes
1196 3682 1359 3742 atque
1416 3673 1662 3728 infirmos
1702 3673 1837 3727 nihil
1892 3673 1946 3726 in
1988 3689 2054 3728 ea

472 3768 827 3837 reliquerunt.
871 3764 1089 3819 interea.
1125 3762 1452 3819 Godofridus
1501 3778 1595 3819 rex
1639 3764 1914 3818 Danorum
1955 3778 2056 3832 per

474 3857 843 3929 negotiatores
871 3854 1134 3924 quosdam
1169 3851 1464 3918 mandavit,
1505 3866 1565 3907 se
1608 3852 1826 3907 audisse
1852 3891 1867 3917 ,
1909 3852 2055 3921 quod

474 3952 771 4018 imperator
798 3945 847 4000 ei
879 3943 1071 3999 fuisset
1113 3943 1308 4007 iratus,
1345 3957 1444 4011 pro
1471 3955 1535 3996 eo
1555 3939 1754 4015 [iratus
1779 3956 1845 3996 eo
1871 3941 1935 3995 Α.
1962 3939 2051 4013 L.]

474 4040 618 4111 quod
642 4039 696 4092 in
724 4036 1018 4093 Abodritos
1045 4050 1189 4089 anno
1216 4034 1499 4105 superiore
1530 4033 1682 4089 duxit
1714 4032 2013 4088 exercitum
2035 4073 2049 4098 ,

474 4138 528 4184 et
565 4143 692 4184 suas
726 4126 870 4181 ultus
915 4126 960 4157 ’θ
999 4133 1085 4179 est
1120 4124 1362 4188 iniurias,
1404 4124 1607 4178 addens
1643 4123 1780 4177 velle
1825 4138 1883 4176 se
1927 4136 2056 4192 pur—

474 4235 603 4292 gare
618 4218 686 4274 ab
702 4234 766 4276 eo
780 4218 923 4295 quod
938 4218 985 4274 ei
1002 4217 1371 4283 obiciebatur;
1390 4215 1621 4273 foederis
1634 4216 1995 4289 inruptionem
2011 4216 2057 4253 ἰ

2156 1956 2450 2020 expugnat,
2494 1956 2664 2018 atque
2710 1948 2797 2004 his
2835 1948 3177 2003 successibus
3225 1962 3415 2003 omnes
3459 1947 3551 2016 qui
3581 1947 3649 2000 ab
3680 1960 3754 2000 eo

2157 2040 2483 2101 defecerant,
2520 2038 2586 2093 ad
2614 2054 2769 2093 suam
2800 2039 3117 2094 societatem
3161 2038 3363 2095 reverti
3404 2037 3604 2107 coegit.
3648 2035 3754 2091 liis

2156 2136 2231 2191 ita
2259 2136 2448 2206 gestis,
2476 2135 2771 2203 imperator
2798 2133 2865 2188 de
2904 2132 3198 2189 Arduenna
3226 2131 3414 2202 Aquas
3454 2146 3715 2185 reversus
3735 2171 3751 2195 ,

2155 2239 2344 2283 mense
2386 2222 2712 2278 Novembrio
2738 2221 3027 2276 concilium
3060 2222 3255 2277 habuit
3296 2222 3364 2276 de
3393 2220 3755 2289 processione

2158 2314 2391 2385 Spiritus
2437 2312 2633 2378 sancti,
2681 2326 2842 2381 quam
2872 2312 3246 2379 quaestionem
3285 2309 3516 2368 [omnes
3557 2309 3602 2339 ³⁰
3628 2309 3758 2377 qui-

2157 2405 2279 2459 dam
2306 2404 2603 2459 monachus
2631 2400 3003 2456 Hierosolimis
3024 2400 3204 2470 primo
3233 2399 3564 2463 commovit;
3590 2399 3757 2452 cuius

2158 2494 2490 2551 deﬁniendae
2506 2509 2671 2549 causa
2685 2492 3017 2549 Bernharius
3031 2493 3076 2524 ἰ
3091 2493 3381 2563 episcOpns
3392 2491 3758 2547 Wormaccn-

2157 2586 2235 2640 sis
2254 2586 2298 2617 ³¹
2326 2592 2378 2640 et
2400 2585 2739 2640 Adalhardus
2763 2584 2810 2615 ³⁸
2832 2582 3002 2639 abbas
3022 2582 3068 2614 "‘
3087 2583 3401 2638 monasterii
3423 2581 3692 2637 Corbeiae
3708 2583 3755 2614 "

2156 2676 2382 2731 Romam
2430 2677 2495 2731 ad
2534 2676 2769 2731 Leonem
2814 2691 3011 2745 papam
3063 2676 3213 2731 missi
3260 2683 3409 2730 sunt.
3465 2673 3755 2744 Agitatum

2156 2778 2240 2826 est
2266 2771 2431 2824 etiam
2461 2772 2516 2823 in
2546 2769 2735 2824 eodem
2764 2768 2996 2825 concilio
3026 2769 3092 2824 de
3129 2775 3276 2823 statu
3304 2766 3669 2822 ecclesiarum
3701 2776 3758 2821 et

2154 2859 2565 2915 conversatione
2612 2873 2823 2924 eorum,
2868 2859 2960 2929 qui
3014 2860 3069 2913 in
3118 2859 3199 2914 eis
3259 2858 3369 2912 Deo
3414 2858 3631 2912 servire
3673 2858 3759 2912 di-

2156 2955 2375 3013 cuntur,
2403 2962 2504 3002 nec
2544 2948 2747 3016 aliquid
2779 2955 2963 3003 tamen
2992 2947 3274 3002 definitum
3304 2956 3390 3001 est
3416 2955 3646 3017 propter
3676 2961 3763 3000 re-

2157 3053 2301 3103 rum,
2331 3046 2393 3093 ut
2418 3038 2723 3104 videbatur,
2746 3038 3195 3110 magnitudinem.
3218 3041 3523 3109 Imperator
3543 3047 3756 3105 autem,

2157 3144 2281 3186 cum
2308 3130 2357 3185 ei
2384 3129 2557 3185 multa
2585 3130 2651 3185 de
2673 3130 2933 3185 iactantia
2952 3139 3012 3184 et
3026 3130 3279 3201 superbia
3304 3129 3449 3200 regis
3470 3129 3756 3184 Danorum

2159 3221 2564 3285 nuntiarentur,
2589 3220 2781 3275 statuit
2802 3227 2955 3275 trans
2974 3220 3184 3276 Albiam
3221 3219 3441 3274 ﬂuvium
3470 3221 3756 3275 civitatem

2159 3310 2474 3375 aedificare,
2502 3309 2950 3379 Francorumque
2980 3311 3031 3365 in
3064 3326 3127 3366 ea
3158 3326 3358 3381 ponere
3394 3310 3753 3381 praesidium.

2160 3399 2404 3469 Cumque
2439 3400 2508 3454 ad
2540 3398 2645 3455 hoc
2670 3414 2768 3469 per
2791 3399 3024 3455 Galliam
3063 3408 3227 3469 atque
3254 3398 3606 3455 Germaniam
3650 3400 3754 3453 ho-

2162 3494 2339 3548 mines
2391 3501 2777 3564 congregasset
2821 3492 2891 3559 ",
2924 3493 3200 3562 armisque
3248 3507 3313 3547 ac
3333 3492 3569 3547 caeteris
3596 3491 3641 3523 "
3684 3491 3754 3544 ad

2160 3598 2320 3638 usum
2348 3583 2673 3639 necessariis
2700 3582 2746 3614 “
2780 3584 2947 3638 rebus
2969 3583 3267 3638 instructos
3293 3597 3391 3652 per
3413 3582 3649 3636 Frisiam
3683 3582 3753 3641 ad

2160 3675 2339 3729 locum
2375 3674 2706 3729 destinatum
2739 3675 2942 3729 ducere
2968 3675 3235 3738 iussisset,
3281 3673 3526 3727 Thrasco
3563 3671 3609 3702 "
3642 3672 3753 3725 dux

2156 3764 2545 3819 Abodritorum
2589 3765 2643 3818 in
2688 3766 2932 3834 emporio
2978 3764 3023 3797 “
3061 3764 3223 3820 Reric
3254 3764 3297 3796 “
3328 3766 3397 3819 ab
3438 3762 3755 3818 hominibus

2158 3852 2435 3909 Godofridi
2465 3870 2565 3923 per
2592 3854 2772 3910 dolum
2798 3853 3117 3910 interfectus
3142 3863 3246 3909 est.
3279 3853 3385 3909 Sed
3427 3854 3753 3923 imperator,

2156 3949 2442 4013 postquam
2473 3940 2626 3997 locus
2669 3943 2877 3997 civitati
2912 3942 3326 4005 constituendae
3367 3942 3412 3973 δ’
3444 3941 3624 3996 fuerat
3656 3957 3753 3996 εις·

2158 4032 2422 4101 ploratus,
2440 4032 2736 4101 Egbertum
2762 4032 2807 4064 “
2821 4033 3073 4088 comitem
3088 4032 3213 4087 huic
3224 4033 3438 4102 negotio
3451 4045 3755 4099 exsequen-

2163 4123 2231 4178 do
2252 4114 2575 4193 praeﬁciens
2596 4165 2610 4189 ,
2640 4124 2816 4179 Albim
2854 4126 3087 4179 traicere
3114 4131 3169 4178 et
3194 4123 3373 4178 locum
3400 4121 3561 4176 iussit
3595 4136 3757 4176 occu-

2162 4228 2314 4284 pare.
2332 4213 2429 4268 Est
2447 4222 2624 4269 autem
2644 4214 2795 4270 locus
2826 4228 2989 4284 super
3010 4214 3184 4284 ripam
3209 4212 3425 4268 Sturiae
3452 4224 3473 4252 ε
3488 4211 3749 4278 ﬂuminis,

1726 4353 2117 4425 VARIANTES
2155 4368 2559 4430 LECTIONES.

549 4488 563 4519 ¹
599 4489 906 4547 natalem].
938 4487 992 4541 2.
1012 4497 1109 4541 elc.
1143 4486 1187 4540 Β
1213 4485 1267 4539 6.

478 4635 531 4687 1.
567 4634 622 4686 2.
655 4631 699 4684 Β
723 4628 774 4682 5.
806 4634 1134 4687 paraverunt
1179 4625 1224 4679 Β
1252 4625 1306 4678 2.

831 4489 906 4571 .i-
938 4487 1109 4571 2-.e'9-
1143 4486 1187 4540 Β
1213 4485 1267 4571 (Ξ-
1363 4482 2065 4571 ’Ftit'mzssi£-_?,:_f’:e:£
2092 4483 2136 4571 £3
2162 4483 2216 4571 δέ
2442 4484 2473 4571 ἶ
2496 4492 2743 4571 emat":
2763 4484 2807 4538 Β
2828 4484 2880 4571 ξι
2998 4483 3295 4571 Venena
3337 4483 3521 4571 1.3,?-
3542 4482 3585 4571 ,δ
3605 4482 3752 4571 ξέισξ

474 4561 758 4618 Venetiam
788 4552 872 4612 In’c
914 4567 962 4610 et
990 4556 1151 4623 infra.
1229 4555 1406 4626 “apud
1435 4554 1689 4623 domuum
1717 4552 1995 4621 pippinum
2020 4552 2065 4605 Β
2093 4552 2143 4605 7.
2172 4552 2216 4605 Β
2239 4553 2318 4606 2?
2390 4553 2411 4584 '
2440 4554 2690 4609 wilhario
2712 4555 2765 4609 9.
2842 4556 2862 4588 "
2899 4554 3016 4609 eius
3043 4554 3186 4607 deest
3228 4554 3278 4606 1.
3378 4554 3400 4583 ⁸
3430 4555 3748 4623 parentibus

478 4635 531 4687 1.
567 4634 622 4686 2.
655 4631 699 4684 Β
723 4628 774 4682 5.
806 4634 1134 4692 paraverunt
1179 4625 1224 4679 Β
1252 4625 1306 4678 2.
1444 4622 1464 4652 ⁸
1494 4622 1737 4677 occiduis
1776 4622 2165 4692 regionibusg9.
2246 4623 2288 4654 ⁸ο
2327 4624 2660 4678 desertosam
2688 4624 2732 4677 Β
2766 4624 2820 4677 2.
2900 4626 2940 4654 ¹¹
2970 4624 3175 4678 hiberis
3200 4625 3248 4676 1.
3276 4622 3337 4684 4.
3363 4623 3417 4675 5.
3446 4622 3497 4676 6.
3532 4624 3671 4677 iberi
3694 4623 3748 4676 7.

3378 4554 3400 4583 "
3430 4555 3751 4623 parentibus

476 4704 530 4756 9.
608 4702 653 4733 “
684 4690 1192 4754 nordanimbrorum
1221 4694 1274 4747 4.
1317 4693 1368 4747 6.
1399 4690 1985 4763 nordambumbromm
2013 4690 2054 4743 Β
2076 4690 2129 4763 _5_.
2173 4760 2187 4763 _
2212 4692 2520 4763 “gardulfus
2552 4694 2603 4746 1.
2642 4693 2687 4746 Β
2714 4694 2766 4747 6.
2797 4693 3061 4763 adelphus
3082 4693 3134 4747 9.
3161 4692 3410 4763 addulfus
3440 4692 3485 4763 Β
3513 4692 3563 4744 7.
3596 4692 3750 4763 θειω-

479 4772 566 4825 fns
585 4770 638 4825 4.
719 4770 762 4801 ”
792 4766 1053 4821 brittania
1084 4766 1167 4818 10.
1277 4765 1321 4796 ¹⁸

483 4841 525 4873 ¹⁹
550 4836 963 4916 emanasse-9.“
1039 4835 1085 4865 ²⁰
1106 4848 1273 4916 suum
1300 4833 1445 4916 ultus

482 4900 717 4979 primum
744 4908 814 4979 A4.
847 4904 983 4979 5._6.
1002 4903 1271 4979 _prins_7.
1304 4904 1355 4979 9.
1376 4902 1672 4979 _prim_itus
1760 4900 1829 4979 7._
1910 4901 1932 4979 ξ

1347 4763 1581 4832 quadam
1625 4761 1669 4815 Β
1710 4761 1765 4814 2.

1866 4761 1909 4792 "
1937 4760 2131 4815 cenulﬂ
2160 4760 2213 4814 4.
2248 4761 2290 4813 Β
2318 4763 2372 4815 2.

1689 4832 1732 4862 ’ί
1766 4830 2185 4885 inrumntionem
2226 4830 2271 4884 Β
2311 4832 2364 4885 2.

1989 4909 2285 4955 conventus
2306 4910 2608 4956 oomeatum
2641 4902 2686 4955 B
2711 4902 2764 4955 2.

3350 4762 3585 4816 olonium
3616 4761 3667 4815 B
3694 4762 3745 4815 6.

3348 4872 3359 4884 .
3389 4831 3442 4885 5.
3475 4830 3527 4884 6.
3566 4830 3639 4885 ab
3672 4831 3750 4885 eis

3478 4900 3576 4969 (7.)
3604 4900 3659 4953 Β
3694 4899 3745 4955 9.

2496 4763 2994 4845 firmasset?
3016 4763 3068 4845 2.-
3119 4763 3215 4845 .2“

2459 4833 2503 4862 ³¹
2523 4832 2612 4886 illo
2639 4832 2828 4900 primis
2858 4833 2908 4886 1.
2946 4834 2999 4887 2.
3032 4834 3085 4887 5.
3116 4832 3200 4885 10.
3232 4832 3276 4884 Β
3306 4832 3359 4885 2.
3389 4832 3432 4885 5.

2463 4910 2608 4956 atum
2641 4902 2686 4955 Β
2711 4902 2764 4971 2.
2868 4902 2915 4933 ’⁵
2933 4911 3118 4971 partes
3155 4901 3432 4971 emendari

482 4967 530 5011 ⁵⁸
559 4976 849 5034 badenlliot
896 4977 946 5027 1.
996 4967 1053 5027 2ξ
1098 4974 1151 5027 5.
1186 4974 1237 5026 4.
1296 4973 1349 5027 6.
1376 4967 1428 5026 7.
1461 4971 1504 5024 Β
1538 4971 1590 5025 5.
1641 4971 1694 5023 6.
1726 4967 2054 5024 badenﬂioth
2083 4968 2134 5022 5.
2165 4970 2450 5025 badenﬂiet
2478 4972 2530 5025 9.
2575 4970 2852 5027 batenﬂiot
2891 4967 2977 5027 10.
3018 4972 3188 5027 melac
3229 4970 3342 5024 B7.
3376 4967 3520 5024 locus
3549 4986 3748 5023 vacuus

482 5049 696 5103 relictus
723 5046 768 5100 Β
792 5046 846 5099 2.
884 5043 939 5097 8.

1041 5043 1086 5074 ²⁴
1113 5044 1330 5097 tbrasco
1362 5043 1412 5095 1.
1444 5041 1497 5094 2.
1528 5040 1581 5094 5.
1616 5040 1661 5093 Β
1686 5040 1739 5093 2.
1796 5039 1848 5091 5.
1882 5040 1934 5093 6.
1987 5049 2165 5092 trasco
2190 5039 2242 5092 4.
2276 5041 2327 5093 6.
2357 5041 2410 5094 7.
2440 5051 2488 5094 et
2518 5041 2630 5093 alii.

2706 5043 2749 5073 ⁸⁷
2785 5042 3015 5103 collecto
3047 5042 3096 5095 1.
3175 5040 3220 5071 ’⁸
3256 5040 3487 5094 vastavit
3517 5039 3569 5093 4.
3603 5039 3664 5092 5.
3691 5038 3744 5093 6.

480 5118 529 5151 ¹⁹
552 5117 851 5172 maximum
880 5114 1158 5167 civitatem
1194 5112 1239 5165 B
1260 5112 1312 5164 2.
1392 5111 1436 5141 ³ο
1462 5110 1711 5164 iohannis
1737 5108 1781 5161 Β
1806 5108 1859 5162 2.
1938 5108 1979 5138 ³¹
2000 5108 2281 5163 bernarius
2298 5110 2409 5163 B7.
2432 5110 2772 5166 bernhardus
2792 5112 2846 5165 4.
2875 5111 2927 5165 5.
2953 5111 3253 5165 bernardus
3268 5110 3319 5163 6.
3339 5109 3672 5164 bernhartus
3692 5107 3742 5162 9.

485 5188 530 5219 ³¹
551 5184 937 5241 wormacensis
962 5184 1010 5237 1.
1039 5183 1094 5236 2.
1124 5181 1176 5235 5.
1206 5183 1257 5235 7.
1302 5180 1345 5234 Β
1368 5181 1421 5233 2.
1449 5178 1821 5234 uurmacensis
1848 5177 1893 5230 Β
1922 5176 1978 5230 5.
2013 5176 2066 5230 6.
2097 5180 2253 5231 ceteri
2287 5180 2714 5243 wormaciensis,
2742 5191 2839 5234 etc.
2945 5180 2991 5212 ³³
3014 5179 3302 5235 adalradus
3334 5179 3390 5231 4.
3419 5178 3741 5233 adelbardus

485 5258 537 5305 Β-
566 5254 858 5305 nlahardus
883 5254 935 5305 7.
994 5252 1306 5305 adelhartus
1330 5248 1673 5305 9.adhardus
1727 5247 1771 5301 B
1819 5246 1868 5301 6.
1970 5244 2015 5277 ”
2049 5246 2186 5301 abba
2238 5248 2285 5301 B
2307 5248 2359 5302 5.
2392 5246 2645 5304 abbatem
2670 5250 2789 5304 B2.
2857 5250 2903 5281 ³⁸
2924 5250 3145 5305 corbiae
3176 5250 3225 5302 1.
3258 5247 3311 5301 5.
3354 5248 3573 5303 corbeia
3610 5247 3660 5299 Β
3689 5247 3741 5300 2.

483 5258 537 5311 5.
566 5254 858 5311 alahardus
883 5254 935 5306 7.
994 5252 1306 5306 adelhartus
1330 5248 1673 5305 9.adhardus
1727 5247 1771 5301 B
1819 5246 1868 5301 6.

482 5327 529 5359 ⁸⁸
554 5324 762 5382 homini
795 5328 1176 5392 congregasset
1203 5321 1257 5373 2.
1302 5321 1376 5392 A37"
1422 5318 1713 5392 armisque
1739 5318 1934 5392 ceteris
1978 5316 2049 5392 _2.

484 5397 745 5465 iemporio
769 5394 917 5465 reris
937 5392 984 5446 Β
1004 5392 1059 5445 2.

483 5460 781 5538 rgibertum
805 5463 859 5517 5.
890 5463 946 5517 6.
976 5462 1238 5519 traiecere
1264 5460 1318 5513 2.

558 5684 580 5711 ιι
611 5671 941 5724 Contacchio.

563 5742 586 5782 ιτ
621 5741 691 5793 To
701 5751 855 5793 rlosa.

558 5823 577 5850 τ
622 5810 875 5866 Montium
906 5808 1109 5866 incolm.

2146 5316 2191 5348 ³⁸
2222 5320 2490 5348 nnnnnnnn:

1138 5328 1176 5375 :t
1203 5321 1257 5373 2.
1334 5321 1376 5351 ³⁷
1426 5320 1695 5385 armisque
1739 5320 1934 5373 ceteris
1994 5320 2049 5369 2.
2146 5320 2191 5348 ³³
2221 5320 2558 5373 necessarias
2585 5320 2639 5372 2.
2736 5320 2783 5351 ³³
2815 5321 3035 5374 thrarco
3062 5320 3104 5371 Β
3132 5320 3186 5371 2.
3290 5320 3337 5348 δ’
3373 5320 3739 5371 abodritarum

1138 5389 1178 5420 “
1207 5390 1388 5445 rerich
1419 5390 1452 5444 5
1484 5428 1495 5442 .
1527 5388 1577 5441 6.
1615 5387 1656 5440 Β
1683 5387 1735 5441 6.
1814 5388 1858 5418 “
1888 5386 2093 5442 civitati
2122 5390 2517 5445 construendae
2544 5389 2665 5445 5.5.
2696 5390 2747 5445 6.
2776 5405 2825 5443 ο.
2859 5399 3029 5445 exstr.
3061 5388 3113 5442 4.
3194 5387 3238 5419 “
3269 5389 3588 5457 aegbertum
3616 5386 3663 5440 Β
3686 5385 3739 5439 2.

2000 5524 2228 5581 NOTIE.

2945 5180 2991 5212 ³³
3014 5179 3302 5235 adalradus
3334 5179 3390 5231 4.
3419 5178 3747 5233 adelbardus

2736 5320 2783 5351 ³³
2815 5321 3035 5374 thrarco
3062 5319 3104 5371 Β
3132 5320 3186 5371 2.
3290 5316 3337 5348 “
3373 5316 3743 5371 abodritarum

2252 5660 2275 5698 δ
2310 5661 2484 5731 Locus
2510 5663 2753 5731 ignotus,
2775 5667 2921 5715 certe
2955 5676 3119 5730 prope
3144 5659 3433 5731 Egidoram
3456 5658 3612 5714 situs.

2244 5742 2266 5770 ε
2305 5731 2400 5790 Die
2432 5730 2554 5787 διον
2582 5732 2633 5785 in
2662 5730 2919 5792 llolsatia.
