3928 6316
120 379 232 433 4ῗῦ

1614 374 1952 432 ANNALES-

3284 379 3394 437 474

121 495 393 552 vocabulo
409 491 673 548 Esesfelth
690 492 705 521 ¹
725 504 772 556 ιι,
791 498 844 547 et
858 497 1149 565 occupatus
1169 498 1253 544 est
1281 487 1348 543 ab
1371 486 1707 561 Egberto'et
1733 492 1785 551 Α
1810 487 1917 542 iam
1946 501 2066 543 esse
2090 488 2314 553 solutas,
2342 502 2523 560 regem
2548 502 2677 543 vero
2701 488 3052 547 Godofridum
3080 492 3222 546 domi
3252 508 3395 549 (ssc.

124 586 425 642 comitibus
472 582 755 638 Saxonicis
796 581 944 636 circa
976 580 1096 635 idus
1140 578 1383 644 Martias,
1422 586 1479 633 et
1506 576 1709 631 muniri

126 684 361 747 coeptus
391 677 435 727 ³.
463 673 729 729 Aureolus
780 686 964 727 eomes
989 670 1027 738 ⁸,
1046 670 1149 740 qui
1180 670 1236 724 in
1276 670 1593 723 commertio
1623 667 1712 721 Hi-

128 766 357 838 spaniae
386 772 547 833 atque
586 762 793 817 Galliae
833 770 984 815 trans
1006 759 1281 815 Pirineum
1305 768 1492 814 contra
1516 757 1717 813 Oscam

130 866 190 911 et
236 854 724 922 Caesaraugustam
769 850 790 881 ⁸
827 849 1118 915 residebat,
1167 846 1454 905 defunctus
1508 854 1613 908 est,
1661 854 1716 901 et

130 946 375 1001 Amoroz
403 943 447 1009 ⁸,
478 941 781 1012 praefectus
827 941 1289 1012 Caesaraugustae
1316 948 1479 1008 atque
1505 937 1677 994 Oscae
1698 978 1713 1000 .

133 1038 319 1093 locum
350 1035 467 1089 eius
491 1032 577 1105 [0.
602 1033 963 1087 ministerium
992 1034 1107 1087 eius
1137 1032 1200 1083 Α.
1230 1030 1319 1103 L.]
1345 1032 1561 1094 invasit,
1586 1030 1719 1084 etin

136 1128 385 1185 castellis
424 1128 445 1158 '
496 1126 637 1180 illius
685 1125 956 1194 praesidia
989 1123 1275 1194 disposuit,
1329 1123 1604 1198 missaque
1652 1120 1721 1175 ad

136 1220 527 1288 imperatorem
555 1216 575 1247 ⁸
605 1216 896 1286 legatione,
947 1229 1068 1269 sese
1120 1230 1242 1268 cum
1289 1214 1537 1268 omnibus
1584 1228 1724 1281 quae

137 1307 376 1361 habebat
428 1306 482 1359 in
536 1305 861 1359 deditionem
921 1304 994 1357 illi
1042 1304 1230 1359 venire
1270 1303 1403 1358 velle
1451 1304 1720 1374 promisit.

138 1396 391 1467 Eclypsis
418 1395 576 1451 lunae
606 1396 829 1464 contigit
852 1395 903 1446 7.
931 1394 1045 1447 Kal.
1074 1395 1285 1448 lanuar.

818 1470 1059 1539 Dcccx‘.

214 1577 451 1632 Amoroz
470 1578 516 1642 ’,
556 1576 1015 1646 Caesaraugustae
1034 1577 1079 1637 ‘9
1100 1576 1424 1647 praefectus,
1447 1587 1728 1647 postquam

142 1670 495 1740 imperatoris
518 1669 679 1740 legati
700 1670 769 1723 ad
793 1684 913 1724 eum
941 1679 1323 1739 pervenerunt,
1352 1670 1508 1739 petiit
1536 1678 1596 1724 ut
1625 1668 1731 1725 col-

143 1761 393 1832 loquium
420 1760 570 1815 fieret
594 1762 733 1815 inter
759 1761 933 1829 ipsum
960 1768 1017 1815 et
1042 1761 1316 1830 Hispani‘ei
1342 1760 1529 1815 limitis
1554 1769 1735 1815 custo—

1810 575 1879 630 Et
1910 590 2099 631 revera
2140 578 2216 631 ita
2254 586 2391 632 erat.
2435 577 2537 645 Qui
2580 579 2800 635 nuntius
2840 580 2976 635 adeo
3014 580 3404 650 imperatorem

1812 666 2137 732 concitavit,
2171 675 2231 721 ut
2268 668 2449 723 missis
2475 669 2531 723 in
2560 682 2748 724 omnes
2775 670 3198 741 circumquaque
3231 671 3407 740 regio-

1813 769 1912 809 nes
1947 755 2015 809 ad
2052 758 2487 827 congregandum
2528 759 2828 814 exercitum
2867 761 3092 827 nuntiis,
3136 761 3249 836 ipse
3290 761 3409 816 sine

1815 863 1967 903 mora
2005 848 2206 918 palatio
2243 850 2431 905 exiens
2465 852 2528 916 η,
2569 853 2746 922 primo
2787 852 3006 923 quidem
3028 854 3189 908 classi
3218 869 3411 909 oecur-

1817 955 1940 995 rere
1963 942 2030 1007 ”,
2056 943 2247 997 deinde
2272 944 2593 999 transmisso
2614 945 2803 1001 Rheno
2830 945 3068 1012 ﬂumine,
3094 948 3148 1001 in
3176 948 3296 1003 loco
3318 947 3416 1017 qui

1819 1032 2112 1102 Lippeliam
2142 1034 2182 1064 ’ί
2215 1042 2439 1089 vocatur
2478 1036 2663 1105 copias
2701 1045 2838 1104 quae
2876 1038 3115 1092 nondum
3146 1052 3415 1093 convene—

1822 1130 1948 1175 rant
1976 1123 2417 1193 statuit‘operiri;
2450 1126 2540 1179 ubi
2564 1125 2689 1179 dum
2721 1126 2923 1195 aliquot
2945 1128 3060 1183 dies
3082 1135 3413 1192 moraretur,

1824 1212 2030 1268 elefans
2063 1213 2167 1279 ille,
2199 1229 2358 1282 quem
2400 1216 2449 1270 ei
2491 1213 2673 1270 Aaron
2711 1230 2807 1271 rex
2851 1216 3272 1273 Sarracenorum
3317 1216 3422 1271 mi-

1826 1314 1992 1368 serat,
2012 1304 2192 1359 subita
2212 1313 2384 1359 morte
2407 1305 2585 1374 periit.
2610 1303 2966 1376 Congregatis
2989 1307 3202 1367 tandem
3228 1308 3420 1381 copiis,

1826 1405 2030 1466 quanta
2057 1395 2229 1466 potuit
2255 1395 2531 1451 celeritate
2552 1398 2619 1451 ad
2641 1398 2854 1451 Alaram
2881 1399 2924 1428 ”
2948 1396 3169 1453 ﬂuvium
3192 1407 3427 1453 conten-

1832 1491 1938 1555 dit,
1969 1491 2271 1558 castrisque
2307 1490 2452 1544 iuxta
2482 1489 2837 1545 eonﬂuentem
2866 1490 3004 1554 eius,
3036 1505 3144 1560 quo
3174 1490 3425 1545 Wisurae

1832 1580 2034 1635 ﬂumini
2059 1579 2424 1649 coniungitur,
2448 1580 2659 1649 positis,
2682 1580 2952 1643 minarum
2974 1578 3251 1635 Godofridi
3282 1580 3427 1647 regis

1833 1668 2195 1740 praestolatur
2231 1677 2503 1722 eventum.
2550 1667 2683 1722 Nam
2725 1684 2817 1723 rex
2862 1670 2971 1735 ille,
3000 1670 3293 1725 vanissima
3332 1682 3429 1737 spe

1836 1759 2097 1814 victoriae
2124 1758 2362 1823 inﬂatus,
2406 1759 2522 1813 acie
2552 1774 2611 1816 se
2644 1774 2767 1818 eum
2810 1760 3134 1830 imperatore
3174 1759 3428 1831 congredi

143 1850 269 1916 des,
298 1851 622 1921 promittens
650 1865 709 1905 se
735 1851 791 1904 in
818 1866 882 1905 eo
905 1850 1174 1920 colloquio
1204 1867 1327 1906 cum
1354 1852 1466 1905 suis
1490 1850 1740 1904 omnibus
1767 1850 1815 1909 B
1842 1847 1981 1902 velle
2007 1847 2262 1902 iactabat.
2295 1845 2403 1902 Sed
2426 1847 2551 1902 dum
2582 1847 2877 1917 imperator
2901 1849 2953 1903 in
2983 1856 3285 1911 memorato
3312 1846 3433 1902 loco

144 1941 204 1996 in
239 1942 584 2011 imperatoris
621 1941 887 1996 dicionem
928 1954 1051 1997 esse
1077 1951 1399 2007 venturum;
1443 1940 1586 2017 quod
1615 1938 1741 1993 licet

136 2032 449 2100 imperator
468 2039 529 2085 ut
558 2031 711 2085 ﬂeret
731 2033 1029 2098 annuisset,
1053 2032 1236 2087 multis
1261 2029 1741 2086 intervenientibus

146 2122 333 2178 causis
370 2122 635 2177 remansit
673 2122 951 2176 infectum.
998 2122 1189 2186 Mauri,
1233 2123 1299 2176 de
1339 2129 1451 2176 tota
1482 2120 1737 2191 Hispania

149 2210 391 2264 maxima
414 2210 587 2265 classe
606 2211 646 2241 “
670 2221 980 2280 conparata,
999 2212 1177 2281 primo
1201 2211 1527 2275 Sardiniam,
1546 2210 1740 2265 deinde

149 2298 431 2354 Corsicam
466 2300 816 2369 appulerunt,
850 2302 1103 2372 nulloque
1127 2301 1181 2355 in
1208 2316 1269 2356 ea
1297 2304 1514 2355 invento
1537 2300 1744 2371 praesi-

147 2390 263 2455 dio,
292 2390 523 2444 insulam
545 2406 717 2461 paene
746 2399 912 2446 totam
939 2391 1267 2462 subegerunt
1295 2393 1357 2446 ¹¹.
1384 2392 1591 2446 interea
1618 2390 1742 2460 Pip-

149 2480 317 2549 pinus
360 2495 485 2545 rex,
530 2480 756 2549 perﬁdia
801 2482 997 2537 ducum
1042 2482 1423 2538 Venetieorum
1465 2484 1741 2547 incitatus,

153 2571 449 2626 Veneciam
498 2572 637 2627 bello
683 2580 937 2642 terraque
978 2560 1224 2643 marique
1268 2574 1427 2629 iussit
1470 2582 1741 2643 appetere,

152 2662 511 2731 subiectaque
536 2664 765 2718 Venecia
792 2665 819 2704 δ
852 2678 917 2718 ac
942 2664 1169 2719 ducibus
1194 2665 1310 2719 eius
1339 2665 1393 2718 in
1420 2665 1744 2720 deditionem

152 2753 419 2821 acceptis,
464 2753 689 2808 eandem
731 2754 959 2809 classem
1002 2755 1069 2809 ad
1110 2754 1417 2812 Dalmaciae
1460 2756 1749 2811 litorarva-

155 2845 358 2900 standa
388 2848 559 2901 misit.
607 2847 714 2903 Sed
753 2864 877 2903 eum
916 2849 1132 2916 Paulus,
1174 2850 1481 2906 Cefalaniae
1514 2852 1556 2883 ⁸³
1591 2866 1748 2921 prae-

157 2933 351 2999 fectus,
400 2944 522 2992 cum
567 2939 813 2994 Orientali
857 2939 1029 2996 classe
1075 2941 1143 2994 ad
1187 2942 1443 2997 auxilium
1490 2942 1750 2997 Dalmatis

157 3024 442 3080 ferendum
472 3028 810 3094 adventaret,
838 3030 983 3101 regia
1007 3029 1198 3084 classis
1229 3030 1295 3085 ad
1322 3032 1539 3100 propria
1567 3046 1749 3103 regre-

1842 1938 2039 1995 stativa
2082 1938 2333 2003 haberet,
2378 1938 2713 1994 diversarum
2755 1954 2936 1995 rerum
2978 1940 3153 1995 nuntii
3200 1939 3268 1995 ad
3307 1954 3443 1994 eum

1843 2027 2160 2083 deferuntur
2179 2028 2246 2080 ’³.
2275 2026 2410 2082 Nam
2433 2036 2489 2082 et
2516 2028 2745 2083 classem
2768 2044 2907 2099 quae
2932 2028 3164 2085 Frisiam
3187 2028 3437 2083 vastabat

1845 2120 2063 2175 domum
2090 2135 2393 2191 regressam
2413 2160 2427 2185 ,
2460 2127 2515 2174 et
2542 2117 2895 2174 Godofridum
2926 2134 3109 2189 regem
3138 2135 3167 2172 a
3196 2118 3436 2187 quodam

1848 2226 1948 2266 suo
1986 2211 2213 2266 satellite
2253 2210 2628 2275 interfectum,
2672 2210 2955 2265 castellum
2984 2210 3246 2265 vocabulo
3286 2208 3440 2263 Bob-

1847 2298 2008 2355 buoki
2037 2300 2083 2331 “
2117 2310 2138 2338 ο
2163 2298 2355 2355 'Albiae
2383 2298 2587 2353 ﬂumini
2635 2300 2959 2369 adpositum,
3000 2300 3055 2353 in
3086 2315 3193 2370 quo
3224 2296 3339 2355 Odo
3363 2297 3439 2353 le-

1849 2400 2007 2463 gatus
2026 2392 2370 2461 imperatoris
2393 2398 2449 2445 et
2469 2389 2814 2445 orientalium
2838 2376 3260 2444 Saxonum‘erat
3284 2403 3441 2472 prae-

1848 2484 2075 2549 sidium,
2129 2498 2160 2537 a
2192 2482 2407 2538 Wiltzis
2446 2483 2494 2514 "
2532 2490 2778 2552 captum;
2837 2488 2891 2537 et
2936 2481 3221 2552 Pippinum
3270 2479 3451 2535 filium

1848 2578 1988 2640 eius,
2011 2590 2192 2647 regem
2217 2576 2422 2641 italiae,
2446 2576 2502 2632 8.
2523 2572 2649 2629 ldus
2674 2574 2769 2634 iul.
2798 2574 2865 2637 de
2890 2587 3119 2643 corpore
3142 2572 3443 2644 migrasse;

1853 2670 2094 2738 duasque
2134 2667 2433 2739 legationes
2472 2666 2540 2721 de
2586 2666 2815 2731 diversis
2859 2673 3128 2720 terrarum
3171 2662 3452 2735 partibus,

1851 2777 2016 2817 unam
2045 2761 2109 2815 de
2134 2757 2629 2829 Constantinopoli,
2644 2757 2873 2813 alteram
2895 2756 2961 2811 de
2982 2754 3233 2816 Corduba
3254 2754 3321 2819 ",
3351 2769 3441 2826 pa:-

1851 2855 1931 2909 cis
1959 2853 2237 2909 faciendae
2269 2867 2434 2906 causa
2470 2851 2763 2906 adventare
2804 2858 3079 2904 narratur.
3122 2846 3328 2915 Quibus
3357 2846 3447 2902 ille

1854 2941 2111 3011 acceptis,
2139 2940 2395 3009 disposita
2420 2955 2521 3009 pro
2552 2940 2812 3010 temporis
2843 2939 3151 2995 conditione
3184 2938 3450 3005 Saxonia,

1857 3034 2077 3089 domum
2134 3033 2445 3088 revertitur.
2501 3030 2673 3087 Tanta
2726 3031 2829 3086 fuit
2880 3031 2934 3085 in
2986 3045 3051 3084 ea
3107 3030 3451 3109 expeditione

158 3115 322 3170 ditur.
348 3116 745 3184 Hruodtrud“,
772 3120 879 3174 filia
902 3121 1245 3190 imperatoris
1265 3137 1400 3191 quae
1423 3130 1550 3175 natu
1578 3122 1753 3177 maior
1854 3124 2017 3179 boum
2063 3121 2396 3192 pestilentia,
2443 3130 2504 3177 ut
2547 3136 2720 3192 paene
2764 3120 2943 3177 nullus
2988 3127 3139 3176 tanto
3184 3121 3457 3179 exercitui

156 3212 277 3259 erat
314 3206 377 3270 ",
423 3208 476 3260 8.
525 3207 647 3263 ldus
688 3207 804 3262 Iun.
838 3209 881 3239 ω
911 3209 1052 3263 diem
1096 3211 1246 3264 obiit.
1290 3210 1587 3280 imperator
1624 3227 1752 3266 vero
1780 3194 1824 3255 (ἶ
1857 3221 2178 3284 superesset,
2205 3214 2332 3282 quin
2363 3228 2551 3267 omnes
2575 3228 2747 3283 usque
2774 3212 2840 3266 ad
2867 3227 3031 3266 unum
3061 3210 3345 3265 interirent
3366 3211 3450 3277 ’τι

155 3296 483 3369 Aquisgrani
510 3299 684 3353 adhuc
711 3314 875 3369 agens
904 3309 958 3353 et
980 3310 1168 3354 contra
1191 3300 1541 3355 Godofridum
1567 3318 1751 3372 regem
1854 3312 1907 3359 et
1934 3320 2039 3358 non
2068 3304 2239 3358 solum
2271 3302 2373 3364 ibi,
2404 3303 2499 3357 sed
2526 3303 2690 3356 etiam
2721 3318 2884 3371 super
2917 3300 3104 3373 [etiam
3131 3317 3230 3371 per
3258 3299 3324 3356 Α.
3357 3298 3453 3370 ιλ

158 3390 557 3458 expeditionem
607 3391 895 3455 meditans,
942 3393 1188 3445 nuntium
1236 3392 1473 3461 accepit,
1520 3391 1749 3446 classem

158 3478 518 3533 ducentarum
564 3482 782 3534 navium
818 3481 885 3534 de
923 3480 1284 3536 Nordmannia
1317 3484 1355 3513 "
1388 3482 1616 3537 Frisiam
1658 3499 1751 3561 ap-

159 3569 382 3637 pulisse,
433 3576 679 3639 totasque
727 3570 969 3625 Frisiaco
1010 3571 1155 3625 litori
1202 3572 1508 3627 (discentes
1547 3574 1750 3629 insulas

160 3673 282 3711 esse
316 3667 572 3723 vastatas,
610 3660 823 3727 iamque
851 3661 1147 3714 exercitum
1180 3661 1326 3715 illum
1364 3662 1414 3715 in
1453 3662 1749 3717 continenti

161 3764 302 3813 esse,
329 3760 592 3819 ternaque
613 3750 814 3819 proelia
834 3766 957 3805 cum
979 3750 1312 3806 Frisionibus
1332 3752 1668 3806 commisisse
1688 3753 1750 3819 ⁸⁸,

161 3839 453 3911 Danosque
483 3844 716 3897 victores
752 3844 1011 3897 tributum
1040 3844 1197 3898 victis
1227 3844 1547 3913 inposuisse,
1581 3853 1635 3899 et
1666 3860 1757 3899 ve-

162 3930 373 4003 ctigalis
409 3932 626 3985 nomine
664 3940 881 3987 centum
920 3930 1085 3986 libras
1112 3934 1322 4000 argenti
1364 3948 1392 3985 a
1423 3932 1759 3987 Frisionibus

1854 3412 2040 3451 omnes
2070 3396 2114 3426 "
2145 3394 2460 3464 imperatori
2489 3394 2759 3449 subiectas
2786 3392 3094 3463 provincias
3122 3391 3267 3446 illius
3289 3406 3452 3463 gene-

1852 3491 1929 3543 ris
1958 3486 2272 3542 animalium
2309 3485 2616 3540 mortalitas
2659 3484 3035 3539 inmanissime
3073 3492 3315 3553 grassata
3344 3489 3457 3545 est.

1853 3583 2155 3648 imperator
2205 3577 2541 3648 Aquasgrani
2587 3576 2814 3631 veniens
2851 3589 3037 3635 mense
3083 3573 3338 3629 Octobr-io
3378 3573 3449 3634 υ,

1856 3677 2185 3725 memoratas
2221 3667 2519 3738 legationes
2552 3665 2786 3730 audivit,
2826 3678 3126 3733 pacemque
3153 3678 3277 3717 cum
3306 3661 3453 3716 Nici-

1861 3757 1980 3813 foro
2008 3758 2335 3827 imperatore
2361 3763 2415 3809 et
2449 3769 2572 3809 cum
2596 3753 2798 3808 Abnlaz
2830 3766 2954 3821 rege
2980 3750 3270 3821 Hispaniae
3299 3748 3447 3806 ferit.

1863 3846 2000 3900 Nam
2046 3845 2283 3899 Nieiforo
2331 3843 2610 3898 Venetiam
2652 3842 2887 3898 reddidit
2939 3840 2984 3871 ³⁶
3035 3839 3085 3905 ά,
3127 3848 3181 3895 et
3220 3839 3454 3894 Haimri-

1865 3949 1992 3992 cum
2028 3934 2070 3964 “
2102 3933 2357 3989 comitem
2387 3932 2517 3988 olim
2547 3947 2578 3986 a
2609 3930 2928 3988 Sarracenis
2961 3936 3208 3999 captum,
3247 3927 3451 3983 Abulaz

1400 4023 1792 4078 VARIANTES
1826 4021 2227 4085 LECTIONES.

237 4113 252 4144 ί
281 4112 475 4166 esfeltb
506 4112 551 4165 1.
586 4111 744 4166 esfelt
767 4112 820 4165 4.
851 4111 905 4164 5.
926 4112 977 4165 6.
1010 4111 1333 4167 esesfeltb2.
1356 4113 1440 4167 10.
1471 4111 1583 4168 B2.
1602 4113 1654 4165 5.
1674 4112 1946 4167 escsfeltB
1968 4113 2019 4166 6.
2039 4112 2351 4168 essesfelt9.
2382 4111 2667 4167 essesfeltb
2696 4110 2741 4164 B
2771 4113 2821 4167 8.
2859 4109 3016 4169 esfelt
3044 4110 3095 4163 1.
3124 4108 3367 4165 eselfeltb
3394 4110 3450 4164 3.

163 4185 217 4237 7.
237 4181 479 4241 esselt'elt
496 4182 537 4234 Β
560 4181 610 4233 7.
687 4184 707 4212 ¹
736 4183 803 4235 ab
818 4182 1058 4241 egiberto
1083 4183 1135 4235 ὅ.
1155 4181 1207 4235 6.
1286 4182 1306 4212 ⁸
1322 4190 1546 4241 eaentus
1586 4184 1635 4235 1.

166 4254 210 4307 Β
234 4252 287 4306 2.
366 4251 387 4283 ‘
417 4266 631 4305 amaroz
659 4251 711 4304 5.
737 4252 790 4305 9.
823 4251 868 4304 Β
893 4252 945 4307 8.
1022 4252 1041 4283 ⁷
1076 4259 1131 4306 et
1157 4252 1390 4306 castellis

166 4338 262 4377 τοι
290 4320 335 4373 Β
362 4319 413 4373 6.
493 4321 537 4351 ¹⁰
564 4328 982 4388 caesarangusto
1011 4318 1065 4373 Β
1084 4320 1137 4374 2.
1218 4323 1259 4360 “-
1287 4322 1457 4377 classe
1498 4323 1547 4374 1.

1714 4184 1733 4213 ³
1764 4183 2000 4237 auriolos
2017 4183 2186 4241 comis
2201 4181 2244 4235 Β
2257 4182 2311 4237 2.
2389 4183 2410 4215 ⁸
2425 4197 2679 4236 caesarau

1486 4252 1539 4306 2.
1616 4254 1638 4283 ⁸
1669 4254 1736 4307 ab
1766 4254 2148 4322 imperatorem
2181 4249 2401 4322 B2,]N
2688 4248 2809 4322 B5:
2849 4252 2904 4322 _’
2929 4248 3451 4322 Amaro;_5.Arm9-

1628 4322 1668 4392 ‘7‘
1696 4316 2013 4392 subigerunt
2044 4322 2087 4375 Β
2114 4321 2169 4392 2.
2203 4321 2257 4375 5.
2297 4320 2347 4392 6.
2384 4321 2730 4392 subiecerunt
2767 4319 2812 4372 Β
2848 4319 2899 4370 7.
2934 4387 2947 4392 _
2981 4318 3022 4392 ’ξ
3054 4317 3362 4392 eefalagiae

167 4389 971 4461 cefalaiaegﬁacepbaleniae77.
1002 4389 1291 4461 celalaniae
1332 4390 1376 4444 Β
1416 4391 1469 4444 5.
1510 4389 2015 4461 εθιεΰεηίίιυῖΒοῃᾳ.

2683 4189 2963 4251 gustum...
2984 4188 3454 4251 caestaraugustus

2095 4391 2140 4423 “
2167 4391 2455 4449 hruodtrut
2492 4389 2535 4443 B
2576 4389 2627 4442 5.
2664 4387 2952 4443 hruottrnd
2988 4386 3042 4439 2.
3086 4386 3363 4443 hruodrud
3393 4386 3450 4441 5.

168 4460 485 4515 rbodtrudis
512 4460 561 4511 7.
592 4456 862 4513 rotdrudis
892 4460 944 4515 9.
1026 4458 1068 4489 ’⁵
1095 4467 1223 4515 natu
1252 4461 1428 4514 minor
1456 4469 1575 4515 erat
1601 4461 1653 4515 5.
1736 4462 1778 4491 ¹⁶
1802 4460 1885 4514 lli.
1912 4456 2048 4515 Non.
2075 4460 2187 4519 iun.
2217 4460 2259 4513 Β
2281 4460 2336 4513 5.
2415 4460 2454 4491 ³⁷
2486 4458 2844 4513 nordmannia
2868 4458 2920 4510 1.
2946 4457 3366 4511 nordusmannia
3389 4456 3447 4509 2.

168 4530 529 4585 nordmannia
556 4530 607 4583 3.
640 4529 693 4581 ι.
726 4528 776 4581 6.
813 4529 864 4582 9.
897 4529 941 4581 Β
971 4528 1023 4583 5.
1054 4528 1435 4585 northmannia
1460 4530 1512 4584 5.
1544 4530 1927 4587 nortdmannia
1954 4531 2006 4583 7.
2040 4530 2380 4584 nortmannia
2411 4528 2454 4583 Β
2480 4528 2533 4582 2.
2563 4529 2614 4580 7.
2642 4526 2926 4584 normania
2954 4526 2998 4580 Β
3028 4525 3081 4581 6.
3116 4524 3284 4579 Tanta
3310 4526 3450 4579 vocis

169 4601 396 4653 varietas
418 4598 545 4669 satis
570 4599 799 4669 iudicat,
819 4598 1013 4651 codicis
1032 4597 1091 4669 1.
1124 4595 1397 4669 lectionem
1426 4602 1706 4669 genuinam
1735 4617 1863 4657 esse.
1943 4601 1985 4631 ¹⁸
2014 4600 2317 4669 commissis
2347 4600 2398 4652 1.
2426 4599 2482 4659 2.
2514 4598 2567 4653 4.
2599 4598 2652 4652 6.
2684 4595 3047 4669 θοξηωίεδθρ
3074 4594 3452 4669 2._cpm_misse

170 4686 324 4739 corr.
340 4668 679 4739 commisisse
707 4666 749 4739 Β
772 4668 825 4739 5.
849 4667 1185 4739 commisisse
1204 4667 1257 4720 7.
1287 4668 1339 4722 9.
1371 4663 1661 4724 commissa
1689 4668 1802 4723 alii.
1882 4669 1929 4702 η
1944 4668 2146 4739 palatio
2167 4670 2355 4723 exiens
2376 4678 2489 4739 post
2512 4666 2899 4739 haecﬁverbahin
2915 4663 3448 4739 codice_B_2._[olium

171 4736 398 4801 excidit,
438 4739 600 4807 pergit
639 4736 780 4805 infra
810 4738 868 4790 in
896 4752 1015 4790 voce
1045 4736 1161 4807 eius
1199 4752 1382 4807 regem
1419 4740 1620 4797 italiae.
1696 4740 1741 4770 "
1772 4732 2084 4794 occurreret
2112 4738 2155 4791 Β
2184 4739 2235 4791 7.
2312 4732 2601 4807 "'lippeha
2637 4738 2693 4791 5.
2720 4737 2774 4791 6.
2814 4734 3045 4803 lippeam
3072 4732 3117 4807 Β
3146 4734 3197 4787 7.
3244 4733 3449 4807 lippen~

154 4808 321 4861 °beim
346 4808 399 4861 9.
438 4802 447 4806 ⁷
475 4802 777 4861 Τειίιέιτὲιω
812 4806 859 4858 1.
898 4821 1109 4860 araram
1137 4806 1189 4859 9.
1222 4802 1456 4865 al'acram
1480 4808 1525 4862 Β
1551 4808 1603 4862 6.
1680 4808 1726 4839 ’³
1753 4807 2004 4863 deferunt
2033 4809 2085 4861 1.
2112 4808 2167 4862 5.
2197 4807 2238 4861 Β
2263 4807 2317 4861 7.
2348 4802 2614 4863 venerunt
2641 4808 2695 4859 5.
2726 4802 3061 4862 devenerunt
3084 4802 3137 4856 6.
3170 4802 3453 4871 perferun-

170 4886 263 4929 tur
288 4876 341 4929 9.
370 4875 683 4930 deferuntur
710 4876 763 4928 2.
790 4876 841 4933 7.
868 4875 913 4928 Β
941 4875 993 4930 5.
1032 4876 1096 4936 ad
1135 4888 1192 4931 se
1221 4877 1469 4932 deferunt
1495 4878 1542 4931 Β
1568 4878 1620 4931 6.

171 4946 216 4976 "’
248 4944 547 5014 perirentB
570 4947 621 4999 7.
696 4947 743 4977 ’⁸

1676 4940 1677 4943 η
1721 4878 1767 4908 ’⁵
1797 4877 2106 4932 hobbuocbi
2132 4879 2184 4935 3.

843 4962 868 4999 r
894 4960 1080 5002 omnes
1106 4945 1190 5000 10.
1266 4947 1309 4981 ¹⁹
1334 4948 1581 5003 octubrio
1602 4946 1643 4999 Β
1668 4945 1719 4999 7.
1750 4948 2037 5002 octimbrio
2063 4946 2106 5003 Β
2134 4946 2187 5001 6.
2263 4948 2308 4979 '°
2339 4947 2515 5001 reddit
2546 4947 2599 5001 1.

2282 4879 2329 4910 ’⁸
2352 4878 2556 4933 wiizzis
2584 4876 2631 4934 Β
2658 4876 2710 4930 5.
2744 4875 2797 4929 6.
2924 4873 2967 4903 ⁸⁸
3024 4870 3254 4927 cordoba
3304 4870 3349 4924 Β
3393 4870 3449 4926 5.

2674 4947 2715 4977 ³¹
2744 4942 3043 5000 bamricum
3066 4942 3116 4995 1.
3136 4941 3189 4995 ι.
3220 4942 3305 4995 10.
3334 4956 3453 4995 am-

173 5009 347 5069 ric'um
369 5015 421 5068 2.
454 5016 737 5069 banricum
766 5009 819 5070 3.
849 5015 983 5070 amri
1007 5014 1057 5069 5.
1094 5014 1269 5078 bamri
1298 5018 1349 5073 6.
1380 5019 1658 5076 benricum
1708 5018 1759 5069 7.
1791 5018 2151 5073 beimrichum
2186 5016 2243 5072 9.
2296 5018 2617 5072 haimricum
2663 5014 2708 5070 Β
2728 5016 2783 5071 2.
2809 5012 2863 5067 5.
2887 5011 2941 5066 8.
2971 5010 3294 5067 beimricum
3321 5009 3367 5073 Β
3393 5010 3449 5068 6.

1680 5149 1915 5207 NOTAE.

174 5084 497 5138 adimricum
526 5083 571 5137 Β
598 5085 651 5137 7.

248 5252 275 5279 ι
317 5233 547 5295 Itzehoe.

249 5309 276 5349 δ
317 5309 600 5380 Pippinum
640 5327 745 5367 non
780 5328 969 5370 omnes
1006 5312 1335 5366 Venetorum
1371 5314 1573 5364 insulas
1612 5310 1754 5364 obti-

179 5380 405 5459 nuisse,
430 5382 523 5434 sed
561 5392 722 5459 ponte
765 5381 1172 5459 navali'Rivum
1214 5380 1393 5459 altum_
1422 5394 1754 5459 aggressum,

177 5457 498 5519 tempestate
545 5448 721 5519 subito
766 5462 948 5506 coorta
991 5452 1059 5504 ab
1104 5451 1317 5517 incepto
1363 5448 1624 5503 desistere
1669 5464 1760 5503 co-

179 5516 362 5573 actum
390 5534 527 5583 esse,
560 5535 626 5573 ex
659 5516 979 5575 Venetorum
1010 5516 1277 5575 chronicis
1312 5526 1541 5571 constat.

252 5600 271 5625 ε
316 5588 392 5642 De
432 5602 496 5642 eo
532 5590 768 5660 multum
814 5591 1144 5660 disputatur;
1190 5588 1277 5641 alii
1328 5586 1599 5660 lintriburg
1640 5604 1759 5643 esse

180 5666 402 5780 putant,
453 5659 647 5727 quibus
690 5655 912 5739 obstare
950 5657 1371 5780 videtitr,u«Btod
1414 5655 1685 5727 liamburg
1730 5674 1759 5711 a

209 5728 372 5780 Villis
402 5729 561 5780 naulo
586 5730 796 5780 longius
825 5731 1086 5780 distabat:
1124 5728 1210 5780 ain
1286 5726 1628 5780 ouzcnbura.
1667 5746 1756 5780 vo-

209 5727 372 5784 Nilzis
401 5729 561 5799 paulo
586 5730 796 5801 longius
825 5731 1086 5791 distabat;
1124 5728 1210 5781 alii
1243 5726 1628 5797 Boitzcnburg,
1662 5726 1756 5783 Vo-

1860 5240 2051 5296 cabulo
2080 5248 2262 5297 tamen
2289 5241 2705 5305 satis‘adverso;
2742 5240 2960 5295 Bﬁehen
2988 5239 3366 5311 potinsgfuerit
3394 5254 3451 5295 tu

1862 5312 2061 5366 ducatu
2108 5311 2584 5384 Lauenburgensi,
2628 5325 2734 5364 non
2779 5312 2951 5379 magis
2979 5309 3142 5379 Quam
3181 5309 3235 5363 in
3279 5309 3451 5366 altera

1863 5381 1977 5437 ripa
2005 5380 2341 5436 Holdunsteti
2366 5393 2422 5437 et
2442 5380 2620 5435 Hiiuni
2649 5380 2718 5432 ab
2743 5379 2897 5434 Albia
2927 5381 3151 5434 distans.

1863 5395 1977 5449 ripa
2005 5395 2341 5436 notuunsteti
2366 5395 2422 5437 et
2442 5395 2620 5435 unum
2649 5395 2718 5432 an
2743 5395 2897 5434 mnta
2927 5395 3151 5434 distans.

1932 5449 1956 5487 ἀ
1995 5450 2151 5504 Pacis
2178 5450 2338 5519 hujus
2360 5450 2694 5506 conditiones
2723 5463 2788 5502 ex
2820 5458 2978 5518 pacto
3001 5448 3264 5504 Hlotharii
3293 5448 3313 5501 1
3347 5448 3449 5502 im—

1899 5521 2127 5573 eratoris
2156 5535 2277 5575 cum
2310 5522 2529 5575 Venetis
2566 5520 2969 5588 cognoscimus,
3010 5519 3149 5587 quod
3178 5534 3241 5571 ex
3274 5532 3450 5571 mem-

1862 5534 2047 5645 granis
2076 5591 2279 5643 archivi
2310 5592 2437 5645 olim
2464 5589 2774 5645 reipublicae
2804 5589 3037 5645 Venetae.
3072 5586 3181 5645 iam
3214 5586 3446 5641 Czesarei

1903 5589 2047 5659 ranis
2076 5591 2279 5643 archivi
2310 5592 2437 5646 olim
2464 5586 2774 5659 reipublicae
2804 5586 3040 5652 Venetae,
3072 5586 3181 5654 jam
3214 5586 3446 5641 Czesarei

1868 5658 2323 5726 Vindobonensis,
2373 5658 2699 5730 descriptum
2746 5658 3035 5715 lectoribus
3080 5659 3131 5711 in
3174 5666 3448 5727 posterum

1868 5734 2241 5780 prononcmtis.

1865 5743 2241 5797 proponemus.
