3928 6384
216 405 320 460 4⁸3⁵7

1680 403 2020 466 ANNALES.

3379 413 3487 472 ‘76

211 526 337 571 etus
364 517 668 572 nunciatur.
697 515 793 572 Cui
820 532 943 573 cum
979 516 1286 587 Sigifridus,
1318 532 1486 587 nepos
1515 516 1794 573 Codofridi
1824 522 1875 581 Α
1900 532 2058 573 suum
2096 518 2472 591 Hemmingnm
2500 522 2601 577 sibi
2643 521 2851 579 remitti
2872 532 3083 594 rogant.
3117 525 3132 544 ‘
3187 524 3301 581 Hoc
3338 543 3481 585 anno

214 609 383 681 regis,
426 618 483 664 et
522 610 699 665 Anulo
744 611 781 677 ¹,
826 624 995 680 nepos
1025 610 1045 641 ‘
1093 610 1333 667 Herioldi
1386 610 1659 680 quondam
1708 624 1795 664 re—
1898 606 2079 663 Idibus
2113 607 2237 668 Mali
2262 618 2383 678 post
2406 612 2687 667 meridiem
2718 613 2851 669 solis
2873 614 3108 685 eclypsis
3135 614 3257 670 fuit.

210 700 301 771 gis
347 699 371 731 ⁸
403 698 665 771 [Hcrioidi
705 705 758 755 et
810 700 979 769 ipsius
1030 700 1172 772 regis
1221 701 1285 753 Α.
1337 698 1461 772 L.],
1504 699 1797 754 succedere

206 788 534 855 voluissent,
565 806 739 861 neque
776 790 919 845 inter
946 805 1062 855 eos,
1110 799 1232 845 uter
1267 805 1498 861 regnare
1546 789 1791 853 deberet,

202 882 501 937 convenire
530 882 813 951 potuisset.
844 881 1171 951 comparatis
1199 880 1372 951 copiis
1400 887 1454 936 et
1490 880 1789 935 commisso

202 970 456 1043 proelio,
497 972 657 1026 ambo
712 972 1037 1027 moriuntur.
1101 972 1237 1027 Pars
1289 980 1473 1026 tamen
1528 971 1792 1027 Anulonis

201 1060 405 1129 adepta
444 1060 730 1114 victoriam
773 1062 817 1125 δ,
858 1059 1058 1117 fratres
1108 1062 1226 1116 eius
1254 1060 1570 1116 Herioldum
1599 1068 1655 1117 et
1685 1060 1792 1117 Re-

198 1140 500 1221 ginfridum
527 1154 547 1185 '
576 1170 729 1226 reges
773 1155 875 1210 sibi
900 1190 901 1193 η
928 1156 1243 1222 constituit;
1284 1171 1447 1226 quam
1474 1158 1789 1213 necessario

198 1259 333 1317 pars
360 1246 502 1301 victa
528 1255 731 1312 secuta,
759 1247 980 1303 eosdem
1025 1247 1127 1302 sibi
1162 1260 1390 1318 regnare
1418 1263 1527 1303 non
1559 1248 1782 1303 abnuit:

196 1333 256 1388 in
283 1348 350 1388 eo
376 1334 580 1403 proelio
610 1335 697 1400 10,
727 1334 831 1390 940
858 1335 879 1366 ⁸
908 1335 1013 1391 viri
1030 1335 1307 1392 cecidisse
1338 1344 1652 1391 narrantur.
1695 1336 1788 1391 Ni-

193 1428 408 1485 ciforus
437 1430 732 1500 imperator
760 1438 881 1501 post
910 1431 1108 1486 multas
1136 1440 1192 1487 et
1242 1432 1487 1502 insignes
1528 1432 1787 1488 victorias

193 1517 254 1574 in
284 1518 485 1575 Moesia
512 1521 790 1591 provincia
817 1522 1109 1577 commisso
1139 1536 1262 1577 cum
1292 1521 1542 1592 Bulgaris
1578 1524 1784 1593 proelio

192 1612 452 1677 moritur,
483 1618 541 1666 ct
567 1611 830 1667 Michabel
862 1626 1029 1683 gener
1075 1613 1192 1668 eius
1243 1613 1541 1683 imperator
1579 1612 1782 1679 factus,

192 1698 405 1771 legatos
454 1702 799 1772 imperatoris
847 1702 1031 1774 [legat.
1077 1704 1261 1759 domui
1313 1704 1352 1758 i.
1390 1702 1456 1757 Α.
1487 1704 1577 1777 ιη]
1609 1704 1781 1772 Karli,

188 1792 289 1861 qui
324 1793 396 1848 ad
451 1792 749 1850 Niciforum
775 1794 797 1827 '
849 1795 1003 1850 missi
1042 1793 1282 1862 fuerunt,
1314 1796 1373 1851 in
1400 1795 1784 1853 Constantino-

1963 714 1997 748 ⁸
2034 713 2340 786 [Robertus
2385 719 2556 774 abbas
2616 723 2789 777 sancti
2850 722 3106 779 Germani
3158 726 3483 785 monasterii-

1896 783 2006 869 vita
2037 783 2283 869 decessit
2339 786 2545 869 .lruuno
2575 789 2623 861 (1
2632 791 2823 869 retine)
2871 808 3087 869 quoque
3113 783 3483 866 prudentia“;

1896 868 2016 909 mus
2040 856 2125 908 vir
2150 855 2269 912 loco
2302 858 2422 914 eius
2446 855 2731 916 successit.
2763 855 2815 914 72
2841 882 2851 899 ·

2525 1001 2835 1060 DCCCXIII.

1970 1152 2269 1223 imperator
2328 1158 2657 1231 Aquisgrani
2708 1160 3012 1229 hiemavit,
3077 1174 3134 1221 et
3180 1166 3476 1238 incipiente

1893 1245 2042 1298 verni
2073 1248 2332 1317 temperie
2363 1249 2405 1280 ¹⁹
2438 1250 2813 1307 Amalharium
2838 1254 2881 1285 ³ο
2930 1254 3319 1312 Tre'verensem
3350 1260 3472 1330 epi-

1888 1350 2111 1405 scopum
2152 1346 2209 1391 et
2251 1337 2473 1393 Petrum
2491 1342 2766 1397 .abbatem
2819 1345 3136 1399 monasterii
3186 1345 3473 1401 Nonantu-

1886 1423 1967 1480 las
1999 1426 2042 1455 “
2070 1433 2293 1496 propter
2329 1442 2520 1497 pacem
2551 1445 2674 1484 cum
2703 1430 2963 1485 Michaele
2988 1432 3319 1506 imperatore
3340 1450 3474 1489 con-

1887 1513 2206 1573 ﬁrmandam
2234 1515 2758 1589 Constantinopolim
2786 1521 2955 1577 misit.
2974 1521 3117 1578 Pons
3134 1524 3334 1595 “apud
3360 1525 3474 1581 Mo-
3514 1524 3517 1525 ⁷

1884 1605 2193 1674 gontiacum
2226 1623 2413 1664 mense
2458 1609 2597 1665 Maio
2636 1611 2885 1667 incendio
2932 1611 3307 1684 conﬂagravit,
3341 1623 3467 1684 post

1883 1696 2026 1764 quod
2055 1697 2352 1767 imperator
2373 1714 2494 1755 cum
2523 1701 2580 1755 in
2606 1702 2898 1758 Arduenna
2932 1714 3242 1770 venaretur,
3271 1706 3467 1775 pedum

1883 1785 2070 1842 dolore
2096 1788 2370 1855 decubuit,
2398 1799 2454 1845 et
2483 1792 2865 1848 convalescens
2910 1793 3253 1863 Aquasgrani
3292 1809 3470 1850 rever-

190 1881 336 1952 ροιίι
355 1885 594 1953 suscepi;
622 1893 677 1940 ει
698 1885 965 1951 absolvit;
990 1901 1113 1941 cum
1134 1887 1331 1956 quibus
1354 1894 1411 1953 ες
1429 1902 1556 1943 suos
1574 1888 1783 1959 ιρεοιοε
1812 1863 1857 1921 Β
1886 1893 1979 1933 sus
2009 1886 2126 1944 est;
2169 1896 2233 1935 ac
2284 1880 2479 1936 deinde
2516 1881 2703 1936 habito
2729 1884 2969 1949 generali
2999 1893 3263 1941 conventu
3282 1925 3298 1953 ,
3342 1900 3471 1941 evo-

189 1974 415 2043 direxit,
432 1978 785 2033 Michahelem
812 1968 1024 2035 scilicet
1042 1980 1377 2051 episcopum,
1397 1990 1450 2035 et
1469 1980 1744 2037 Arsaﬁum
1757 1983 1779 2014 ’

189 2074 362 2137 atque
394 2068 803 2138 Theognoszum
853 2070 896 2101 ¹⁰
938 2071 1428 2140 protospatharios,
1465 2080 1521 2145 et
1548 2087 1650 2143 per
1687 2087 1779 2128 eos

186 2171 382 2227 pacem
408 2174 439 2213 a
464 2157 706 2215 Niciforo
745 2160 1013 2230 inceptam
1042 2160 1400 2216 conﬁrmavit.
1420 2161 1556 2221 Nam
1584 2162 1781 2233 Aquis-

186 2249 374 2320 grani,
405 2251 497 2305 ubi
526 2251 592 2305 ad
619 2252 1003 2322 imperatorem
1030 2262 1314 2320 venerunt,
1344 2255 1606 2325 scriptum
1634 2258 1777 2327 pacti

185 2337 254 2393 ab
287 2353 356 2394 eo
399 2338 456 2394 in
506 2339 738 2397 ecclesia
777 2340 1164 2411 suscipientes,
1217 2358 1369 2399 more
1416 2359 1551 2411 suo,
1592 2346 1646 2400 id
1694 2355 1780 2402 est

187 2427 401 2485 Graeca
430 2430 631 2503 lingua,
658 2431 844 2491 laudes
872 2432 922 2487 ei
948 2432 1222 2498 dixerunt,
1243 2433 1629 2503 Imperatorem
1651 2450 1776 2491 eum

184 2529 243 2576 et
289 2522 563 2577 Basileum
594 2524 636 2555 “
664 2523 997 2594 appellantes
1021 2564 1036 2589 ,
1080 2532 1137 2578 et
1171 2526 1492 2582 revertendo
1541 2526 1774 2584 Romam

183 2612 492 2680 venientes,
521 2614 575 2669 in
615 2614 839 2671 basilica
892 2616 1066 2671 sancti
1107 2615 1260 2672 Petri
1288 2622 1343 2672 et
1378 2618 1610 2687 apostoli
1640 2634 1776 2674 eun-

1880 1976 2063 2025 catum
2098 1970 2165 2030 ad
2213 1985 2272 2026 se
2326 1971 2467 2042 apud
2516 1969 2857 2043 Aquasgrani
2911 1973 3080 2029 ﬁlium
3130 1990 3288 2030 suum
3330 1974 3463 2031 Hlu-

1880 2057 2095 2114 doicum
2114 2058 2173 2097 -”
2202 2058 2530 2129 Aquitaniae
2556 2076 2760 2131 regem,
2800 2078 3062 2118 coronam
3091 2063 3170 2119 illi
3200 2066 3465 2135 inposuit,

1875 2156 1931 2205 et
1958 2148 2253 2218 imperialis
2276 2151 2512 2207 nominis
2538 2153 2649 2208 sibi
2669 2161 2981 2209 consortem
3010 2152 3162 2219 fecit,
3186 2154 3463 2212 Bernbar—

1877 2240 2110 2310 dumque
2133 2249 2385 2311 nepotem
2431 2257 2611 2308 suum,
2640 2242 2813 2298 ﬁlium
2840 2242 3059 2314 Pippini
3099 2244 3198 2300 ﬁlii
3226 2247 3333 2311 sui,
3362 2248 3469 2303 ita-

1875 2327 1982 2385 liae
2045 2330 2330 2400 praefecit,
2378 2340 2436 2387 et
2469 2347 2656 2405 regem
2697 2333 2959 2403 appellari
2996 2334 3171 2389 iussit.
3221 2334 3466 2393 Concilia

1870 2433 2091 2490 quoque
2151 2420 2303 2477 iussu
2354 2421 2473 2478 eius
2524 2436 2689 2492 super
2718 2431 2889 2482 .statu
2936 2423 3289 2481 ecclesiarum
3340 2441 3466 2482 cor—

1874 2508 2100 2580 rigendo
2146 2523 2246 2580 per
2286 2517 2456 2567 totam
2496 2510 2729 2567 Galliam
2772 2514 2842 2570 ab
2876 2514 3146 2586 episcopis
3192 2515 3467 2572 celebrata

1873 2614 2031 2671 sunt,
2067 2621 2300 2680 quorum
2342 2621 2513 2662 unum
2564 2607 2923 2679 Mogontiaci,
2974 2609 3207 2665 alterum
3252 2610 3461 2673 Remis,

183 2705 305 2762 dem
333 2706 482 2775 pacti
517 2722 611 2762 seu
639 2705 873 2762 foederis
903 2707 1142 2764 libellum
1170 2723 1200 2762 a
1231 2707 1414 2764 Leone
1434 2723 1571 2780 papa
1598 2709 1775 2766 denuo

1885 2694 2093 2750 tertium
2130 2694 2384 2763 Turonis,
2437 2706 2694 2767 quartum
2739 2697 3040 2755 Cabillione
3087 2698 3166 2765 ’⁸,
3207 2700 3458 2769 quintum

181 2806 563 2868 susceperunt.
610 2799 818 2866 Quibus
867 2800 1144 2867 dimissis,
1180 2800 1487 2871 imperato,
1533 2802 1771 2871 general;
1870 2783 2078 2841 Arelati
2122 2795 2507 2858 congregatum
2536 2795 2653 2853 est,
2695 2794 2751 2843 et
2803 2788 3279 2855 constitutionum,
3316 2803 3461 2859 quae

183 2898 458 2945 conventu
508 2888 679 2960 Aquis
731 2891 1049 2948 solemniter
1114 2892 1301 2947 habito
1327 2932 1342 2957 ,
1372 2891 1770 2948 'Bernhardum
1857 2875 1927 2932 in
1956 2875 2184 2946 singulis
2229 2876 2408 2932 Ῑδοιεθ
2450 2884 2600 2942 δυοῖν
2646 2876 2865 2933 (³011³⁸ίο
2895 2892 3081 2932 οοηηι
3130 2877 3463 2948 ίωΡθηιοΓε

185 2976 356 3033 mium
386 2977 625 3048 Ρίρρίηί,
650 2988 901 3051 nepotem
944 2994 1125 3051 suum.
1158 2981 1214 3035 in
1257 2980 1469 3045 “aliam
1502 2981 1681 3048 mis“;
1715 2990 1771 3037 οι
1871 2965 1927 3020 in
1975 2965 2067 3021 illo
2102 2976 2372 3022 conventu
2395 2968 2610 3033 habita;
2640 2983 2778 3039 quas
2810 2968 2905 3038 qui
2931 2982 3092 3023 nosse
3119 2967 3374 3036 voluerit,
3403 2970 3460 3025 in

181 3080 403 3139 propter
447 3068 648 3125 famam
704 3071 915 3138 classis,
975 3086 1116 3141 quae
1165 3078 1222 3127 et
1261 3072 1329 3127 de
1375 3069 1561 3127 Africa
1588 3081 1663 3128 ~et
1703 3072 1769 3128 de
1870 3055 2193 3125 supradictis
2218 3058 2807 3128 (ῐυίηίίυθόίνίῑεηίῧυε
2853 3060 3099 3115 invenire
3144 3061 3347 3139 Ροιθνίῑ
3386 3061 3459 3128 ’⁸.

182 3158 440 3230 Hispania
492 3162 560 3216 ad
588 3161 913 3217 vastandam
958 3161 1169 3217 italiam
1207 3169 1436 3217 ventura
1464 3162 1764 3227 dicebatur,

1870 3160 2197 3216 quamquam
2226 3141 2366 3202 etin
2402 3149 2626 3205 archivo
2668 3148 2854 3219 palatii
2886 3150 3213 3219 exemplaria
3242 3136 3474 3207 illarum.

183 3213 466 3307 was...
622 3213 1769 3323 assentiarp;;;.;.;1;.";.;{;;;.;
1797 3213 1841 3275 (³
1876 3213 2220 3291 limatur:
2249 3237 2399 3292 Missi
2452 3246 2585 3319 sunt.
2621 3213 2688 3294 ἀὲ
2744 3241 2848 3295 hoc
2908 3213 3175 3296 οοιινὲηιη
3235 3241 3458 3310 quidam

182 3340 267 3397 illo
296 3357 419 3396 esse
450 3342 627 3409 iussit,
662 3343 1015 3413 quoadusque
1048 3358 1230 3399 rerum
1282 3352 1511 3403 eventus
1566 3345 1770 3419 securi-

182 3439 343 3487 tatem
374 3433 578 3487 nostris
618 3433 875 3491 adferret.
910 3433 1055 3493 Haec
1083 3433 1274 3490 classis
1310 3434 1509 3505 partim
1539 3435 1594 3492 in
1637 3435 1770 3491 Cor-

181 3522 367 3587 sicam,
414 3523 613 3591 partim
661 3525 715 3578 in
756 3524 1064 3581 Sardiniam
1120 3526 1299 3591 venit;
1352 3534 1407 3580 et
1437 3540 1502 3581 ea
1549 3527 1767 3597 quidem

178 3625 302 3682 pars
348 3627 489 3681 quae
530 3614 599 3670 ad
628 3613 941 3674 Sardiniam
990 3624 1076 3672 est
1111 3616 1307 3681 delata,
1338 3632 1477 3687 pene
1516 3625 1627 3674 tota
1676 3619 1770 3672 de.

180 3699 281 3758 leta
335 3712 439 3758 est.
492 3703 694 3761 Classis
750 3706 917 3763 etiam
962 3706 1424 3763 Nortmannorum
1475 3699 1519 3747 ‘7'
1574 3708 1766 3763 Hiber—

1874 3326 2207 3383 Franeorum
2252 3335 2310 3383 et
2357 3326 2633 3382 Saxonum
2663 3330 2931 3399 primores
2961 3341 3113 3386 trans
3149 3330 3330 3387 Albim
3362 3330 3461 3386 ﬁu-

1872 3416 2017 3471 vium
2058 3418 2128 3470 ad
2155 3415 2388 3470 conﬁnia
2437 3416 3052 3490 Nordmannorum,‘qui
3095 3432 3283 3492 pacem
3330 3438 3458 3478 cum

1870 3508 1951 3562 eis
1990 3508 2287 3562 secundum
2311 3508 2628 3578 petitionem
2652 3525 2839 3580 regum
2866 3510 3076 3566 illorum
3113 3512 3377 3581 facerent,
3404 3522 3460 3568 et

1870 3597 2098 3652 fratrem
2124 3611 2312 3652 eorum
2340 3589 2656 3654 reddet-erit.
2692 3600 2900 3666 Quibus
2930 3616 3052 3655 cum
3075 3602 3193 3670 pari
3227 3618 3456 3657 numero

1866 3719 1938 3733 -——-
1965 3706 2092 3744 nam
2139 3689 2207 3744 16
2234 3690 2279 3721 ’⁸
2309 3700 2467 3745 erant
2492 3716 2565 3732 --
2609 3691 2677 3746 de
2721 3692 3047 3761 primatibus
3093 3693 3368 3747 Danorum
3397 3693 3453 3747 in

183 3793 319 3847 niam
373 3792 689 3849 Scottorum
743 3795 788 3828 ιδ
844 3797 1075 3852 ίηευιειη
1132 3798 1388 3869 adgressa
1420 3839 1437 3863 ν
1509 3800 1764 3857 εθωηδίε,
1865 3781 1986 3836 loe'o
2036 3780 2293 3851 deputata
2346 3782 2755 3849 occurrissent,
2810 3783 3132 3838 iuramentis
3178 3784 3455 3855 utrimque

180 3896 341 3951 goque
386 3898 513 3937 cum
563 3882 765 3940 Scottis
812 3885 856 3916 ll
898 3885 1134 3955 proelio,
1184 3892 1341 3959 parte
1387 3902 1495 3941 non
1551 3886 1761 3943 modica
1863 3871 2021 3941 factis
2044 3887 2149 3940 pax
2178 3871 2515 3936 conﬁrmata,
2562 3881 2619 3926 et
2660 3886 2849 3943 regum
2894 3870 3066 3927 frater
3096 3873 3178 3927 eis
3207 3872 3454 3929 redditus

180 3971 645 4033 Nordmannorum
701 3976 1020 4044 interfecta,
1079 3979 1309 4047 turpiter
1364 3977 1619 4050 fugiendo
1666 3979 1761 4037 do-

1885 3971 1964 4016 st.
1994 3962 2095 4029 Qui
2135 3970 2325 4017 tamen
2353 3978 2418 4018 eo
2456 3971 2699 4033 tempore
2733 3964 2879 4019 domi
2906 3979 3012 4018 non
3042 3973 3217 4030 erant,
3246 3964 3341 4020 sed
3370 3968 3441 4022 ad

181 4079 319 4120 mum
350 4081 569 4121 reversa
621 4074 723 4122 est.
756 4068 868 4121 Pax
898 4082 1023 4123 cum
1070 4068 1273 4126 Abulaz
1323 4068 1364 4100 “
1392 4084 1522 4138 rege
1557 4070 1753 4124 Sarra-

1885 4058 2280 4115 Westarfoldam
2306 4062 2350 4093 "
2385 4073 2410 4101 ει
2442 4075 2567 4117 cum
2594 4064 2837 4117 exercitu
2887 4061 3141 4133 profeCti,
3172 4078 3313 4133 quae
3365 4079 3453 4120 re-

182 4168 430 4209 cenorum
485 4155 657 4221 facta,
688 4156 816 4210 item
866 4170 989 4212 cum
1052 4158 1187 4212 duce
1246 4157 1754 4215 Beneventanorum
1863 4153 1951 4223 gio
1976 4152 2162 4206 ultima
2194 4155 2341 4225 regni
2364 4169 2553 4210 eorum
2581 4154 2723 4209 inter
2751 4155 3174 4223 septentrionem
3201 4163 3257 4209 et
3300 4154 3447 4210 occi-

180 4246 506 4313 Grimoaldo,
534 4258 591 4304 et
616 4249 806 4304 tributi
854 4250 1073 4307 nomine
1107 4250 1296 4323 viginti
1336 4252 1576 4321 quinque
1607 4252 1755 4309 milia
1865 4244 2080 4299 dentem
2110 4246 2237 4311 Sita.
2281 4254 2470 4300 contra
2498 4246 2857 4316 aquilonalem
2900 4247 3195 4301 Βΐίῐῑίδηίθθ
3222 4249 3446 4303 summi-

182 4337 465 4394 solidorum
509 4340 628 4394 auri
679 4356 709 4395 a
758 4341 1154 4396 Beneventanis
1202 4342 1398 4397 soluta.
1465 4341 1754 4411 Expeditio
1861 4344 2029 4392 tatem
2052 4337 2289 4409 respicit,
2305 4338 2459 4392 cuius
2485 4338 2755 4408 principes
2772 4337 2817 4368 "
2839 4353 2903 4392 ac
2925 4337 3248 4406 populuseis
3270 4339 3446 4394 subici

183 4426 314 4484 facta
346 4431 419 4485 ad
442 4429 695 4497 Wiltzos,
723 4438 779 4486 et
806 4431 874 4487 ab
900 4431 982 4486 eis
1020 4431 1239 4486 obsides
1284 4430 1513 4499 accepti.
1545 4430 1756 4487 Hariol-
1782 4477 1835 4505 τι
1865 4434 2205 4505 recusabant.
2232 4430 2438 4499 Quibus
2465 4431 2806 4502 perdomitis,
2840 4446 2965 4486 eum
2995 4430 3365 4495 revertissent,
3391 4440 3448 4485 et

184 4518 275 4573 dus
301 4520 339 4551 "
370 4528 427 4575 et
451 4519 801 4592 Reginfridus
840 4521 906 4589 ’⁸,
945 4536 1105 4593 reges
1122 4522 1419 4587 Danorum,
1471 4524 1638 4579 missa
1685 4526 1753 4581 ad
1780 4518 1832 4537 ”
1860 4521 2083 4579 fratrem
2109 4523 2177 4577 ab
2207 4523 2535 4593 imperatore
2564 4522 2789 4576 missum
2814 4522 3167 4592 recepissent,
3192 4520 3303 4575 "ﬁlii
3332 4520 3444 4577 Go-

182 4606 556 4679 imperatorem
610 4610 901 4680 legatione,
929 4625 1118 4681 pacem
1155 4620 1367 4682 petunt,
1418 4620 1474 4671 et
1516 4612 1747 4670 fratrem
1859 4613 2053 4671 dofridi
2086 4612 2228 4684 regis
2269 4621 2325 4669 et
2348 4628 2418 4669 ex
2446 4612 2777 4684 primoribus
2820 4612 3093 4667 Danorum
3122 4624 3229 4665 non
3259 4612 3441 4681 pauci,

1376 4742 1767 4801 VARIANTES
1801 4742 2202 4803 LECTIONES.

249 4834 263 4863 ¹
285 4831 609 4909 ᾼηριοηΒμὸ.
631 4830 685 4909 _8:
722 4831 960 4909 simile].
982 4831 1343 4909 .9..etAanu]o
1376 4849 1443 4909 n._
1463 4832 1519 4909 h_.
1572 4846 1627 4909 q.
1675 4831 2085 4909 regis_deut_2.
2112 4902 2124 4909 _
2147 4833 2175 4909 _'
2206 4846 2440 4909 neptis?
2474 4828 2812 4909 nepusnl}_2.
2878 4828 2911 4909 ’ξ
2940 4842 3045 4909 pas
3072 4828 3127 4909 1.ζ
3168 4898 3204 4909 _
3218 4828 3441 4909 ἔχρῃζ-

183 4902 333 4974 ri_a3_.
364 4903 416 4974 β.
452 4902 509 4974 6.
540 4900 709 4974 7.10.
748 4900 793 4974 Β
822 4901 875 4954 2.
899 4901 951 4955 5.
976 4902 1029 4974 6.
1058 4903 1120 4974 A8.
1151 4902 1229 4974 9.»
1284 4903 1304 4933 ⁸
1332 4897 1692 4973 reginfredum
1813 4901 1864 4974 7.
1902 4897 2343 4974 reginfridumb.
2383 4900 2436 4955 6.
2452 4897 2856 4974 _ragenfrid‘um_
2878 4897 2957 4952 ἸΙ
3027 4898 3047 4929 ⁸
3087 4898 3135 4952 Χ
3168 4897 3437 4974 DCCCXL

182 4972 273 5043 viri
292 4971 336 5024 Β
361 4972 413 5026 5.
470 4972 510 5043 Ατ
538 4972 629 5040 qui
658 4970 944 5043 niciforum
976 4972 1028 5043 1.
1049 4971 1103 5026 2.
1177 4973 1200 5003 ⁸
1218 4972 1272 5026 in
1292 4969 1807 5043 constantinopolim
1834 4971 1887 5030 2.
1925 4969 2043 5027 8'5.
2078 5041 2089 5043 4
2125 4971 2147 5003 ⁹
2166 4970 2423 5043 a‘rfasium
2446 4970 2500 5025 2.
2528 4969 2643 5043 B2.
2724 4970 2774 5043 ff
2792 4969 2967 5043 adque
2993 4976 3359 5038 teognostrum
3388 4972 3436 5043 Β

182 5039 229 5093 2.
269 5038 629 5121 theognistum
651 5040 711 5121 9ι
760 5042 825 5121 _”
852 5041 1066 5121 ρασρέα
1087 5057 1219 5121 eum
1248 5042 1581 5121 appellantes
1604 5038 1659 5097 ei
1687 5042 1811 5121 inde
1836 5044 2041 5121 reversi
2068 5041 2121 5097 9.
2203 5042 2246 5072 "
2289 5041 2649 5121 vvallonem
2703 5039 2790 5121 f"
2823 5038 3347 5121 nerdusniannorum
3376 5040 3433 5096 2.

185 5108 645 5167 northannorum
679 5110 731 5164 3.
760 5110 811 5163 7.
852 5108 906 5166 9.
937 5111 982 5164 Β
1004 5116 1059 5166 2.
1085 5111 1136 5165 5.
1156 5111 1207 5165 6.
1238 5108 1729 5168 nordamannorum
1756 5110 1810 5164 Δ.
1841 5120 2287 5169 nortmannorum
2316 5111 2361 5164 Β
2385 5111 2439 5164 7.
2464 5109 2995 5165 northanimbrorum
3017 5108 3070 5161 5.
3105 5108 3435 5164 nordanum-

183 5178 387 5234 brorum
413 5181 464 5235 6.
572 5180 614 5211 "
636 5188 911 5235 sectorum
938 5181 987 5235 1.
1019 5181 1069 5235 6.
1100 5180 1215 5236 9.B
1243 5182 1296 5235 7.
1329 5184 1665 5237 seottbornm
1700 5182 1753 5235 2.
1834 5183 1878 5212 ”
1900 5183 2092 5237 scottis
2116 5182 2165 5235 1.
2192 5183 2245 5235 2.
2271 5180 2324 5234 3.
2352 5180 2495 5244 4._5.
2526 5180 2575 5233 7.
2609 5181 2694 5233 10.
2723 5178 2768 5232 Β
2789 5178 2842 5231 2.
2866 5177 2919 5232 5.
2950 5176 3001 5229 6.
3082 5178 3125 5208 ³⁸
3152 5178 3345 5233 abulax
3375 5180 3431 5235 2.

187 5248 224 5279 "
248 5249 513 5323 herioldus
547 5251 599 5305 3.
631 5249 718 5305 10.
766 5250 812 5304 Β
848 5251 1253 5323 7._he3iboldus
1275 5253 1326 5323 9.
1407 5251 1451 5323 ’7'
1483 5251 1820 5323 regenfridus
1848 5250 1892 5304 Β
1937 5251 1989 5310 6.
2021 5250 2361 5323 ragenfridus
2383 5249 2783 5323 7._reinfridus:
2804 5248 2859 5323 2_.
2939 5247 2981 5277 ¹⁹
3017 5249 3160 5308 veris
3197 5246 3250 5300 4.
3285 5247 3338 5301 5.
3374 5250 3429 5303 6.

186 5330 335 5372 verna
358 5320 408 5373 7.
440 5334 608 5399 verno
633 5328 877 5399 tempore
1059 5320 1152 5399 7._
1189 5322 1235 5399 '3
1264 5318 1713 5399 Almaharium}.
1759 5323 1843 5399 _f‘_
1867 5318 2189 5399 novantulas
2202 5321 2525 5399 6._nantulas
2543 5320 2665 5399 B2.
2742 5318 3132 5399 ’LP-ons,_etc.,_
3155 5332 3317 5399 usque
3347 5334 3435 5399 rg-

187 5390 643 5461 versusestdeeu
668 5385 809 5461 iinh'7,
834 5390 958 5461 B2.
986 5389 1093 5461 (ὅ.)
1122 5392 1173 5461 7.
1198 5392 1252 5446 8.
1284 5392 1337 5446 9.
1369 5392 1452 5445 10.
1483 5392 1569 5445 11.
1597 5388 1683 5452 l2.
1758 5390 1803 5461 ’ἓ
1830 5391 2215 5447 hludouuicum
2243 5391 2290 5445 B
2310 5390 2746 5461 2.Ahlodovvicum
2771 5387 2815 5441 Β
2845 5387 2898 5442 5.
2974 5386 3021 5461 ’ξ
3052 5385 3333 5461 cabilionis
3371 5389 3427 5443 3.

190 5453 235 5507 7.
257 5458 492 5530 cabilloni
513 5453 939 5530 9.‘cabillone_5.
970 5453 1022 5514 6.
1056 5453 1123 5513 Β.
1157 5460 1208 5514 7.
1285 5462 1333 5492 "
1358 5462 1535 5530 potuit
1556 5461 1602 5515 B
1623 5462 1674 5517 5.
1750 5460 1797 5492 “
1841 5476 1967 5517 nam
1996 5462 2092 5518 XV
2116 5461 2178 5529 6;
2212 5476 2338 5517 nam
2368 5458 2453 5516 Vl.
2478 5459 2525 5516 Β
2554 5460 2605 5514 7.
2681 5460 2725 5494 ’⁷
2764 5455 3198 5513 werstarfoldam
3224 5456 3278 5511 4.
3322 5471 3432 5512 we-

188 5526 481 5585 sterfoldam
504 5527 551 5583 B
576 5527 629 5583 6.
661 5528 1092 5586 westerfoeldam
1113 5530 1167 5585 9.
1244 5530 1288 5561 "
1314 5526 1569 5601 princeps
1589 5531 1634 5585 Β
1674 5532 1729 5586 5.
1764 5530 1816 5585 6.

1671 5662 1903 5720 NOTAE.

194 5831 221 5886 β
250 5751 660 5878 Ξὸῐξαεδιεηιαηά
684 5754 735 5810 in
767 5755 1085 5812 occidentali
1113 5753 1435 5811 Chersonesi
1460 5754 1741 5812 Cimbrica:
1781 5754 1969 5820 latere,
2002 5758 2066 5811 in
2092 5754 2238 5811 Jutia
2282 5753 2640 5811 meridionali.
2714 5751 2982 5809 Cebbardi
3048 5750 3175 5808 bist.
3220 5749 3427 5820 Dauiw,
