3928 6314
426 345 532 403 ὅτε)

1717 346 2093 407 EGINIIARDI
2129 340 2423 401 ABBATlS

3596 338 3703 395 480

424 459 522 527 qui
549 456 658 511 iam
681 454 885 509 dudum
910 454 1098 510 relicta
1120 454 1303 525 patria
1328 455 1470 525 apud
1499 454 1786 510 Sueoncst
1824 454 2012 510 exula-
2038 457 2090 515 Α
2114 462 2379 507 venerunt
2411 454 2476 518 ¹⁵,
2512 452 2718 520 legatos
2755 466 2881 507 suos
2898 492 2912 517 ,
2940 449 3338 507 Cbristol’orum
3366 450 3704 520 spatbarium

428 550 574 612 bant,
612 548 920 617 conparatis
953 548 1332 617 undecumque
1358 546 1544 616 copiis,
1584 545 1786 601 bellum
1811 546 1892 600 eis
1937 544 2016 597 in-

428 640 689 705 tulerunt,
717 646 775 694 et
799 637 1196 694 conﬂuentibus
1222 640 1289 694 ad
1318 654 1377 695 se
1400 640 1601 709 passim
1633 653 1701 694 ex
1726 638 1874 693 omni
1912 638 2015 692 Da-

426 746 621 788 norum
670 740 814 785 terra
840 732 1184 803 popularium
1230 732 1427 787 turmis
1464 732 1523 796 ι,
1548 732 1841 791 commisso
1891 746 2016 786 cum

425 825 507 881 eis
544 823 770 895 proelio,
795 823 960 881 etiam
990 838 1157 893 regno
1181 840 1289 879 non
1320 824 1491 878 multo
1520 839 1615 879 eos
1641 823 1826 878 labore
1849 838 2018 893 pepu-

426 914 626 969 lerunt.
674 913 878 969 Mauris
932 914 1000 969 de
1054 914 1278 969 Corsica
1333 915 1354 946 ³
1402 914 1469 969 ad
1518 913 1832 985 Hispaniam
1890 929 2014 969 cum

428 1005 596 1060 multa
658 1004 859 1074 praeda
918 1004 1270 1062 redeuntibus
1316 1004 1668 1075 lrmingarius
1713 1006 1775 1071 ⁵,
1833 1021 2019 1062 comes

428 1097 811 1165 Emporitanos
841 1110 867 1137 ι
894 1140 908 1161 ,
937 1097 991 1150 in
1021 1097 1278 1151 Maiorica
1310 1097 1537 1153 insidias
1578 1097 1781 1168 posuit,
1812 1106 1867 1153 et
1892 1109 2018 1152 octo

427 1202 594 1243 naves
623 1204 810 1243 eorum
844 1189 1007 1257 cepit,
1043 1189 1095 1243 in
1129 1189 1326 1260 quibus
1353 1190 1676 1259 quingentos
1714 1197 1769 1244 et
1802 1204 1869 1245 eo
1898 1205 2014 1243 am-

425 1278 569 1348 plius
596 1279 793 1337 Corsos
819 1280 1063 1348 captivos
1104 1280 1327 1334 invenit.
1385 1280 1497 1335 Hoc
1528 1280 1703 1335 Mauri
1740 1280 2019 1337 vindicare

424 1369 695 1437 volentes,
722 1369 1118 1426 Centumcellas
1162 1371 1190 1411 δ
1244 1371 1475 1427 Tusciae
1516 1372 1796 1428 civitatem
1835 1382 1891 1428 et
1922 1372 2017 1427 Ni-

425 1474 576 1515 ceam
602 1472 626 1501 ο
665 1461 978 1530 provinciae
1002 1460 1373 1517 Narbonensis
1417 1470 1786 1519 vastaverunt.
1814 1463 2021 1521 .Sardi-

426 1556 573 1609 niam
625 1572 841 1626 quoque
906 1557 1171 1627 adgressi,
1229 1556 1631 1627 commissoque
1668 1573 1793 1612 cum
1829 1557 2020 1614 Sardis

427 1645 652 1713 proelio,
680 1644 820 1716 pulsi
850 1660 914 1700 ac
936 1646 1089 1710 victi,
1122 1655 1176 1701 et
1200 1645 1385 1701 muttis
1416 1656 1641 1701 suorum
1668 1648 1906 1712 amissis,
1940 1664 2021 1703 re-

424 1743 710 1791 cesserunt
742 1735 783 1787 ⁸.
832 1734 903 1789 At
947 1733 1175 1789 Michael
1223 1736 1524 1806 imperator
1566 1735 1837 1807 Bulgaros
1874 1738 2019 1793 bello

426 1827 690 1896 adpetens
718 1868 733 1889 ,
790 1827 935 1882 baud
979 1828 1256 1898 prosperis
1312 1828 1651 1884 successibus
1709 1829 1902 1896 utitur,
1958 1845 2023 1885 ac

426 1917 655 1987 proinde
710 1918 931 1971 domum
980 1932 1255 1981 reversus,
1299 1919 1545 1989 deposito
1574 1920 1879 1976 diademate
1907 1936 2025 1976 mo-

430 2007 637 2062 nachus
669 2004 933 2074 efﬁcitur;
967 2008 1021 2062 in
1043 2008 1198 2064 cuius
1228 2008 1407 2064 locum
1449 2008 1581 2075 Leo,
1614 2008 1823 2066 Bardae
1849 2011 2022 2081 patri-

427 2096 549 2151 cii‘
594 2096 757 2161 ﬁlius,
816 2097 1115 2168 imperator
1158 2100 1528 2155 constituitur.
1575 2099 1801 2155 Crumas
1839 2100 1884 2165 ',
1926 2116 2024 2156 rex

429 2188 806 2259 Bulgarorum,
840 2191 932 2260 qui
958 2189 1258 2246 Nicii’orum
1308 2193 1693 2262 imperatorem
1736 2202 1864 2249 ante
1888 2193 2024 2249 duos

431 2296 605 2337 annos
635 2281 928 2348 interfecit,
977 2291 1034 2339 et
1076 2283 1395 2340 Michaeiem
1442 2285 1509 2340 de
1557 2284 1760 2341 Moesia
1796 2284 2023 2357 fugavit,

430 2376 686 2435 secundis
717 2378 880 2431 rebus
907 2376 1083 2431 elatus
1109 2392 1235 2432 cum
1275 2376 1519 2432 exercitu
1548 2393 1721 2448 usque
1756 2376 1825 2433 ad
1852 2380 2025 2448 ipsam

431 2467 956 2536 Constantinopolim
998 2470 1252 2535 accessit,
1274 2478 1331 2525 et
1352 2470 1503 2525 iuxta
1532 2480 1746 2541 portam
1789 2472 2027 2531 civitatis

434 2568 618 2623 castra
663 2560 865 2631 posuit.
918 2559 1088 2629 Quem
1127 2561 1410 2616 moenibus
1446 2562 1594 2617 urbis
1622 2562 2027 2632 obequitantem
2082 2617 2095 2623 ν

434 2651 548 2706 Leo
574 2628 897 2721 imperator,
912 2628 1195 2720 eruptione
1226 2650 1391 2717 facta,
1417 2628 1696 2707 incautum
1726 2628 1954 2722 excepit,
1973 2660 2029 2707 et

437 2741 678 2817 graviter
701 2744 1047 2797 vulneratum
1091 2741 1345 2831 fugiendo
1376 2742 1480 2799 sibi
1525 2742 1813 2799 consulere
1843 2759 1908 2799 ac
1932 2758 2030 2814 pa-

439 2841 478 2894 ι.
494 2832 602 2887 iam
626 2833 859 2903 turpiter
887 2833 1063 2888 redire
1090 2834 1288 2904 coegit.

1072 2942 1390 3004 DCCCXIV.

512 3050 755 3106 Domnus
776 3049 974 3109 Karlus
1005 3052 1301 3123 imperator
1326 3054 1455 3111 dum
1474 3053 1799 3126 Aquisgraui
1825 3054 2033 3112 hieuia-

2114 552 2169 598 et
2192 541 2515 613 Gregorium
2536 544 2840 607 diaconem,
2890 558 3014 598 cum
3056 542 3136 597 eis
3167 541 3237 596 ad
3272 542 3532 597 domuum
3560 542 3708 596 Kar-

2115 636 2246 696 lum.
2293 642 2349 689 et
2394 650 2492 705 per
2518 650 2623 690 eos
2654 636 3079 705 descriptionem
3118 643 3176 689 et
3233 634 3708 690 conﬁrmationem

2114 725 2259 795 pacti
2279 740 2343 781 ac
2363 725 2596 781 foederis
2616 725 2784 779 misit.
2844 724 3057 791 Quibus
3101 724 3367 793 susceptis
3410 732 3573 795 atque
3623 722 3710 779 ὣς

2116 818 2317 881 missis,
2368 817 2612 871 domnus
2625 815 2971 871 liludovvicus
3002 815 3210 886 legatos
3250 828 3402 881 suos,
3434 814 3712 871 Nordbelb

2118 916 2230 963 tum
2270 908 2315 940 “
2350 908 2673 977 Begiensem
2699 906 3014 976 episcopum
3039 914 3099 961 et
3122 905 3503 961 Ricbowinum
3530 906 3571 938 "
3600 905 3710 960 Pa-

2117 1000 2354 1054 tavinum
2386 999 2429 1031 ¹⁸
2455 998 2731 1063 comitem,
2763 996 2831 1051 ad
2852 997 3087 1052 Leonem
3113 998 3499 1066 imperatorem
3524 998 3594 1054 ob
3620 1012 3711 1052 re-

2117 1092 2421 1146 novandam
2460 1104 2645 1144 secum
2687 1088 2984 1143 amicitiam
3019 1096 3074 1143 et
3118 1089 3454 1159 praedictum
3484 1096 3710 1158 pactum

2116 1181 2547 1235 conﬁrmandum
2583 1179 2783 1243 direxit
2810 1179 2889 1246 ";
2938 1179 3234 1247 habitoque
3266 1179 3589 1249 Aquisgrani
3614 1194 3713 1250 ge-

2119 1274 2290 1331 nerali
2337 1272 2521 1343 populi
2544 1275 2626 1327 sui
2653 1281 2922 1327 conventu
2954 1272 3024 1326 ad
3050 1271 3285 1327 iustitias
3324 1270 3598 1325 faciendas
3655 1278 3716 1325 et

2118 1354 2498 1435 oppressiones
2540 1362 2884 1433 popularium
2913 1361 3256 1425 relevandas,
3286 1360 3491 1431 legatos
3513 1362 3567 1415 in
3592 1376 3716 1416 om—

2120 1466 2218 1507 nes
2257 1452 2409 1521 regni
2448 1450 2533 1507 sui
2565 1458 2750 1520 partes
2785 1449 2991 1505 dimisit
3015 1450 3079 1515 ¹⁰,
3111 1448 3485 1504 Bernbardum
3527 1464 3716 1520 regem

2118 1544 2326 1609 Italiae,
2354 1554 2603 1614 nepotem
2632 1558 2814 1608 suum,
2858 1542 2926 1596 ad
2957 1556 3015 1596 se.
3035 1549 3342 1606 evocatum,
3394 1541 3716 1595 muneribus

2121 1638 2379 1690 donatum
2410 1636 2463 1689 in
2488 1637 2529 1667 "
2564 1650 2787 1705 regnum
2816 1632 3049 1697 remisit,
3094 1648 3218 1688 eum
3274 1631 3590 1687 Grimoaldo
3641 1632 3715 1696 ”,

2121 1726 2628 1782 Beneventanon
2667 1725 2821 1789 duce,
2850 1733 3067 1794 pactum
3092 1724 3222 1779 fecit
3262 1731 3419 1793 atque
3453 1722 3717 1785 ﬁrmavit.

2050 1802 2100 1861 Β
2123 1830 2191 1870 eo
2216 1816 2509 1886 modoquo
2527 1823 2582 1869 et
2610 1822 2787 1885 pater,
2817 1814 3034 1869 scilicet
3052 1824 3112 1867 ut
3145 1812 3513 1869 Beneventani
3544 1812 3723 1868 tribu—

2127 1910 2242 1959 tum
2269 1903 2672 1977 annissingulis
2698 1912 2905 1975 septem
2930 1903 3075 1959 milia
3098 1903 3298 1960 solidos
3321 1903 3513 1957 darent
3539 1920 3552 1953 :
3590 1911 3722 1957 mue

2125 1994 2261 2050 duos
2281 2009 2349 2051 ex
2372 1994 2499 2050 ﬁliis
2519 1994 3012 2061 suis,ﬂlotbarium
3035 1996 3082 2025 ”
3104 1995 3158 2050 in
3184 1995 3516 2059 Baioariam,
3536 1993 3722 2065 Pippi-

2124 2098 2257 2139 num
2282 2084 2339 2139 in
2364 2085 2721 2155 Aquitaniam
2737 2084 2905 2142 misit.
2963 2084 3252 2139 Harioldus
3288 2094 3342 2139 et
3370 2082 3725 2156 Reginl'ridus

2126 2188 2281 2245 reges
2304 2176 2600 2243 Danorum,
2632 2177 2725 2246 qui
2750 2192 2893 2232 anno
2920 2178 3203 2247 superiore
3229 2192 3257 2231 a
3286 2176 3412 2231 ﬁliis
3430 2176 3720 2233 Godot‘ridi

2126 2267 2257 2322 victi
2283 2276 2340 2322 et
2362 2283 2534 2339 regno
2577 2268 2721 2339 pulsi
2745 2267 2986 2333 fuerunt,
3044 2268 3310 2339 reparatis
3352 2268 3584 2333 viribus,
3616 2268 3721 2324 ite-

2128 2372 2249 2412 rum
2268 2358 2349 2413 eis
2371 2358 2569 2413 bellum
2593 2358 2890 2413 intulerunt
2910 2376 2923 2418 ;
2960 2358 3014 2413 iu
3032 2374 3138 2428 quo
3166 2357 3426 2425 conﬂictu
3448 2367 3504 2413 et
3526 2359 3729 2431 Regin—

2128 2448 2302 2505 fridus
2343 2456 2398 2503 et
2442 2464 2585 2503 unus
2614 2448 2681 2503 de
2726 2447 2851 2504 ﬁliis
2887 2448 3189 2513 Godoi‘ridi,
3237 2449 3333 2519 qui
3380 2450 3556 2503 maior
3592 2461 3729 2504 natu

2128 2536 2617 2604 erat,interfectus
2642 2546 2743 2594 est.
2794 2538 2911 2605 Quo
2940 2536 3106 2602 facto,
3146 2535 3435 2592 Herioldus
3472 2536 3522 2568 “
3560 2538 3730 2592 rebus

2129 2628 2246 2687 suis
2267 2626 2539 2693 difﬁdens,
2573 2629 2643 2687 ad
2669 2628 3053 2698 imperatorem
3083 2628 3250 2695 venit,
3280 2636 3333 2681 et
3353 2642 3412 2682 se
3443 2628 3498 2681 in
3524 2643 3721 2683 manus

2202 2739 2220 2760 '
2262 2736 2531 2813 [sepultus
2556 2738 2725 2809 Aquis
2748 2738 2801 2792 in
2824 2739 3043 2813 basilica
3066 2745 3285 2813 sanctae
3312 2738 3407 2793 Dei
3440 2737 3729 2813 genitricis

2132 2808 2439 2889 quamipse
2457 2808 2865 2889 construxerat.
2918 2808 3131 2889 Corpus
3164 2808 3284 2864 eius
3310 2808 3731 2889 aroniatizatum

2134 2886 2237 2943 est,
2264 2879 2397 2949 etin
2428 2879 2555 2936 sede
2582 2894 2746 2938 aurea
2774 2879 2968 2939 sedens
2996 2881 3230 2949 positum
3254 2879 3413 2933 estin
3436 2886 3736 2939 curvatura

2136 2947 2427 3018 sepulchri,
2453 2964 2583 3004 ense
2616 2963 2780 3004 aureo
2809 2947 3107 3014 accinctus,
3139 2948 3475 3017 evangelium
3502 2964 3735 3003 aureum

2132 3028 2331 3090 tenens
2356 3018 2409 3073 in
2444 3020 2695 3076 manibus
2714 3027 2767 3074 et
2793 3020 3042 3090 genibus,
3092 3018 3365 3090 reclinatis
3388 3019 3634 3073 humeris
3674 3020 3735 3073 in

2136 3088 2513 3171 cathedrahet
2545 3088 2981 3171 capite_boneste
3000 3098 3187 3171 erecto
3232 3089 3398 3171 ligato
3446 3105 3617 3144 aurea
3643 3104 3737 3171 ea-

442 3154 548 3209 rel.
600 3159 743 3199 anno
777 3146 974 3203 aetatis
1004 3146 1226 3202 circiter
1256 3149 1657 3223 septuagesimo
1690 3149 1901 3220 primo,
1938 3166 2028 3207 re-
2059 3150 2104 3212 C
2138 3169 2262 3219 tena
2293 3159 2361 3213 ad
2392 3146 2661 3216 diadema.
2717 3161 2785 3215 Et
2825 3160 2880 3213 in
2910 3160 3217 3219 diademate
3258 3146 3463 3229 lignum
3513 3167 3741 3215 sanctae

440 3235 531 3307 gni
588 3243 769 3289 autem
822 3235 1241 3307 quadragesimo
1287 3238 1521 3309 septimo
1568 3237 1612 3305 ⁸,
1661 3238 2032 3308 subactaeque

438 3325 627 3380 italiae
646 3324 1068 3395 quadragesimo
1093 3328 1273 3391 tertio,
1288 3342 1356 3382 ex
1378 3342 1486 3398 quo
1505 3342 1635 3383 vero
1662 3328 1958 3399 imperator
1979 3340 2035 3385 et

446 3418 723 3483 Augustus
742 3416 1045 3487 appellatus
1070 3429 1155 3474 est
1182 3434 1326 3475 anno
1351 3419 1563 3475 decimo
1593 3428 1811 3489 quarto,
1843 3420 1895 3477 5.
1913 3419 2032 3477 Kal.

439 3506 601 3562 Febr.
661 3508 823 3563 rebus
853 3508 1108 3564 humanis
1154 3510 1391 3566 excessit
1414 3510 1434 3541 ’
1470 3511 1511 3565 ‘.
1576 3508 1742 3569 Cuius
1784 3509 1863 3566 rei
1898 3526 2037 3565 nun-

444 3600 589 3655 cium
620 3613 745 3653 cum
762 3598 1111 3654 illudowicus
1142 3601 1283 3656 ﬁlius
1303 3602 1420 3656 eius
1436 3602 1492 3656 in
1514 3602 1807 3672 Aquitania
1830 3602 1869 3632 ‘°
1894 3600 2037 3672 apud

443 3688 756 3743 Tedoadum
794 3688 835 3719 ¹¹
865 3687 893 3728 ἀ
937 3689 1144 3755 villam,
1192 3692 1283 3746 ubi
1303 3700 1359 3746 et
1387 3692 1501 3761 ipse
1523 3698 1654 3746 tunc
1689 3691 2035 3757 hibernabat,

442 3778 694 3848 plurimis
708 3777 1075 3835 deferentibus
1101 3782 1419 3851 accepisset,
1455 3781 1733 3838 tricesimo
1753 3790 2041 3852 postquam

444 3872 498 3930 id
524 3871 799 3925 acciderat
830 3871 918 3928 die
955 3872 1297 3944 Aquasgrani
1338 3872 1507 3937 venit,
1567 3887 1887 3943 summoque
1926 3888 2042 3931 orn-

449 3963 600 4017 nium
626 3962 960 4019 Francorum
987 3979 1258 4023 consensu
1283 3981 1348 4021 ac
1384 3963 1570 4027 favore
1600 3967 1738 4036 patri
1758 3967 2038 4022 successit.

450 4052 516 4107 Et
566 4054 921 4125 adosuscepti
957 4056 1107 4126 regni
1145 4056 1673 4113 administrationem
1729 4073 1863 4112 cura
1910 4073 2041 4113 con-

451 4157 634 4209 versa,
666 4147 844 4215 primo
867 4146 1167 4215 legationes
1189 4147 1427 4217 gentium
1458 4164 1597 4219 quae
1618 4148 1685 4202 ad
1714 4156 1925 4217 patrem
1954 4162 2047 4202 ve-

450 4244 666 4300 nerant,
698 4238 910 4291 autlitas
934 4238 1188 4303 absolvit,
1220 4239 1356 4295 alias
1380 4240 1576 4296 deinde
1604 4240 1770 4296 simili
1800 4242 1959 4296 modo
1978 4242 2047 4296 ad

450 4334 659 4396 patrem
686 4328 905 4397 quidem
941 4329 983 4360 “
1013 4330 1227 4396 missas,
1260 4332 1327 4385 ad
1358 4347 1416 4386 se
1447 4347 1579 4387 vero
1617 4334 1901 4389 venientes
1929 4348 2048 4389 sus—

452 4417 617 4486 cepit.
644 4416 791 4476 lnter
821 4435 957 4490 quas
982 4424 1273 4494 praecipua
1301 4424 1402 4478 fuit
1433 4425 1632 4495 legatio
1649 4422 1715 4480 de
1737 4425 2047 4482 Constanti-

2137 3230 2317 3295 crucis
2343 3230 2578 3299 positum
2603 3237 2705 3292 est.
2753 3230 2820 3284 Et
2846 3230 3199 3299 repleverunt
3240 3230 3589 3298 sepulchrum
3616 3232 3739 3284 eius

2138 3245 2317 3295 crucis
2343 3244 2578 3353 posuum
2603 3244 2705 3292 esu
2753 3244 2820 3284 ut
2846 3244 3199 3299 repleverunt
3240 3244 3589 3298 seputcurum
3616 3244 3739 3284 eius

2138 3309 2351 3379 aromat
2376 3300 2493 3379 bus,
2522 3299 3187 3379 pigmentis-et__balsamo
3234 3307 3290 3353 et
3320 3314 3508 3379 musco
3533 3308 3589 3354 et
3616 3300 3739 3379 the-

2136 3370 2316 3425 sauris
2330 3370 2514 3425 multis
2531 3370 2591 3425 iu
2620 3384 2772 3425 auro.
2799 3370 3066 3425 Vestitum
3088 3378 3173 3425 est
3201 3385 3398 3439 corpus
3420 3370 3542 3423 eius
3568 3370 3741 3439 vesti-

2138 3440 2337 3495 mentis
2358 3440 2747 3509 imperialibus,
2776 3448 2832 3496 et
2857 3440 3079 3495 sudario
3104 3440 3205 3495 sub
3233 3438 3539 3494 diademate
3563 3438 3741 3494 facies

2137 3511 2259 3565 eius
2284 3518 2473 3578 operta
2492 3520 2595 3565 est.
2636 3510 2887 3565 Ciliciam
2914 3511 2983 3565 ad
3008 3524 3226 3565 carnem
3238 3510 3356 3564 eius
3375 3510 3615 3578 positum
3630 3518 3738 3574 est,

2139 3595 2247 3650 quo
2269 3589 2478 3635 secreto
2500 3592 2716 3649 semper
2742 3580 3087 3643 induebatur,
3122 3587 3175 3633 et
3200 3594 3360 3648 super
3398 3580 3743 3635 vestimentis

2140 3650 2512 3718 imperialibus
2538 3664 2668 3719 pera
2693 3650 3048 3720 peregriualis
3061 3664 3224 3720 aurea
3249 3650 3423 3718 posita
3436 3658 3539 3711 est,
3569 3664 3737 3718 quam

2143 3717 2374 3779 Romam
2396 3717 2619 3789 portare
2644 3717 2850 3775 solitus
2869 3727 3010 3775 erat.
3078 3717 3363 3789 Sceptrum
3407 3717 3636 3774 aureum
3685 3726 3746 3773 et

2143 3798 2357 3853 scutum
2394 3805 2617 3845 aureum
2649 3790 2791 3859 quod
2823 3790 2931 3845 Leo
2955 3804 3094 3859 papa
3120 3797 3537 3844 consecraverat
3562 3830 3581 3859 ι
3608 3798 3743 3850 ante

2143 3874 2266 3913 eum
2286 3862 2458 3939 posita
2481 3868 2607 3913 sunt
2626 3856 2983 3939 dependentia
2998 3877 3011 3913 :
3027 3856 3091 3914 et
3116 3859 3429 3939 clausumnet
3442 3856 3744 3939 sigillatum

2144 3939 2227 3985 est
2250 3928 2593 3998 sepulchrum
2623 3928 2787 3984 eius.-
2844 3928 3013 3984 Nemo
3063 3939 3245 3983 autem
3290 3928 3741 3998 referre’potest,

2144 4010 2382 4069 quantus
2410 4000 2659 4069 planctus
2684 4008 2739 4054 et
2763 3999 2942 4055 luctus
2968 4015 3069 4069 pro
3118 4014 3184 4053 eo
3215 3998 3381 4054 fuerit
3410 4000 3747 4069 peruuiverf

2148 4068 2262 4150 Sam
2301 4068 2533 4150 terram;
2564 4071 2729 4150 etiam
2760 4071 2903 4125 inter
2929 4068 3559 4150 paganosplangebatur,
3583 4068 3747 4150 quasi

2146 4149 2305 4209 pater
2336 4140 2507 4209 orbis.
2575 4140 2842 4197 Maximus
2871 4138 3277 4209 vero'planctus
3304 4138 3449 4193 inter
3480 4138 3743 4209 christia-

2148 4223 2247 4289 nos
2288 4207 2409 4271 fuit,
2461 4218 2515 4263 et
2535 4210 2825 4289 praecipue
2868 4224 2965 4278 per
3000 4207 3312 4289 universum
3330 4208 3741 4289 _regnum.eltts.

2149 4278 2280 4333 Oleo
2302 4287 2481 4333 autem
2510 4278 2701 4334 sancto
2726 4278 2980 4333 inunctus
3003 4282 3071 4333 ab
3106 4278 3423 4349 episcopis,’
3450 4287 3505 4333 et
3540 4278 3748 4349 viatico

2150 4358 2471 4431 sumptuue't
2496 4350 2750 4404 omnibus
2771 4349 2887 4431 suis
2905 4350 3207 4431 dispositis,
3229 4347 3616 4431 commendans

2153 4416 2301 4474 mino
2328 4416 2577 4499 spiritum
2610 4434 2787 4499 suum,
2831 4419 2975 4499 obiit
2994 4416 3049 4475 in
3080 4433 3225 4499 place
3240 4434 3381 4499 anno
3405 4418 3512 4499 git
3541 4418 3609 4470 ab
3654 4416 3746 4499 in:

454 4508 634 4577 nopoli
654 4486 861 4568 directa
886 4513 952 4566 ¹³.
984 4486 1121 4568 blam
1150 4486 1261 4571 Leo
1282 4486 1581 4585 imperaior
1608 4517 1701 4586 qui
1735 4515 1985 4572 Michaeli
2004 4518 2028 4549 ιλ

2151 4486 3343 4586 E?ff§3§i‘.’l‘£2‘3"lil‘i-333???13531333951;
3373 4486 3752 4586 -F‘E‘LILT.‘

453 4610 818 4665 successerat.
874 4604 1097 4659 dimisso
1142 4607 1456 4661 Amalhario
1493 4608 1746 4677 episcopo
1799 4614 1853 4662 et
1884 4607 2046 4663 Petro

455 4692 674 4756 abbate,
701 4694 877 4759 quiad
899 4694 1214 4752 Michaelem
1240 4697 1459 4767 quidem
1491 4697 1665 4762 missi,
1684 4698 1749 4751 ad
1772 4714 1830 4753 se
1857 4707 2040 4753 tamen

2185 4559 2572 4615 loriosissimus
2602 4559 2910 4628 Ludovicus
2940 4560 3083 4614 ﬁlius
3109 4559 3226 4613 eius
3247 4574 3346 4628 pro
3372 4573 3457 4622 eo,
3482 4564 3749 4628 regnante

2187 4576 2572 4615 IOHOSISSlmt‘IS
2602 4576 2910 4613 Ludovicus
2940 4576 3083 4614 unus
3109 4576 3226 4613 eius
3247 4576 3346 4628 pro
3372 4576 3457 4622 eo,
3482 4576 3749 4627 regnanto

2147 4576 2375 4699 δοιώηο
2401 4637 2589 4687 nostro
2616 4629 2735 4683 lesu
2764 4627 3005 4699 Christo,
3054 4630 3141 4683 cui
3167 4636 3251 4683 est
3274 4630 3443 4699 gloria
3472 4628 3527 4681 in
3555 4626 3750 4682 secula

2146 4697 2480 4754 seculorum.
2538 4699 2733 4754 Amen.
2766 4698 2881 4772 11.]

1688 4788 2081 4845 VARIANTES
2115 4788 2521 4845 LECTIONES.

531 4876 549 4907 ¹
583 4891 807 4932 soeones
832 4877 886 4931 Ξ.
916 4894 1182 4935 suueones
1210 4882 1262 4941 ‘5.
1294 4895 1491 4937 suenes
1530 4879 1584 4933 4.
1610 4894 1881 4935 suenones
1916 4878 1961 4933 Β

456 4946 650 5023 garius
673 4946 775 5023 ‘2.._.
802 4948 1043 5023 iugarius
1065 4950 1115 5023 Β
1144 4951 1198 5023 2.
1233 4950 1668 5023 berminguarius
1694 4949 1741 5003 B
1758 4950 1806 5005 '1.

1989 4881 2044 4947 2.
2085 4896 2287 4936 suones
2308 4879 2353 4947 Β
2379 4879 2432 4941 5.
2510 4882 2531 4911 ’
2553 4880 2727 4938 turbis
2754 4880 2806 4936 l.
2830 4878 2885 4934 5.
2909 4879 2963 4936 6.
3042 4880 3063 4910 ³
3089 4878 3295 4934 sorsica
3315 4878 3361 4932 Β
3378 4878 3431 4933 5.

1913 4950 1935 4982 ⁸
1962 4961 2328 5007 recesserunt.
2358 4951 2412 5003 in
2432 4951 2531 5005 hac
2572 4967 2690 5005 voce
2733 4950 2977 5005 desinunt
3002 4950 3049 5005 Β
3067 4948 3120 5003 2.
3149 4950 3203 5004 5.
3235 4949 3285 5003 7.

3545 4878 3565 4909 ⁵
3589 4877 3751 4933 irmi-

3387 4949 3408 4979 ⁶
3430 4947 3513 5005 leo
3536 4948 3753 5005 eabdae

497 5016 720 5093 atricius
743 5017 796 5072 3.
828 5016 914 5093 leo
936 5020 1144 5088 baplae
1171 5022 1223 5093 9._
1250 5020 1336 5075 leo
1356 5016 1564 5093 pap'dae
1589 5018 1780 5076 Chesn.
1853 5020 1879 5093 "_
1905 5021 2105 5077 crimas
2129 5019 2523 5093 Lubrumasﬁ.
2592 5020 2625 5093 ἢ
2654 5018 2835 5093 XLlIll
2870 5020 2925 5093 2.
2994 5020 3023 5093 ξ
3052 5020 3286 5093 excessit
3304 5020 3427 5093 ﬁnis
3454 5019 3603 5093 codd.
3655 5018 3748 5073 10.

504 5085 810 5161 l._quorut13
836 5088 930 5161 [τίς
964 5085 1136 5161 pauca
1187 5090 1253 5161 de
1276 5085 1544 5161 cepaliam
1572 5088 1904 5161 imperatoris
1946 5106 2112 5161 supra
2140 5090 2307 5151 allata
2339 5091 2509 5144 addit.
2588 5090 2631 5122 ¹⁹
2656 5090 2963 5161 aequitania
2986 5089 3102 5161 Βίϐ.
3135 5090 3211 5161 ita
3235 5085 3460 5161 saepius.

3557 5088 3755 5142 Πιθο-

462 5155 660 5231 dudum
687 5155 739 5231 ᾇ.
766 5155 813 5231 β
832 5157 885 5231 5.
910 5155 1164 5231 teoadum
1183 5159 1232 5213 5.
1259 5160 1314 5214 6.
1333 5155 1716 5231 "theotluadu'm
1740 5159 1814 5231 7.;
1835 5155 2159 5231 thedoadum
2186 5161 2239 5227 9.
2317 5162 2360 5191 ¹¹
2384 5169 2596 5231 patrem
2621 5155 2756 5215 ante
2773 5160 2987 5229 quidem
3014 5160 3094 5231 9.7
3147 5155 3480 5231 ‘p‘_deconst‘
3500 5158 3670 5231 missa
3693 5158 3749 5231 ἓ.

469 5224 514 5258 ³⁵
588 5224 876 5282 micbabeli
902 5226 945 5281 Β
968 5229 1024 5282 2.
1115 5230 1156 5260 ι’
1178 5239 1440 5286 venerant
1479 5229 1669 5285 Chesn.

468 5294 771 5354 richonium
818 5298 870 5351 3.
900 5298 951 5350 '7.
986 5297 1030 5351 Β
1060 5297 1111 5351 6.
1158 5301 1479 5356 richwinum
1516 5300 1568 5357 9.

472 5364 514 5395 "
559 5366 985 5423 conﬁrmandum
1030 5369 1178 5423 misit
1216 5371 1269 5425 9.
1345 5371 1389 5402 “
1418 5371 1502 5424 sui
1548 5369 1683 5426 ﬁnes
1731 5364 1898 5425 misit.
1930 5370 1983 5425 9.

1777 5229 1818 5261 ⁵⁸
1845 5230 2162 5285 norbertum
2206 5231 2260 5284 4.
2321 5229 2614 5285 δίηοτᾱιιε
2663 5231 2877 5285 bertum
2900 5230 2955 5284 2.

1667 5299 1710 5331 ¹⁸
1750 5300 2045 5370 pitavinum
2076 5300 2129 5353 ι.
2174 5302 2506 5371 pictavinum
2540 5300 2585 5353 B
2612 5300 2664 5354 6.

1667 5386 1683 5426 ε
1731 5371 1898 5425 misit.
1930 5370 1983 5425 9.
2059 5371 2103 5407 ’⁸
2123 5370 2343 5426 donavit
2394 5379 2448 5427 et
2486 5370 2541 5425 in
2562 5371 2614 5425 9.
2692 5371 2712 5401 ¹

3054 5230 3095 5261 ⁸⁷
3122 5229 3427 5284 ricboinum
3452 5227 3506 5281 2.
3530 5228 3582 5282 4.
3618 5226 3671 5280 Β
3692 5227 3749 5281 5.

2716 5300 3011 5400 pictaviqu
3065 5298 3116 5351 7.
3140 5300 3530 5400 9‘pictaveusem
3572 5296 3751 5379 Bouq.

2762 5370 3024 5400 ,ηεηιηιιιη
3056 5370 3081 5400 ι
3223 5368 3255 5400 Ω
3350 5369 3751 5400 ηιιιωὶειη-...ιη

2762 5370 3035 5442 grimoltlo
3050 5370 3102 5442 4.
3119 5368 3190 5442 Δ5.
3215 5368 3310 5442 ﬁ.“
3350 5370 3397 5442 ’ξ
3413 5368 3754 5442 blutbarium

469 5432 523 5514 ᾇ,
551 5434 845 5514 [tltltarium
872 5438 927 5514 6_._
960 5438 1253 5514 lotharium
1273 5441 1325 5495 9.
1359 5442 1435 5496 ita
1459 5441 1721 5511 deinceps.
1795 5440 1843 5472 “
1865 5440 2169 5497 beriholtus
2206 5442 2258 5497 9.
2291 5441 2434 5496 facto
2460 5440 2737 5496 herioldus
2762 5432 2831 5495 Ἰ.
2862 5440 2916 5495 2.
2947 5440 3049 5514 (3.)
3078 5439 3164 5494 10.
3206 5437 3253 5492 Β
3278 5439 3332 5494 5.
3365 5440 3419 5496 6.
3465 5436 3755 5496 barioldus

468 5507 523 5557 4.
548 5505 599 5559 5.
624 5506 673 5559 6.
706 5507 756 5559 7.
793 5508 1093 5564 heriboltus
1120 5510 1173 5566 9.

1972 5601 2203 5659 ΝΟΤᾸΞ.

542 5697 566 5768 ξ
602 5689 861 5768 ρῃρὶάιιηι
904 5694 1063 5768 hodie
1097 5694 1386 5766 Ampurias
1417 5704 1663 5753 vocatur.

550 5758 575 5798 δ
601 5759 1025 5819 Civita—vccchia.

2239 5706 2260 5732 ε
2307 5694 2499 5748 Νίκα.

2236 5764 2257 5803 ά
2295 5764 2442 5819 Doue’
2466 5780 2630 5838 prope
2666 5765 2915 5821 Suumur.
2986 5763 3161 5821 Vales.
3204 5764 3326 5820 Not.
3368 5764 3506 5821 Gali.
3537 5779 3592 5835 p.
3622 5763 3755 5819 65%.
