3928 6320
186 362 289 425 48!

1647 347 1990 425 ANNALES.
2062 408 2069 413 .

3340 356 3447 424 At?!

186 484 332 539 illius
376 481 774 538 commendavit
810 498 824 547 ;
884 494 1042 550 quem
1072 479 1161 534 ille
1210 486 1516 549 susceptum
1558 481 1613 536 in
1665 480 1766 535 Sa-
1795 483 1847 541 Α
1873 479 2030 549 legati
2051 477 2346 549 pontificis,
2390 477 2652 534 Iohannes
2676 480 2960 549 episcopus
2983 480 3448 540 Silvae-candidae

186 577 405 631 xoniam
457 576 556 639 ire,
596 584 647 629 et
682 581 1010 643 oportunum
1063 582 1278 642 tempus
1330 581 1615 642 expectare
1658 574 1768 628 ius-

184 667 291 730 sit,
342 682 449 735 quo
502 666 591 733 ei,
642 666 784 720 sicut
820 664 835 694 ¹
868 663 1116 734 petierat,
1162 662 1418 717 auxilium
1467 662 1609 719 ferre
1671 678 1767 733 po-

184 756 381 810 tuisset
415 757 455 810 ¹.

829 845 1122 902 ὉΟΟΟΧὙ.

253 939 464 995 Iussum
482 947 565 995 est
592 939 660 993 ab
691 939 1038 1007 imperatore,
1066 948 1125 991 ut
1140 938 1383 994 Saxones
1409 947 1463 993 et
1484 938 1765 994 Abodrit-i‘

182 1031 251 1085 ad
264 1032 405 1085 hanc
420 1030 817 1099 expeditionem
833 1038 1307 1101 praepararentur,
1338 1036 1766 1097 temptatumque

183 1124 238 1176 in
267 1123 361 1175 illa
392 1123 570 1177 hieme
606 1122 812 1177 duabus
845 1123 1071 1186 vicibus,
1122 1121 1167 1175 si
1207 1122 1355 1175 Albis
1400 1120 1618 1174 transiri
1645 1134 1767 1189 pos-

184 1222 267 1268 set
292 1213 337 1278 ‘,
370 1213 465 1267 sed
504 1214 801 1269 mutatione
841 1214 1016 1267 subita
1068 1214 1211 1267 aeris
1267 1211 1488 1267 emolliti
1531 1210 1703 1280 glacie
1742 1210 1765 1240 ’⁸

182 1302 425 1358 ﬂuminis
471 1304 725 1365 resoluta,
771 1305 1042 1372 negotium
1073 1302 1333 1355 remansit
1362 1300 1613 1354 infectum
1644 1298 1760 1370 [im-

182 1392 485 1464 perfectum
533 1394 734 1465 A.L.],
788 1395 957 1448 donec
1008 1394 1224 1448 tandem
1272 1393 1448 1447 hieme
1490 1400 1761 1445 transacta

182 1485 333 1537 circa
367 1485 601 1538 medium
632 1485 744 1539 fere
767 1485 787 1515 “
816 1485 1010 1538 Maium
1036 1499 1277 1538 mensem
1300 1491 1623 1552 oportunum
1639 1499 1764 1553 pro-

183 1574 462 1647 ﬁeis‘ce‘ndi
495 1583 704 1642 tempus
729 1575 936 1628 adrisit.
979 1574 1131 1627 Tunc
1158 1588 1345 1628 omnes
1383 1573 1638 1628 Saxonici
1672 1589 1763 1628 co-

183 1664 347 1716 mites
369 1673 670 1731 ‘omnesque
692 1663 1077 1717 Abodritorum
1104 1666 1291 1734 copiae
1320 1680 1438 1718 cum
1472 1664 1643 1734 legato
1668 1666 1765 1718 im-

181 1752 453 1820 peratoris
468 1751 716 1805 Baldrico
745 1754 786 1816 ⁷,
830 1753 970 1806 sicut
998 1754 1203 1807 iussum
1235 1763 1368 1818 erat,
1397 1755 1461 1807 ad
1507 1755 1762 1809 auxilium

1871 578 1925 625 et
1946 570 2259 625 Theodorus
2283 570 2653 625 nomenclator
2676 580 2727 626 et
2756 571 2978 643 Sergius
2992 574 3115 637 dux,
3146 575 3447 642 subsecuti,

1871 661 1935 714 de
1965 661 2049 715 his
2078 648 2216 730 quae
2238 662 2454 716 domino
2479 677 2577 716 suo
2600 664 2992 730 obiciebantur,
3014 681 3110 735 per
3131 666 3310 722 omnia
3342 668 3445 723 im-

1868 752 2105 821 peratori
2128 751 2528 806 satisfecerunt.
2555 752 2739 822 Legati
2766 753 3059 810 Sardorum
3076 758 3140 812 de
3162 757 3340 813 Carali
3357 760 3447 801 ἠ’

1869 841 2085 896 civitate
2119 842 2254 896 dona
2276 842 2511 897 ferentes
2533 854 2816 898 venerunt.
2872 846 2980 900 Pax
2997 863 3133 917 quae
3156 864 3279 902 cum
3306 849 3448 905 Abu-

1870 932 1950 985 Iaz
1975 947 2100 1002 rege
2128 932 2551 989 Sarracenorum
2593 935 2753 1001 facta,
2802 946 2856 991 et
2888 952 2985 1007 per
3012 940 3302 994 triennium
3332 957 3453 997 ser—

1869 1029 1992 1074 vata
2015 1030 2158 1086 erat,
2190 1022 2333 1075 velut
2362 1024 2564 1077 inutilis
2590 1024 2795 1093 irrupta
2821 1026 2886 1089 ",
2907 1035 2964 1079 et
2989 1035 3177 1081 contra
3199 1044 3322 1083 eum
3344 1031 3450 1085 ite-

1870 1126 1989 1164 rum
2011 1110 2206 1165 bellum
2228 1122 2536 1183 susceptum
2568 1124 2669 1168 est.
2727 1114 3061 1172 Nordbertus
3091 1119 3136 1149 "
3163 1122 3446 1189 episcopus

1871 1212 1923 1256 et
1946 1204 2241 1259 Richoinus
2271 1206 2317 1237 "
2346 1221 2529 1261 comes
2584 1207 2650 1262 de
2680 1206 3143 1279 Constantinopoli
3190 1214 3446 1277 regressi;

1871 1294 2283 1363 descriptionem
2306 1298 2450 1365 pacti
2473 1312 2632 1365 quam
2671 1296 2780 1351 Leo
2801 1299 3095 1367 imperator
3126 1300 3206 1354 eis
3227 1288 3449 1356 dederat

1870 1385 2191 1450 detulerunt;
2226 1388 2314 1456 qui
2339 1388 2480 1442 inter
2516 1396 2729 1442 caetera
2767 1397 2942 1443 terrae
2965 1399 3166 1444 motum
3192 1391 3462 1460 gravissi-

1870 1492 2016 1529 mum
2042 1492 2225 1531 mense
2250 1476 2490 1546 Augusto
2511 1492 2609 1546 per
2632 1478 2917 1531 continuos
2960 1479 3196 1547 quinque
3224 1479 3341 1534 dies
3368 1480 3445 1535 ibi

1872 1566 2160 1634 contigisse
2193 1566 2512 1630 retulerunt,
2565 1581 2672 1634 quo
2702 1576 2756 1618 et
2809 1566 2977 1635 ipsius
3008 1568 3157 1621 urbis
3199 1568 3444 1624 aedificia

1871 1656 2127 1724 conplura
2158 1658 2437 1722 cecidisse,
2462 1658 2759 1711 etaliarum
2786 1658 3062 1711 civitatum
3092 1660 3316 1727 populos
3340 1662 3447 1714 rui-

1872 1746 1957 1800 nis
1986 1747 2274 1815 obpressos
2289 1762 2406 1800 esse
2435 1748 2616 1801 testati
2636 1754 2780 1800 sunt.
2833 1746 2937 1801 Sed
2966 1756 3019 1801 et
3048 1749 3099 1802 in
3124 1748 3295 1803 Gallia
3314 1749 3451 1804 Sans

182 1840 446 1901 Harioldo
486 1840 507 1874 ⁸
549 1842 827 1897 ferendum
880 1852 1028 1897 trans
1065 1844 1385 1913 Aegiduram
1437 1844 1654 1898 ﬂuvium
1712 1844 1764 1898 in
1794 1828 1841 1885 B
1873 1847 2024 1891 lOIICS
2054 1838 2114 1901 ’⁸,
2172 1839 2366 1892 (ἷίνίῐιὶε
2400 1838 2745 1908 Αίῖυίῐθηίαθν
2797 1853 2981 1892 mense
3034 1838 3372 1908 ἓθριεηιὶιτίο
3402 1842 3445 1871 ’⁷

181 1939 389 1985 terram
432 1930 902 1986 Nordmannorum
932 1934 1207 1986 vocabulo
1246 1932 1486 1985 Sinlendi
1518 1932 1537 1962 ⁹
1563 1945 1593 1972 ιι
1638 1947 1763 2001 per—

180 2022 430 2088 veniunt,
456 2031 510 2076 et
539 2022 662 2075 inde
684 2022 932 2092 profecti,
977 2025 1203 2092 septimo
1233 2023 1449 2077 tandem
1467 2024 1553 2077 die
1574 2024 1625 2077 in
1651 2024 1767 2077 loco

180 2112 277 2183 qui
342 2112 541 2166 dicitur
572 2110 655 2164 ¹⁶.
702 2152 715 2166 .
760 2153 774 2165 .
816 2114 869 2165 in
912 2113 1066 2167 litore
1122 2114 1308 2167 oceani
1364 2114 1406 2143 “
1461 2124 1638 2167 castra
1670 2129 1766 2183 po-

181 2210 323 2255 nunt
350 2221 362 2255 :
412 2204 454 2233 ¹¹
480 2203 661 2271 ibique
697 2205 910 2258 stativis
938 2204 1117 2259 triduo
1142 2204 1360 2269 habitis,
1383 2220 1503 2258 cum
1534 2205 1625 2259 filii
1656 2205 1764 2259 Go-

183 2293 408 2358 dofridi,
450 2295 541 2363 qui
575 2294 619 2324 ¹³
652 2305 837 2348 contra
862 2310 955 2349 eos
992 2296 1200 2365 magnis
1231 2297 1399 2363 cepiis
1426 2308 1480 2349 et
1509 2298 1765 2351 ducenta-

182 2400 305 2438 rum
343 2386 562 2439 navium
596 2385 765 2440 classe
794 2395 1102 2456 comparata
1141 2387 1193 2439 in
1218 2386 1390 2440 insula
1420 2387 1647 2456 quadam
1678 2387 1771 2441 tri-

178 2470 285 2526 bus
312 2473 530 2528 milibus
558 2490 586 2528 a
614 2473 912 2529 continenti
940 2487 1190 2545 separata
1218 2477 1527 2530 residebant
1549 2478 1615 2542 “,
1642 2493 1764 2532 cum

180 2564 265 2618 eis
300 2563 344 2594 “
364 2565 616 2634 congredi
647 2581 750 2619 non
782 2565 1062 2629 auderent,
1091 2567 1319 2619 vastatis
1345 2566 1768 2637 circumquaque

178 2653 379 2706 vicinis
403 2654 554 2724 pagis
576 2662 628 2707 et
657 2655 894 2724 acceptis
918 2654 1256 2723 popularium
1274 2656 1552 2711 obsidibus
1579 2656 1668 2723 40,
1701 2660 1766 2713 ad

180 2744 568 2814 imperatorem
619 2746 672 2799 in
701 2744 992 2800 Saxoniam
1044 2748 1244 2801 reversi
1289 2755 1434 2802 sunt.
1480 2747 1597 2815 Ipse
1621 2753 1764 2804 enim

180 2845 313 2889 tunc
339 2838 597 2906 temporis
620 2838 671 2890 in
703 2837 822 2892 loco
845 2839 935 2907 qui
965 2838 1162 2892 dicitur
1200 2838 1588 2893 Padrabrunno
1613 2840 1655 2871 “
1677 2856 1767 2910 ge-

180 2929 425 2983 neralem
448 2931 630 3000 populi
655 2933 735 2986 sui
773 2943 1096 2987 conventum
1144 2932 1397 2987 habebat.
1456 2932 1531 2986 Ibi
1555 2933 1622 2987 ad
1644 2946 1765 2986 eum

178 3033 377 3073 omnes
400 3020 744 3076 orientalium
776 3022 1093 3079 Stlavorum
1123 3026 1388 3093 primores
1414 3032 1469 3079 et
1491 3024 1649 3095 legati
1676 3038 1769 3077 ve-

179 3117 406 3164 nerunt.
467 3109 573 3165 Sed
597 3122 885 3182 antequam
910 3114 1035 3168 illuc
1058 3115 1289 3179 veniret,
1330 3115 1384 3169 id
1415 3123 1497 3169 est
1526 3129 1647 3169 cum
1674 3115 1768 3169 ads

178 3195 290 3253 huc
309 3199 456 3253 domi
488 3212 632 3255 esset
660 3203 725 3267 ¹⁷,
756 3204 994 3259 adlatum
1030 3213 1113 3258 est
1133 3205 1202 3269 ei,
1255 3205 1519 3273 quosdam
1565 3206 1629 3259 de
1651 3204 1764 3274 pri-

179 3292 431 3347 moribus
468 3291 833 3349 Romanorum
859 3295 923 3349 ad
955 3295 1387 3350 interficiendum
1412 3296 1647 3350 Leonem
1672 3311 1766 3365 pa-

177 3395 307 3451 pam
341 3382 396 3435 in
430 3383 541 3451 ipsa
564 3386 695 3438 urbe
718 3384 887 3438 Roma
909 3386 1267 3454 conspirasse,
1302 3399 1366 3439 ac
1393 3383 1607 3448 deinde,
1640 3400 1764 3439 cum

178 3470 347 3526 huius
373 3486 570 3528 causae
601 3474 855 3528 indicium
879 3475 945 3530 ad
980 3474 1287 3544 pontificem
1314 3482 1457 3529 esset
1505 3476 1761 3541 delatum,

176 3575 373 3617 omnes
396 3562 537 3617 illius
562 3563 809 3619 factionis
833 3573 1084 3621 auctores
1105 3566 1273 3633 ipsius
1294 3565 1438 3619 iussu
1470 3564 1635 3619 luisse
1656 3572 1767 3618 tru-

176 3650 410 3706 cidatos.
479 3652 632 3719 Quod
663 3668 787 3707 cum
836 3653 1058 3709 moleste
1100 3652 1286 3719 ferret,
1325 3653 1591 3707 ordinatis
1637 3662 1763 3707 tunc

179 3738 502 3795 Sclavorum
531 3750 585 3795 et
615 3741 851 3797 Herioldi
879 3744 1058 3808 rebus,
1108 3745 1332 3812 ipsoque
1355 3743 1406 3796 in
1431 3742 1662 3796 Saxonis
1685 3743 1765 3796 di-

178 3832 350 3884 misso
379 3872 394 3895 ,
447 3846 569 3885 cum
624 3833 691 3885 ad
738 3831 1147 3886 Franconofurd
1196 3832 1451 3902 palatium
1505 3832 1761 3894 venisset,

176 3920 556 3977 Bernhardum
610 3938 788 3993 regem
836 3922 1041 3987 Italiae,
1099 3932 1347 3992 nepotem
1381 3938 1560 3987 suum,
1588 3922 1679 3991 qui
1710 3932 1765 3977 et

177 4011 300 4080 ipse
330 4012 375 4041 ¹⁸
395 4027 517 4065 cum
544 4028 608 4068 eo
635 4012 685 4065 in
714 4011 951 4066 Saxonia
982 4011 1179 4075 fuerat,
1238 4012 1305 4064 ad
1331 4012 1763 4082 cognoscendum

176 4100 327 4169 quod
353 4102 713 4155 nunciabatur
739 4101 965 4155 Romam
991 4101 1179 4155 mittit.
1240 4100 1288 4153 Is
1312 4115 1435 4154 cum
1460 4100 1686 4153 Romam
1722 4101 1762 4133 ”

172 4190 443 4255 venisset,
464 4192 796 4260 aegritudine
825 4192 1101 4258 decubuit,
1126 4207 1215 4247 res
1245 4200 1422 4247 tamen
1453 4207 1589 4261 quas
1614 4206 1763 4246 com-
1824 4241 1830 4247 .

172 4288 397 4350 pererat
428 4296 526 4349 per
548 4279 838 4335 Geroldnm
865 4282 909 4312 ²⁰
939 4281 1217 4347 comitem,
1256 4281 1348 4350 qui
1372 4281 1438 4334 ad
1468 4281 1571 4336 hoc
1594 4281 1642 4334 ei
1688 4279 1763 4332 le-

1872 1927 2067 1980 dicitnr
2116 1928 2416 1983 tremuisse.
2483 1928 2704 1982 Rhenus
2732 1928 2776 1958 "
2798 1928 3006 1983 fluvius
3039 1929 3232 1998 alpinis
3258 1932 3447 1985 imbri-

1870 2016 1969 2071 bus
1999 2017 2042 2047 "
2068 2027 2277 2081 auctus,
2314 2018 2453 2071 ultra
2477 2018 2691 2071 solitum
2716 2019 3025 2071 exundavit.
3052 2019 3303 2084 Romani,
3324 2036 3447 2074 cum

1870 2105 2103 2161 Leonem
2130 2122 2324 2175 papam
2368 2108 2700 2177 aegritudine
2748 2107 3067 2161 decubuisse
3109 2108 3358 2162 viderent
3380 2109 3445 2170 ⁸ο.

1869 2196 2092 2250 collecta
2120 2213 2303 2259 manu,
2354 2198 2535 2250 omnia
2592 2197 2813 2265 praedia
2853 2212 2991 2265 quae
3020 2196 3159 2250 idem
3191 2197 3232 2227 ⁸³
3271 2199 3448 2268 ponti-

1869 2283 1956 2338 fex
1986 2286 2029 2315 ³¹
2062 2286 2114 2339 in
2167 2286 2497 2355 singularum
2544 2287 2824 2341 civitatum
2875 2286 3165 2341 territoriis
3204 2288 3251 2319 ³³
3298 2290 3452 2342 ιῑογίά

1870 2379 1955 2425 ter
2003 2376 2275 2429 exstruxit
2310 2374 2376 2439 ³³,
2418 2375 2595 2443 primo
2645 2375 2945 2445 diripiunt,
2994 2378 3185 2433 deinde
3226 2378 3450 2434 inmisso

1869 2463 1995 2530 igne
2041 2474 2303 2528 cremant,
2360 2473 2469 2518 tum
2501 2464 2724 2518 Romam
2782 2466 2861 2519 ire
2909 2473 3171 2531 statuunt,
3226 2478 3449 2537 etquae

1870 2552 1971 2605 sibi
2017 2561 2201 2621 erepta
2264 2554 2630 2623 querebantur
2699 2552 2962 2607 violenter
3012 2554 3279 2617 auferre:
3340 2572 3449 2627 quo

1870 2653 2167 2712 comperto,
2212 2643 2559 2699 Bernhardus‘
2609 2660 2703 2699 rex
2734 2646 2897 2699 missa
2944 2661 3105 2700 manu
3136 2662 3235 2718 per
3278 2647 3453 2704 Wini-

1869 2736 2043 2805 gisum
2075 2737 2264 2790 ducem
2302 2736 2621 2806 Spolitinum
2654 2747 2707 2791 et
2746 2739 3063 2794 seditionem
3103 2740 3245 2795 illam
3293 2742 3450 2797 seda-

1870 2825 1965 2887 vit,
2012 2834 2065 2879 et
2091 2840 2183 2879 eos
2208 2824 2275 2878 ab
2302 2826 2513 2894 incepto
2537 2826 2581 2856 ⁸⁵
2606 2826 2659 2897 [a
2685 2836 2839 2897 cepto
2859 2829 2922 2881 A.
2955 2829 3042 2901 L.]
3070 2831 3331 2887 desistere
3375 2832 3451 2889 fo-

1869 2917 1964 2979 cii,
1988 2931 2231 2985 quaeque
2254 2926 2404 2987 gesta
2426 2926 2602 2983 erant,
2626 2933 2722 2988 per
2749 2918 2952 2987 legatos
2982 2935 3107 2977 suos
3136 2921 3450 2994 imperatori

1870 3009 2165 3062 nunciavit.

2494 3099 2805 3155 DCCCXVI.

1939 3186 2127 3243 Ilieme
2164 3195 2455 3254 transacta,
2486 3188 2727 3243 Saxones
2746 3198 2799 3244 et
2819 3192 3111 3248 orientales
3137 3192 3330 3249 Franci
3353 3210 3448 3249 ex-

1867 3277 2195 3345 peditionem
2231 3280 2283 3332 in
2313 3279 2550 3333 Sorabos
2578 3278 2799 3335 Sclavos
2822 3321 2836 3346 ,
2867 3282 2957 3350 qui
2998 3282 3142 3337 dicto
3168 3285 3451 3341 audientes

1869 3386 1975 3426 non
2005 3380 2181 3435 erant,
2209 3370 2386 3423 facere
2414 3370 2566 3433 iussi,
2608 3370 2869 3439 imperata
2899 3380 3119 3426 strenue
3142 3374 3446 3443 compleve-

1868 3469 2029 3524 runt,
2068 3468 2122 3513 et
2160 3460 2557 3513 contumacium
2589 3460 2866 3515 audaciam
2895 3477 3001 3516 non
3040 3478 3234 3532 magno
3262 3464 3449 3520 labore

1868 3556 2323 3617 compresserunt.
2371 3547 2503 3601 Nam
2531 3564 2635 3601 una
2670 3550 2893 3603 civitate
2919 3563 3252 3621 expugnata,
3299 3556 3449 3623 quic-

1872 3640 2000 3709 quid
2032 3640 2083 3693 in
2112 3654 2175 3694 ea
2202 3649 2360 3709 gente
2393 3640 2590 3694 rebelle
2617 3641 2917 3707 videbatur,
2956 3646 3289 3700 subiectione
3315 3663 3443 3716 pro-

1870 3729 2034 3783 missa
2071 3730 2394 3799 conquievit.
2430 3730 2698 3785 Vascones
2726 3732 2816 3799 qui
2867 3741 3014 3786 trans
3050 3732 3356 3789 Garonnam
3393 3746 3449 3790 et

1869 3818 2011 3872 circa
2041 3818 2313 3872 Pirinemn
2344 3828 2580 3873 montem
2608 3818 2891 3883 habitant,
2923 3832 3144 3890 prepter
3173 3824 3442 3878 sublatum

1870 3912 2057 3965 ducem
2086 3925 2238 3964 suum
2266 3911 2487 3964 nomine
2519 3910 2817 3979 Sigwinum
2850 3912 2895 3942 ³⁸
2915 3953 2927 3976 ,
2961 3928 3121 3982 quem
3152 3914 3447 3984 imperator

1868 4002 1937 4055 ob
1973 4001 2193 4054 nimiam
2223 4000 2338 4053 eius
2381 4000 2722 4055 insolentiam
2770 4017 2833 4057 ac
2873 4018 3082 4057 morum
3124 4006 3443 4073 pravitatem

1870 4091 1993 4146 inde
2015 4090 2328 4154 sustulerat,
2354 4090 2509 4144 solita
2539 4091 2754 4147 levitate
2778 4096 3052 4158 commoti,
3076 4096 3445 4153 coniuratione

1866 4182 2031 4245 facta,
2060 4183 2370 4236 omnimoda
2398 4181 2697 4237 defectione
2726 4184 3094 4248 desciverunt;
3122 4185 3213 4239 sed
3238 4186 3445 4242 duabus

1866 4274 2297 4342 expeditionibus
2323 4274 2397 4326 ita
2424 4282 2548 4327 sunt
2570 4275 2788 4328 edomiti
2829 4275 2896 4340 ³⁷,
2928 4286 2989 4330 ιιι
3015 4277 3166 4331 tarda
3189 4277 3267 4332 eis
3296 4278 3444 4332 dedi-

174 4381 340 4441 gatus
362 4370 539 4425 fuerat
566 4372 744 4438 datus,
796 4372 1111 4443 imperatori
1168 4371 1441 4426 mandavit
1469 4370 1535 4423 ".
1587 4369 1755 4436 Quem
1782 4363 1835 4421 D
1864 4365 1938 4420 tio
1976 4372 2029 4419 et
2074 4363 2223 4434 pacis
2272 4363 2575 4433 impetratio
2622 4364 2912 4419 videretur.
2960 4364 3171 4420 Interea
3213 4367 3442 4423 domnus

1379 4524 1771 4583 VARIANTES
1808 4520 2205 4579 LECTIONES.

254 4637 270 4708 ξ
301 4636 351 4690 ei
369 4638 822 4708 quemadmodum
849 4640 901 4693 9.
980 4640 1000 4708 ξ
1025 4644 1209 4708 posset
1238 4637 1292 4693 9.

1393 4636 1413 4668 ³
1444 4636 1663 4692 abotriti
1688 4635 1744 4688 2.
1778 4637 1831 4690 9.
1862 4635 1907 4688 Β
1927 4634 1960 4689 6
1992 4636 2066 4688 ita
2099 4642 2415 4687 constanter.

2546 4632 2568 4663 ⁸
2590 4632 2731 4703 albis
2763 4633 2999 4687 transire
3024 4641 3208 4703 posset
3238 4635 3357 4689 1.2.
3380 4637 3436 4692 '5.

171 4704 229 4759 6.
249 4706 302 4759 9.
334 4702 474 4761 albia
503 4709 733 4761 transire
758 4716 941 4775 posset
967 4702 1252 4761 B'5.-albia
1296 4707 1532 4761 transire
1561 4706 1824 4775 potuisset
1850 4704 1896 4758 B
1940 4704 1991 4758 6.
2051 4704 2188 4775 albis
2222 4702 2441 4775 transiri
2473 4710 2681 4775 posset_
2706 4702 2769 4775 4_.
2792 4703 2856 4775 5.Δ
2888 4703 2977 4775 ill).
3022 4702 3437 4775 albiautransiti

629 4778 650 4808 ⁸
673 4792 735 4832 ac
755 4777 925 4832 ulacie
952 4778 1005 4832 9.

247 4844 300 4898 5.
364 4845 627 4899 hairioldo
656 4845 705 4899 6.

170 4914 273 4983 qui
296 4914 495 4986 dicitur
516 4915 722 4986 deest].
752 4914 920 4986 Bouq.
954 4916 1022 4969 In
1043 4915 1196 4969 codd.
1215 4916 1267 4969 2.
1296 4914 1381 4968 10.
1409 4914 1453 4967 Β
1473 4913 1525 4966 5.
1559 4914 1610 4967 9.

170 4992 275 5036 est.
356 4984 397 5014 “
434 4984 634 5037 dicitur
664 4984 837 5039 Littns
859 4984 1045 5039 oceani
1082 4985 1135 5039 9.
1215 4985 1257 5015 ¹²

254 4776 447 4829 tuisset
473 4776 525 4828 7.

801 4846 1005 4901 arialdo
1032 4845 1151 4901 Βϐ.
1212 4845 1481 4901 heriholto
1514 4845 1566 4899 9.
1641 4844 1662 4875 ⁹
1692 4846 1906 4898 nomine
1949 4842 2176 4899 sinlendi
2199 4844 2253 4898 9.
2303 4841 2566 4897 sindlendi
2592 4842 2642 4896 5.
2686 4841 3001 4896 sialandiam
3035 4843 3084 4895 7.

1655 4924 1769 4982 post
1800 4913 1999 4967 dicitur
2040 4914 2186 4966 locus
2228 4912 2416 4982 litteris
2452 4910 2808 4982 quatuorve!
2854 4927 2945 4982 sea:
2986 4927 3179 4982 uacuus
3225 4912 3434 4968 relictus

1304 4991 1579 5053 ponuntur
1600 4982 1645 5036 Β
1675 4983 1760 5053 5..Δ
1807 4983 1850 5014 ⁸³

1102 4777 1122 4808 ⁸
1148 4776 1262 4831 fere
1287 4777 1428 4830 deest
1452 4777 1505 4830 9.
1561 4771 1602 4807 ’⁷
1626 4775 1938 4829 baldericho
1979 4774 2031 4829 9.
2064 4774 2343 4828 balderieo
2383 4773 2437 4825 7.
2478 4771 2491 4788 ³
2514 4774 2534 4803 ⁸
2567 4771 2810 4826 harioldo
2838 4773 2888 4825 1.
2926 4772 2979 4824 2.
3017 4774 3069 4826 5.
3100 4773 3154 4826 4.
3180 4773 3231 4827 5.
3260 4774 3311 4826 7.
3344 4774 3432 4830 10.

3166 4843 3208 4874 ¹⁸
3236 4843 3290 4898 in
3316 4844 3436 4899 loco

1889 4984 1981 5052 qui
2002 4983 2141 5036 deest
2165 4983 2218 5036 9.
2299 4980 2342 5052 ‘f
2358 4981 2659 5052 residerent
2690 4981 2742 5035 9.
2823 4982 2867 5052 ’5
2898 4981 3105 5049 ipsique
3127 4998 3248 5035 cum
3274 4983 3352 5036 eis
3374 4984 3425 5036 9.

249 5051 607 5135 padrabundo
626 5052 679 5107 5.
704 5055 1055 5135 padrebunno
1148 5053 1200 5135 5.
1245 5049 1627 5135 poderbrunno
1676 5051 1788 5135 1.3.6.
1847 5049 2254 5135 pa'therbrupno
2284 5049 2825 5135 .4.'7padrabrunnan
2848 5051 2898 5105 9.
2944 5051 3323 5135 padrebrunno

175 5122 220 5154 ⁸⁷
246 5122 560 5205 priusquam
592 5131 773 5177 tamen
801 5124 925 5179 illnc
958 5139 1010 5177 v.
1040 5124 1134 5205 sed
1170 5121 1314 5178 domi
1358 5122 1533 5176 adhuc
1563 5121 1620 5176 9.

170 5192 220 5223 "
250 5202 529 5246 nunclavnt
567 5193 619 5247 9.
727 5194 772 5223 ”
801 5192 866 5247 de
897 5193 1067 5247 karoh
1090 5191 1143 5246 5.
1168 5191 1219 5246 6.
1246 5191 1289 5246 Β
1312 5190 1364 5245 6.
1442 5191 1488 5222 "
1522 5205 1620 5247 erei

250 5208 529 5246 ηιιηςιξινιι
567 5208 619 5246 υ.

172 5261 224 5291 ’⁵
253 5262 595 5316 nordbcrdus
623 5263 673 5315 I.
711 5261 764 5315 4.
874 5262 921 5293 "
953 5263 1248 5317 richwinus
1269 5263 1322 5317 9.

727 5139 773 5177 an
801 5124 925 5179 illnc
958 5139 1010 5177 v.
1040 5124 1134 5178 sed
1170 5120 1314 5178 domi
1358 5122 1533 5176 adhuc
1563 5121 1620 5176 9.
1700 5122 1742 5154 ¹³
1774 5120 1888 5191 ipse
1919 5137 2101 5177 secum
2132 5120 2183 5175 9.
2284 5120 2326 5150 "
2353 5120 2404 5174 Is
2426 5135 2551 5175 cum
2592 5134 2657 5174 eo
2700 5135 2752 5173 v.
2794 5120 2846 5175 9.
2948 5120 2992 5150 ¹⁹
3036 5121 3341 5189 gerholtum
3375 5121 3427 5174 9.

727 5194 772 5223 "
801 5192 866 5247 de
897 5193 1067 5247 karoli
1090 5191 1143 5246 5.
1168 5191 1219 5246 6.
1246 5191 1289 5246 Β
1312 5190 1364 5245 6.
1442 5191 1488 5261 '3
1522 5200 1708 5260 erepta
1741 5192 1790 5244 1.
1846 5203 2037 5261 erupta
2084 5190 2137 5243 2.
2171 5188 2333 5261 5.74.
2377 5188 2433 5261 5.
2474 5188 2527 5242 6.
2586 5190 2678 5261 I0.
2708 5199 2878 5261 rupta
2900 5189 2951 5241 7.
3012 5189 3064 5261 9_.
3101 5188 3146 5242 B
3180 5190 3215 5243 5
3267 5190 3347 5261 6._
3376 5190 3427 5261 9.

1417 5260 1463 5291 “
1501 5259 1793 5315 sanctonas
1818 5260 1871 5313 4.
1891 5259 2216 5315 6(santonis
2238 5260 2289 5312 7.

2284 5120 2326 5189 ξ’
2353 5119 2551 5189 Iscum
2592 5134 2657 5174 eo
2700 5135 2752 5173 v.
2794 5120 2846 5175 9.
2948 5120 2992 5150 ¹⁹
3036 5121 3341 5189 gerholtum
3375 5121 3428 5174 9.

2390 5259 2434 5291 ’⁷
2459 5260 2748 5313 sentembri
2775 5257 2828 5311 7.
2856 5259 2907 5313 9.
3015 5258 3060 5290 "
3082 5260 3285 5313 renhus
3308 5257 3352 5311 Β
3374 5259 3427 5311 5.

173 5329 437 5411 ξξίιιξιπὶο
457 5330 500 5382 Β
522 5331 621 5411 5.“
640 5331 694 5411 -ξο
716 5332 966 5385 viderunt
993 5332 1042 5411 1:
1119 5332 1326 5411 ‘_‘_id_em
1354 5330 1638 5411 episcopus
1790 5330 1833 5411 ³ξ
1857 5330 1931 5383 id.
1958 5336 2119 5411 βριιι.⁸
2138 5330 2278 5410 deest
2301 5328 2355 5383 9.
2396 5328 2791 5411 n'iditionibus
2806 5329 2883 5411 9.“
2938 5328 2991 5411 3:
3010 5336 3351 5411 exstrui-iterat

174 5399 226 5470 ξε
259 5401 330 5470 ab
352 5411 543 5468 coepto
580 5400 687 5454 Β5.
729 5417 758 5455 a
795 5411 987 5470 coepto
1007 5402 1060 5456 9.
1136 5403 1181 5433 ³⁸
1214 5396 1606 5470 sigewinuml.
1640 5396 1972 5470 signwinuin
1993 5401 2047 5453 3.
2078 5399 2363 5469 sigivinum
2388 5397 2433 5452 B
2462 5398 2514 5452 5.
2546 5398 2828 5467 sigwinum
2854 5398 2905 5452 9.
2947 5396 2991 5449 Β
3016 5396 3067 5450 6.

171 5466 229 5524 ἐς.
262 5469 318 5523 5.
354 5472 405 5522 6.

3170 5397 3212 5428 ³⁷
3244 5396 3431 5452 domiti

1676 5581 1906 5636 NOTAE.

252 5702 277 5730 ι
314 5686 519 5744 Othero
548 5699 684 5745 teste
730 5693 781 5745 in
820 5691 1069 5747 orientali
1098 5691 1416 5747 Chersonesi
1465 5691 1749 5745 Cimbrica:

176 5767 363 5828 parte;
392 5761 461 5815 ad
482 5761 953 5817 meridiemJntize.
974 5761 1053 5818 Cf.
1098 5760 1159 5815 V.
1193 5762 1583 5816 eLDahlmann
1622 5760 1753 5815 For-

1856 5692 2130 5762 schungen
2161 5690 2256 5745 auf
2271 5692 2391 5746 dem
2412 5692 2599 5748 Gebict
2630 5693 2725 5748 der
2746 5694 3088 5758 Geschichte,
3115 5701 3151 5745 t.
3171 5691 3210 5759 I,
3228 5708 3279 5762 p.
3305 5694 3428 5753 159.

1936 5762 1961 5799 ι)
1996 5761 2248 5832 (Ιασιὶίινὲ.
