3928 6314
468 282 578 350 ιεὸ

1748 291 2129 361 EGINHARDI
2165 298 2461 364 ABBATIS

3640 309 3743 363 £25

466 415 579 473 Leo
616 426 753 485 papa
782 426 925 467 anno
948 404 1299 483 pontiﬁcatus
1323 418 1407 471 sui
1432 414 1694 473 vicesimo
1719 418 1918 488 primo,
1949 419 2057 473 cir—
2082 420 2135 478 Α
2160 415 2313 485 signo
2357 416 2655 487 Agitatoris
2689 417 2732 450 ”
2761 416 3031 491 apparuit.
3071 418 3281 476 Interea
3312 419 3569 477 Stefanus
3604 437 3745 493 papa

461 510 609 566 citer
632 510 685 564 8.
714 507 832 561 Kal.
877 506 997 561 lun.
1032 509 1049 539 ¹
1095 508 1161 564 de
1202 523 1439 581 corpore
1496 510 1753 582 migravit
1791 514 1835 578 ³,
1873 510 2053 567 Stefa-

468 611 679 667 nusque
702 595 965 651 diaconus
994 597 1048 651 in
1070 596 1253 652 locum
1281 599 1400 653 eius
1419 598 1623 654 electus
1652 608 1815 670 atque
1844 600 2057 654 ordina-

463 695 557 744 tus
598 696 703 752 est,
756 687 1102 756 nondumque
1146 689 1356 743 duobus
1410 698 1532 758 post
1586 691 2053 745 consecrationem

460 791 621 832 suam
651 775 860 831 exactis
886 775 1182 840 mensibus,
1206 790 1368 846 quam
1392 777 1642 833 maximis
1662 784 1879 848 poterat
1904 776 1925 808 ⁸
1967 776 2055 830 iti-

461 867 686 922 neribus
719 867 787 923 ad
806 866 1190 936 imperatorem
1217 866 1402 921 venire
1434 868 1742 934 contendit,
1766 865 2055 935 missisque

468 956 687 1013 interim
718 956 928 1011 duobus
952 955 1165 1027 legatis,
1199 957 1292 1026 qui
1321 957 1477 1026 quasi
1503 972 1603 1026 pro
1632 972 1727 1013 sua
1764 972 2055 1012 consecra-

458 1049 612 1103 tione
659 1048 974 1118 imperatori
1018 1057 1389 1120 suggererent-.
1425 1047 1579 1115 Quod
1620 1051 1713 1106 ubi
1755 1050 2055 1120 imperator

460 1139 690 1206 audivit,
738 1139 924 1207 Remis
970 1141 1022 1195 ei
1068 1140 1259 1194 statuit
1287 1131 1597 1208 occurrere,
1631 1142 1923 1212 missisque
1958 1141 2055 1196 ob»

463 1230 607 1284 viam
661 1229 747 1284 his
784 1230 876 1299 qui
920 1244 1044 1285 eum
1074 1230 1166 1285 illo
1204 1230 1566 1297 deducerent,
1608 1233 1898 1287 adventum
1934 1232 2053 1286 eius

459 1318 841 1389 praeveniens,
884 1335 1007 1374 cum
1034 1335 1231 1391 magno
1254 1336 1379 1375 eum
1405 1321 1608 1376 ibidem
1634 1322 1839 1377 honore
1868 1334 2054 1376 susceo

460 1411 559 1482 pit.
602 1410 704 1476 Qui
740 1411 924 1466 statim
948 1411 1270 1480 imperatori
1298 1412 1562 1466 adventus
1600 1412 1685 1466 sui
1717 1426 1939 1466 causam
1969 1411 2054 1464 in-

458 1500 710 1569 sinuans,
763 1500 1051 1554 celebratis
1076 1515 1143 1554 ex
1190 1514 1341 1555 more
1386 1501 1677 1556 missarum
1728 1500 2049 1567 sollemniis,

453 1602 586 1643 eum
628 1588 949 1643 diadematis
998 1588 1347 1658 impositione
1379 1590 1686 1645 coronavit.
1729 1590 1910 1646 Multis
1958 1593 2052 1647 de-

455 1678 586 1733 inde
608 1678 751 1731 inter
778 1693 872 1732 eos
902 1679 1218 1734 muneribus
1245 1687 1299 1734 et
1326 1681 1465 1736 datis
1500 1690 1556 1736 et
1580 1683 1839 1751 acceptis,
1863 1683 2051 1739 convi-

2156 509 2318 562 tertio
2344 516 2630 579 postquam
2652 510 2882 566 Romam
2905 521 3125 569 venerat
3149 528 3354 577 mense,
3382 514 3477 569 sed
3506 515 3746 569 liOlldllln

2154 609 2369 665 exacto,
2419 601 2639 656 circiter
2684 601 2718 657 8
2762 602 2880 657 Kal.
2932 602 3094 659 Febr.
3127 604 3269 669 diem
3308 605 3467 659 obiit.
3507 604 3605 660 Cui
3648 604 3750 659 Pa-

2160 689 2364 743 schalis
2392 706 2674 747 successor
2704 691 2943 758 electus,
2973 702 3094 764 post
3131 695 3454 765 completam
3489 694 3749 750 solemni-

2151 786 2235 833 ter
2259 778 2652 836 ordinationem
2694 798 2846 837 suam
2876 790 2930 838 et
2964 799 3189 839 munera
3229 792 3287 839 et
3326 786 3739 841 excusatoriam

2155 868 2472 938 imperatori
2516 870 2663 925 misit
2696 871 3014 941 epistolam,
3049 872 3105 927 in
3133 888 3241 943 qua
3283 874 3385 929 sibi
3427 889 3534 930 non
3565 874 3745 930 solum

2152 958 2379 1026 nolenti,
2427 960 2522 1015 sed
2569 960 2736 1015 etiam
2774 961 3064 1032 plurimum
3096 962 3348 1018 renitenti
3387 963 3746 1033 pontiﬁcatus

2152 1047 2415 1103 honorem
2442 1049 2588 1105 velut
2612 1051 2887 1121 inpactum
2931 1052 2978 1083 ¹⁸
3019 1052 3321 1108 adseverat.
3372 1053 3534 1109 Missa
3559 1062 3750 1111 tamen

2153 1140 2259 1195 alia
2286 1140 2571 1212 legatione,
2594 1150 2810 1211 pactum
2838 1144 2981 1213 quod
3007 1159 3131 1199 cum
3164 1125 3605 1215 praecessoribus
3627 1146 3750 1203 suis

2155 1229 2355 1285 factum
2382 1238 2520 1298 erat,
2554 1232 2717 1286 etiam
2746 1247 2929 1288 secum
2958 1233 3076 1288 fieri
3104 1242 3163 1289 et
3191 1234 3399 1289 firmari
3439 1235 3482 1266 ¹⁶
3512 1236 3748 1307 rogavit.

2151 1321 2303 1377 Hanc
2331 1321 2651 1391 legationem
2687 1323 3005 1379 Theodorus
3037 1316 3421 1380 nomenclator
3449 1333 3503 1380 et
3527 1325 3749 1391 detulit,

2153 1421 2209 1467 et
2259 1428 2323 1468 ea
2366 1429 2506 1483 quae
2548 1415 2780 1484 petierat
2831 1414 3159 1484 impetravit.
3214 1414 3373 1469 Feria
3408 1417 3598 1485 quinta
3631 1431 3747 1485 qua

2152 1518 2318 1558 coena
2356 1502 2568 1557 Domini
2611 1502 2937 1569 celebratur,
2978 1519 3103 1559 cum
3132 1504 3430 1574 imperator
3469 1504 3538 1559 ab
3568 1504 3752 1559 eccle-

2153 1596 2256 1661 sia,
2281 1603 2505 1665 peracto
2542 1609 2699 1650 sacro
2727 1592 2901 1650 ofﬁcio
2921 1634 2936 1660 ,
2960 1603 3266 1661 remearet,
3292 1595 3471 1667 lignea
3498 1596 3750 1665 porticus

2152 1701 2251 1755 per
2298 1700 2461 1753 quam
2508 1684 2816 1749 incedebat,
2864 1700 2989 1738 cum
3023 1693 3078 1739 et
3122 1684 3300 1757 fragili
3341 1686 3570 1741 materia
3598 1695 3750 1741 esset

457 1767 671 1837 viisque
711 1768 969 1837 oppipare
1006 1766 1027 1799 ‘
1074 1768 1391 1836 celebratis,
1432 1779 1489 1826 et
1531 1769 2050 1828 amicitia'vicissim
2081 1761 2127 1827 Β
2158 1775 2467 1839 aediﬁcata,
2508 1782 2565 1828 et
2612 1782 2739 1828 tunc
2788 1774 2828 1805 "
2882 1774 2991 1829 iam
3041 1776 3282 1830 marcida
3313 1784 3369 1831 et
3411 1777 3748 1844 putrefacta,

458 1855 774 1915 ﬁrmissimo
811 1857 831 1887 ⁸
862 1856 1059 1913 robore
1085 1861 1410 1925 constituta,
1440 1861 1670 1932 aliisque
1724 1862 2050 1918 utilitatibus

454 1954 683 2001 sanctae
741 1947 834 2001 Dei
858 1947 1137 2002 ecclesiae
1186 1964 1286 2019 pro
1339 1952 1599 2021 temporis
1646 1946 2050 2023 opportunitate

456 2033 751 2103 dispositis,
781 2034 1024 2105 pontifex
1057 2035 1309 2103 Romam,
1342 2038 1635 2107 imperator
1655 2038 2048 2109 Compendium

457 2125 718 2196 palatium
768 2126 944 2196 petiit.
990 2125 1069 2181 lbi
1108 2137 1570 2183 commemoratus
1596 2129 1639 2194 ⁸⁸,
1671 2130 1880 2200 legatos
1904 2130 2049 2184 Abo-

457 2216 725 2271 dritorum
747 2226 802 2271 et
836 2217 902 2272 de
927 2216 1187 2285 Hispania
1223 2217 1429 2288 legatos
1483 2218 1855 2274 Abdirabman
1880 2220 1923 2285 ",
1952 2220 2049 2274 ﬁlii

456 2304 661 2360 Abulaz
697 2306 864 2376 regis,
893 2306 961 2361 ad
1004 2320 1063 2360 se
1104 2306 1302 2361 missos
1345 2308 1622 2377 suscepit;
1654 2308 2047 2378 completisque

430 2394 533 2453 -ibi
558 2397 746 2468 viginti
776 2396 861 2452 vel
886 2411 951 2451 eo
981 2396 1213 2467 amplius
1234 2398 1445 2465 diebus,
1473 2398 1813 2470 Aquasgrani
1841 2401 1909 2456 ad
1938 2401 2049 2456 bie-

457 2491 718 2545 mandum
740 2487 1014 2559 profectus
1040 2497 1143 2543 est.

928 2580 933 2591 “
1087 2575 1421 2633 DCCCXVIl.

527 2666 715 2738 Legati
752 2665 1122 2724 Abdirahman
1149 2667 1169 2698 ⁸
1197 2667 1292 2721 filii
1326 2667 1554 2733 Abulaz,
1590 2668 1734 2739 regis
1788 2664 2045 2724 Sarrace-

459 2776 675 2826 norum,
701 2760 767 2815 de
802 2759 1231 2831 Caesaraugusta
1262 2763 1434 2829 missi,
1464 2763 1617 2833 pacis
1644 2764 1907 2833 petendae
1929 2779 2049 2835 gra-

455 2852 533 2908 tia
559 2862 846 2918 venerunt,
891 2860 947 2907 et
990 2851 1321 2922 Compendio
1370 2854 1439 2908 ab
1487 2854 1812 2929 imperatore
1853 2854 2042 2917 auditi,

454 2942 795 3013 Aquasgrani
842 2958 966 2997 eum
1011 2944 1341 3021 praecedere
1382 2943 1513 2999 iussi
1557 2952 1703 2998 sunt.
1756 2944 1873 3010 Quo
1918 2959 2043 2999 eum

452 3032 808 3102 pervenisset,
838 3031 1077 3101 legatum
1097 3030 1294 3087 LeOnis
1319 3032 1667 3102 imperatoris
1688 3033 1753 3088 de
1779 3032 2043 3088 Constan-

2155 1879 2295 1935 quae
2362 1863 2817 1933 contignationem
2882 1870 2937 1917 et
3007 1862 3306 1918 tabulatam
3362 1863 3745 1928 sustinebant,

2152 1960 2391 2008 transtra
2420 1953 2631 2022 pondus
2661 1946 3051 2022 aliquod'ferre
3078 1969 3182 2007 non
3206 1960 3448 2021 possent,
3483 1952 3745 2007 inceden-

2153 2055 2259 2101 tem
2308 2046 2540 2115 desuper
2568 2047 2948 2115 imperatorem
2982 2045 3157 2099 subita
3198 2044 3353 2097 ruina
3394 2058 3519 2098 cum
3549 2044 3749 2114 viginti

2149 2146 2205 2192 et
2230 2151 2297 2192 eo
2339 2136 2571 2208 amplius
2611 2135 2920 2191 hominibus
2957 2135 3049 2204 qui
3088 2149 3196 2189 una
3242 2134 3394 2194 ibant
3442 2134 3510 2188 ad
3539 2142 3749 2188 terram

2151 2242 2322 2297 usque
2347 2226 2594 2296 deposuit
2628 2226 2691 2279 ιδ.
2724 2224 2826 2292 Qui
2847 2240 3008 2280 casus
3026 2240 3151 2280 cum
3176 2224 3218 2255 ¹⁹
3244 2224 3531 2295 plerosque
3561 2239 3628 2279 ex
3658 2224 3749 2280 his

2150 2318 2242 2386 qui
2272 2316 2431 2371 simul
2473 2315 2785 2370 deciderant
2814 2314 3051 2386 graviter
3077 2312 3388 2379 adfecisset,
3432 2314 3509 2367 illi
3550 2324 3747 2368 tamen

2149 2404 2284 2459 nihil
2332 2402 2466 2458 aliut
2493 2402 2538 2434 ⁸ο
2584 2402 2841 2457 laesionis
2889 2403 3072 2457 intulit
3118 2410 3335 2471 praeter
3376 2402 3522 2473 quod
3546 2402 3749 2472 capulo

2148 2496 2310 2569 gladii
2338 2511 2446 2567 quo
2472 2496 2749 2551 accinctus
2774 2504 2912 2561 erat,
2944 2494 3039 2549 imi
3075 2494 3313 2565 pectoris
3341 2508 3470 2564 pars
3510 2494 3744 2549 sinistra

2144 2596 2376 2642 contusa
2406 2593 2491 2641 est
2517 2624 2532 2651 ,
2558 2593 2613 2639 et
2637 2584 2786 2639 auris
2814 2583 3009 2639 dextra
3036 2585 3089 2638 in
3114 2592 3269 2653 parte
3295 2583 3599 2653 posteriore
3627 2582 3751 2637 vul-

2146 2685 2357 2742 nerata,
2390 2675 2566 2731 femur
2592 2690 2807 2747 quoque
2848 2676 3101 2731 dextrum
3126 2675 3407 2730 cuiusdam
3444 2672 3578 2743 ligni
3606 2688 3749 2743 pon-

2148 2767 2278 2823 dere
2306 2767 2457 2821 iuxta
2485 2767 2709 2837 inguina
2732 2766 3019 2821 conlisum.
3067 2764 3173 2820 Sed
3205 2764 3466 2819 instantia
3497 2764 3540 2795 “
3571 2764 3751 2819 medi-

2148 2871 2339 2912 corum
2380 2855 2474 2925 qui
2521 2856 2571 2909 ei
2609 2871 2795 2911 curam
2824 2856 3174 2921 adhibebant,
3208 2869 3418 2909 summa
3459 2852 3750 2908 celeritate

2148 2936 2440 3002 convaluit.
2482 2944 2617 3000 Nam
2646 2945 2911 3006 .vicesirna
2951 2952 3237 3017 postquam
3266 2944 3320 2999 id
3347 2942 3626 2998 acciderat
3652 2942 3751 2998 die

2151 3039 2542 3110 Noviomagum
2597 3037 2872 3108 profectus
2895 3078 2911 3103 ,
2972 3045 3171 3092 venatu
3237 3049 3358 3090 sese
3420 3033 3748 3089 exercebat.

453 3121 679 3191 tinopoli
706 3137 805 3193 pro
830 3121 1260 3176 Dalmatinorum
1292 3122 1313 3153 ’
1361 3137 1526 3177 causa
1565 3123 1815 3190 missum,
1842 3122 2040 3179 Nicifo-
2074 3113 2118 3175 C
2153 3128 2305 3185 Unde
2348 3143 2597 3185 reversus
2625 3169 2639 3194 ,
2689 3127 2994 3199 generalem
3040 3124 3221 3196 populi
3270 3124 3355 3180 sui
3410 3131 3750 3179 conventum

450 3229 573 3269 rum
596 3215 837 3280 nomine,
863 3215 1124 3285 suscepit,
1157 3228 1320 3285 quem
1349 3214 1539 3280 etiam,
1568 3215 1695 3284 quia
1722 3214 1962 3271 Cadolah
1998 3214 2040 3247 “

455 3305 525 3360 ad
571 3320 733 3375 quem
778 3304 991 3359 illorum
1037 3303 1334 3360 conﬁnium
1379 3319 1511 3360 cura
1551 3305 1882 3373 pertinebat,
1934 3320 2044 3360 non

454 3396 663 3463 aderat,
686 3405 740 3451 et
762 3405 942 3451 tamen
964 3396 1115 3452 brevi
1137 3404 1398 3452 venturus
1418 3397 1729 3467 putabatur,
1754 3398 2042 3452 adventum

435 3484 599 3545 illius
629 3485 787 3540 iussit
822 3484 1079 3554 opperiri.
1123 3483 1239 3551 Quo
1267 3486 1517 3541 veniente
1540 3526 1555 3551 ,
1583 3487 1725 3541 ratio
1752 3487 1893 3541 inter
1918 3502 2043 3542 eum

452 3584 509 3630 et
546 3576 781 3646 legatum
812 3575 1155 3646 imperatoris
1196 3574 1264 3629 de
1294 3578 1705 3645 quaestionibus
1732 3594 1869 3648 quas
1898 3579 2043 3633 idem

455 3665 663 3731 detulit,
692 3666 873 3720 habita
899 3674 1008 3731 est;
1040 3674 1094 3721 et
1114 3666 1241 3735 quia
1265 3681 1354 3721 res
1378 3666 1446 3720 ad
1473 3667 1736 3736 plurimos
1761 3676 1815 3723 et
1844 3668 2044 3722 Roma-

454 3771 553 3812 nos
575 3764 631 3811 et
666 3756 889 3812 Sclavos
913 3757 1235 3826 pertinebat,
1282 3772 1457 3826 neque
1481 3757 1598 3812 sine
1626 3758 1845 3813 illorum
1886 3773 2045 3828 prae-

452 3848 628 3904 sentia
660 3847 802 3901 finiri
829 3862 988 3917 posse
1016 3847 1319 3913 videbatur,
1361 3848 1453 3902 illo
1492 3848 1833 3905 decernenda
1862 3848 2044 3921 differ-

452 3943 567 4003 tur,
590 3937 895 4005 missusque
936 3937 1005 3991 ad
1042 3938 1146 3992 hoc
1170 3953 1292 3992 cum
1317 3936 1590 3994 Cadolane
1618 3940 1659 3971 ¹¹
1686 3948 1743 3994 et
1763 3942 2045 4010 praedicto

451 4024 631 4097 legato
672 4027 727 4082 in
757 4026 1079 4081 Dalmatiam
1110 4026 1398 4098 Albgarius
1430 4028 1495 4093 ¹²,
1523 4028 1759 4084 Unrochi
1784 4030 1826 4061 ⁸⁸
1855 4046 2044 4101 nepos.

453 4118 645 4190 Legati
676 4119 840 4174 etiam
872 4119 1263 4186 Abdirabman,
1296 4136 1420 4175 cum
1450 4122 1625 4177 tribus
1651 4124 1931 4179 mensibus
1955 4124 2046 4181 de-

454 4213 590 4267 tenti
619 4219 800 4266 essent
818 4251 833 4277 ,
871 4220 926 4265 et
952 4212 1058 4265 iam
1099 4211 1167 4266 de
1192 4212 1364 4266 reditu
1391 4211 1686 4282 desperare
1709 4216 2042 4284 coepissent,

454 4304 667 4359 remissi
690 4312 843 4358 sunt.
872 4302 996 4358 Filii
1018 4318 1234 4373 quoque
1263 4302 1545 4367 Codofridi
1574 4306 1718 4376 regis
1747 4306 2042 4372 Danorum,

2146 3219 2476 3298 Aquisgrani
2505 3233 2655 3273 more
2695 3218 2854 3273 solito
2891 3217 3103 3283 habuit,
3142 3215 3197 3269 in
3239 3228 3348 3284 quo
3375 3213 3549 3268 filium
3580 3228 3746 3268 suum

2145 3309 2568 3380 primogenitum
2621 3306 2963 3363 Hlotharium
3019 3303 3339 3369 coronavit,
3392 3311 3449 3357 et
3504 3303 3751 3357 nominis

2132 3410 2309 3470 .atque
2352 3400 2567 3470 imperii
2618 3399 2702 3453 sui
2747 3398 2957 3453 socium
3005 3395 3109 3451 sibi
3160 3392 3464 3457 constituit,
3491 3399 3749 3448 caeteros

2146 3509 2301 3564 reges
2324 3493 2618 3563 appellatos
2639 3506 2802 3546 unum
2826 3489 3170 3561 Aquitaniae,
3197 3486 3428 3543 alterum
3451 3484 3745 3540 Baioariae

2145 3581 2428 3653 praefecit.
2480 3582 2760 3636 Conventu
2795 3586 3018 3649 peracto
3055 3579 3121 3642 “,
3152 3592 3278 3632 cum
3320 3574 3516 3645 Vosegi
3546 3573 3749 3629 saltum

2146 3671 2378 3726 venandi
2416 3672 2587 3742 gratia
2618 3678 2851 3741 peteret,
2881 3668 3071 3724 obvios
3096 3666 3285 3723 habuit
3311 3664 3517 3736 legatos
3541 3663 3752 3719 Leonis

2149 3764 2513 3834 imperatoris,
2535 3778 2671 3833 quos
2693 3777 2816 3817 cum
2839 3761 2892 3815 in
2913 3759 3267 3832 lngilenheim
3294 3757 3339 3789 "
3361 3756 3564 3827 palatio
3593 3756 3751 3810 iuxta

2148 3858 2548 3931 Mogontiacum
2592 3856 2638 3888 ’δ
2677 3855 2955 3911 civitatem
3003 3852 3262 3917 audisset,
3301 3865 3365 3904 ac
3410 3850 3746 3920 legationem

2148 3966 2335 4006 eorum
2372 3964 2481 4003 non
2511 3948 2672 4002 aliam
2701 3961 2842 4011 esse,
2880 3946 2983 4000 nisi
3009 3959 3171 4013 quam
3199 3941 3472 3997 Niciforus
3495 3942 3748 3996 eiusdem

2148 4040 2493 4111 imperatoris
2523 4038 2735 4108 legatus
2767 4035 3014 4106 proxime
3039 4032 3328 4097 adtulerat,
3360 4032 3745 4101 comperisset,

2150 4129 2400 4185 celeriter
2429 4126 2705 4183 absolutos
2749 4124 2985 4189 dimisit,
3018 4130 3073 4178 et
3098 4136 3207 4192 quo
3236 4121 3495 4176 tendebat
3520 4118 3749 4191 proﬁci-

2151 4222 2339 4276 scitur.
2358 4218 2728 4288 Nunciataque
2751 4215 3053 4273 defectione
3066 4213 3449 4270 Abodritorum
3472 4222 3529 4267 et
3554 4211 3748 4268 Sclao-

2152 4310 2309 4374 miri,
2336 4308 2624 4365 comitibus
2650 4314 2859 4361 tantum
2888 4305 3149 4377 quiiusta
3178 4303 3353 4357 Albim
3385 4302 3441 4356 in
3466 4301 3748 4373 praesidio

450 4402 674 4465 propter
702 4393 975 4448 assiduam
1029 4392 1269 4448 Herioldi
1314 4392 1716 4448 infestationem
1762 4396 1930 4450 missa
1977 4397 2045 4457 ad
2072 4448 2122 4467 η
2153 4404 2394 4458 residere
2435 4401 2701 4467 solebant,
2732 4408 2793 4456 ut
2833 4388 3095 4455 terminos
3124 4397 3228 4452 sibi
3261 4396 3585 4451 commissos
3628 4404 3749 4450 tue-

454 4486 841 4555 itnperatorem
869 4484 1158 4553 legatione,
1202 4499 1394 4555 pacem
1422 4494 1639 4555 petunt,
1669 4501 1898 4557 eamque
1926 4504 1956 4542 a
1988 4505 2046 4545 se
2071 4482 2124 4507 ν
2151 4502 2361 4557 rentur,
2409 4506 2510 4560 per
2550 4490 2785 4561 legatum
2836 4487 3135 4543 mandavit.
3185 4483 3362 4540 Causa
3413 4482 3748 4539 defectionis

452 4573 775 4630 servandam
798 4574 1149 4643 pollicentur:
1179 4575 1272 4629 sed
1295 4590 1417 4629 cum
1440 4576 1572 4631 haec
1599 4577 1852 4632 simulata
1875 4581 2046 4651 magis
2148 4590 2291 4646 erat,
2319 4580 2463 4650 quod
2490 4581 2696 4651 regiam
2724 4585 3067 4650 potestatem,
3097 4591 3260 4645 quam
3294 4575 3563 4631 Sclaomir
3590 4583 3749 4629 eate-

455 4679 619 4734 quam
640 4665 855 4719 veracia
887 4665 1218 4729 viderentur,
1247 4665 1394 4720 velut
1422 4666 1604 4720 inania
1636 4668 1876 4738 neglecta
1896 4679 2043 4737 sunt,
2148 4687 2257 4728 nus.
2274 4678 2398 4740 post
2437 4678 2669 4739 mortem
2709 4668 3040 4724 Thrasconis
3070 4668 3217 4722 solus
3257 4680 3421 4735 super
3444 4665 3745 4721 Abodritos

455 4768 512 4814 et
533 4759 791 4813 auxilium
819 4766 1013 4815 contra
1042 4774 1137 4814 eos
1168 4758 1423 4815 Hieroldo
1454 4759 1660 4814 datum.
1693 4759 1845 4814 Luna
1876 4759 2044 4817 Nonis
2147 4764 2384 4825 tenebat,
2413 4774 2535 4813 cum
2562 4758 2840 4830 Ceadrago
2866 4758 2977 4813 filio
2999 4755 3330 4812 Thrasconis
3360 4755 3549 4825 partiri
3578 4756 3744 4811 iube-

456 4848 618 4904 Febr.
664 4851 798 4904 bora
827 4851 1004 4905 noctis
1049 4850 1287 4905 secunda
1322 4849 1551 4917 defecit,
1602 4858 1660 4904 et
1708 4859 1949 4907 cometes
1987 4852 2041 4907 in
2143 4856 2335 4917 batur;
2382 4865 2520 4919 quae
2546 4865 2635 4905 res
2660 4849 2810 4904 illum
2852 4857 2959 4904 tam
3000 4848 3237 4920 graviter
3265 4849 3643 4914 exacerbavit,
3684 4860 3749 4905 ut

1700 4941 2093 4999 VARIANTES
2115 4941 2519 4999 LECTIONES.

534 5033 551 5063 ¹
582 5030 715 5087 Vill.
754 5029 860 5101 ita}.
895 5026 1066 5101 lulLB
1088 5028 1142 5083 5.
1172 5029 1237 5101 Y.
1269 5028 1517 5101 kahlun.
1549 5028 1670 5101 Bs.
1742 5030 1766 5101 ξ
1800 5046 1828 5085 a
1860 5032 2042 5088 seculo
2068 5031 2322 5101 migravit
2348 5029 2517 5101 Bottq.
2596 5030 2618 5061 ³
2642 5028 2818 5099 potuit
2846 5028 2899 5083 9.
2977 5025 3593 5101 ‘oppipare__l._4.AB__6_.
3626 5029 3749 5097 opi-

458 5116 591 5173 pare
619 5100 672 5154 Ξ.
706 5098 1043 5173 (5.)‘7185.
1074 5099 1333 5171 oppidare
1360 5098 1786 5173 5.‘6.¥opi_me_9_.
1882 5102 1903 5173 Ψ
1931 5096 2227 5173 fortissimo
2256 5101 2309 5155 9.
2336 5168 2371 5173 _
2392 5099 2459 5173 u‘
2479 5096 2719 5173 ibiucum
2751 5096 3061 5173 moraretur
3080 5096 3231 5173 5.}.
3266 5097 3319 5152 5.
3348 5096 3402 5150 6.
3431 5096 3588 5173 9._i_bi
3617 5096 3746 5173 cum

461 5165 859 5226 inoraturlB
883 5169 933 5223 6.
947 5165 1377 5225 ibiconfnoratus
1410 5169 1460 5222 l.
1490 5171 1541 5223 7.
1562 5165 1657 5223 10.
1681 5168 1725 5222 Β
1753 5170 1806 5225 5.
1879 5172 1899 5204 "
1932 5168 2443 5227 abdirabamanB5.
2471 5169 2857 5224 abdiracliman
2885 5169 2939 5222 9.
3015 5168 3036 5199 ⁸
3056 5166 3443 5222 abdirabaman
3463 5165 3562 5219 B5.
3589 5168 3748 5223 abdi-

462 5256 681 5297 racman
707 5239 752 5293 B
774 5239 828 5295 6.
923 5240 942 5269 °
968 5239 1375 5294 dalmaticorum
1398 5238 1454 5292 4.
1482 5238 1525 5292 Β
1553 5240 1605 5294 5.
1635 5240 2089 5297 dalmantinorum
2118 5240 2160 5294 Β
2189 5240 2240 5294 6.
2275 5239 2683 5295 delmaticorum
2722 5238 2775 5291 7.
2808 5238 3165 5293 dalmatarnm
3195 5238 3248 5291 9.
3327 5236 3369 5268 ⁸⁸
3397 5236 3660 5292 cadolaus
3686 5236 3742 5292 6.

461 5310 788 5365 cadolachus
803 5311 854 5363 7.
872 5308 1125 5364 cadolach
1151 5308 1206 5361 9.
1237 5308 1458 5369 cadolon
1483 5308 1526 5362 Β
1553 5309 1607 5363 5.
1686 5310 1726 5341 ¹¹
1754 5324 1875 5364 cum
1904 5311 2249 5366 cadolach.9.
2281 5310 2543 5364 kadolone
2573 5308 2625 5362 5.
2658 5308 2915 5362 cadolone
2942 5307 2993 5362 6.
3026 5305 3351 5376 cadelaneB
3375 5304 3439 5376 6.
3506 5308 3552 5376 ‘f
3572 5306 3748 5376 abga-

460 5380 576 5462 rius
604 5380 731 5461 5.9.
763 5379 1067 5449 albagarius
1091 5378 1144 5431 5.
1172 5379 1223 5431 6.
1257 5378 1550 5459 albigarius
1577 5380 1627 5432 7.
1654 5379 1708 5434 9.
1790 5380 1831 5411 ⁸³
1861 5381 2090 5436 mirochi
2120 5380 2173 5434 7.
2252 5380 2297 5410 ”
2325 5379 2602 5449 agitatoris
2632 5378 2681 5430 1.
2714 5378 2768 5431 2.
2802 5378 2855 5430 5.
2975 5377 3025 5431 5.
3146 5377 3236 5457 10ἶ
3267 5375 3386 5457 Β.5.
3418 5374 3470 5457 6.
3655 5374 3747 5431 Sa-

461 5457 709 5499 linatoris
736 5449 963 5499 secunda
989 5465 1148 5499 manu
1173 5448 1224 5499 5.
1254 5457 1518 5499 sagittarii
1547 5450 1596 5499 7.
1626 5448 1678 5499 9.
1758 5450 1802 5481 ¹⁸
1833 5450 2104 5499 innactum
2137 5451 2187 5499 1.
2215 5449 2272 5499 2.
2300 5451 2353 5499 5.
2386 5450 2437 5499 7.
2466 5450 2520 5499 9.
2546 5448 2631 5499 10.
2653 5447 2699 5499 Β
2726 5449 2779 5499 5.
2807 5447 2857 5499 6.
2890 5455 3198 5499 imDosuum
3224 5453 3492 5499 inlimaVIt
3550 5484 3565 5498 .
3638 5484 3653 5497 .
3683 5445 3741 5499 6.

500 5450 709 5519 itatoris
736 5445 963 5519 secunda
989 5465 1148 5502 manu
1173 5448 1224 5501 5.
1254 5445 1518 5519 sagittarii
1547 5450 1596 5501 7.
1626 5448 1678 5503 9.
1712 5518 1717 5519 ί
1758 5450 1802 5481 ¹⁸
1832 5450 2104 5519 inpactum
2137 5451 2187 5503 1.
2215 5449 2272 5503 2.
2300 5445 2437 5503 5Ῐ7.
2466 5450 2520 5503 9.
2546 5448 2631 5501 10.
2653 5447 2699 5519 Β
2726 5449 2779 5503 5.
2807 5447 2857 5519 6.
2890 5446 3198 5519 impositum
3224 5446 3492 5519 intimavit
3511 5445 3653 5519 4.5.
3683 5445 3741 5519 6.

461 5464 709 5551 gntatons
736 5464 963 5503 secunda
989 5465 1148 5502 manu
1173 5464 1224 5501 5.
1254 5464 1518 5569 sagittarii
1556 5464 1596 5501 ι.
1626 5464 1678 5503 ν.
1759 5464 1802 5481 η
1832 5464 2104 5530 inpactum
2137 5464 2187 5503 1.
2215 5464 2353 5529 τηε).
2387 5464 2437 5502 ·ι.
2466 5464 2520 5503 υ.
2546 5464 2631 5501 ιυ.
2653 5464 2697 5500 υ
2726 5464 2779 5503 5.
2807 5464 2857 5500 υ.
2890 5464 3199 5528 imposuum
3224 5464 3492 5527 intimam
3511 5464 3565 5498 ιι.
3594 5464 3653 5499 ο.
3683 5464 3741 5500 o.

489 5519 509 5550 ‘
533 5528 586 5572 et
610 5518 828 5601 firmare
851 5515 971 5601 B_._'i.
1068 5519 1107 5549 "
1142 5527 1269 5571 tunc
1325 5529 1455 5601 eest“
1470 5518 1523 5572 9.
1621 5518 2053 5601 "-dcpre.s‘51t_9..
2120 5519 2457 5601 ".‘QuLcumn
2473 5518 2730 5601 casusnl.‘
2789 5517 2835 5598 ξ’
2862 5517 2995 5601 aliut
3022 5517 3073 5569 1.
3106 5514 3491 5601 religittnaltud‘.
3566 5516 3613 5601 ‘7‘
3646 5516 3745 5570 sed

459 5603 625 5715 gpera
664 5605 737 5642 m.
770 5590 821 5642 9.
897 5589 942 5619 ²²
974 5602 1104 5641 vero
1154 5596 1376 5669 peracto
1404 5586 1577 5673 .Bouq.
1676 5588 1721 5670 'f
1763 5586 2112 5659 ingilenhaim
2148 5586 2232 5670 l6.
2267 5586 2309 5640 Β
2339 5588 2392 5642 5.
2426 5588 2477 5641 6.
2528 5587 2862 5657 ingilinheim
2895 5586 2946 5640 4.
2984 5586 3274 5657 ingclhcitn
3295 5586 3347 5641 9.

518 5671 672 5713 acum
701 5658 749 5712 1.
778 5659 829 5713 5.
859 5656 911 5712 6.
961 5668 1292 5715 manentiam
1320 5656 1362 5708 Β
1384 5659 1435 5711 6.
1469 5666 1868 5715 momuittacutn
1896 5659 1948 5714 9.
1982 5666 2375 5715 ntaaonttacam
2408 5658 2458 5711 7.

518 5673 546 5711 ﬂ

3440 5586 3485 5616 ³³
3518 5600 3755 5630 mmmn-

552 5604 625 5642 ira
664 5605 737 5642 tn.
770 5600 821 5642 9.
898 5600 942 5619 "
974 5602 1104 5641 vero
1154 5600 1376 5657 peracto
1412 5600 1577 5657 uouq.
1677 5600 1721 5619 "
1768 5600 2112 5659 tngilenhatm
2148 5600 2232 5643 tu.
2267 5600 2308 5640 υ
2339 5600 2392 5642 5.
2426 5600 2477 5641 υ.
2528 5600 2862 5657 tngiunnetm
2895 5600 2946 5640 4.
2984 5600 3274 5657 ingclncun
3295 5600 3347 5641 υ.
3440 5600 3485 5616 ι’
3516 5600 3716 5656 mogou

552 5671 672 5713 cum
701 5658 749 5712 1.
778 5659 829 5713 5.
859 5656 911 5712 6.
961 5659 1292 5730 magontiam
1320 5656 1362 5708 Β
1384 5659 1435 5711 6.
1469 5658 1868 5728 moguntiacutn
1896 5659 1948 5714 9.
1982 5660 2375 5730 magontiacam
2408 5658 2458 5711 7.
