3928 6316
170 327 276 387 485

1645 312 1991 379 ΑΝΧᾹΜΞΞ.

3320 320 3420 385 ωδ

168 442 521 505 adﬁrmaret,
575 447 636 494 se
687 453 979 510 numquam
1028 438 1256 509 posthac
1298 437 1475 493 Albim
1526 438 1745 492 ﬂuvium
1773 448 1825 505 Α
1851 434 3039 509 tiorvelinnocentierapparebat,veiexilio
3062 442 3423 514 deponari“,

168 532 547 597 transiturum,
590 546 764 602 neque
803 531 870 585 ad
911 530 1168 601 palatium
1207 538 1511 585 venturum.
1552 530 1748 585 Statim

167 626 336 680 missa
384 632 539 679 trans
582 638 733 678 mare
783 622 1069 693 legatione,
1121 622 1298 677 iunxit
1328 622 1595 676 amicitias
1624 637 1748 677 cum

167 711 298 767 ﬁliis
326 711 627 777 Godelridi,
656 719 728 774 ct,
763 718 826 765 ut
852 710 1125 765 exercitus
1155 710 1209 763 in
1239 708 1531 765 Saxoniam
1570 718 1745 764 trans-

166 804 439 860 albianam
488 805 505 835 ¹
554 804 879 869 mitteretur,
919 802 1245 871 impetravit.
1293 799 1427 855 Nam
1454 809 1509 855 et
1558 800 1748 855 classis

164 911 356 952 eorum
412 910 510 967 per
548 896 758 951 Albiam
799 911 969 965 usque
1006 898 1075 950 ad
1124 892 1362 950 Esesfeld
1403 895 1423 925 ³
1466 893 1745 949 castellum

164 987 331 1049 venit,
358 1002 497 1057 quae
524 995 690 1042 totam
722 986 937 1041 Sturiae
965 984 1201 1065 ﬂuminis
1222 986 1396 1055 ripam
1426 985 1742 1049 devastavit,

162 1085 219 1133 et
271 1077 484 1133 Giuomi
532 1078 575 1145 ³,
622 1086 806 1134 custos
845 1075 1227 1131 Nordmannici
1265 1075 1286 1106 ⁸
1333 1075 1545 1141 limitis,
1584 1076 1746 1144 pede-

161 1176 307 1224 stres
333 1169 518 1239 copias
545 1170 766 1235 ducens,
792 1167 953 1223 simul
981 1182 1101 1223 cum
1123 1166 1399 1222 Abodritis
1414 1177 1627 1221 terreno
1653 1164 1744 1219 iti-

160 1271 293 1311 nere
316 1258 385 1312 ad
410 1258 585 1329 ipsum
608 1256 887 1312 castellum
914 1256 1167 1312 accessit.
1199 1255 1403 1323 Quibus
1424 1270 1546 1310 eum
1570 1254 1742 1309 nostri

160 1346 379 1401 fortiter
425 1347 773 1415 restitissent,
818 1346 1018 1402 omissa
1063 1346 1269 1401 castelli
1324 1346 1741 1416 oppugnatione,

157 1438 547 1495 discesserunt.
578 1438 787 1493 Interea
825 1443 967 1494 cum‘
990 1439 1283 1509 imperator
1312 1440 1595 1493 venatione
1622 1454 1743 1508 pcr—

158 1536 284 1583 acta
316 1529 383 1583 de
408 1527 619 1598 Vosego
643 1528 984 1599 Aquasgrani
1020 1535 1402 1592 reverteretur,
1431 1527 1741 1582 nuntiatum

152 1626 245 1675 est
288 1619 363 1685 ei,
406 1618 778 1673 Bernhardum
809 1626 1059 1689 nepotem
1101 1632 1254 1673 suum
1274 1655 1289 1684 ,
1321 1616 1505 1671 ltaliae
1532 1633 1739 1688 regem,

152 1713 497 1781 quorundam
525 1724 816 1778 pravorum
846 1709 1123 1763 hominum
1152 1708 1375 1781 consilio
1400 1710 1740 1781 tyrannidem

1850 525 1934 580 vcl
1974 526 2190 581 detondi
2217 534 2378 596 atque
2405 528 2459 582 in
2494 532 2837 588 monasteriis
2865 537 3197 589 conversari.
3244 536 3423 607 Atque

1846 616 1934 672 his
1984 618 2058 672 ita
2090 619 2386 688 dispositis,
2415 619 2529 690 ipse
2562 636 2684 675 cum
2724 624 2959 679 maxime
2997 627 3241 681 exercitu
3272 628 3421 682 Brit-

1848 708 2085 762 tanniam
2112 708 2425 779 adgressus,
2456 710 2760 780 generalem
2784 724 3106 769 conventum
3131 717 3362 773 Venedls
3390 730 3418 759 ι

1843 796 2048 852 habuit.
2107 798 2236 854 Inde
2295 809 2648 855 memoratam
2701 804 3034 871 provinciam
3092 806 3408 878 ingressus,

1842 887 2015 956 captis
2042 888 2323 944 rebellium
2350 892 2753 959 munitionibus,
2782 895 2932 949 brevi
2967 903 3132 953 totam
3174 900 3227 954 in
3259 916 3415 956 suam

1842 986 2166 1046 potestatem
2189 996 2293 1036 non
2311 996 2505 1051 magno
2530 982 2715 1038 labore
2736 986 2962 1056 redegit.
2984 986 3116 1043 Mm
3129 998 3418 1064 postquam

1844 1065 2152 1125 Mermanus
2200 1071 2263 1137 “,
2291 1073 2383 1141 qui
2408 1073 2462 1125 in
2498 1087 2561 1128 ea
2588 1082 2805 1142 praeter
2834 1076 3049 1131 solitum
3085 1078 3420 1135 Brittonibus

1842 1173 2051 1214 morem
2117 1162 2319 1232 regiam
2376 1164 2477 1219 sibi
2530 1164 2901 1220 vindicaverat
2950 1176 3293 1242 potestatem,
3348 1170 3420 1225 ab

1840 1249 2085 1302 exercitu
2130 1250 2472 1320 imperatoris
2518 1255 2728 1310 occisus
2763 1264 2867 1323 est,
2919 1257 3097 1312 nullus
3150 1259 3323 1315 Britto
3371 1262 3413 1293 ”

1841 1336 2236 1407 inveniebatur,
2282 1342 2373 1410 qui
2428 1344 2727 1411 resisteret,
2760 1357 2853 1401 aut
2897 1348 2987 1416 qui
3048 1349 3311 1420 imperata
3339 1351 3418 1405 fa-

1842 1442 1967 1483 cere
1999 1429 2064 1495 "’,
2094 1440 2187 1485 aut
2209 1432 2300 1500 qui
2326 1433 2541 1488 obsides
2567 1436 2656 1504 qui
2682 1436 3006 1493 iubebantur
3031 1441 3160 1495 dare
3189 1456 3419 1497 rennue-

1844 1529 1944 1573 ret.
1976 1520 2092 1588 Qua
2130 1522 2473 1591 expeditione
2518 1527 2803 1595 completa,
2843 1543 2965 1583 cum
2995 1529 3311 1599 imperator,
3337 1533 3419 1588 di-

1841 1611 2010 1667 misso
2030 1615 2293 1680 exercitu,
2319 1612 2638 1672 Andecavos
2680 1618 2721 1649 “
2752 1619 3025 1675 civitatem
3065 1632 3213 1678 esset
3239 1627 3421 1680 rever-

1842 1704 1956 1767 s’us,
2008 1703 2353 1774 lrmingardis
2387 1706 2432 1737 ‘°
2464 1707 2674 1777 regina,
2729 1708 2925 1764 coniux
2978 1711 3024 1742 “
3067 1712 3207 1780 eius,
3257 1729 3422 1783 quam

152 1800 479 1855 meditatum
500 1839 515 1867 ν
554 1800 663 1854 iam
693 1815 883 1855 omnes
915 1800 1092 1855 aditus
1116 1801 1311 1869 quibus
1337 1799 1392 1853 in
1419 1798 1626 1853 uanam
1659 1801 1741 1854 in-
1766 1820 1814 1880 Β
1840 1788 2192 1860 proficiscens
2219 1793 2291 1847 ibi
2318 1804 2689 1864 aegrotantem
2720 1798 3019 1864 dimiserat,
3049 1800 3258 1855 duobus
3300 1802 3420 1856 dies

150 1896 356 1957 tratur,
381 1890 437 1948 id
467 1898 550 1945 est
578 1890 757 1946 clusas
783 1891 828 1956 ',
872 1890 1119 1960 inpositis
1162 1889 1407 1945 ﬁrmasse
1430 1891 1734 1961 praesidiis,

150 1988 319 2049 atque
343 1995 539 2036 omnes
568 1980 752 2036 Italiae
784 1981 1035 2036 civitates
1056 1982 1110 2034 in
1139 1981 1284 2035 illius
1308 1983 1472 2037 verba
1495 1983 1734 2050 iurasse;

148 2072 299 2143 quod
326 2087 392 2127 ex
413 2081 571 2143 parte
596 2088 805 2139 veram,
827 2088 895 2128 ex
915 2081 1073 2143 parte
1101 2072 1297 2129 falsum
1326 2083 1463 2128 erat.
1493 2075 1576 2131 Ad
1599 2071 1735 2146 quos

148 2172 338 2218 motus
360 2163 795 2233 comprimendos
827 2178 949 2217 cum
982 2178 1062 2223 ex
1093 2171 1202 2218 tota
1228 2164 1399 2219 Gallia
1426 2175 1585 2235 atque
1604 2166 1739 2223 Ger-

149 2252 339 2306 mania
383 2261 711 2323 congrcgato
752 2269 961 2309 summa
991 2257 1011 2284 "
1040 2254 1316 2311 celeritate
1343 2272 1540 2329 magno
1584 2273 1739 2315 exer-

148 2342 283 2406 citu,
312 2344 610 2411 imperator
636 2341 841 2397 Italiam
873 2344 1077 2401 intrare
1103 2345 1427 2415 festinasset,
1468 2349 1738 2406 Bernhar—

148 2432 255 2487 dus
298 2432 463 2488 rebus
507 2434 619 2489 suis
667 2433 930 2501 dilIidens,
975 2437 1210 2491 maxime
1252 2440 1396 2508 quod
1442 2454 1500 2495 se
1547 2440 1738 2498 a’suis

148 2522 355 2578 cotidie
380 2525 559 2579 deseri
590 2523 825 2608 videbat,
872 2525 1039 2580 armis
1068 2527 1346 2597 depositis,
1379 2531 1519 2601 apud
1560 2530 1739 2587 Cavil-

146 2609 356 2667 lionem
376 2613 396 2645 ⁷
420 2613 732 2683 imperatori
771 2629 831 2669 se
854 2616 1104 2684 tradidit;
1133 2633 1291 2687 quem
1313 2623 1512 2677 caeteri
1541 2624 1736 2691 secuti,

145 2717 263 2758 non
308 2703 482 2758 solum
534 2704 701 2760 armis
749 2705 1005 2775 depositis
1052 2722 1111 2763 se
1158 2709 1495 2777 dediderunt,
1547 2728 1737 2769 verum

146 2794 297 2850 ultro
328 2802 385 2850 et
408 2796 476 2851 ad
502 2796 734 2866 primam
764 2798 1239 2870 interrogationem
1270 2805 1449 2859 omnia
1478 2806 1556 2859 uti
1585 2816 1736 2878 gesta

146 2890 313 2944 erant
382 2898 730 2960 aperuerunt.
786 2890 957 2948 Huius
1018 2894 1408 2952 coniurationis
1465 2899 1759 2970 principes'

145 2976 306 3034 fuere
356 2979 592 3051 Eggidee
636 2980 681 3049 ³,
728 2981 872 3036 inter
931 2984 1135 3039 amicos
1178 2987 1318 3056 regis
1348 2987 1369 3016 ⁵
1403 2988 1634 3057 primus,
1684 2999 1737 3045 et

146 3067 531 3139 Reginhardns
558 3070 601 3103 “
632 3072 963 3128 camerarius
991 3074 1031 3104 “
1058 3074 1274 3139 eius,'et
1301 3075 1661 3147 Reginharius
1691 3081 1732 3112 "

1840 1883 1943 1937 bus
1971 1890 2255 1952 postquam
2279 1885 2393 1954 ipse
2414 1886 2482 1940 ad
2502 1888 2808 1955 cam‘venit,
2837 1891 3026 1946 morbo
3056 1891 3423 1950 invalesccnte

1840 1974 1894 2029 5.
1948 1974 2128 2033 Nonas
2158 1975 2349 2031 Octob.
2393 1979 2436 2008 ²²
2466 1978 2719 2034 decessit.
2749 1980 2996 2051 Eclypsis
3026 1982 3154 2037 solis
3193 1985 3423 2056 contigit

1837 2066 1891 2120 8.
1919 2064 2043 2119 Idus
2088 2065 2231 2119 Iulii.
2278 2067 2577 2137 Imperator
2624 2086 2721 2139 per
2769 2072 3131 2143 Ratumagum
3158 2073 3204 2105 ”
3237 2084 3293 2130 et
3320 2090 3420 2145 per

1835 2157 2134 2213 Ambianos
2178 2167 2233 2213 et
2260 2158 2616 2215 Camamcum
2644 2162 2689 2193 "
2718 2164 3057 2233 Aquasgrani
3113 2164 3181 2221 ad
3236 2165 3422 2224 hiber-

1838 2250 2076 2304 nandum
2131 2265 2403 2317 reversus,
2460 2266 2583 2306 eum
2640 2254 2687 2285 “
2744 2253 3109 2311 llcristallium
3159 2259 3423 2326 venisset,

1837 2338 2025 2392 obvios
2066 2338 2252 2393 habuit
2301 2339 2503 2410 legatos
2549 2338 2782 2412 Sigonis,
2834 2344 2988 2399 ducis
3014 2345 3424 2402 Beneventano-

1839 2444 1981 2495 rum,
2026 2429 2166 2485 dona
2216 2428 2544 2496 deierantes,
2577 2446 2806 2501 eumque
2851 2434 2917 2488 de
2972 2450 3104 2491 nece
3156 2436 3419 2494 Grimoldi

1838 2517 1990 2572 ducis
2040 2519 2403 2573 antecesseris
2442 2519 2525 2573 sui
2550 2516 2892 2575 excusantes.
2924 2522 3093 2578 Erant
3117 2524 3187 2579 ibi
3212 2534 3267 2580 et
3293 2527 3425 2581 alia-

1837 2622 1958 2660 rum
1988 2608 2267 2662 nationum
2293 2608 2479 2679 legati.
2507 2608 2891 2665 Abodritorum
2923 2614 3172 2669 videlicet
3195 2631 3259 2670 ac
3283 2615 3421 2671 Bor-

1837 2711 1959 2763 nae,
2011 2699 2167 2753 ducis
2194 2698 2643 2755 Guduscanerum
2672 2710 2727 2755 et
2753 2701 3190 2759 Timocianorum
3222 2706 3287 2772 ²⁹,
3310 2698 3421 2778 qui

1837 2805 2010 2861 nuper
2056 2806 2087 2844 a
2138 2790 2494 2863 Bulgarorum
2546 2792 2805 2847 societate
2862 2795 3205 2851 desciverant
3260 2806 3315 2852 et
3352 2800 3421 2854 ad

1836 2893 2052 2941 nostros
2099 2885 2235 2942 ﬁnes
2263 2901 2322 2942 se
2362 2888 2725 2955 contulerant,
2757 2889 2918 2945 simul
2961 2899 3016 2946 et
3042 2891 3425 2961 Liudcwiti",

1838 2976 1992 3032 ducis
2038 2977 2349 3033 Pannoniae
2391 2978 2687 3047 inferioris,
2724 2982 2817 3052 qui
2850 2998 2939 3038 res
2967 2998 3135 3041 novas
3172 2988 3422 3056 moliens,

1838 3066 2130 3122 Cadoiaum
2174 3068 2221 3101 ⁸⁸
2279 3069 2534 3124 comitem
2580 3080 2636 3126 et
2681 3085 2898 3127 marcac
2946 3072 3339 3132 Foroiuliensis
3374 3079 3422 3111 ”

147 3154 473 3229 ueginharﬁ
502 3161 715 3217 οοωίιίε
753 3162 914 3229 ﬁlius,
954 3165 1109 3220 cuius
1136 3174 1413 3223 mutemus
1444 3186 1576 3226 avus
1603 3170 1736 3227 Har-
1765 3162 1808 3224 C
1839 3159 2173 3228 praefectum
2204 3160 2539 3216 crudelitatis
2590 3171 2754 3231 atque
2794 3164 3117 3221 insolentiae
3164 3182 3425 3226 accusare

147 3248 358 3305 drast
381 3250 510 3305 olim
535 3252 588 3306 in
616 3250 906 3308 Germania
924 3262 1048 3310 cum
1077 3259 1261 3313 multis
1284 3275 1350 3314 ex
1374 3275 1435 3314 ea
1453 3264 1738 3331 provincia

142 3342 426 3399 nobilibus
474 3354 665 3399 contra
711 3345 929 3402 Karlum
980 3351 1361 3419 imperatorem
1410 3356 1734 3411 coniuravit.

147 3432 329 3488 Erant
354 3444 634 3504 praeterea
657 3446 711 3491 ct
738 3438 997 3494 aliimulti
1023 3442 1288 3512 praeclari
1317 3454 1370 3499 et
1384 3446 1592 3502 nobiles
1613 3449 1736 3514 viri,

145 3523 241 3592 qui
272 3523 330 3577 in
357 3526 547 3579 eodem
572 3526 773 3582 scelere
802 3530 1121 3598 deprehensi
1150 3543 1296 3599 sunt,
1341 3536 1484 3590 inter
1509 3553 1645 3607 quos
1683 3551 1739 3593 et

145 3617 321 3685 aliqui
365 3618 626 3688 episcopi,
666 3620 990 3677 Anshelmus
1038 3623 1472 3695 Mediolancnsis,
1502 3639 1555 3685 ct
1591 3631 1740 3688 Wol-

143 3705 331 3761 foldus
395 3709 816 3777 Cremonensis,
880 3719 935 3767 et
999 3713 1331 3772 Thcedull‘us
1388 3719 1432 3749 ¹³
1490 3720 1737 3776 Aurelia-

144 3813 364 3853 neusrs.

762 3882 1121 3951 DCCCXVlll.

223 3981 448 4037 Detecta
504 3982 693 4039 fraude
718 3993 773 4039 et
800 3987 1173 4041 coniuratione
1225 3986 1518 4055 patefacta,
1558 4005 1622 4046 ac
1651 4004 1737 4048 se-

144 4072 378 4127 diciesis
415 4073 669 4129 omnibus
703 4075 757 4128 in
784 4082 1109 4145 potestatem
1154 4091 1306 4131 suam
1338 4079 1590 4145 redactis,
1637 4081 1738 4135 im-

144 4174 377 4234 perator
427 4167 768 4237 Aquasgrani
819 4170 1134 4235 revertitur,
1176 4179 1558 4244 transacteque
1607 4191 1739 4246 qua-

145 4255 501 4325 dragesimali
547 4258 770 4326 ieiunio,
815 4253 1002 4330 paucis
1068 4273 1191 4333 post
1234 4274 1485 4321 sanctum
1534 4270 1736 4338 pascha

147 4347 349 4404 diebus
367 4351 757 4407 coniurationis
782 4363 1054 4421 auctores,
1083 4356 1174 4424 qui
1196 4358 1448 4428 superius
1473 4356 1738 4416 nominati

146 4447 307 4505 sunt,
337 4440 500 4494 simul
546 4450 601 4496 et
632 4457 814 4513 regem
843 4444 886 4474 “
931 4444 1128 4500 iudicio
1152 4445 1488 4522 Francorum
1519 4451 1736 4522 capitali

1842 3251 2141 3305 conabatur
2164 3250 2230 3303 ³⁸.
2263 3250 2471 3317 Quibus
2494 3252 2567 3306 ibi
2604 3252 2803 3307 auditis
2839 3262 3002 3322 atque
3031 3254 3292 3322 dimissis,
3323 3258 3425 3312 iiii-

1838 3350 2062 3412 perator
2089 3340 2427 3411 Aquasgrani
2459 3342 2525 3396 ad
2558 3342 2907 3397 lncmaudum
2936 3345 3217 3414 profectus
3244 3356 3348 3401 est.

2476 3433 2791 3489 DCCCXIX.

1907 3522 2199 3588 Sclaemir,
2220 3522 2603 3577 Abodritorum
2632 3539 2746 3591 rex,
2771 3526 2841 3582 ob
2863 3526 3018 3583 cuius
3030 3527 3313 3599 perﬁdiam
3341 3529 3424 3585 ul-

1839 3615 2148 3671 ciscendam
2173 3617 2445 3671 exercitus
2491 3614 2765 3671 Saxonum
2795 3626 2851 3673 et
2876 3619 3221 3675 orientalium
3245 3618 3422 3677 Fran-

1839 3724 2026 3763 corum
2049 3709 2238 3763 eodem
2286 3723 2426 3761 anno
2450 3716 2600 3762 trans
2625 3708 2838 3764 Albiam
2873 3711 3071 3766 missus
3098 3710 3296 3778 fuerat,
3324 3728 3423 3783 per

1836 3798 2143 3868 praefectos
2187 3796 2437 3854 Sasonici
2494 3798 2682 3852 limitis
2730 3808 2785 3853 et
2836 3799 3041 3870 legatus
3076 3801 3425 3871 imperatoris

1838 3890 1928 3959 qui
1965 3888 2229 3943 exercitui
2279 3897 2587 3959 praeerant,
2637 3888 2977 3959 Aquasgrani
3006 3891 3272 3947 adductus
3302 3902 3405 3947 est.

1838 3981 2009 4048 Quem
2035 3995 2157 4036 cum
2190 3981 2457 4051 primores
2484 3981 2665 4052 populi
2700 3980 2805 4049 sui,
2849 3983 2940 4053 qui
2973 3972 3132 4039 simul
3159 3983 3290 4039 iussi
3324 4000 3419 4040 vc~-

1836 4082 2049 4138 nerant,
2101 4072 2285 4127 multis
2315 4072 2635 4129 criminibus
2664 4084 3005 4142 accusarent,
3044 4082 3100 4129 et
3132 4074 3222 4143 ille
3254 4077 3419 4132 ratio-

1837 4163 2002 4218 nabili
2047 4161 2363 4218 defensione
2387 4162 2597 4218 obiecta
2634 4163 2738 4218 sibi
2762 4161 3006 4220 relellere
3044 4180 3150 4220 non
3192 4162 3423 4235 valeret,

1838 4254 2001 4309 exilio
2023 4254 2411 4314 condemnatus
2431 4262 2537 4320 est,
2571 4262 2624 4309 et
2645 4268 2874 4326 regnum
2899 4254 3199 4328 Ceadrago,
3224 4256 3422 4313 Thias-

1838 4347 1990 4401 conis
2031 4346 2164 4413 ﬁlio,
2195 4346 2401 4402 datum.
2451 4346 2623 4403 Simili
2668 4348 2828 4403 modo
2857 4356 2913 4403 et
2954 4348 3137 4420 Lupus
3163 4350 3424 4419 Ccululli,

1845 4438 2065 4505 Wasco,
2096 4440 2187 4510 qui
2209 4456 2331 4495 eum
2361 4438 2688 4512 Berengarie
2727 4439 2953 4496 Tolosae
2985 4449 3041 4495 et
3068 4437 3291 4498 Warine
3315 4440 3421 4497 Ar-

148 4530 428 4584 sententia
451 4533 852 4600 condemnatos,
883 4534 1175 4591 luminibus
1205 4520 1416 4593 tantum
1459 4505 1615 4597 iussilt
1643 4558 1735 4598 or-
1763 4505 1815 4563 D
1844 4530 1993 4585 Vel‘ni
2014 4531 2210 4585 οοιυίῐθ
2233 4529 2424 4585 eoae!“
2460 4544 2601 4585 anno
2626 4530 2830 4601 Ρνοειίο
2862 4528 3101 4586 connisi!
3128 4561 3199 4571 -
3227 4531 3281 4585 in
3311 4546 3425 4604 quo

148 4619 295 4685 bari,
331 4621 613 4692 episcopos
647 4624 892 4695 synodali
919 4625 1140 4681 decreto
1166 4627 1438 4698 depositos
1464 4642 1738 4688 monaste-

149 4710 251 4767 riis
276 4714 603 4785 mancipari,
640 4724 906 4784 caeteros,
958 4726 1117 4787 prout
1157 4720 1387 4791 quisque
1429 4722 1514 4778 vel
1538 4738 1737 4780 necen-

1843 4632 1897 4678 ct
1936 4620 2159 4675 fratrum
2184 4620 2525 4677 Garsandum
2556 4622 2599 4654 ³⁸
2632 4621 2921 4693 singularis
2945 4622 3215 4678 amentiae
3241 4623 3423 4678 homi-

1842 4726 1968 4767 nem
2025 4711 2208 4768 amisit
2233 4712 2299 4785 ³³,
2332 4720 2388 4769 et
2421 4712 2555 4783 ipse,
2605 4712 2710 4767 nisi
2754 4712 2856 4768 sibi
2888 4711 3143 4785 fugiendo
3172 4712 3424 4771 consule-

1374 4905 1768 4965 VARIANTES
1800 4912 2203 4971 LECTIONES.

225 4990 241 5021 ¹
264 4989 547 5045 exercitus
575 4999 723 5047 trans
746 4993 910 5047 albim
941 4994 995 5048 9.

150 5060 368 5116 feidum
388 5058 433 5112 Β
461 5061 515 5115 5.
539 5062 862 5117 esesfcldum
895 5062 938 5116 Β
964 5064 1017 5117 6.

149 5132 172 5163 ⁸
208 5143 378 5198 cong.
411 5145 535 5189 cum
575 5147 785 5187 summa
812 5132 866 5187 9.

150 5214 355 5273 omnes
376 5199 582 5273 amicos
624 5200 677 5273 9.
790 5202 831 5234 ιο
858 5199 1202 5273 rcginl'iartus
1222 5205 1275 5260 9.

964 5134 983 5165 "
1018 5134 1342 5204 gavillenem
1376 5136 1422 5190 Β
1446 5138 1500 5192 5.
1529 5134 1846 5198 ωνὶἶιοηειη
1869 5148 1923 5199 3.
1948 5144 1994 5198 Β
2021 5147 2073 5201 6.
2116 5146 2439 5202 cabillouem
2482 5148 2535 5201 7.
2592 5148 2645 5203 9.

1389 5208 1427 5238 “
1454 5209 1819 5269 cubicularius
1845 5215 1897 5269 9.

154 5269 201 5347 ff
233 5276 369 5347 sunt
408 5280 463 5323 et
486 5270 841 5347 bernhartum
855 5269 1048 5347 regem
1072 5277 1126 5330 9.
1166 5276 1247 5347 _“
1273 5276 1436 5347 exilio
1471 5282 1736 5347 proscribi
1777 5284 1830 5339 9.

1082 4995 1103 5025 ²
1123 4993 1373 5066 eselsfeld
1401 4996 1471 5050 2?
1500 4998 1733 5056 essefeld
1754 5004 1808 5057 5.
1841 5005 2055 5061 esesﬂet
2078 5005 2133 5060 4.
2157 5006 2356 5063 csel‘eld
2378 5005 2430 5061 6.
2470 5005 2777 5064 csclfeldem
2797 5008 2852 5062 7.
2880 5004 3139 5063 essesfeld
3161 5006 3220 5063 9.
3238 5022 3423 5066 esses-

1121 5064 1529 5136 {gluomicuste
1557 5069 1608 5123 L
1639 5071 1889 5136 gluemus
1919 5077 1970 5129 7.

2693 5079 2714 5109 '
2752 5078 2967 5133 clausas
3025 5078 3077 5132 5.
3130 5076 3188 5131 4.
3222 5078 3292 5133 ’5.
3360 5081 3421 5135 ϐ.

2762 5148 2785 5220 f
2811 5147 3038 5220 egiddeo
3058 5145 3114 5220 β.
3182 5218 3193 5220 _
3218 5146 3425 5220 {linter

2002 5218 2043 5247 ia
2071 5217 2435 5288 reginhardus
2456 5218 2777 5288 meginharii
2806 5215 2869 5288 ιζ
2964 5215 3338 5288 ‘ftheedolfus
3358 5219 3421 5275 ὅ.

1920 5286 1961 5317 ⁸⁸
1990 5285 2322 5341 ιηιιηῐιειωιιε
2342 5286 2387 5340 Β
2409 5286 2465 5341 6.
2550 5285 2607 5320 ’⁸⁷
2632 5288 2810 5346 brette
2834 5286 2887 5340 4.
2990 5285 3034 5318 ⁸⁸
3061 5285 3265 5343 faceret
3290 5287 3335 5342 Β
3355 5304 3422 5411 ἦ.

1920 5365 1942 5408 I.
2020 5356 2065 5386 "
2094 5356 2454 5411 irmemzardis
2472 5356 2528 5411 2.
2605 5357 2648 5389 “
2667 5358 2813 5411 regia
2835 5356 3032 5411 coniux
3054 5354 3177 5411 ιϐ.
3255 5358 3307 5389 ¹¹
3327 5358 3359 5411 κ
3400 5396 3420 5411 .

2072 5078 2093 5107 ⁸
2120 5077 2495 5133 nerdmannici
2540 5078 2597 5133 Ξ.

152 5340 202 5373 ⁸⁸
227 5338 507 5429 andecaes
608 5343 898 5429 andecavis
1076 5344 1369 5429 apdegevis
1394 5345 1454 5429 ϐι
1471 5338 1793 5419 andegavos
1810 5353 1861 5406 7.
1876 5356 1942 5429 “9.
1990 5338 2537 5429 ifi'i‘r'iiiéiigsiaié‘a.
2605 5338 2813 5429 iii-ai;
2835 5338 3032 5429 coniux
3054 5338 3111 5409 ιζ
3124 5338 3359 5429 ᾆῖίῖῖν

150 5425 290 5467 που·
326 5416 436 5493 οςε·
468 5410 634 5493 είίιέεετ
654 5411 888 5493 amem.
944 5415 996 5493 1'
1024 5410 1847 5493 τριιξοηῐειειξιη.πετριοῖηαευηι
1870 5427 1923 5479 9-

152 5478 436 5553 norqnva
477 5480 560 5553 μετ
593 5479 994 5553 mimicus.
1028 5478 1355 5540 liudewiti'B
1377 5486 1429 5541 5.
1476 5478 1805 5547 ludovviiiv6.
1846 5478 2407 5552 ιίιιιιρπίὲίἱὸζῖἷὸἷ
2440 5478 2813 5553 ἰίδειιοιειὶιῖἦ

3098 5427 3145 5458 ³⁸
3174 5427 3422 5482 timacia-

2914 5495 2967 5551 5.
3043 5495 3089 5528 ¹⁹
3120 5495 3415 5553 feroiulen-

2002 5424 2049 5456 “
2062 5424 2407 5483 camemcuni
2432 5429 2481 5481 1.
2506 5426 2561 5480 5.
2637 5427 2682 5459 ³⁸
2708 5424 2940 5483 εὐιιιαυε
2970 5426 3021 5480 1.

151 5553 231 5607 sis
260 5549 312 5603 Β
343 5547 398 5605 5.
472 5549 520 5581 ιο
541 5552 811 5607 cenabant
832 5550 876 5605 Β
906 5552 958 5609 6.
1037 5556 1079 5587 ³³
1108 5556 1481 5625 garubandum
1512 5559 1565 5615 9.
1618 5547 1953 5632 garhardum
1972 5547 1979 5548 ί
1998 5547 2171 5622 5Ῐίἰ
2192 5547 2497 5624 “hgm'ihcm
2527 5547 2841 5637 pauidi-9.

1676 5672 1880 5732 NOTAE
1894 5718 1904 5730 .

229 5770 257 5798 α
302 5755 526 5817 Vanncs.
