3928 6314
456 345 562 402 687

1730 336 2101 394 EGINHARDI
2137 336 2309 391 ABBA
2319 337 2423 392 TIS

3644 332 3755 385 ιδε

454 468 546 518 ret
589 460 633 526 ¹,
667 473 833 529 prope
887 456 1166 512 interitum
1200 455 1302 512 fuit
1327 487 1397 496 ——
1437 471 1562 512 cum
1608 456 1662 510 in
1701 463 2048 526 conspectum
2079 455 2126 513 Λ
2156 465 2226 502 nu
2257 463 2397 503 nunc
2421 463 2449 501 a
2476 454 2643 516 tergo,
2671 460 2813 500 nunc
2836 460 2865 500 a
2890 446 3058 501 latere
3088 444 3130 474 ¹⁸
3154 441 3429 507 insistens,
3459 443 3755 500 Liudevviti

459 551 806 622 imperatoris
829 549 1086 613 venisset,
1110 563 1177 602 ac
1205 548 1270 602 de
1293 546 1542 614 perﬁdia,
1566 546 1719 600 cuius
1741 560 1769 598 a
1785 558 2052 597 memora-

459 641 532 696 tis
587 640 878 695 comitibus
955 640 1172 693 inmane
1223 639 1241 668 ³
1290 638 1670 701 accusabatur,
1714 651 1773 691 se
1823 647 2054 704 purgare

460 747 568 788 non
603 731 889 800 potuisset,
923 737 976 782 et
1003 729 1118 798 ipse
1150 728 1439 797 temporali
1487 735 1573 782 est
1613 727 1777 781 exilio
1803 726 2055 794 deporta-

459 831 548 878 tus
584 823 626 875 ⁸.
683 821 994 876 Conventus
1024 819 1350 888 Aquisgrani
1383 817 1404 848 ‘
1448 826 1570 888 post
1601 816 1836 871 natalem
1874 813 2056 869 Domi—

459 918 516 971 ni
541 916 782 981 babitus,
815 915 868 968 in
891 930 998 984 quo
1025 913 1194 967 multa
1216 913 1283 966 de
1310 921 1453 966 statu
1479 910 1835 966 ecclesiarum
1864 916 1917 963 et
1941 923 2056 962 mo-

459 1008 828 1062 nasteriorum
863 1013 1092 1059 tractata
1123 1012 1285 1072 atque
1313 1003 1564 1057 ordinata
1621 1010 1768 1066 sunt,
1797 1001 2009 1070 legibus
2037 999 2056 1029 ⁵

460 1098 628 1152 etiam
677 1094 908 1165 capitula
947 1095 1215 1163 quaedam
1238 1093 1653 1162 pernecessaria
1699 1091 1739 1155 ⁸,
1763 1091 1898 1159 ‘quia
1935 1091 2058 1144 dee-

461 1197 606 1253 rant,
657 1187 962 1256 conscripta
1002 1194 1166 1255 atque
1217 1185 1400 1239 addita
1450 1192 1594 1238 sunt.
1643 1181 1760 1248 Quo
1812 1189 2054 1250 peracto,

462 1277 776 1347 imperator,
837 1275 1096 1345 inspectis
1154 1274 1430 1344 plerisque
1491 1271 1753 1326 nobilium
1821 1270 2056 1334 ﬁliabus,

462 1366 695 1438 Huelpi’
725 1367 943 1421 comitis
991 1365 1178 1429 ﬁliam,
1209 1365 1428 1418 nomine
1481 1363 1682 1426 Iudith,
1715 1361 1872 1416 duxit
1925 1377 2062 1415 uxo-

463 1473 598 1512 rem.
637 1455 947 1525 Iterumque
983 1460 1280 1509 conventus
1311 1468 1498 1506 mense
1553 1451 1683 1504 Iulio
1739 1450 1877 1519 apud
1923 1450 2064 1521 lngi-

463 1546 751 1602 lunbeim"
804 1545 1066 1616 palatium
1129 1543 1367 1607 habitus,
1416 1550 1471 1596 et
1516 1544 1789 1595 exercitus
1815 1541 1881 1595 de
1910 1540 2062 1594 Italia

466 1639 521 1693 in
547 1639 880 1692 Pannoniam
906 1645 1128 1706 propter
1151 1635 1437 1690 Liudewiti
1466 1634 1812 1689 rebellionem
1837 1635 2059 1700 missus,

465 1727 557 1796 qui
590 1728 752 1780 rebus
779 1740 969 1794 parum
992 1738 1252 1793 prospere
1285 1725 1472 1794 gestis,
1504 1721 1704 1778 infecto
1734 1738 1871 1794 pene
1899 1740 2062 1795 nego-

2156 541 2339 609 c0pias
2375 541 2414 570 ¹⁹
2441 547 2494 594 et
2532 547 2693 592 noctu
2732 549 2786 592 et
2818 539 3047 592 interdiu
3091 552 3432 606 quacumque
3459 539 3503 568 ¹⁰
3530 547 3760 608 poterat

2155 630 2436 695 laceravit,
2467 644 2639 699 neque
2665 644 2787 682 eum
2813 629 2865 682 in
2889 644 2985 682 sua
3008 628 3288 697 provincia
3314 629 3510 698 inpune
3539 631 3760 683 versari

2155 721 2438 790 permisit;
2489 720 2556 774 ad
2587 728 2890 774 extremum
2914 719 3072 789 gravi
3123 719 3326 773 damno
3356 719 3632 774 adfectum
3673 735 3762 774 re-

2157 811 2317 880 gione
2361 824 2459 865 sua
2488 810 2665 881 coegit
2695 811 2740 841 ’ί
2770 809 3056 875 excedere,
3095 810 3271 864 tribus
3296 810 3569 864 hominum
3608 811 3763 864 mili-

2157 906 2258 961 bus
2298 906 2364 960 de
2387 905 2630 959 exercitu
2658 904 2804 958 illius
2832 902 3150 968 interfectis,
3195 911 3250 957 et
3287 904 3546 958 trecentis
3572 904 3670 958 vel
3697 920 3764 958 eo

2159 997 2391 1068 amplius
2437 995 2660 1050 caballis
2711 994 2904 1063 captis,
2962 1002 3181 1064 praeter
3215 995 3460 1049 sarcinas
3490 1002 3543 1048 et
3578 995 3763 1064 spolia

2159 1088 2357 1143 diversi
2389 1086 2605 1157 generis
2627 1084 2867 1153 direpta;
2915 1099 3055 1153 quae
3084 1084 3318 1152 qualiter
3347 1092 3499 1154 gesta
3522 1083 3764 1144 fuerint,

2158 1190 2256 1246 per
2278 1176 2483 1247 legatos
2529 1190 2654 1230 suos
2684 1174 3002 1244 imperatori
3033 1174 3286 1228 nuntiare
3319 1176 3546 1229 curavit.
3581 1176 3661 1228 At
3708 1177 3764 1227 in

2157 1269 2408 1338 partibus
2433 1268 2673 1323 occiduis
2707 1267 2987 1336 Pippinus,
3018 1267 3363 1335 imperatoris
3402 1265 3564 1330 ﬁlius,
3596 1267 3764 1321 iussu

2159 1356 2332 1426 patris
2361 1355 2709 1412 Wasconiam
2748 1371 2872 1410 cum
2900 1355 3141 1411 exercitu
3185 1355 3484 1426 ingressus,
3522 1356 3765 1410 sublatis

2160 1465 2228 1503 ex
2254 1465 2316 1504 ea
2340 1449 2630 1512 seditiosis,
2651 1457 2819 1503 totam
2843 1465 2963 1504 eam
2975 1450 3311 1519 provinciam
3338 1451 3410 1503 ita
3436 1451 3660 1518 pacavit
3693 1451 3764 1515 ι’,

2161 1551 2220 1596 ut
2249 1542 2426 1596 nullus
2478 1542 2530 1596 in
2567 1557 2630 1596 ea
2663 1541 2879 1597 rebellis
2915 1551 3008 1596 aut
3040 1542 3393 1598 inoboediens
3420 1543 3767 1597 remansisse

2161 1634 2458 1689 videretur.
2497 1634 2786 1690 Harioldus
2835 1650 3052 1705 quoque
3079 1638 3230 1690 iussu
3287 1637 3635 1706 imperatoris
3693 1637 3768 1690 ad

2166 1739 2334 1780 naves
2381 1741 2508 1780 suas
2568 1742 2667 1796 per
2713 1725 3003 1781 Abodritos
3055 1727 3346 1792 reductus,-
3385 1729 3439 1782 in
3495 1729 3764 1797 patriam,

466 1819 542 1874 tio
574 1833 855 1888 regressus
885 1825 989 1870 est.
1065 1816 1130 1869 Et
1152 1815 1482 1870 Liudewitus
1509 1815 1530 1844 ⁹
1580 1817 1834 1885 superbia
1866 1816 2062 1880 elatus,
2095 1815 2139 1873 B
2168 1815 2325 1886 quasi
2353 1831 2579 1887 regnum
2605 1816 2679 1870 ibi
2706 1824 3047 1886 accepturus,
3101 1816 3394 1888 navigavit,
3444 1819 3532 1872 cui
3566 1833 3624 1872 se
3652 1819 3768 1872 duo

465 1909 672 1982 legatos
703 1910 855 1978 quasi
886 1923 1076 1978 pacem
1107 1907 1338 1977 petendo
1368 1907 1435 1960 ad
1463 1907 1846 1977 imperatorem
1894 1906 2060 1971 misit,

464 2001 810 2056 conditiones
834 2000 1097 2070 quasdam
1125 2013 1468 2068 preponens,
1501 1999 1566 2054 ad
1592 2000 1632 2030 ¹⁰
1659 2015 1888 2067 quarum
1936 2015 2066 2055 con-

464 2091 775 2146 cessionem
800 2106 862 2144 ea
886 2104 1026 2158 quae
1049 2089 1368 2143 iuberentur
1395 2104 1452 2143 se
1485 2090 1753 2142 facturum
1776 2089 2065 2158 polliceba-

469 2189 575 2236 tur.
629 2180 776 2248 Quas
812 2195 936 2234 cum
964 2180 1260 2246 imperator
1283 2195 1390 2233 non
1414 2179 1705 2247 reciperet,
1745 2178 1990 2247 aliasque
2012 2177 2062 2231 ei

470 2286 570 2342 per
585 2286 713 2326 suos
737 2270 942 2340 legatos
967 2269 1757 2338 proponeret,permanendum
1774 2267 1875 2322 sibi
1902 2270 1954 2322 in
1982 2268 2065 2320 in-

469 2365 668 2418 choata
695 2362 922 2432 perfidia
953 2362 1102 2416 velut
1131 2361 1397 2430 optimum
1446 2359 1712 2424 iudicans,
1745 2359 1926 2413 missis
1959 2359 2065 2412 cir-

470 2465 810 2521 cumquaque
859 2449 1076 2521 legatis,
1128 2450 1336 2503 vicinas
1377 2449 1527 2502 iuxta
1579 2449 1620 2478 ¹¹
1654 2462 1713 2503 se
1762 2458 1950 2519 gentes
1996 2448 2063 2502 ad

470 2545 672 2602 bellum
723 2545 1016 2600 sollicitare
1062 2543 1294 2598 curavit.
1360 2542 1800 2597 Timocianorum
1845 2556 2064 2610 quoque

474 2637 754 2707 populum,
787 2637 879 2707 qui
924 2636 1146 2692 dimissa
1187 2635 1542 2704 Bulgarorum
1575 2626 1833 2690 sdcietate
1871 2636 1938 2689 ad
1965 2636 2064 2689 im-

471 2736 778 2800 peratorem
802 2728 989 2782 venire
1037 2742 1101 2782 ac
1133 2726 1331 2780 dicioni
1358 2726 1476 2779 eius
1507 2741 1564 2779 se
1594 2726 1914 2794 permittere
1942 2739 2074 2795 gesu

473 2820 664 2885 tiebat,
695 2835 762 2874 ne
783 2820 886 2875 hoc
917 2817 1152 2874 elliceret
1183 2819 1247 2883 ¹¹,
1275 2819 1347 2871 ita
1375 2817 1662 2887 intercepit
1681 2833 1743 2872 ac
1768 2815 1917 2872 falsis
1942 2833 2070 2887 per-

2165 1921 2230 1961 ex
2266 1907 2393 1965 ﬁliis
2423 1906 2724 1971 Godofridi,
2761 1908 2916 1977 quasi
2955 1924 3060 1962 una
3101 1914 3224 1963 min
3248 1902 3319 1964 eo'
3343 1924 3566 1978 regnum
3594 1911 3765 1964 habi-

2166 2000 2295 2060 turi,
2329 1999 2567 2054 sociasse
2605 1999 2878 2062 dicuntur,
2905 1997 3028 2053 aliis
3058 1998 3271 2053 duobus
3289 2002 3469 2069 patria
3491 2001 3761 2070 expulsis.

2165 2087 2272 2144 Sed
2315 2089 2419 2143 hoc
2450 2088 2573 2143 dolo
2619 2088 2820 2142 factum
2844 2097 3084 2158 putatur.
3133 2089 3450 2158 Imperator,
3485 2101 3768 2146 conventu

2166 2181 2416 2244 dimisso,
2444 2180 2628 2249 primo
2651 2179 3033 2234 Cruciniacum
3064 2178 3109 2209 ’³
3147 2190 3192 2242 π,
3223 2180 3418 2236 deinde
3458 2181 3714 2251 Bingiam
3738 2181 3766 2220 ἀ

2165 2271 2405 2334 veniens,
2437 2270 2676 2324 secunda
2702 2285 2838 2338 aqua
2867 2268 3236 2325 Conﬂuentem
3265 2286 3436 2340 usque
3465 2287 3564 2340 per
3611 2271 3770 2326 Rhe-

2165 2376 2295 2414 num
2349 2359 2646 2429 navigavit,
2709 2358 2834 2413 inde
2889 2359 3237 2414 Arduennam
3298 2361 3530 2416 venandi
3580 2363 3767 2432 gratia

2162 2449 2558 2520 proﬁciscitur;
2605 2449 2886 2503 venatorio
2935 2465 3148 2518 quoque
3183 2451 3445 2504 exercitio
3478 2467 3628 2505 more
3663 2467 3767 2506 so-

2165 2541 2328 2602 lemni
2355 2541 2553 2596 ibidem
2574 2548 2791 2605 exacto,
2819 2541 3161 2610 Aquasgrani
3197 2541 3264 2595 ad
3287 2541 3634 2596 biemandum
3667 2555 3767 2598 re-

2166 2635 2414 2689 vertitur.

2804 2724 3098 2781 DCCCXX.

2239 2815 2420 2872 Mense
2455 2816 2705 2871 Ianuario
2740 2825 3041 2872 conventus
3082 2816 3281 2872 ibidem
3319 2816 3538 2870 habitus
3590 2815 3659 2879 "',
3711 2816 3769 2869 in

475 2911 823 2966 suasionibus
858 2909 1068 2973 inlexit,
1118 2917 1214 2972 ut,
1247 2909 1452 2962 omisso
1482 2909 1622 2978 quod
1647 2906 1827 2962 facere
1865 2908 2080 2977 cogita-
2166 2923 2274 2978 quo
2298 2909 2364 2963 de
2390 2909 2676 2963 Liudewiti
2707 2907 3010 2963 defectione
3040 2907 3398 2963 deliberatum
3423 2915 3528 2971 est,
3558 2915 3617 2960 ut
3646 2917 3771 2960 tres

473 3002 589 3067 bat,
623 3001 882 3071 perﬁdiae
904 3001 1047 3055 illius
1071 2999 1252 3054 socius
1281 3005 1333 3052 et
1363 2998 1575 3052 adiutor
1594 2999 1871 3054 existeret.
1904 2997 2068 3051 Exer-

473 3093 585 3148 citu
612 3107 740 3147 vero
762 3092 826 3147 de
850 3089 1128 3145 Pannonia
1154 3103 1400 3154 reverso,
1427 3087 1686 3153 Cadolab,
1716 3089 1823 3142 dux
1838 3088 2064 3143 Foroiu-

2167 3000 2443 3055 exercitus
2491 2998 2650 3052 simul
2691 3013 2759 3053 ex
2789 2999 2962 3052 tribus
2989 2999 3235 3068 partibus
3273 2999 3339 3052 ad
3369 2997 3771 3052 devastandam

2166 3093 2283 3146 eius
2328 3090 2603 3161 regionem
2642 3099 2805 3158 atque
2852 3089 3019 3158 ipsius
3065 3088 3348 3144 audaciam
3400 3088 3772 3143 coercendam

475 3182 677 3245 Iiensis.
715 3181 865 3237 febre
902 3188 1186 3248 correptus
1221 3183 1272 3233 in
1303 3179 1421 3248 ipsa
1465 3193 1647 3232 marca
1675 3178 1923 3232 decessit.
1964 3177 2062 3232 Cui
2090 3157 2135 3218 (ἶ
2170 3157 2535 3237 mitterentur.
2561 3157 2738 3235 Borna
2756 3157 2969 3248 quoque
2990 3180 3167 3249 primo
3190 3196 3286 3250 per
3313 3179 3537 3250 legatos,
3565 3179 3774 3235 deinde

477 3288 603 3328 cum
625 3270 902 3325 Baldricus
927 3277 1070 3324 esset
1093 3267 1438 3338 subrogatus,
1466 3276 1520 3322 et
1549 3267 1602 3321 in
1632 3267 2064 3322 Carantanorum

480 3361 779 3431 regionem,
812 3373 951 3427 quae
994 3358 1062 3412 ad
1098 3357 1266 3426 ipsius
1299 3371 1486 3411 curam
1524 3357 1850 3425 pertinebat,
1874 3356 2068 3411 fuisset

479 3453 778 3522 ingressus,
829 3449 1046 3503 obvium
1077 3449 1147 3502 ibi
1187 3449 1377 3504 habuit
1421 3448 1706 3502 Liudewiti
1741 3450 2064 3514 exercitum,

480 3556 642 3612 quem
697 3541 846 3593 iuxta
884 3538 1122 3591 Dravum
1155 3550 1179 3577 ιι
1215 3537 1432 3592 ﬁuvium
1457 3539 1561 3592 iter
1601 3548 1849 3609 agentem
1898 3556 2068 3611 parva

483 3647 646 3687 manu
693 3629 996 3700 adgressus,
1028 3627 1273 3697 pluribus
1307 3627 1626 3693 interfectis,
1680 3638 1732 3682 et
1769 3631 1983 3693 avertit,
2019 3640 2075 3685 et

424 3723 434 3734 '
482 3722 548 3776 de
573 3720 665 3774 illa
707 3715 986 3789 provincia
1029 3716 1254 3788 fugavit.
1302 3716 1481 3771 Borna
1508 3733 1658 3781 vero,
1695 3719 1801 3772 dux
1854 3719 2073 3774 Dalma-

482 3811 619 3874 ciae,
636 3811 701 3863 cu
727 3825 757 3862 n
789 3808 998 3878 magnis
1019 3805 1189 3876 copiis
1211 3807 1277 3862 ad
1298 3806 1579 3877 Colapium
1601 3809 1642 3839 ιδ
1659 3809 1684 3848 b
1702 3807 1921 3866 fluvium
1941 3811 2073 3864 Liu-

482 3899 683 3955 dev‘vito
714 3901 781 3954 ad
819 3915 877 3953 se
906 3899 1144 3953 venienti
1191 3913 1504 3966 occurrens,
1537 3901 1588 3954 in
1618 3901 1792 3970 prima
1822 3918 2076 3973 congres-

483 3990 637 4046 sione
661 4004 691 4043 a
721 3988 1063 4043 Guduscanis
1094 3988 1391 4052 deseritur;
1425 3989 1626 4043 auxilio
1651 3999 1830 4044 tamen
1861 4000 2076 4060 praeto-

384 4105 387 4108 -
484 4081 763 4134 rianorum
811 4093 1033 4132 suorum
1091 4084 1390 4146 protectus,
1452 4078 1645 4130 evasit.
1691 4078 1862 4132 Periit
1911 4080 1963 4133 in
2011 4094 2076 4134 eo

484 4167 689 4241 proelio
728 4168 1090 4237 Dragamosu's
1120 4167 1164 4197 ”
1192 4182 1348 4222 socer
1379 4167 1685 4233 Liudewiti,
1716 4170 1806 4239 qui
1833 4170 1887 4224 in
1911 4186 2074 4226 exor-

485 4259 577 4315 dio
606 4258 946 4323 defectionis,
977 4256 1166 4313 relicto
1194 4273 1418 4329 genero,
1455 4259 1667 4316 Bornae
1693 4277 1752 4317 se
1779 4265 2075 4320 coniunxe-

487 4357 593 4404 rat.
619 4348 929 4404 Guduscani
959 4347 1177 4402 domum
1215 4349 1466 4419 regressi,
1507 4351 1702 4405 iterum
1745 4368 1774 4406 a
1822 4353 2000 4409 Borna
2030 4357 2072 4386 ⁸⁸

485 4441 826 4513 subiguntur.
861 4438 931 4493 At
971 4438 1306 4498 Liudewitus
1360 4439 1402 4471 “
1448 4442 1790 4496 occasionem
1818 4454 2068 4511 nanctus,

2169 3275 2283 3343 ipse
2325 3273 2572 3338 veniens,
2615 3272 2744 3343 quid
2774 3272 2878 3327 sibi
2907 3272 3051 3326 facto
3103 3287 3238 3341 opus
3283 3286 3405 3326 esse
3459 3273 3772 3330 videretur.

2169 3366 2453 3437 suggessit.
2481 3363 2537 3418 In
2562 3379 2626 3418 eo
2655 3373 2924 3418 conventu
2948 3364 3110 3428 Bera,
3127 3379 3312 3418 comes
3341 3363 3771 3427 Barcinonae",

2170 3458 2262 3526 qui
2316 3457 2422 3510 iam
2455 3455 2546 3508 diu
2572 3454 2776 3509 fraudis
2805 3464 2859 3508 et
2905 3453 3239 3508 inﬁdelitatis
3278 3455 3323 3484 ³⁸
3355 3470 3385 3508 a
3417 3455 3607 3508 vicinis
3646 3457 3777 3509 suis

2173 3545 2588 3600 insimulabatur
2608 3545 2675 3611 ’⁷,
2704 3561 2826 3598 cum
2847 3552 3164 3600 accusatore
3183 3561 3292 3601 suo
3313 3546 3551 3615 equestri
3580 3562 3778 3616 pugna

2175 3638 2462 3709 conﬂigere
2492 3647 2736 3703 conatus,
2767 3639 3023 3692 vincitur.
3052 3637 3296 3708 Cumque
3323 3648 3382 3692 ut
3406 3653 3530 3692 reus
3559 3639 3775 3693 maies—

2177 3730 2306 3784 tatis
2338 3727 2554 3798 capitali
2608 3729 2874 3782 sententia
2913 3728 3286 3792 damnaretur,
3327 3743 3544 3797 parsum
3591 3736 3680 3782 est
3720 3729 3774 3782 ei

2177 3817 2548 3874 misericordia
2581 3817 2943 3888 imperatoris,
2984 3825 3037 3870 et
3074 3818 3434 3888 Ratumagum
3469 3818 3634 3871 exilio
3670 3819 3778 3873 de-

2177 3917 2422 3978 portatus
2464 3909 2508 3938 ’⁸
2547 3916 2648 3962 est.
2678 3908 2975 3962 Transacta
3002 3907 3202 3973 hieme,
3240 3916 3300 3960 ut
3326 3909 3561 3976 primum
3595 3909 3775 3962 herba

2179 3999 2436 4070 pabulum
2463 4000 2717 4055 iumentis
2743 3999 3005 4069 praebere
3031 4000 3227 4068 potuit,
3254 4007 3363 4053 tres
3391 3999 3467 4054 illi
3491 4000 3777 4054 exercitus

2179 4099 2369 4146 contra
2407 4091 2764 4145 Liudewitum
2795 4091 3100 4144 mittuntur.
3129 4090 3370 4156 Quorum
3395 4107 3534 4146 unus
3563 4091 3632 4146 de
3661 4091 3775 4145 Ita-

2177 4183 2247 4237 lia
2285 4199 2382 4252 per
2408 4183 2571 4252 Alpes
2596 4183 2841 4246 Noricas,
2871 4181 3006 4236 alter
3031 4197 3129 4250 per
3173 4181 3608 4236 Carantanorum
3640 4198 3776 4252 pro—

2175 4272 2432 4337 vinciam,
2487 4271 2690 4325 tercius
2721 4286 2817 4341 per
2867 4271 3170 4325 Baioariam
3213 4279 3269 4325 et
3297 4270 3638 4326 Pannoniam
3677 4286 3778 4326 su-

2175 4363 2445 4430 periorem
2476 4361 2699 4417 intravit
2733 4378 2744 4412 :
2781 4369 2834 4414 et
2864 4360 2970 4415 duo
3012 4361 3252 4429 quidem,
3278 4361 3331 4415 id
3360 4369 3446 4416 est
3483 4362 3678 4417 dexter
3703 4378 3775 4418 ac

2179 4452 2422 4516 sinister,
2450 4452 2657 4505 tardius
2684 4451 2912 4521 ingrcssi
2939 4459 3086 4516 sunt,
3119 4467 3184 4505 eo
3207 4452 3347 4520 quod
3377 4467 3519 4507 unus
3546 4452 3772 4522 Alpium

486 4546 608 4586 cum
639 4531 815 4585 valida
847 4547 1009 4585 manu
1059 4530 1376 4587 Decembrio
1427 4549 1614 4588 mense
1644 4534 1963 4592 Dalmatiam
1995 4511 2153 4594 in-D
2184 4542 2432 4604 transitu,
2488 4540 2723 4594 hostium
2773 4556 2932 4594 manu
2988 4540 3294 4604 resistente,
3348 4511 3771 4609 prohibebatur,

488 4637 728 4694 gressus,
750 4621 895 4677 ferro
924 4632 978 4677 et
1005 4623 1112 4693 igni
1144 4623 1387 4678 devastat
1421 4623 1553 4696 [igni
1579 4635 1772 4681 cuncta
1802 4629 1936 4683 d.A.
1963 4630 2072 4703 L.].

486 4715 585 4770 Cui
615 4730 737 4769 cum
763 4709 940 4769 Borna
971 4729 1027 4769 se
1073 4714 1320 4784 paenitus
1346 4715 1612 4786 imparem
1644 4718 1683 4748 "
1714 4719 2072 4788 conspiceret,

486 4806 671 4878 omnia
703 4821 800 4860 sua
825 4803 1060 4860 castellis
1087 4805 1323 4872 inclusit,
1355 4816 1408 4862 et
1449 4809 1564 4877 ipse
1585 4824 1707 4863 cum
1733 4810 1938 4865 delecta
1961 4828 2074 4866 ma-

2180 4633 2316 4686 alter
2343 4641 2397 4686 et
2439 4630 2768 4702 longitudine
2795 4631 3007 4686 itineris
3048 4639 3104 4686 et
3133 4631 3311 4686 Dravo
3349 4632 3569 4688 ﬂumine
3619 4637 3772 4704 quod

2181 4723 2534 4778 traiciendum
2581 4731 2701 4777 erat
2739 4723 3146 4793 inpediebatur;
3180 4724 3388 4778 medius
3437 4735 3642 4790 autem,
3674 4728 3770 4796 qui

2177 4830 2273 4885 per
2316 4813 2652 4869 Carantanos
2685 4814 2941 4878 intrabat,
2983 4829 3310 4884 quamquam
3339 4815 3392 4869 in
3431 4818 3604 4871 tribus
3634 4818 3774 4872 lo.is

1713 4993 2104 5051 VARIANTES
2140 4993 2542 5052 LECTIONES.

565 5105 584 5139 ⁸
614 5105 973 5162 causuluisset
994 5106 1046 5160 9.

493 5177 837 5257 ξηεξρθεξίιιῖίε
864 5177 916 5257 a-
979 5177 1014 5257 ,τ
1047 5175 1222 5257 haemi
1253 5175 1300 5255 ξι
1327 5175 1466 5257 εμδλ
1496 5176 1546 5256 4.-
1578 5176 1740 5257 είκβαξ

493 5192 515 5209 '
538 5192 837 5234 necessaria
864 5192 916 5230 θ.
1001 5192 1011 5207 ι
1047 5192 1166 5229 nuei
1212 5193 1222 5226 ι
1253 5192 1300 5228 ι.
1327 5192 1379 5227 z.
1403 5192 1455 5229 ο.
1496 5192 1546 5229 4.
1578 5192 1631 5229 a.
1658 5192 1708 5229 υ.
1743 5192 1783 5228 ι.
1815 5192 1886 5230 βε

491 5247 842 5327 ἱηεῌθιιὶκῄω
965 5247 1029 5327 ’5.
1063 5192 1337 5327 ingifbeiin
1363 5243 1408 5297 Β
1513 5247 1801 5327 ingelheim
1834 5247 1886 5327 9Σ

492 5315 716 5372 ω’άερει
744 5317 797 5372 9.
878 5317 919 5346 ¹¹
965 5318 1067 5371 hoc
1110 5315 1264 5368 ﬁeret
1307 5315 1359 5367 9.
1441 5315 1483 5344 ¹³
1512 5315 1836 5384 colampium
1863 5316 1917 5369 4.
1952 5316 2004 5370 6.

494 5385 538 5419 ⁸⁵
571 5387 617 5439 Α
642 5387 948 5440 liudewitus
978 5388 1026 5438 1.
1105 5386 1144 5416 ¹⁷
1180 5401 1230 5454 ρ.
1267 5385 1527 5453 imperam
1573 5387 1623 5438 1.

493 5464 578 5511 tus
607 5473 651 5509 r.
679 5473 772 5511 sua
799 5457 941 5524 cepit
967 5471 1014 5509 e.
1041 5455 1092 5506 4.
1151 5454 1202 5509 5.
1239 5455 1290 5507 6.
1367 5456 1410 5483 "
1439 5455 1684 5524 paccavit
1705 5457 1753 5508 I.
1785 5457 1838 5510 5.
1918 5456 1963 5486 ⁸³
1997 5459 2383 5510 crucianacum
2413 5455 2457 5507 B
2483 5455 2536 5507 5.
2570 5454 3052 5524 crucianiacumg6.

1144 5107 1164 5136 '
1201 5106 1417 5160 inmane
1445 5105 1585 5160 deest
1610 5106 1663 5160 9.
1697 5106 2006 5161 immaniter
2033 5109 2086 5160 7.

2085 5317 2126 5347 ιδ
2155 5319 2507 5386 dramagosus
2535 5316 2588 5386 5.
2616 5314 2648 5367 6
2675 5314 3027 5386 dragomosns
3053 5316 3105 5386 9.

1706 5388 1746 5417 ³⁸
1779 5402 1922 5440 nunc
1952 5387 2126 5442 altare
2168 5389 2217 5440 1.

2185 5107 2205 5138 ³
2232 5107 2394 5161 exilio
2411 5107 2698 5160 damnatus
2725 5105 2758 5160 9
2807 5174 2823 5177 A
2877 5104 2898 5177 ξ
2923 5108 3248 5177 aquasgrani
3278 5107 3336 5159 I:
3367 5176 3374 5177 ί
3406 5107 3428 5138 ⁵
3452 5106 3687 5176 legimus
3715 5110 3736 5162 I
3760 5152 3768 5162 .

1253 5175 1300 5228 1.
1327 5175 1455 5246 ελδ.
1496 5176 1546 5229 4.
1578 5176 1631 5229 5.
1658 5177 1708 5229 6.
1734 5176 1783 5228 7.
1815 5177 1922 5230 Β5.
1959 5176 2012 5229 6.
2042 5177 2197 5246 welpi
2225 5177 2276 5231 9.
2354 5178 2374 5207 ⁸
2400 5177 2768 5246 ingilnmheim
2799 5174 2852 5228 2.
2880 5174 3599 5245 ingilenlieim4.gilenheim
3630 5179 3683 5231 6.
3710 5184 3770 5232 in

1963 5247 1984 5277 ⁹
2015 5255 2098 5300 est
2117 5247 2423 5301 liudewitus
2448 5261 2579 5299 vero
2607 5246 2658 5299 9.

3547 5248 3588 5278 “
3614 5249 3770 5300 iuxta

3186 5317 3230 5346 ⁸⁵
3267 5332 3296 5369 a
3336 5317 3508 5370 borna
3537 5317 3681 5370 deest
3713 5320 3767 5370 I.

2300 5384 2617 5439 "Vliudewit
2643 5385 2827 5466 copias
2858 5385 2908 5438 1.
2989 5385 3032 5415 ⁸⁸
3057 5384 3368 5468 ubicunque
3393 5387 3447 5440 9.
3527 5388 3567 5416 ¹¹
3600 5386 3772 5439 aﬁ‘c-c-

2300 5471 2383 5508 um
2413 5455 2457 5507 B
2483 5455 2536 5507 5.
2570 5469 2976 5508 crucuamacum
3001 5454 3052 5508 6.
3203 5455 3250 5485 “
3277 5473 3312 5510 ι.
3337 5465 3421 5510 est
3463 5455 3683 5511 habitus
3709 5457 3767 5508 6.

2740 5246 2780 5275 ¹⁰
2807 5260 3134 5315 proponens,
3162 5261 3390 5314 quarum
3418 5248 3468 5301 1.

491 5527 539 5559 ’³
565 5527 964 5598 barcinoneque
984 5525 1036 5578 4.
1061 5525 1113 5579 5.
1137 5523 1538 5596 barcinoneque
1561 5525 1614 5581 6.
1690 5527 1735 5557 “
1759 5525 2092 5581 infelicitatis
2118 5527 2163 5580 Β
2195 5526 2250 5578 5.
2330 5526 2371 5555 ⁸⁷
2412 5524 2768 5578 simulabatur
2791 5525 2844 5578 4.
2877 5524 2928 5578 5.
2962 5523 3012 5578 6.
3091 5523 3135 5556 ¹⁸
3157 5525 3322 5581 exilio
3345 5525 3684 5595 proscriptus
3708 5528 3769 5582 9.

2004 5617 2234 5672 ΝΟΤᾹΞ.
3003 5609 3010 5620 ’

565 5716 588 5742 ³
622 5705 716 5758 Die
750 5703 948 5768 Drave,
981 5704 1146 5759 Drau.

566 5773 592 5812 ι’
625 5776 720 5830 Die
756 5774 942 5846 Culpa.

2264 5715 2286 5744 ε
2311 5703 2348 5756 C
2357 5705 2630 5762 reuznach.

2263 5773 2519 5842 dBingcn.
