3928 6362
159 343 259 400 889

1601 322 1935 383 ANNALES.

3290 286 3395 366 έιςιο

158 469 207 509 et
242 451 603 513 resisteretur,
652 446 891 504 leliciore
922 459 1051 500 usus
1091 443 1326 506 fortuna,
1355 450 1437 496 ter
1462 441 1616 495 hoste
1641 453 1726 492 su—
1754 447 1803 504 Α
1832 434 2010 489 ﬁebat.
2050 431 2104 487 In
2148 430 2469 501 quibusdam
2495 446 2623 487 vero
2672 430 2802 486 locis
2830 430 2897 485 de
2923 428 3270 483 inundatione
3302 427 3399 480 ﬁu-

158 551 358 617 perato,
414 542 588 597 Dravo
618 541 781 595 etiam
809 536 1151 600 transmisso,
1182 534 1410 590 celerius
1441 533 1507 587 ad
1562 530 1725 586 desti-

158 643 279 690 nata
330 634 447 691 loca
490 631 757 704 pervenit.
786 629 990 685 Contra
1029 628 1163 683 haec
1212 626 1542 681 Liudevvitus
1591 622 1725 678 nihil

157 727 388 791 molitus,
434 724 732 782 munitione
778 729 988 776 tantum
1039 718 1247 776 castelli
1297 717 1440 787 quod
1470 716 1525 770 in
1557 715 1726 770 arduo

155 823 335 872 monte
387 818 784 878 construxerat,
818 825 877 866 se
909 824 1142 880 suosque
1178 806 1467 872 continuit,
1524 813 1579 860 et
1628 820 1726 859 nec

156 905 279 962 belli
310 920 408 961 nec
447 904 597 974 pacis
646 901 733 958 vel
772 916 869 973 per
902 900 1248 969 semetipsum
1277 898 1362 953 vel
1392 912 1491 966 per
1523 895 1726 968 legatos

158 998 319 1053 ullum
341 1010 464 1052 cum
494 997 510 1026 ¹
536 995 616 1050 eis
638 1006 941 1049 sermonem
963 991 1221 1045 habuisse
1248 989 1448 1043 dicitur
1476 988 1527 1040 ’.η
1564 988 1726 1041 Exer-

154 1088 293 1143 citus
332 1100 463 1140 vero
498 1092 784 1156 postquam
832 1083 886 1135 in
918 1096 1083 1135 unum
1125 1087 1511 1142 convenerunt,
1560 1087 1726 1133 totam

154 1194 291 1250 pene
330 1178 606 1250 regionem
637 1175 782 1232 ferro
825 1184 880 1230 et
908 1174 1017 1245 igni
1046 1175 1388 1230 devastantes
1429 1173 1472 1239 ⁸,
1522 1176 1665 1231 haud
1708 1174 1728 1205 ’⁸

156 1268 263 1323 ullo
314 1267 464 1339 gravi
488 1266 686 1321 damno
731 1274 976 1334 accepto,
1012 1264 1231 1319 domum
1275 1265 1475 1319 reversi
1506 1273 1651 1320 sunt.
1679 1265 1728 1321 Is

157 1366 357 1421 tamen,
403 1356 494 1425 qui
514 1370 611 1426 per
633 1355 970 1410 Pannoniam
1004 1353 1339 1418 superiorem
1372 1355 1477 1409 iter
1502 1353 1726 1418 fecerat,

157 1450 210 1504 in
242 1448 473 1504 transitu
502 1446 665 1502 Dravi
708 1446 944 1501 ﬂuminis
999 1461 1065 1501 ex
1092 1445 1333 1501 locorum
1364 1455 1418 1500 et
1468 1462 1731 1519 aquarum

158 1538 533 1592 insalubritate
609 1535 768 1592 soluti
823 1534 1033 1590 ventris
1100 1534 1441 1590 incommodo
1499 1537 1734 1607 graviter

156 1628 405 1682 adfectus
452 1636 556 1692 est,
604 1634 661 1681 et
710 1640 839 1696 pars
883 1625 1000 1680 eius
1046 1640 1152 1679 non
1182 1625 1392 1679 modica
1419 1626 1523 1680 hoc
1548 1626 1734 1680 morbo

156 1726 477 1788 consumpta
525 1723 628 1772 est.
676 1715 743 1770 Hi
808 1723 920 1770 tres
978 1715 1248 1770 exercitus
1284 1715 1349 1770 de
1402 1715 1636 1771 Saxonia
1681 1724 1737 1770 et

1826 524 2053 586 minum,
2081 523 2238 593 aquis
2269 522 2323 576 in
2352 522 2515 592 plano
2542 522 2934 593 stagnantibus,
2963 518 3293 575 autumnalis
3315 532 3402 571 sa-

1825 614 1901 667 tio
1930 612 2003 666 ita
2048 612 2302 692 impedita
2333 620 2434 676 est,
2461 620 2522 667 ut
2565 613 2814 683 paenitus
2862 611 2999 666 nihil
3033 609 3247 682 frugum
3278 618 3404 663 ante

1825 704 1977 759 verni
2007 704 2323 773 temperiem
2346 704 2726 759 seminaretur.
2772 697 2921 758 Luna
2968 701 3166 758 defecit
3193 702 3244 759 8.
3283 700 3397 755 Kal.

1826 792 2079 847 Decemb.
2106 792 2239 846 hora
2264 792 2302 823 ¹¹
2325 792 2500 847 noctis
2521 793 2773 847 secunda.
2805 792 3102 861 Imperator
3128 799 3248 861 post
3280 804 3404 858 per-

1825 892 2005 939 actum
2055 883 2314 939 Carisiaei
2366 893 2693 939 conventum
2732 883 3200 950 autumnalemquc
3238 895 3407 935 vena-

1828 975 2027 1029 tionem
2065 990 2133 1028 ex
2168 976 2320 1029 more
2362 974 2682 1044 completam
2716 972 3052 1044 Aquasgrani
3088 973 3131 1003 “
3158 988 3408 1028 reversus

1828 1080 1931 1124 est.

2496 1156 2809 1216 DCCCXXI.

1899 1248 2210 1305 Conventus
2243 1264 2428 1303 mense
2459 1247 2618 1303 Febr.
2662 1248 2833 1318 Aquis
2880 1250 3120 1313 habitus,
3148 1254 3204 1303 et
3252 1248 3305 1301 in
3341 1262 3407 1302 eo

1831 1341 1897 1395 de
1950 1339 2092 1396 bello
2128 1340 2482 1395 Liudcwitico
2541 1347 2851 1403 tractatum,
2891 1354 2957 1394 ac
2982 1348 3087 1394 tres
3131 1338 3407 1394 exercitus

1832 1430 2064 1485 ordinati
2114 1430 2204 1500 qui
2262 1428 2447 1501 futura
2494 1437 2701 1484 aestate
2734 1428 3066 1497 perﬁdorum
3124 1443 3287 1499 agros
3315 1442 3413 1498 per

1832 1526 1979 1578 vices
2007 1530 2304 1577 vastarent.
2344 1521 2518 1576 Simili
2566 1521 2724 1575 modo
2767 1522 2831 1576 de
2860 1535 3041 1575 marca
3096 1518 3328 1589 Hispana
3369 1519 3412 1551 "

1835 1614 2209 1677 constitutum,
2252 1621 2307 1667 et
2350 1613 2452 1667 hoc
2476 1612 2621 1666 illius
2651 1611 2838 1665 limitis
2880 1610 3167 1679 praefectis
3190 1612 3416 1679 impera-

1838 1716 1949 1760 tum
1992 1714 2092 1761 est.
2151 1704 2458 1774 Iterumque
2497 1711 2795 1758 conventus
2839 1718 3026 1757 mense
3075 1702 3214 1757 Maio
3240 1704 3280 1734 ιδ
3312 1703 3420 1756 No-

158 1807 412 1862 orientali
445 1805 674 1861 Francia
723 1816 779 1860 et
825 1804 1146 1859 Alamannia
1175 1805 1218 1867 ⁸,
1251 1804 1498 1859 Baioaria
1535 1820 1745 1875 quoque

1851 1793 2079 1863 viomagi
2132 1792 2411 1847 habendus
2465 1792 2749 1847 condictus
2796 1801 2902 1856 est,
2944 1793 3276 1863 comitesque
3326 1795 3419 1863 qui

156 1908 321 1968 atque
342 1898 497 1953 Italia
528 1897 843 1969 congregati
880 1904 1027 1951 sunt.
1062 1895 1267 1962 Quibus
1298 1895 1516 1950 domum
1554 1911 1740 1951 rever-

158 1992 254 2053 sis.
288 1988 670 2045 Carniolenses
718 1986 809 2056 qui
840 1987 987 2041 circa
1034 1985 1233 2039 Savum
1282 1984 1302 2016 ⁸
1338 1985 1558 2040 ﬂuvium
1593 1986 1744 2041 habi-

158 2086 278 2132 tant
306 2086 362 2133 et
381 2076 845 2133 Foroiuliensibus
865 2089 1038 2145 paene
1062 2077 1300 2147 contigui
1323 2086 1467 2140 sunt,
1496 2077 1745 2133 Baldrico

158 2185 217 2225 se
255 2169 575 2224 dediderunt
599 2185 613 2233 ;
650 2169 790 2223 idem
818 2175 873 2222 et
896 2183 1022 2237 pars
1048 2167 1499 2234 Carantanorum,
1517 2185 1655 2238 quae
1679 2170 1747 2225 ad

162 2259 449 2314 Liudevviti
480 2266 665 2329 partes
711 2273 743 2312 a
775 2258 930 2312 nobis
970 2256 1261 2324 defecerat,
1305 2259 1485 2314 facere
1514 2261 1742 2314 curavit.

159 2349 375 2405 Foedus
430 2350 573 2404 inter
621 2363 720 2403 nos
755 2356 811 2402 et
830 2347 1068 2412 Abulaz,
1126 2363 1307 2419 regem
1354 2348 1644 2420 Hispaniae
1700 2351 1745 2414 ",

160 2441 515 2497 constitutum
542 2448 599 2496 et
624 2448 847 2494 neutrae
869 2440 1010 2509 parti
1042 2440 1175 2495 satis
1199 2440 1503 2511 proﬁcuum
1531 2441 1748 2497 consul—

162 2542 219 2587 to
240 2540 479 2602 ruptum,
521 2529 827 2600 bellumque
857 2531 1117 2585 adversus
1142 2545 1265 2584 eum
1303 2537 1613 2601 susceptum
1641 2540 1743 2586 est.

161 2621 221 2675 In
242 2619 433 2675 Italico
452 2620 591 2674 mari
626 2628 749 2673 octo
768 2633 933 2674 naves
961 2620 1357 2689 negotiatorum
1401 2620 1468 2675 de
1497 2620 1749 2676 Sardinia

161 2710 232 2763 ad
254 2709 468 2764 Italiam
498 2710 887 2765 revertentium
912 2725 943 2763 a
965 2710 1156 2780 piratis
1181 2720 1371 2781 captae
1396 2725 1461 2766 ac
1483 2711 1749 2768 dimcrsae

162 2809 292 2854 sunt
326 2817 340 2853 :
370 2800 439 2854 de
460 2799 992 2854 Nordmannia'vero
1022 2801 1276 2855 tredecim
1302 2801 1561 2870 piraticae
1587 2816 1751 2857 naves

160 2904 441 2958 egressae,
472 2890 647 2959 primo
705 2889 757 2943 in
798 2888 1114 2943 Flandreusi
1142 2889 1301 2945 litore
1329 2890 1581 2959 praedari
1636 2905 1751 2945 mo-

165 2978 387 3044 lientes,
413 2978 481 3032 ab
498 2978 586 3033 his
608 2979 699 3047 qui
735 2978 756 3011 '
780 2979 833 3032 in
857 2978 1129 3047 praesidio
1154 2986 1311 3033 erant
1329 2979 1576 3049 repulsae
1602 2988 1750 3044 sunt,

164 3072 259 3127 ubi
292 3081 479 3128 tamen
527 3072 596 3127 ab
645 3073 725 3127 eis
765 3079 989 3142 propter
1018 3073 1300 3128 custodum
1336 3073 1603 3127 incuriam
1656 3071 1754 3127 ali-

1847 1886 1971 1940 illuc
2004 1885 2049 1917 ¹⁸
2093 1884 2343 1940 venirent
2389 1879 2650 1955 deputati.
2693 1884 2771 1939 Eo
2818 1884 2860 1916 ¹⁸
2907 1884 3135 1941 domnus
3188 1886 3420 1956 impera-

1847 1984 1930 2030 tor
1988 1984 2111 2044 post
2167 1973 2290 2029 festi
2336 1975 2610 2045 paschalis
2658 1975 3019 2045 eXpletionem
3072 1991 3171 2046 per
3214 1975 3417 2032 Mosam

1847 2066 2151 2137 navigavit,
2206 2066 2388 2136 ibique
2444 2066 2789 2121 constitutam
2841 2067 3000 2121 annis
3052 2068 3421 2137 superioribus

1848 2167 2009 2227 atque
2060 2157 2422 2226 conscriptam
2470 2156 2614 2211 inter
2641 2155 2780 2210 ﬁlios
2811 2172 2939 2212 suos
2984 2158 3131 2227 regni
3184 2158 3223 2190 ¹¹¹
3256 2159 3422 2227 parti-

1849 2250 2049 2304 tionem
2076 2249 2370 2312 recensuit,
2402 2263 2467 2301 ac
2492 2247 2812 2302 iuramentis
2835 2248 3154 2317 optimatum
3182 2253 3272 2318 qui
3296 2258 3423 2302 tunc

1847 2340 2038 2395 adesse
2078 2346 2367 2410 potuerant
2410 2338 2771 2403 conﬁrmavit,
2818 2342 3194 2411 susceptisque
3226 2341 3421 2397 ibidem

1850 2432 2125 2488 Paschalis
2160 2432 2385 2487 Roniani
2435 2433 2703 2503 pontiﬁcis
2746 2433 2960 2504 legatis,
3023 2434 3185 2488 Petro
3236 2434 3423 2490 videli-

1848 2531 1935 2578 cet
1961 2523 2414 2579 Centumcellensi
2443 2524 2693 2594 episcopo
2727 2534 2781 2580 et
2803 2524 2982 2581 Leone
3004 2526 3422 2585 nomenclatore.

1848 2614 2161 2683 eisdemque
2187 2614 2229 2644 "'
2255 2614 2502 2669 celeriter
2526 2615 2808 2681 absolutis,
2832 2616 3116 2670 comitibus
3143 2617 3307 2670 etiam
3334 2617 3426 2685 qui

1850 2705 2094 2769 aderant,
2146 2707 2213 2761 ad
2249 2706 2645 2776 expeditionem
2697 2706 3058 2762 Pannonicam
3118 2708 3425 2772 destinatis,

1852 2796 1966 2866 ipse
1985 2797 2258 2865 paululum
2283 2797 2354 2852 ibi
2386 2800 2690 2852 remoratus
2716 2798 2780 2863 ¹⁹,
2811 2797 3151 2868 Aquasgrani
3181 2815 3431 2854 reversus

1851 2897 1954 2944 est.
1997 2890 2063 2944 Et
2108 2898 2229 2960 post
2264 2905 2465 2959 paucos
2495 2890 2613 2946 dies
2662 2904 2759 2959 per
2803 2889 3149 2947 Arduennam
3199 2892 3303 2947 iter
3352 2891 3417 2945 fa-

1853 2979 2023 3045 ciens,
2076 2979 2341 3034 Treveros
2377 2994 2441 3034 ac
2473 2978 2651 3034 Mettis
2695 2979 2863 3043 venit,
2902 2980 3133 3049 indeque
3161 2982 3205 3011 ὀ
3236 2981 3431 3035 Rume-

1857 3069 1955 3125 rici
1997 3069 2277 3125 castellum
2331 3076 2542 3139 petens,
2603 3069 2867 3138 reliquum
2917 3070 3105 3124 aestivi
3156 3070 3353 3126 caloris
3374 3081 3430 3125 et

164 3169 303 3230 quot
327 3175 486 3215 casae
507 3161 637 3216 viles
666 3162 1013 3226 incensae,et
1030 3177 1231 3232 parvus
1251 3163 1467 3232 pecoris
1490 3177 1753 3218 numerus
1780 3145 1823 3207 Ο
1855 3159 2096 3213 autumni
2131 3158 2411 3212 dimidium
2438 3159 2831 3213 exercitatione
2857 3160 3131 3214 venatoria
3158 3161 3211 3214 in
3238 3160 3430 3231 Vosegi

163 3252 402 3306 abactus
428 3260 540 3316 est;
570 3252 622 3305 in
666 3252 806 3306 ostio
837 3250 1121 3321 Sequanae
1162 3252 1361 3306 similia
1402 3260 1750 3321 temptantes,

165 3342 556 3398 resistentibus
593 3343 696 3397 sibi
745 3344 920 3399 litoris
962 3343 1294 3409 custodibus,
1351 3345 1590 3415 quinque
1629 3360 1754 3400 suo-

163 3447 297 3487 rum
322 3432 640 3496 interfectis,
666 3433 859 3488 inritae
889 3442 1256 3499 recesserunt;
1278 3435 1494 3489 tandem
1520 3435 1575 3489 in
1594 3434 1755 3504 Aqui.

166 3522 364 3577 tanico
419 3522 574 3575 litore
599 3522 871 3591 presperis
904 3537 1034 3577 usae
1069 3523 1426 3587 successibus,
1481 3523 1601 3578 vico
1625 3538 1758 3592 quo-

166 3616 303 3669 dam
352 3613 444 3682 qui
470 3621 693 3668 vocatur
717 3612 985 3667 Bundium
1034 3625 1060 3653 ιι
1100 3612 1535 3685 [Buynbundium
1571 3614 1635 3666 Α.
1668 3611 1756 3683 L.]

168 3704 247 3758 ad
269 3703 543 3773 integrum
572 3702 914 3772 depopulato,
942 3717 1064 3757 cum
1089 3703 1293 3773 ingenti
1324 3702 1522 3771 praeda
1548 3702 1616 3756 ad
1644 3718 1763 3771 pro-

167 3793 299 3862 pria
346 3806 596 3846 reversae
633 3799 778 3846 sunt.
812 3789 925 3847 Hoc
946 3807 1087 3847 anno
1124 3798 1347 3861 propter
1375 3791 1527 3861 iuges
1552 3791 1760 3861 pluvias

167 3892 232 3938 et
256 3898 447 3938 aerem
482 3882 647 3937 nimio
688 3884 914 3938 humore
939 3881 959 3913 ⁹
1009 3882 1303 3937 resolutum
1328 3896 1523 3952 magna
1551 3881 1758 3936 incom-

171 3971 346 4025 moda
371 3971 731 4039 contigerunt.
780 3969 913 4023 Nam
934 3978 989 4024 et
1014 3971 1293 4025 hominum
1320 3977 1376 4025 et
1402 3971 1565 4025 boum
1598 3971 1763 4040 pesti-

168 4060 355 4114 lentia
381 4068 493 4113 tam
513 4060 727 4113 inmane
748 4058 907 4129 longe
934 4058 1146 4129 lateque
1171 4067 1416 4129 grassata
1448 4066 1547 4124 est,
1590 4068 1649 4112 ut
1674 4060 1760 4113 vix

171 4148 292 4202 ulla
325 4163 455 4217 pars
478 4148 639 4202 totius
667 4148 818 4218 regni
844 4147 1172 4203 Francorum
1195 4150 1263 4204 ab
1292 4149 1395 4204 hac
1418 4157 1569 4217 peste
1592 4149 1764 4202 inmu-

170 4239 270 4293 nis
296 4246 465 4306 atque
504 4238 703 4292 intacta
732 4239 905 4306 possit
949 4240 1193 4293 inveniri.
1228 4238 1518 4293 Frumenta
1550 4255 1764 4309 quoque

169 4339 232 4383 et
267 4328 546 4399 legumina
588 4329 840 4383 imbrium
879 4330 1200 4385 adsiduitate
1228 4340 1501 4398 corrupta,
1544 4330 1627 4383 vel
1654 4330 1764 4384 col-

169 4422 276 4492 ligi
315 4436 427 4475 non
472 4428 719 4489 poterant
761 4421 843 4474 vel
861 4421 1096 4475 collecta
1135 4422 1637 4490 conputrescehant.
1680 4422 1766 4475 Vi-

171 4525 319 4563 num
380 4507 564 4573 etiam,
613 4508 766 4563 cuius
803 4524 999 4577 parvus
1042 4520 1332 4578 proventus
1387 4511 1575 4564 eodem
1624 4525 1766 4564 anno

172 4601 310 4663 fuit,
359 4608 581 4669 prapter
604 4599 801 4654 caloris
830 4599 1062 4668 inopiam
1091 4601 1342 4655 acerbum
1387 4600 1429 4631 ¹⁰
1455 4609 1510 4655 et
1546 4601 1766 4655 insuave

1854 3247 1993 3302 saltu
2048 3255 2210 3315 atque
2258 3247 2484 3301 secretis
2538 3248 2716 3317 exegit
2755 3249 2820 3300 “.
2858 3248 3063 3303 Interea
3093 3251 3289 3315 Boma,
3323 3252 3430 3306 dux

1855 3337 2154 3392 Dalmatiae
2197 3348 2358 3407 atque
2413 3337 2724 3402 Liburniae,
2769 3340 3052 3395 defunctus
3082 3352 3182 3406 cst,
3242 3353 3295 3397 et
3335 3359 3433 3413 pc-

1858 3438 2003 3484 tente
2049 3430 2246 3499 populo
2283 3438 2446 3499 atque
2483 3432 2807 3499 imperatore
2865 3434 3236 3489 consentiente
3266 3451 3435 3506 nepos

1858 3522 2023 3585 illius,
2065 3521 2285 3575 nomine
2322 3520 2682 3577 Ladasclavus
2729 3525 2797 3588 θ’,
2856 3540 3138 3580 successor
3158 3528 3206 3581 ei
3232 3529 3438 3581 consti—

1861 3620 2007 3667 tutus
2053 3621 2154 3667 est.
2207 3613 2459 3667 Adlatum
2510 3623 2593 3669 est
2625 3624 2680 3669 et
2723 3615 2789 3669 de
2835 3625 3009 3670 morte
3054 3616 3247 3671 Leonis
3295 3618 3435 3674 Con-

1858 3704 2316 3771 stantinopolitani
2336 3705 2694 3773 imperatoris,
2716 3707 2856 3773 quod
2882 3709 3281 3776 conspiratione
3306 3725 3437 3778 quo-

1860 3793 2083 3845 rundam
2104 3794 2420 3860 optimatum
2450 3808 2695 3857 suorum,
2733 3804 2785 3849 et
2822 3799 3109 3865 praecipue
3162 3798 3436 3854 Michaelis

1860 3881 2071 3935 comitis
2118 3882 2537 3936 domesticorum
2568 3883 2633 3949 ⁸³,
2678 3884 2731 3937 in
2767 3885 2881 3954 ipso
2923 3885 3121 3953 palatio
3159 3888 3230 3941 sit
3270 3888 3437 3941 inter-

1860 3980 2109 4040 emptus;
2167 3973 2258 4041 qui
2315 3971 2570 4044 suffragio
2616 3974 2813 4028 civium
2867 3984 2922 4029 et
2973 3978 3437 4045 praetorianorum

1864 4063 2094 4119 militum
2108 4063 2288 4118 studio
2313 4064 2506 4118 infulas
2533 4065 2737 4132 imperii
2758 4069 3058 4136 suscepisse
3084 4069 3128 4097 ”
3151 4068 3347 4123 dicitur
3368 4072 3436 4123 ".

1874 4152 2201 4208 Fortunatus
2252 4155 2558 4222 patriarcha
2612 4155 2903 4211 Gradensis
2948 4172 3068 4211 cum
3125 4174 3155 4211 a
3206 4160 3438 4228 quodam

1863 4244 2160 4312 presbitcro
2189 4259 2304 4308 suo,
2345 4245 2564 4299 nomine
2601 4245 2836 4311 Tiberio,
2887 4247 3025 4315 apud
3060 4247 3441 4318 imperatorem

1865 4332 2053 4387 fuisset
2113 4343 2420 4398 accusatus,
2447 4335 2587 4404 quod
2619 4334 2972 4390 Liudewitum
2998 4338 3064 4390 azl
3088 4352 3440 4405 persevcran-

1868 4424 1994 4479 dum
2050 4425 2103 4477 in
2134 4423 2356 4493 perﬁdia
2401 4440 2505 4493 qua
2556 4432 2807 4493 coeperat
2835 4427 3163 4493 hortaretur,
3214 4444 3444 4498 eumque

1872 4514 1937 4566 ad
1966 4514 2182 4566 castella
2219 4529 2313 4568 sua
2362 4515 2648 4568 munienda
2679 4516 2911 4570 artiﬁces
2947 4526 3001 4571 et
3025 4520 3290 4573 murarios
3323 4523 3447 4574 mit-

1875 4604 2035 4657 tendo
2064 4604 2291 4668 iuvaret,
2326 4613 2379 4659 et
2400 4605 2468 4659 ob
2488 4606 2592 4659 hoc
2632 4605 2697 4659 ad
2720 4606 2978 4675 palatium
3012 4609 3091 4662 ire
3126 4609 3441 4677 iuberetur;

1410 4735 1796 4791 VARIANTES
1833 4738 2231 4795 LECTIONES.

259 4827 277 4857 ⁸
320 4839 449 4880 cum
480 4826 558 4880 eis
583 4825 722 4879 deest
744 4826 795 4880 9.
873 4828 892 4857 ²
917 4826 1165 4881 habuisse
1187 4843 1307 4882 cum
1334 4828 1531 4884 dicitur
1563 4831 1613 4883 1.

168 4910 460 4951 casauum
505 4894 720 4948 ﬂuvium
744 4897 802 4956 ,5.
838 4895 891 4949 9.

986 4832 1639 4928 fl‘ilci‘t‘unrml;
1692 4832 1712 4861 ³
1736 4834 1858 4928 igne
1885 4842 2238 4928 (vastantes.
2316 4842 2585 4928 ﬂhautzf.
2644 4846 2684 4928 ,⁵
2704 4845 2993 4928 alimannia
3024 4849 3072 4901 1.
3150 4849 3172 4880 ⁸

1041 4912 1217 4965 regem
1261 4913 1640 4979 saracennorum
1677 4916 1848 4979 cons}.
1885 4907 1934 4960 9.
1970 4976 1977 4979 Α
2013 4910 2033 4939 ⁸
2062 4912 2131 4962 ah
2162 4911 2229 4963 iis
2268 4914 2358 4979 qui
2405 4914 2457 4967 in
2495 4914 2545 4967 9.

3236 4851 3289 4904 ui
3320 4865 3444 4905 car-

2644 4914 2665 4945 ⁹
2693 4930 2878 4969 umore
2905 4917 2954 4970 1.
3000 4918 3052 4971 2.
3086 4918 3169 4972 lO.
3217 4914 3447 4976 humore

170 4962 328 5046 sas.
357 4963 425 5046 ‘5.
462 4964 515 5017 6.
545 4964 653 5018 79.
686 4965 798 5046 B5_.
852 4966 921 5046 6._
966 4966 1023 5046 _f°
1082 4962 1339 5019 a'ceruum
1380 4968 1427 5020 1.
1466 4969 1519 5022 2.
1571 4970 1657 5023 10.
1700 4972 1745 5024 Β
1793 4974 1843 5026 6.
1904 4976 2087 5046 reliqui
2134 4962 2457 5035 aea-san.“
2489 4962 2545 5013 IT
2576 5000 2671 5037 ora
2697 4962 3449 5045 TI"'i-"iniﬁa‘niiei'."f'2"&

173 5038 410 5089 intacta
451 5073 464 5086 .
504 5073 516 5086 .
550 5074 561 5086 .
642 5050 709 5088 ex
760 5036 1104 5089 inundatione
1150 5074 1164 5087 .
1200 5076 1212 5088 .
1242 5074 1254 5087 .

171 5172 397 5229 eodem
447 5179 688 5241 tempore
736 5172 854 5228 85.

173 5241 321 5297 85.
407 5240 725 5297 "eaitBS.
802 5244 848 5273 "

175 5310 525 5379 suscepisse
549 5311 827 5365 dicebatur
854 5312 994 5366 deest
1020 5313 1073 5366 2.
1169 5316 1215 5345 "
1253 5314 1533 5368 dicebatur
1570 5317 1623 5369 9.

1319 5052 1541 5111 vernum
1599 5049 1808 5111 tempus

171 5105 235 5157 4.
274 5101 343 5174 _B
376 5102 428 5156 5.
455 5102 506 5156 6.
545 5104 801 5174 hyspania
839 5104 891 5158 5.
934 5105 985 5158 6.
1034 5105 1306 5174 hispanica
1345 5106 1397 5157 9.
1477 5106 1521 5136 ”
1564 5101 1858 5167 conventus
1908 5101 2065 5170 maio.
2092 5120 2137 5171 1.

937 5175 977 5247 νζ
1017 5175 1165 5247 regni
1193 5176 1247 5228 in
1268 5176 1386 5247 Altae
1416 5191 1533 5247 uoce
1576 5177 1749 5247 deﬁcit
1786 5186 1950 5238 codex
2004 5189 2083 5241 10.

407 5240 1230 5337 ξηεξξεξξὲλωῗλξίξςίρξοῖεινξιξ
1255 5244 1613 5337 ξςΔἮέίξξεὶΙίιις)
1641 5240 1688 5301 Β
1727 5255 1779 5306 8.
1811 5255 1862 5308 9.
1940 5258 1983 5285 ²⁴
2011 5240 2685 5317 domesticorum1insidiis
2715 5240 3205 5321 inﬁt-innima:

1853 5086 1864 5097 .
1904 5085 1916 5099 .
1954 5086 1966 5098 .
2000 5064 2169 5128 aquas
2337 5052 2380 5081 ”
2430 5052 2654 5128 hispana
2699 5055 2837 5128 1.2.
2881 5055 2933 5128 ζ’).
2966 5058 3146 5128 7211).
3198 5059 3447 5128 hispania

2218 5120 2261 5191 Ῥ
2315 5120 2646 5191 comiteSque
2714 5124 2839 5179 illuc
2876 5126 2924 5177 1.
3006 5126 3047 5157 ¹⁶
3094 5127 3172 5180 Eo
3212 5120 3353 5181 anno
3390 5130 3443 5183 9.

2164 5188 2204 5219 ’⁸
2224 5188 2625 5261 iesdemque'l.
2706 5193 2747 5224 ¹⁹
2778 5204 3021 5249 moratus
3048 5194 3092 5248 Β
3118 5196 3169 5249 6.
3247 5196 3292 5227 ’⁸
3324 5198 3449 5252 inde

1723 5427 1949 5484 NOTAE.

257 5552 292 5581 ι
338 5536 508 5591 Vicus
546 5538 634 5591 inc

654 5766 923 5823 Ριιτῐιοι..
980 5765 1049 5823 Cl
1068 5769 1139 5823 γ.

706 5538 879 5611 ni_tus;
930 5553 1053 5591 nam
1096 5541 1237 5611 quo]
1274 5539 1513 5596 Valesius
1543 5541 1576 5594 1.
1628 5557 1701 5606 c.,
1727 5559 1779 5611 p.

178 5610 329 5671 105,
388 5605 633 5680 St..P_aul
656 5605 719 5660 de
740 5606 882 5680 Bern
912 5617 1059 5680 trans
1084 5605 1411 5664 Garumnam
1443 5612 1508 5664 ad
1535 5605 1781 5680 stagnum

180 5680 344 5734 mari
398 5678 702 5744 proximum
767 5677 929 5729 situm
976 5677 1257 5748 intelligit,
1308 5677 1636 5749 conjectura
1667 5682 1788 5733 niti-

1892 5549 2346 5667 luulnllegendum
2394 5564 2511 5604 esse
2570 5550 2742 5614 Rom;
2798 5554 2939 5621 quod
3004 5556 3223 5613 minime
3276 5558 3446 5616 locum

1913 5631 1955 5666 ιη
1984 5629 2026 5665 De
2056 5654 2067 5666 .

1913 5629 2067 5666 ιηιιθι.

2988 5786 3060 5842 16
