  <div class='ocr_page' id='page_1' title='image "/cluster/home/n/w/nwhite01/storage/ocr_20150623/104/uva.x000827061/253.png"; bbox 0 0 3928 6312; ppageno 0'>
   <div class='ocr_carea' id='block_1_1' title="bbox 517 259 619 317">
    <p class='ocr_par' dir='ltr' id='par_1_1' title="bbox 517 259 619 317">
     <span class='ocr_line' id='line_1_1' title="bbox 517 259 619 317; baseline 0.01 -1"><span class='ocrx_word' id='word_1_1' title='bbox 517 259 619 317; x_wconf 68' lang='grc' dir='ltr'><strong>ιρι</strong></span> 
     </span>
    </p>
   </div>
   <div class='ocr_carea' id='block_1_2' title="bbox 1807 268 2107 332">
    <p class='ocr_par' dir='ltr' id='par_1_2' title="bbox 1807 271 2107 328">
     <span class='ocr_line' id='line_1_2' title="bbox 1807 271 2107 328; baseline 0.007 -2"><span class='ocrx_word' id='word_1_2' title='bbox 1807 271 2107 328; x_wconf 59' lang='grc' dir='ltr'><strong>ιωάιιΑΒ</strong></span> 
     </span>
    </p>
   </div>
   <div class='ocr_carea' id='block_1_3' title="bbox 2214 268 3765 332">
    <p class='ocr_par' dir='ltr' id='par_1_3' title="bbox 2221 268 3765 332">
     <span class='ocr_line' id='line_1_3' title="bbox 2221 268 3765 332; baseline 0.003 -7"><span class='ocrx_word' id='word_1_3' title='bbox 2221 268 2511 326; x_wconf 74' lang='lat' dir='ltr'><strong>ABBATIS</strong></span> <span class='ocrx_word' id='word_1_4' title='bbox 3679 276 3765 332; x_wconf 66' lang='grc' dir='ltr'><strong>ιω</strong></span> 
     </span>
    </p>
   </div>
   <div class='ocr_carea' id='block_1_4' title="bbox 515 374 3764 453">
    <p class='ocr_par' dir='ltr' id='par_1_4' title="bbox 515 374 3764 453">
     <span class='ocr_line' id='line_1_4' title="bbox 515 374 3764 453; baseline 0.003 -24"><span class='ocrx_word' id='word_1_5' title='bbox 515 374 716 444; x_wconf 85' lang='lat' dir='ltr'><strong>primo,</strong></span> <span class='ocrx_word' id='word_1_6' title='bbox 764 375 911 430; x_wconf 85' lang='lat' dir='ltr'><strong>velut</strong></span> <span class='ocrx_word' id='word_1_7' title='bbox 957 376 1245 434; x_wconf 83' lang='lat' dir='ltr'><strong>iussionem</strong></span> <span class='ocrx_word' id='word_1_8' title='bbox 1292 381 1627 450; x_wconf 75' lang='lat' dir='ltr'><strong>impleturus,</strong></span> <span class='ocrx_word' id='word_1_9' title='bbox 1685 385 1736 438; x_wconf 92' lang='lat' dir='ltr'><strong>in</strong></span> <span class='ocrx_word' id='word_1_10' title='bbox 1777 384 2036 440; x_wconf 82' lang='lat' dir='ltr'><strong>Histriam</strong></span> <span class='ocrx_word' id='word_1_11' title='bbox 2085 386 2099 416; x_wconf 85' lang='grc'>¹</span> <span class='ocrx_word' id='word_1_12' title='bbox 2134 386 2180 446; x_wconf 82' lang='grc' dir='ltr'>Α</span> <span class='ocrx_word' id='word_1_13' title='bbox 2209 381 2512 451; x_wconf 70' lang='lat' dir='ltr'><strong>pituiarum</strong></span> <span class='ocrx_word' id='word_1_14' title='bbox 2567 381 2620 436; x_wconf 92' lang='lat' dir='ltr'><strong>in</strong></span> <span class='ocrx_word' id='word_1_15' title='bbox 2665 382 2987 451; x_wconf 87' lang='lat' dir='ltr'><strong>quibusdam</strong></span> <span class='ocrx_word' id='word_1_16' title='bbox 3046 382 3177 438; x_wconf 89' lang='lat' dir='ltr'><strong>locis</strong></span> <span class='ocrx_word' id='word_1_17' title='bbox 3232 384 3488 453; x_wconf 89' lang='lat' dir='ltr'><strong>impedita</strong></span> <span class='ocrx_word' id='word_1_18' title='bbox 3538 393 3650 449; x_wconf 83' lang='lat' dir='ltr'><strong>est,</strong></span> <span class='ocrx_word' id='word_1_19' title='bbox 3693 389 3764 440; x_wconf 89' lang='lat' dir='ltr'><strong>cui</strong></span> 
     </span>
    </p>
   </div>
   <div class='ocr_carea' id='block_1_5' title="bbox 520 461 2105 535">
    <p class='ocr_par' dir='ltr' id='par_1_5' title="bbox 520 461 2105 535">
     <span class='ocr_line' id='line_1_5' title="bbox 520 461 2105 535; baseline 0.008 -15"><span class='ocrx_word' id='word_1_20' title='bbox 520 465 799 535; x_wconf 87' lang='lat' dir='ltr'><strong>profectus</strong></span> <span class='ocrx_word' id='word_1_21' title='bbox 825 480 926 535; x_wconf 88' lang='lat' dir='ltr'><strong>est,</strong></span> <span class='ocrx_word' id='word_1_22' title='bbox 954 471 1078 526; x_wconf 89' lang='lat' dir='ltr'><strong>inde</strong></span> <span class='ocrx_word' id='word_1_23' title='bbox 1113 473 1367 530; x_wconf 85' lang='lat' dir='ltr'><strong>simulato</strong></span> <span class='ocrx_word' id='word_1_24' title='bbox 1407 477 1582 531; x_wconf 89' lang='lat' dir='ltr'><strong>reditu</strong></span> <span class='ocrx_word' id='word_1_25' title='bbox 1611 479 1676 532; x_wconf 92' lang='lat' dir='ltr'><strong>ad</strong></span> <span class='ocrx_word' id='word_1_26' title='bbox 1703 461 1941 533; x_wconf 82' lang='lat' dir='ltr'><strong>Gradum</strong></span> <span class='ocrx_word' id='word_1_27' title='bbox 1969 479 2105 533; x_wconf 86' lang='lat' dir='ltr'><strong>civi-</strong></span> 
     </span>
    </p>
   </div>
   <div class='ocr_carea' id='block_1_6' title="bbox 524 563 2106 640">
    <p class='ocr_par' dir='ltr' id='par_1_6' title="bbox 524 563 2106 640">
     <span class='ocr_line' id='line_1_6' title="bbox 524 563 2106 640; baseline 0.006 -26"><span class='ocrx_word' id='word_1_28' title='bbox 524 568 714 627; x_wconf 86' lang='lat' dir='ltr'><strong>tatem,</strong></span> <span class='ocrx_word' id='word_1_29' title='bbox 765 563 912 617; x_wconf 89' lang='lat' dir='ltr'><strong>nullo</strong></span> <span class='ocrx_word' id='word_1_30' title='bbox 968 579 1191 620; x_wconf 90' lang='lat' dir='ltr'><strong>suorum</strong></span> <span class='ocrx_word' id='word_1_31' title='bbox 1218 577 1433 636; x_wconf 86' lang='lat' dir='ltr'><strong>praeter</strong></span> <span class='ocrx_word' id='word_1_32' title='bbox 1482 585 1575 624; x_wconf 90' lang='lat' dir='ltr'><strong>eos</strong></span> <span class='ocrx_word' id='word_1_33' title='bbox 1606 585 1730 624; x_wconf 91' lang='lat' dir='ltr'><strong>cum</strong></span> <span class='ocrx_word' id='word_1_34' title='bbox 1775 571 1973 640; x_wconf 88' lang='lat' dir='ltr'><strong>quibus</strong></span> <span class='ocrx_word' id='word_1_35' title='bbox 2005 572 2106 624; x_wconf 90' lang='lat' dir='ltr'><strong>hoc</strong></span> 
     </span>
    </p>
   </div>
   <div class='ocr_carea' id='block_1_7' title="bbox 524 656 2103 724">
    <p class='ocr_par' dir='ltr' id='par_1_7' title="bbox 524 656 2103 724">
     <span class='ocr_line' id='line_1_7' title="bbox 524 656 2103 724; baseline 0.008 -18"><span class='ocrx_word' id='word_1_36' title='bbox 524 660 852 708; x_wconf 81' lang='lat' dir='ltr'><strong>tractaverat</strong></span> <span class='ocrx_word' id='word_1_37' title='bbox 907 656 1233 724; x_wconf 75' lang='lat' dir='ltr'><strong>auspicante,</strong></span> <span class='ocrx_word' id='word_1_38' title='bbox 1292 669 1521 716; x_wconf 88' lang='lat' dir='ltr'><strong>nanctus</strong></span> <span class='ocrx_word' id='word_1_39' title='bbox 1571 663 1916 717; x_wconf 84' lang='lat' dir='ltr'><strong>occasionem</strong></span> <span class='ocrx_word' id='word_1_40' title='bbox 1956 664 2103 721; x_wconf 77' lang='lat' dir='ltr'><strong>,clam</strong></span> 
     </span>
    </p>
   </div>
   <div class='ocr_carea' id='block_1_8' title="bbox 525 743 2103 817">
    <p class='ocr_par' dir='ltr' id='par_1_8' title="bbox 525 743 2103 817">
     <span class='ocr_line' id='line_1_8' title="bbox 525 743 2103 817; baseline 0.006 -19"><span class='ocrx_word' id='word_1_41' title='bbox 525 743 816 814; x_wconf 74' lang='lat' dir='ltr'><strong>navigavit,</strong></span> <span class='ocrx_word' id='word_1_42' title='bbox 840 747 1170 817; x_wconf 80' lang='lat' dir='ltr'><strong>veniensque</strong></span> <span class='ocrx_word' id='word_1_43' title='bbox 1196 747 1442 802; x_wconf 89' lang='lat' dir='ltr'><strong>Iaderam</strong></span> <span class='ocrx_word' id='word_1_44' title='bbox 1473 749 1778 806; x_wconf 90' lang='lat' dir='ltr'><strong>Dalmaciae</strong></span> <span class='ocrx_word' id='word_1_45' title='bbox 1802 752 2103 816; x_wconf 85' lang='lat' dir='ltr'><strong>civitatem,</strong></span> 
     </span>
    </p>
   </div>
   <div class='ocr_carea' id='block_1_9' title="bbox 522 832 2108 913">
    <p class='ocr_par' dir='ltr' id='par_1_9' title="bbox 522 832 2108 913">
     <span class='ocr_line' id='line_1_9' title="bbox 522 832 2108 913; baseline 0.004 -25"><span class='ocrx_word' id='word_1_46' title='bbox 522 832 745 888; x_wconf 87' lang='lat' dir='ltr'><strong>Iohanni</strong></span> <span class='ocrx_word' id='word_1_47' title='bbox 794 835 1068 904; x_wconf 89' lang='lat' dir='ltr'><strong>praefecto</strong></span> <span class='ocrx_word' id='word_1_48' title='bbox 1097 838 1409 907; x_wconf 83' lang='lat' dir='ltr'><strong>provinciae</strong></span> <span class='ocrx_word' id='word_1_49' title='bbox 1441 839 1582 894; x_wconf 91' lang='lat' dir='ltr'><strong>illius</strong></span> <span class='ocrx_word' id='word_1_50' title='bbox 1622 841 1780 913; x_wconf 90' lang='lat' dir='ltr'><strong>fugae</strong></span> <span class='ocrx_word' id='word_1_51' title='bbox 1828 858 1956 898; x_wconf 89' lang='lat' dir='ltr'><strong>suae</strong></span> <span class='ocrx_word' id='word_1_52' title='bbox 1984 859 2108 897; x_wconf 80' lang='lat' dir='ltr'><strong>cau-</strong></span> 
     </span>
    </p>
   </div>
   <div class='ocr_carea' id='block_1_10' title="bbox 522 927 2107 1002">
    <p class='ocr_par' dir='ltr' id='par_1_10' title="bbox 522 927 2107 1002">
     <span class='ocr_line' id='line_1_10' title="bbox 522 927 2107 1002; baseline 0.004 -22"><span class='ocrx_word' id='word_1_53' title='bbox 522 939 613 980; x_wconf 76' lang='lat' dir='ltr'><strong>sas</strong></span> <span class='ocrx_word' id='word_1_54' title='bbox 651 927 881 996; x_wconf 87' lang='lat' dir='ltr'><strong>aperuit,</strong></span> <span class='ocrx_word' id='word_1_55' title='bbox 937 929 1027 998; x_wconf 89' lang='lat' dir='ltr'><strong>qui</strong></span> <span class='ocrx_word' id='word_1_56' title='bbox 1060 931 1398 990; x_wconf 70' lang='lat' dir='ltr'><strong>eum.statim</strong></span> <span class='ocrx_word' id='word_1_57' title='bbox 1455 932 1578 985; x_wconf 87' lang='lat' dir='ltr'><strong>navi</strong></span> <span class='ocrx_word' id='word_1_58' title='bbox 1611 933 1918 1002; x_wconf 91' lang='lat' dir='ltr'><strong>impositum</strong></span> <span class='ocrx_word' id='word_1_59' title='bbox 1973 932 2107 987; x_wconf 89' lang='lat' dir='ltr'><strong>Con-</strong></span> 
     </span>
    </p>
   </div>
   <div class='ocr_carea' id='block_1_11' title="bbox 522 1017 2106 1087">
    <p class='ocr_par' dir='ltr' id='par_1_11' title="bbox 522 1017 2106 1087">
     <span class='ocr_line' id='line_1_11' title="bbox 522 1017 2106 1087; baseline 0.004 -18"><span class='ocrx_word' id='word_1_60' title='bbox 522 1017 928 1087; x_wconf 75' lang='lat' dir='ltr'><strong>stantinopolim</strong></span> <span class='ocrx_word' id='word_1_61' title='bbox 965 1019 1132 1074; x_wconf 92' lang='lat' dir='ltr'><strong>misit.</strong></span> <span class='ocrx_word' id='word_1_62' title='bbox 1187 1019 1360 1075; x_wconf 85' lang='lat' dir='ltr'><strong>Medio</strong></span> <span class='ocrx_word' id='word_1_63' title='bbox 1397 1035 1578 1076; x_wconf 90' lang='lat' dir='ltr'><strong>mense</strong></span> <span class='ocrx_word' id='word_1_64' title='bbox 1627 1023 1880 1077; x_wconf 86' lang='lat' dir='ltr'><strong>Octobrio</strong></span> <span class='ocrx_word' id='word_1_65' title='bbox 1910 1024 1930 1052; x_wconf 84' lang='lat'>&#39;</span> <span class='ocrx_word' id='word_1_66' title='bbox 1973 1037 2106 1075; x_wconf 92' lang='lat' dir='ltr'><strong>con-</strong></span> 
     </span>
    </p>
   </div>
   <div class='ocr_carea' id='block_1_12' title="bbox 520 1108 2104 1179">
    <p class='ocr_par' dir='ltr' id='par_1_12' title="bbox 520 1108 2104 1179">
     <span class='ocr_line' id='line_1_12' title="bbox 520 1108 2104 1179; baseline 0.004 -22"><span class='ocrx_word' id='word_1_67' title='bbox 520 1113 714 1161; x_wconf 83' lang='lat' dir='ltr'><strong>ventus</strong></span> <span class='ocrx_word' id='word_1_68' title='bbox 751 1108 1016 1177; x_wconf 81' lang='lat' dir='ltr'><strong>generalis</strong></span> <span class='ocrx_word' id='word_1_69' title='bbox 1053 1109 1195 1177; x_wconf 85' lang='lat' dir='ltr'><strong>apud</strong></span> <span class='ocrx_word' id='word_1_70' title='bbox 1242 1110 1548 1165; x_wconf 89' lang='lat' dir='ltr'><strong>Theodonis</strong></span> <span class='ocrx_word' id='word_1_71' title='bbox 1577 1111 1757 1165; x_wconf 78' lang='lat' dir='ltr'><strong>villam</strong></span> <span class='ocrx_word' id='word_1_72' title='bbox 1787 1127 1978 1179; x_wconf 86' lang='lat' dir='ltr'><strong>magna</strong></span> <span class='ocrx_word' id='word_1_73' title='bbox 2008 1125 2104 1179; x_wconf 88' lang='lat' dir='ltr'><strong>po-</strong></span> 
     </span>
    </p>
   </div>
   <div class='ocr_carea' id='block_1_13' title="bbox 520 1196 2108 1271">
    <p class='ocr_par' dir='ltr' id='par_1_13' title="bbox 520 1196 2108 1271">
     <span class='ocr_line' id='line_1_13' title="bbox 520 1196 2108 1271; baseline 0.003 -21"><span class='ocrx_word' id='word_1_74' title='bbox 520 1196 628 1266; x_wconf 83' lang='lat' dir='ltr'><strong>puli</strong></span> <span class='ocrx_word' id='word_1_75' title='bbox 659 1196 991 1253; x_wconf 83' lang='lat' dir='ltr'><strong>Francorum</strong></span> <span class='ocrx_word' id='word_1_76' title='bbox 1022 1199 1321 1269; x_wconf 82' lang='lat' dir='ltr'><strong>frequentia</strong></span> <span class='ocrx_word' id='word_1_77' title='bbox 1370 1202 1692 1264; x_wconf 86' lang='lat' dir='ltr'><strong>celebratur,</strong></span> <span class='ocrx_word' id='word_1_78' title='bbox 1742 1203 1794 1254; x_wconf 93' lang='lat' dir='ltr'><strong>in</strong></span> <span class='ocrx_word' id='word_1_79' title='bbox 1823 1218 1931 1271; x_wconf 91' lang='lat' dir='ltr'><strong>quo</strong></span> <span class='ocrx_word' id='word_1_80' title='bbox 1961 1202 2108 1255; x_wconf 91' lang='lat' dir='ltr'><strong>dom-</strong></span> 
     </span>
    </p>
   </div>
   <div class='ocr_carea' id='block_1_14' title="bbox 524 1287 2109 1362">
    <p class='ocr_par' dir='ltr' id='par_1_14' title="bbox 524 1287 2109 1362">
     <span class='ocr_line' id='line_1_14' title="bbox 524 1287 2109 1362; baseline 0.006 -24"><span class='ocrx_word' id='word_1_81' title='bbox 524 1301 627 1341; x_wconf 85' lang='lat' dir='ltr'><strong>nus</strong></span> <span class='ocrx_word' id='word_1_82' title='bbox 672 1288 692 1318; x_wconf 89' lang='grc'><em>³</em></span> <span class='ocrx_word' id='word_1_83' title='bbox 737 1287 1070 1350; x_wconf 86' lang='lat' dir='ltr'><strong>Illotharius,</strong></span> <span class='ocrx_word' id='word_1_84' title='bbox 1138 1290 1528 1361; x_wconf 82' lang='lat' dir='ltr'><strong>primogenitus</strong></span> <span class='ocrx_word' id='word_1_85' title='bbox 1579 1292 1762 1347; x_wconf 88' lang='lat' dir='ltr'><strong>domni</strong></span> <span class='ocrx_word' id='word_1_86' title='bbox 1821 1294 2109 1362; x_wconf 87' lang='lat' dir='ltr'><strong>imperato-</strong></span> 
     </span>
    </p>
   </div>
   <div class='ocr_carea' id='block_1_15' title="bbox 523 1374 2105 1452">
    <p class='ocr_par' dir='ltr' id='par_1_15' title="bbox 523 1374 2105 1452">
     <span class='ocr_line' id='line_1_15' title="bbox 523 1374 2105 1452; baseline 0.006 -23"><span class='ocrx_word' id='word_1_87' title='bbox 523 1374 599 1430; x_wconf 78' lang='lat' dir='ltr'><strong>ris</strong></span> <span class='ocrx_word' id='word_1_88' title='bbox 672 1376 991 1442; x_wconf 89' lang='lat' dir='ltr'><strong>IIludovici,</strong></span> <span class='ocrx_word' id='word_1_89' title='bbox 1049 1379 1440 1451; x_wconf 81' lang='lat' dir='ltr'><strong>lrmingardam</strong></span> <span class='ocrx_word' id='word_1_90' title='bbox 1506 1381 1544 1445; x_wconf 72' lang='grc'><strong>’⁵,</strong></span> <span class='ocrx_word' id='word_1_91' title='bbox 1592 1382 1831 1452; x_wconf 88' lang='lat' dir='ltr'><strong>Hngonis</strong></span> <span class='ocrx_word' id='word_1_92' title='bbox 1887 1385 2105 1438; x_wconf 90' lang='lat' dir='ltr'><strong>comitis</strong></span> 
     </span>
    </p>
   </div>
   <div class='ocr_carea' id='block_1_16' title="bbox 523 1465 2104 1534">
    <p class='ocr_par' dir='ltr' id='par_1_16' title="bbox 523 1465 2104 1534">
     <span class='ocr_line' id='line_1_16' title="bbox 523 1465 2104 1534; baseline 0.006 -16"><span class='ocrx_word' id='word_1_93' title='bbox 523 1465 712 1529; x_wconf 77' lang='lat' dir='ltr'><strong>filiam,</strong></span> <span class='ocrx_word' id='word_1_94' title='bbox 771 1466 998 1522; x_wconf 85' lang='lat' dir='ltr'><strong>solemni</strong></span> <span class='ocrx_word' id='word_1_95' title='bbox 1057 1485 1207 1524; x_wconf 88' lang='lat' dir='ltr'><strong>more</strong></span> <span class='ocrx_word' id='word_1_96' title='bbox 1268 1471 1417 1534; x_wconf 64' lang='lat' dir='ltr'><strong>duxit</strong></span> <span class='ocrx_word' id='word_1_97' title='bbox 1467 1487 1711 1526; x_wconf 79' lang='lat' dir='ltr'><strong>uxorem.</strong></span> <span class='ocrx_word' id='word_1_98' title='bbox 1760 1473 1888 1532; x_wconf 88' lang='lat' dir='ltr'><strong>Illuc</strong></span> <span class='ocrx_word' id='word_1_99' title='bbox 1939 1474 2104 1528; x_wconf 89' lang='lat' dir='ltr'><strong>etiam</strong></span> 
     </span>
    </p>
   </div>
   <div class='ocr_carea' id='block_1_17' title="bbox 523 1561 2107 1637">
    <p class='ocr_par' dir='ltr' id='par_1_17' title="bbox 523 1561 2107 1637">
     <span class='ocr_line' id='line_1_17' title="bbox 523 1561 2107 1637; baseline 0.004 -23"><span class='ocrx_word' id='word_1_100' title='bbox 523 1561 684 1632; x_wconf 89' lang='lat' dir='ltr'><strong>legati</strong></span> <span class='ocrx_word' id='word_1_101' title='bbox 706 1571 928 1618; x_wconf 88' lang='lat' dir='ltr'><strong>sanctae</strong></span> <span class='ocrx_word' id='word_1_102' title='bbox 953 1565 1230 1620; x_wconf 80' lang='lat' dir='ltr'><strong>Romanae</strong></span> <span class='ocrx_word' id='word_1_103' title='bbox 1258 1566 1524 1620; x_wconf 87' lang='lat' dir='ltr'><strong>ecclesiae</strong></span> <span class='ocrx_word' id='word_1_104' title='bbox 1563 1567 1605 1629; x_wconf 85' lang='lat'><strong>&#39;,</strong></span> <span class='ocrx_word' id='word_1_105' title='bbox 1637 1567 1954 1621; x_wconf 75' lang='lat' dir='ltr'><strong>Tlieoiorus</strong></span> <span class='ocrx_word' id='word_1_106' title='bbox 1995 1567 2107 1637; x_wconf 91' lang='lat' dir='ltr'><strong>pri-</strong></span> 
     </span>
    </p>
   </div>
   <div class='ocr_carea' id='block_1_18' title="bbox 521 1653 2104 1728">
    <p class='ocr_par' dir='ltr' id='par_1_18' title="bbox 521 1653 2104 1728">
     <span class='ocr_line' id='line_1_18' title="bbox 521 1653 2104 1728; baseline 0.003 -21"><span class='ocrx_word' id='word_1_107' title='bbox 521 1653 780 1708; x_wconf 83' lang='lat' dir='ltr'><strong>micerius</strong></span> <span class='ocrx_word' id='word_1_108' title='bbox 824 1670 889 1710; x_wconf 88' lang='lat' dir='ltr'><strong>ac</strong></span> <span class='ocrx_word' id='word_1_109' title='bbox 923 1655 1115 1710; x_wconf 86' lang='lat' dir='ltr'><strong>Florus</strong></span> <span class='ocrx_word' id='word_1_110' title='bbox 1158 1657 1426 1726; x_wconf 85' lang='lat' dir='ltr'><strong>superista</strong></span> <span class='ocrx_word' id='word_1_111' title='bbox 1469 1658 1490 1688; x_wconf 80' lang='grc'>⁸</span> <span class='ocrx_word' id='word_1_112' title='bbox 1520 1670 1571 1721; x_wconf 82' lang='grc' dir='ltr'><strong>ι,</strong></span> <span class='ocrx_word' id='word_1_113' title='bbox 1611 1674 1731 1712; x_wconf 90' lang='lat' dir='ltr'><strong>cum</strong></span> <span class='ocrx_word' id='word_1_114' title='bbox 1776 1659 1989 1728; x_wconf 80' lang='lat' dir='ltr'><strong>magnis</strong></span> <span class='ocrx_word' id='word_1_115' title='bbox 2017 1673 2104 1712; x_wconf 82' lang='lat' dir='ltr'><strong>ve-</strong></span> 
     </span>
    </p>
   </div>
   <div class='ocr_carea' id='block_1_19' title="bbox 2208 473 3764 548">
    <p class='ocr_par' dir='ltr' id='par_1_19' title="bbox 2208 473 3764 548">
     <span class='ocr_line' id='line_1_19' title="bbox 2208 473 3764 548; baseline 0.003 -20"><span class='ocrx_word' id='word_1_116' title='bbox 2208 475 2382 529; x_wconf 84' lang='lat' dir='ltr'><strong>hiems</strong></span> <span class='ocrx_word' id='word_1_117' title='bbox 2428 475 2470 506; x_wconf 83' lang='grc'><strong>¹⁸</strong></span> <span class='ocrx_word' id='word_1_118' title='bbox 2502 473 2556 528; x_wconf 93' lang='lat' dir='ltr'><strong>in</strong></span> <span class='ocrx_word' id='word_1_119' title='bbox 2597 481 2805 528; x_wconf 89' lang='lat' dir='ltr'><strong>tantum</strong></span> <span class='ocrx_word' id='word_1_120' title='bbox 2831 474 2874 505; x_wconf 85' lang='grc'><strong>¹⁹</strong></span> <span class='ocrx_word' id='word_1_121' title='bbox 2905 475 3111 546; x_wconf 80' lang='lat' dir='ltr'><strong>prolixa</strong></span> <span class='ocrx_word' id='word_1_122' title='bbox 3158 476 3421 531; x_wconf 82' lang='lat' dir='ltr'><strong>successit</strong></span> <span class='ocrx_word' id='word_1_123' title='bbox 3479 487 3536 531; x_wconf 89' lang='lat' dir='ltr'><strong>et</strong></span> <span class='ocrx_word' id='word_1_124' title='bbox 3577 493 3764 548; x_wconf 83' lang='lat' dir='ltr'><strong>aspera,</strong></span> 
     </span>
    </p>
   </div>
   <div class='ocr_carea' id='block_1_20' title="bbox 2207 564 3763 630">
    <p class='ocr_par' dir='ltr' id='par_1_20' title="bbox 2207 564 3763 630">
     <span class='ocr_line' id='line_1_20' title="bbox 2207 564 3763 630; baseline 0.003 -12"><span class='ocrx_word' id='word_1_125' title='bbox 2207 573 2401 620; x_wconf 89' lang='lat' dir='ltr'><strong>utnon</strong></span> <span class='ocrx_word' id='word_1_126' title='bbox 2456 564 2630 620; x_wconf 90' lang='lat' dir='ltr'><strong>solum</strong></span> <span class='ocrx_word' id='word_1_127' title='bbox 2694 566 2930 620; x_wconf 85' lang='lat' dir='ltr'><strong>minores</strong></span> <span class='ocrx_word' id='word_1_128' title='bbox 2993 566 3094 620; x_wconf 91' lang='lat' dir='ltr'><strong>rivi</strong></span> <span class='ocrx_word' id='word_1_129' title='bbox 3143 581 3209 621; x_wconf 89' lang='lat' dir='ltr'><strong>ac</strong></span> <span class='ocrx_word' id='word_1_130' title='bbox 3253 567 3558 623; x_wconf 85' lang='lat' dir='ltr'><strong>mediocres</strong></span> <span class='ocrx_word' id='word_1_131' title='bbox 3619 567 3763 630; x_wconf 82' lang='lat' dir='ltr'><strong>ﬂuvii.</strong></span> 
     </span>
    </p>
   </div>
   <div class='ocr_carea' id='block_1_21' title="bbox 2207 657 3769 725">
    <p class='ocr_par' dir='ltr' id='par_1_21' title="bbox 2207 657 3769 725">
     <span class='ocr_line' id='line_1_21' title="bbox 2207 657 3769 725; baseline 0.005 -17"><span class='ocrx_word' id='word_1_132' title='bbox 2207 671 2394 711; x_wconf 87' lang='lat' dir='ltr'><strong>verum</strong></span> <span class='ocrx_word' id='word_1_133' title='bbox 2441 657 2541 725; x_wconf 87' lang='lat' dir='ltr'><strong>ipsi</strong></span> <span class='ocrx_word' id='word_1_134' title='bbox 2567 657 2788 711; x_wconf 83' lang='lat' dir='ltr'><strong>maximi</strong></span> <span class='ocrx_word' id='word_1_135' title='bbox 2834 673 2899 713; x_wconf 90' lang='lat' dir='ltr'><strong>ac</strong></span> <span class='ocrx_word' id='word_1_136' title='bbox 2929 657 3280 713; x_wconf 88' lang='lat' dir='ltr'><strong>famosissimi</strong></span> <span class='ocrx_word' id='word_1_137' title='bbox 3327 673 3536 724; x_wconf 88' lang='lat' dir='ltr'><strong>amnes,</strong></span> <span class='ocrx_word' id='word_1_138' title='bbox 3573 659 3769 716; x_wconf 81' lang='lat' dir='ltr'><strong>Rhenus</strong></span> 
     </span>
    </p>
   </div>
   <div class='ocr_carea' id='block_1_22' title="bbox 2208 747 3766 819">
    <p class='ocr_par' dir='ltr' id='par_1_22' title="bbox 2208 747 3766 819">
     <span class='ocr_line' id='line_1_22' title="bbox 2208 747 3766 819; baseline 0.005 -22"><span class='ocrx_word' id='word_1_139' title='bbox 2208 747 2456 801; x_wconf 84' lang='lat' dir='ltr'><strong>videlicet</strong></span> <span class='ocrx_word' id='word_1_140' title='bbox 2479 761 2543 802; x_wconf 86' lang='lat' dir='ltr'><strong>ac</strong></span> <span class='ocrx_word' id='word_1_141' title='bbox 2589 747 2886 813; x_wconf 87' lang='lat' dir='ltr'><strong>Danubius,</strong></span> <span class='ocrx_word' id='word_1_142' title='bbox 2935 747 3197 818; x_wconf 85' lang='lat' dir='ltr'><strong>Albisque</strong></span> <span class='ocrx_word' id='word_1_143' title='bbox 3244 763 3319 803; x_wconf 86' lang='lat' dir='ltr'><strong>ac</strong></span> <span class='ocrx_word' id='word_1_144' title='bbox 3356 747 3628 819; x_wconf 81' lang='lat' dir='ltr'><strong>Sequana,</strong></span> <span class='ocrx_word' id='word_1_145' title='bbox 3655 765 3766 805; x_wconf 83' lang='lat' dir='ltr'><strong>cae-</strong></span> 
     </span>
    </p>
   </div>
   <div class='ocr_carea' id='block_1_23' title="bbox 2214 834 3771 906">
    <p class='ocr_par' dir='ltr' id='par_1_23' title="bbox 2214 834 3771 906">
     <span class='ocr_line' id='line_1_23' title="bbox 2214 834 3771 906; baseline 0.002 -17"><span class='ocrx_word' id='word_1_146' title='bbox 2214 845 2439 904; x_wconf 86' lang='lat' dir='ltr'><strong>teraque</strong></span> <span class='ocrx_word' id='word_1_147' title='bbox 2494 851 2593 906; x_wconf 92' lang='lat' dir='ltr'><strong>per</strong></span> <span class='ocrx_word' id='word_1_148' title='bbox 2647 834 2876 890; x_wconf 89' lang='lat' dir='ltr'><strong>Galliam</strong></span> <span class='ocrx_word' id='word_1_149' title='bbox 2930 845 3093 905; x_wconf 87' lang='lat' dir='ltr'><strong>atque</strong></span> <span class='ocrx_word' id='word_1_150' title='bbox 3142 836 3489 892; x_wconf 86' lang='lat' dir='ltr'><strong>Germaniam</strong></span> <span class='ocrx_word' id='word_1_151' title='bbox 3541 839 3586 870; x_wconf 82' lang='grc'><strong>¹⁶</strong></span> <span class='ocrx_word' id='word_1_152' title='bbox 3633 854 3771 892; x_wconf 87' lang='lat' dir='ltr'><strong>ocea-</strong></span> 
     </span>
    </p>
   </div>
   <div class='ocr_carea' id='block_1_24' title="bbox 2209 924 3772 999">
    <p class='ocr_par' dir='ltr' id='par_1_24' title="bbox 2209 924 3772 999">
     <span class='ocr_line' id='line_1_24' title="bbox 2209 924 3772 999; baseline 0.003 -20"><span class='ocrx_word' id='word_1_153' title='bbox 2209 942 2334 979; x_wconf 89' lang='lat' dir='ltr'><strong>num</strong></span> <span class='ocrx_word' id='word_1_154' title='bbox 2371 927 2611 996; x_wconf 84' lang='lat' dir='ltr'><strong>petentia</strong></span> <span class='ocrx_word' id='word_1_155' title='bbox 2665 924 2881 980; x_wconf 80' lang='lat' dir='ltr'><strong>flumina</strong></span> <span class='ocrx_word' id='word_1_156' title='bbox 2911 926 3044 981; x_wconf 92' lang='lat' dir='ltr'><strong>adeo</strong></span> <span class='ocrx_word' id='word_1_157' title='bbox 3077 927 3246 981; x_wconf 87' lang='lat' dir='ltr'><strong>solida</strong></span> <span class='ocrx_word' id='word_1_158' title='bbox 3274 927 3444 997; x_wconf 83' lang='lat' dir='ltr'><strong>glacie</strong></span> <span class='ocrx_word' id='word_1_159' title='bbox 3470 929 3772 999; x_wconf 82' lang='lat' dir='ltr'><strong>stringeren-</strong></span> 
     </span>
    </p>
   </div>
   <div class='ocr_carea' id='block_1_25' title="bbox 2209 1013 3772 1087">
    <p class='ocr_par' dir='ltr' id='par_1_25' title="bbox 2209 1013 3772 1087">
     <span class='ocr_line' id='line_1_25' title="bbox 2209 1013 3772 1087; baseline 0.003 -20"><span class='ocrx_word' id='word_1_160' title='bbox 2209 1021 2317 1079; x_wconf 89' lang='lat' dir='ltr'><strong>tur,</strong></span> <span class='ocrx_word' id='word_1_161' title='bbox 2371 1023 2430 1070; x_wconf 86' lang='lat' dir='ltr'><strong>ut</strong></span> <span class='ocrx_word' id='word_1_162' title='bbox 2477 1013 2700 1069; x_wconf 87' lang='lat' dir='ltr'><strong>tricenis</strong></span> <span class='ocrx_word' id='word_1_163' title='bbox 2750 1015 2833 1069; x_wconf 85' lang='lat' dir='ltr'><strong>vel</strong></span> <span class='ocrx_word' id='word_1_164' title='bbox 2871 1030 2936 1072; x_wconf 87' lang='lat' dir='ltr'><strong>eo</strong></span> <span class='ocrx_word' id='word_1_165' title='bbox 2971 1016 3015 1045; x_wconf 82' lang='grc'>¹¹</span> <span class='ocrx_word' id='word_1_166' title='bbox 3055 1015 3286 1085; x_wconf 88' lang='lat' dir='ltr'><strong>amplius</strong></span> <span class='ocrx_word' id='word_1_167' title='bbox 3321 1017 3509 1073; x_wconf 89' lang='lat' dir='ltr'><strong>diebus</strong></span> <span class='ocrx_word' id='word_1_168' title='bbox 3553 1018 3772 1087; x_wconf 86' lang='lat' dir='ltr'><strong>plaustra</strong></span> 
     </span>
    </p>
   </div>
   <div class='ocr_carea' id='block_1_26' title="bbox 2209 1105 3772 1175">
    <p class='ocr_par' dir='ltr' id='par_1_26' title="bbox 2209 1105 3772 1175">
     <span class='ocr_line' id='line_1_26' title="bbox 2209 1105 3772 1175; baseline 0.003 -16"><span class='ocrx_word' id='word_1_169' title='bbox 2209 1106 2314 1160; x_wconf 88' lang='lat' dir='ltr'><strong>huc</strong></span> <span class='ocrx_word' id='word_1_170' title='bbox 2365 1113 2525 1175; x_wconf 87' lang='lat' dir='ltr'><strong>atque</strong></span> <span class='ocrx_word' id='word_1_171' title='bbox 2555 1105 2681 1160; x_wconf 90' lang='lat' dir='ltr'><strong>illuc</strong></span> <span class='ocrx_word' id='word_1_172' title='bbox 2734 1106 3095 1161; x_wconf 90' lang='lat' dir='ltr'><strong>commeantia</strong></span> <span class='ocrx_word' id='word_1_173' title='bbox 3133 1106 3278 1161; x_wconf 89' lang='lat' dir='ltr'><strong>velut</strong></span> <span class='ocrx_word' id='word_1_174' title='bbox 3311 1105 3566 1175; x_wconf 85' lang='lat' dir='ltr'><strong>pontibus</strong></span> <span class='ocrx_word' id='word_1_175' title='bbox 3611 1109 3772 1163; x_wconf 86' lang='lat' dir='ltr'><strong>iuncta</strong></span> 
     </span>
    </p>
   </div>
   <div class='ocr_carea' id='block_1_27' title="bbox 2209 1195 3773 1259">
    <p class='ocr_par' dir='ltr' id='par_1_27' title="bbox 2209 1195 3773 1259">
     <span class='ocr_line' id='line_1_27' title="bbox 2209 1195 3773 1259; baseline 0.003 -11"><span class='ocrx_word' id='word_1_176' title='bbox 2209 1195 2560 1259; x_wconf 88' lang='lat' dir='ltr'><strong>sustinerent,</strong></span> <span class='ocrx_word' id='word_1_177' title='bbox 2583 1196 2735 1251; x_wconf 89' lang='lat' dir='ltr'><strong>cuius</strong></span> <span class='ocrx_word' id='word_1_178' title='bbox 2766 1197 3022 1250; x_wconf 84' lang='lat' dir='ltr'><strong>resolutio</strong></span> <span class='ocrx_word' id='word_1_179' title='bbox 3048 1211 3153 1250; x_wconf 93' lang='lat' dir='ltr'><strong>non</strong></span> <span class='ocrx_word' id='word_1_180' title='bbox 3187 1197 3461 1251; x_wconf 90' lang='lat' dir='ltr'><strong>modicum</strong></span> <span class='ocrx_word' id='word_1_181' title='bbox 3482 1198 3621 1253; x_wconf 89' lang='lat' dir='ltr'><strong>villis</strong></span> <span class='ocrx_word' id='word_1_182' title='bbox 3643 1200 3773 1252; x_wconf 81' lang='lat' dir='ltr'><strong>ium</strong></span> 
     </span>
    </p>
   </div>
   <div class='ocr_carea' id='block_1_28' title="bbox 2211 1284 3484 1344">
    <p class='ocr_par' dir='ltr' id='par_1_28' title="bbox 2211 1284 3484 1344">
     <span class='ocr_line' id='line_1_28' title="bbox 2211 1284 3484 1344; baseline 0.002 -5"><span class='ocrx_word' id='word_1_183' title='bbox 2211 1286 2382 1340; x_wconf 80' lang='lat' dir='ltr'><strong>Rheni</strong></span> <span class='ocrx_word' id='word_1_184' title='bbox 2429 1284 2627 1341; x_wconf 80' lang='lat' dir='ltr'><strong>fluenta</strong></span> <span class='ocrx_word' id='word_1_185' title='bbox 2670 1289 2980 1342; x_wconf 86' lang='lat' dir='ltr'><strong>constitutis</strong></span> <span class='ocrx_word' id='word_1_186' title='bbox 3005 1289 3262 1344; x_wconf 90' lang='lat' dir='ltr'><strong>damnum</strong></span> <span class='ocrx_word' id='word_1_187' title='bbox 3284 1289 3484 1343; x_wconf 87' lang='lat' dir='ltr'><strong>intulit.</strong></span> 
     </span>
    </p>
   </div>
   <div class='ocr_carea' id='block_1_29' title="bbox 2876 1377 3214 1446">
    <p class='ocr_par' dir='ltr' id='par_1_29' title="bbox 2876 1377 3214 1446">
     <span class='ocr_line' id='line_1_29' title="bbox 2876 1377 3214 1446; baseline -0.003 -12"><span class='ocrx_word' id='word_1_188' title='bbox 2876 1377 3214 1446; x_wconf 80' lang='lat' dir='ltr'><strong>DCCCXXII.</strong></span> 
     </span>
    </p>
   </div>
   <div class='ocr_carea' id='block_1_30' title="bbox 2281 1467 3775 1540">
    <p class='ocr_par' dir='ltr' id='par_1_30' title="bbox 2281 1467 3775 1540">
     <span class='ocr_line' id='line_1_30' title="bbox 2281 1467 3775 1540; baseline 0.003 -18"><span class='ocrx_word' id='word_1_189' title='bbox 2281 1469 2338 1522; x_wconf 93' lang='lat' dir='ltr'><strong>ln</strong></span> <span class='ocrx_word' id='word_1_190' title='bbox 2389 1470 2608 1539; x_wconf 83' lang='lat' dir='ltr'><strong>regione</strong></span> <span class='ocrx_word' id='word_1_191' title='bbox 2639 1467 3038 1540; x_wconf 87' lang='lat' dir='ltr'><strong>Thuringorum</strong></span> <span class='ocrx_word' id='word_1_192' title='bbox 3079 1473 3122 1503; x_wconf 82' lang='lat'><strong>&quot;</strong></span> <span class='ocrx_word' id='word_1_193' title='bbox 3151 1472 3384 1540; x_wconf 89' lang='lat' dir='ltr'><strong>quodam</strong></span> <span class='ocrx_word' id='word_1_194' title='bbox 3419 1473 3474 1526; x_wconf 88' lang='lat' dir='ltr'><strong>in</strong></span> <span class='ocrx_word' id='word_1_195' title='bbox 3505 1473 3621 1527; x_wconf 90' lang='lat' dir='ltr'><strong>loco</strong></span> <span class='ocrx_word' id='word_1_196' title='bbox 3643 1480 3775 1526; x_wconf 71' lang='lat' dir='ltr'><strong>iuxta</strong></span> 
     </span>
    </p>
   </div>
   <div class='ocr_carea' id='block_1_31' title="bbox 2208 1558 3778 1634">
    <p class='ocr_par' dir='ltr' id='par_1_31' title="bbox 2208 1558 3778 1634">
     <span class='ocr_line' id='line_1_31' title="bbox 2208 1558 3778 1634; baseline 0.003 -21"><span class='ocrx_word' id='word_1_197' title='bbox 2208 1558 2425 1614; x_wconf 86' lang='lat' dir='ltr'><strong>ﬂuvium</strong></span> <span class='ocrx_word' id='word_1_198' title='bbox 2458 1560 2524 1624; x_wconf 79' lang='grc'><strong>’³,</strong></span> <span class='ocrx_word' id='word_1_199' title='bbox 2565 1561 2738 1629; x_wconf 90' lang='lat' dir='ltr'><strong>cespis</strong></span> <span class='ocrx_word' id='word_1_200' title='bbox 2767 1561 2807 1590; x_wconf 76' lang='lat'>&quot;</span> <span class='ocrx_word' id='word_1_201' title='bbox 2850 1559 3182 1631; x_wconf 78' lang='lat' dir='ltr'><strong>longitudine</strong></span> <span class='ocrx_word' id='word_1_202' title='bbox 3216 1562 3411 1632; x_wconf 88' lang='lat' dir='ltr'><strong>pedum</strong></span> <span class='ocrx_word' id='word_1_203' title='bbox 3464 1564 3778 1634; x_wconf 86' lang='lat' dir='ltr'><strong>quinquage—</strong></span> 
     </span>
    </p>
   </div>
   <div class='ocr_carea' id='block_1_32' title="bbox 2209 1651 3777 1720">
    <p class='ocr_par' dir='ltr' id='par_1_32' title="bbox 2209 1651 3777 1720">
     <span class='ocr_line' id='line_1_32' title="bbox 2209 1651 3777 1720; baseline 0.004 -15"><span class='ocrx_word' id='word_1_204' title='bbox 2209 1667 2360 1715; x_wconf 90' lang='lat' dir='ltr'><strong>num,</strong></span> <span class='ocrx_word' id='word_1_205' title='bbox 2411 1651 2696 1705; x_wconf 89' lang='lat' dir='ltr'><strong>latitudine</strong></span> <span class='ocrx_word' id='word_1_206' title='bbox 2742 1653 3224 1720; x_wconf 89' lang='lat' dir='ltr'><strong>quattuordenum,</strong></span> <span class='ocrx_word' id='word_1_207' title='bbox 3273 1655 3558 1710; x_wconf 83' lang='lat' dir='ltr'><strong>altitudine</strong></span> <span class='ocrx_word' id='word_1_208' title='bbox 3601 1657 3646 1686; x_wconf 84' lang='lat'><strong>&quot;</strong></span> <span class='ocrx_word' id='word_1_209' title='bbox 3676 1671 3777 1711; x_wconf 81' lang='lat' dir='ltr'><strong>ses-</strong></span> 
     </span>
    </p>
   </div>
   <div class='ocr_carea' id='block_1_33' title="bbox 515 1737 3779 1811">
    <p class='ocr_par' dir='ltr' id='par_1_33' title="bbox 515 1737 3779 1811">
     <span class='ocr_line' id='line_1_33' title="bbox 515 1737 3779 1811; baseline 0.004 -24"><span class='ocrx_word' id='word_1_210' title='bbox 515 1757 653 1798; x_wconf 61' lang='grc' dir='ltr'><strong>πει-ε</strong></span> <span class='ocrx_word' id='word_1_211' title='bbox 693 1746 1029 1801; x_wconf 66' lang='lat' dir='ltr'><strong>muneribus,</strong></span> <span class='ocrx_word' id='word_1_212' title='bbox 1080 1745 1387 1802; x_wconf 55' lang='lat' dir='ltr'><strong>Adfuerunt</strong></span> <span class='ocrx_word' id='word_1_213' title='bbox 1414 1749 1434 1779; x_wconf 80' lang='grc' dir='ltr'><strong><em>τ</em></strong></span> <span class='ocrx_word' id='word_1_214' title='bbox 1480 1756 1535 1803; x_wconf 73' lang='grc' dir='ltr'><strong>ει</strong></span> <span class='ocrx_word' id='word_1_215' title='bbox 1573 1750 1799 1804; x_wconf 54' lang='lat' dir='ltr'><strong>comites</strong></span> <span class='ocrx_word' id='word_1_216' title='bbox 1830 1750 1884 1802; x_wconf 67' lang='lat' dir='ltr'><strong>in</strong></span> <span class='ocrx_word' id='word_1_217' title='bbox 1911 1749 2100 1804; x_wconf 67' lang='lat' dir='ltr'><strong>eodem</strong></span> <span class='ocrx_word' id='word_1_218' title='bbox 2133 1742 2178 1800; x_wconf 88' lang='lat' dir='ltr'><strong>B</strong></span> <span class='ocrx_word' id='word_1_219' title='bbox 2207 1739 2492 1808; x_wconf 86' lang='lat' dir='ltr'><strong>quipcdali,</strong></span> <span class='ocrx_word' id='word_1_220' title='bbox 2521 1737 2588 1792; x_wconf 90' lang='lat' dir='ltr'><strong>de</strong></span> <span class='ocrx_word' id='word_1_221' title='bbox 2621 1747 2767 1793; x_wconf 84' lang='lat' dir='ltr'><strong>terra</strong></span> <span class='ocrx_word' id='word_1_222' title='bbox 2795 1740 2912 1793; x_wconf 89' lang='lat' dir='ltr'><strong>sine</strong></span> <span class='ocrx_word' id='word_1_223' title='bbox 2937 1741 3187 1795; x_wconf 87' lang='lat' dir='ltr'><strong>manibus</strong></span> <span class='ocrx_word' id='word_1_224' title='bbox 3213 1750 3266 1796; x_wconf 93' lang='lat' dir='ltr'><strong>et</strong></span> <span class='ocrx_word' id='word_1_225' title='bbox 3294 1744 3572 1811; x_wconf 87' lang='lat' dir='ltr'><strong>praecisus</strong></span> <span class='ocrx_word' id='word_1_226' title='bbox 3590 1754 3644 1798; x_wconf 92' lang='lat' dir='ltr'><strong>et</strong></span> <span class='ocrx_word' id='word_1_227' title='bbox 3672 1745 3779 1800; x_wconf 90' lang='lat' dir='ltr'><strong>sub-</strong></span> 
     </span>
    </p>
   </div>
   <div class='ocr_carea' id='block_1_34' title="bbox 517 1835 2118 1911">
    <p class='ocr_par' dir='ltr' id='par_1_34' title="bbox 517 1835 2118 1911">
     <span class='ocr_line' id='line_1_34' title="bbox 517 1835 2118 1911; baseline 0.004 -21"><span class='ocrx_word' id='word_1_228' title='bbox 517 1843 783 1891; x_wconf 86' lang='lat' dir='ltr'><strong>couventu</strong></span> <span class='ocrx_word' id='word_1_229' title='bbox 814 1835 919 1893; x_wconf 88' lang='lat' dir='ltr'><strong>iam</strong></span> <span class='ocrx_word' id='word_1_230' title='bbox 949 1837 1014 1892; x_wconf 90' lang='lat' dir='ltr'><strong>de</strong></span> <span class='ocrx_word' id='word_1_231' title='bbox 1039 1837 1316 1893; x_wconf 87' lang='lat' dir='ltr'><strong>Pannonia</strong></span> <span class='ocrx_word' id='word_1_232' title='bbox 1346 1841 1600 1910; x_wconf 80' lang='lat' dir='ltr'><strong>regressi,</strong></span> <span class='ocrx_word' id='word_1_233' title='bbox 1643 1841 1756 1910; x_wconf 92' lang='lat' dir='ltr'><strong>qui,</strong></span> <span class='ocrx_word' id='word_1_234' title='bbox 1795 1840 2118 1911; x_wconf 86' lang='lat' dir='ltr'><strong>depopulata</strong></span> 
     </span>
    </p>
   </div>
   <div class='ocr_carea' id='block_1_35' title="bbox 523 1929 2116 1988">
    <p class='ocr_par' dir='ltr' id='par_1_35' title="bbox 523 1929 2116 1988">
     <span class='ocr_line' id='line_1_35' title="bbox 523 1929 2116 1988; baseline 0.001 -2"><span class='ocrx_word' id='word_1_235' title='bbox 523 1929 864 1986; x_wconf 80' lang='lat' dir='ltr'><strong>desertorum</strong></span> <span class='ocrx_word' id='word_1_236' title='bbox 926 1939 979 1984; x_wconf 91' lang='lat' dir='ltr'><strong>et</strong></span> <span class='ocrx_word' id='word_1_237' title='bbox 1036 1929 1340 1987; x_wconf 81' lang='lat' dir='ltr'><strong>Liudewito</strong></span> <span class='ocrx_word' id='word_1_238' title='bbox 1405 1932 1817 1987; x_wconf 88' lang='lat' dir='ltr'><strong>adhaerentium</strong></span> <span class='ocrx_word' id='word_1_239' title='bbox 1863 1934 2116 1988; x_wconf 83' lang='lat' dir='ltr'><strong>universa</strong></span> 
     </span>
    </p>
   </div>
   <div class='ocr_carea' id='block_1_36' title="bbox 525 2019 2115 2092">
    <p class='ocr_par' dir='ltr' id='par_1_36' title="bbox 525 2019 2115 2092">
     <span class='ocr_line' id='line_1_36' title="bbox 525 2019 2115 2092; baseline 0.003 -21"><span class='ocrx_word' id='word_1_240' title='bbox 525 2019 767 2090; x_wconf 86' lang='lat' dir='ltr'><strong>regione,</strong></span> <span class='ocrx_word' id='word_1_241' title='bbox 795 2035 918 2075; x_wconf 88' lang='lat' dir='ltr'><strong>cum</strong></span> <span class='ocrx_word' id='word_1_242' title='bbox 952 2021 1130 2075; x_wconf 91' lang='lat' dir='ltr'><strong>nullus</strong></span> <span class='ocrx_word' id='word_1_243' title='bbox 1169 2022 1251 2075; x_wconf 91' lang='lat' dir='ltr'><strong>eis</strong></span> <span class='ocrx_word' id='word_1_244' title='bbox 1274 2022 1486 2091; x_wconf 89' lang='lat' dir='ltr'><strong>copiam</strong></span> <span class='ocrx_word' id='word_1_245' title='bbox 1525 2023 1546 2054; x_wconf 81' lang='grc'><strong>⁸</strong></span> <span class='ocrx_word' id='word_1_246' title='bbox 1573 2023 1846 2092; x_wconf 85' lang='lat' dir='ltr'><strong>pugnandi</strong></span> <span class='ocrx_word' id='word_1_247' title='bbox 1877 2023 2115 2088; x_wconf 83' lang='lat' dir='ltr'><strong>fecisset,</strong></span> 
     </span>
    </p>
   </div>
   <div class='ocr_carea' id='block_1_37' title="bbox 526 2111 2116 2183">
    <p class='ocr_par' dir='ltr' id='par_1_37' title="bbox 526 2111 2116 2183">
     <span class='ocr_line' id='line_1_37' title="bbox 526 2111 2116 2183; baseline 0.003 -21"><span class='ocrx_word' id='word_1_248' title='bbox 526 2115 747 2164; x_wconf 88' lang='lat' dir='ltr'><strong>domum</strong></span> <span class='ocrx_word' id='word_1_249' title='bbox 780 2111 1012 2181; x_wconf 85' lang='lat' dir='ltr'><strong>regressi</strong></span> <span class='ocrx_word' id='word_1_250' title='bbox 1065 2120 1209 2166; x_wconf 92' lang='lat' dir='ltr'><strong>sunt.</strong></span> <span class='ocrx_word' id='word_1_251' title='bbox 1253 2111 1492 2165; x_wconf 86' lang='lat' dir='ltr'><strong>Eminuit</strong></span> <span class='ocrx_word' id='word_1_252' title='bbox 1527 2112 1580 2166; x_wconf 83' lang='lat' dir='ltr'><strong>in</strong></span> <span class='ocrx_word' id='word_1_253' title='bbox 1631 2113 1735 2167; x_wconf 90' lang='lat' dir='ltr'><strong>hoc</strong></span> <span class='ocrx_word' id='word_1_254' title='bbox 1764 2113 1962 2182; x_wconf 89' lang='lat' dir='ltr'><strong>placito</strong></span> <span class='ocrx_word' id='word_1_255' title='bbox 1987 2112 2116 2183; x_wconf 89' lang='lat' dir='ltr'><strong>piis-</strong></span> 
     </span>
    </p>
   </div>
   <div class='ocr_carea' id='block_1_38' title="bbox 524 2199 2118 2271">
    <p class='ocr_par' dir='ltr' id='par_1_38' title="bbox 524 2199 2118 2271">
     <span class='ocr_line' id='line_1_38' title="bbox 524 2199 2118 2271; baseline 0.001 -16"><span class='ocrx_word' id='word_1_256' title='bbox 524 2200 647 2255; x_wconf 79' lang='lat' dir='ltr'><strong>simi</strong></span> <span class='ocrx_word' id='word_1_257' title='bbox 700 2199 1045 2270; x_wconf 88' lang='lat' dir='ltr'><strong>imperatoris</strong></span> <span class='ocrx_word' id='word_1_258' title='bbox 1074 2201 1442 2257; x_wconf 86' lang='lat' dir='ltr'><strong>misericordia</strong></span> <span class='ocrx_word' id='word_1_259' title='bbox 1495 2203 1802 2271; x_wconf 82' lang='lat' dir='ltr'><strong>singularis,</strong></span> <span class='ocrx_word' id='word_1_260' title='bbox 1840 2218 2000 2271; x_wconf 88' lang='lat' dir='ltr'><strong>quam</strong></span> <span class='ocrx_word' id='word_1_261' title='bbox 2033 2217 2118 2256; x_wconf 87' lang='lat' dir='ltr'><strong>os-</strong></span> 
     </span>
    </p>
   </div>
   <div class='ocr_carea' id='block_1_39' title="bbox 525 2289 2111 2362">
    <p class='ocr_par' dir='ltr' id='par_1_39' title="bbox 525 2289 2111 2362">
     <span class='ocr_line' id='line_1_39' title="bbox 525 2289 2111 2362; baseline 0.001 -19"><span class='ocrx_word' id='word_1_262' title='bbox 525 2289 700 2345; x_wconf 83' lang='lat' dir='ltr'><strong>tendit</strong></span> <span class='ocrx_word' id='word_1_263' title='bbox 742 2304 903 2359; x_wconf 87' lang='lat' dir='ltr'><strong>super</strong></span> <span class='ocrx_word' id='word_1_264' title='bbox 921 2305 1032 2356; x_wconf 90' lang='lat' dir='ltr'><strong>eos,</strong></span> <span class='ocrx_word' id='word_1_265' title='bbox 1073 2291 1166 2361; x_wconf 89' lang='lat' dir='ltr'><strong>qui</strong></span> <span class='ocrx_word' id='word_1_266' title='bbox 1189 2306 1313 2346; x_wconf 85' lang='lat' dir='ltr'><strong>eum</strong></span> <span class='ocrx_word' id='word_1_267' title='bbox 1361 2290 1675 2347; x_wconf 88' lang='lat' dir='ltr'><strong>Bernhardo</strong></span> <span class='ocrx_word' id='word_1_268' title='bbox 1712 2303 1908 2362; x_wconf 85' lang='lat' dir='ltr'><strong>nepote</strong></span> <span class='ocrx_word' id='word_1_269' title='bbox 1934 2307 2030 2348; x_wconf 90' lang='lat' dir='ltr'><strong>suo</strong></span> <span class='ocrx_word' id='word_1_270' title='bbox 2059 2294 2111 2346; x_wconf 89' lang='lat' dir='ltr'><strong>in</strong></span> 
     </span>
    </p>
   </div>
   <div class='ocr_carea' id='block_1_40' title="bbox 523 2377 2107 2452">
    <p class='ocr_par' dir='ltr' id='par_1_40' title="bbox 523 2377 2107 2452">
     <span class='ocr_line' id='line_1_40' title="bbox 523 2377 2107 2452; baseline 0.003 -20"><span class='ocrx_word' id='word_1_271' title='bbox 523 2377 676 2432; x_wconf 88' lang='lat' dir='ltr'><strong>Italia</strong></span> <span class='ocrx_word' id='word_1_272' title='bbox 698 2387 891 2434; x_wconf 88' lang='lat' dir='ltr'><strong>contra</strong></span> <span class='ocrx_word' id='word_1_273' title='bbox 917 2387 1079 2449; x_wconf 90' lang='lat' dir='ltr'><strong>caput</strong></span> <span class='ocrx_word' id='word_1_274' title='bbox 1116 2395 1179 2435; x_wconf 91' lang='lat' dir='ltr'><strong>ac</strong></span> <span class='ocrx_word' id='word_1_275' title='bbox 1202 2395 1424 2452; x_wconf 86' lang='lat' dir='ltr'><strong>regnum</strong></span> <span class='ocrx_word' id='word_1_276' title='bbox 1464 2397 1621 2436; x_wconf 88' lang='lat' dir='ltr'><strong>suum</strong></span> <span class='ocrx_word' id='word_1_277' title='bbox 1665 2382 2107 2448; x_wconf 87' lang='lat' dir='ltr'><strong>coniuraverunt,</strong></span> 
     </span>
    </p>
   </div>
   <div class='ocr_carea' id='block_1_41' title="bbox 519 2471 2109 2549">
    <p class='ocr_par' dir='ltr' id='par_1_41' title="bbox 519 2471 2109 2549">
     <span class='ocr_line' id='line_1_41' title="bbox 519 2471 2109 2549; baseline 0.002 -24"><span class='ocrx_word' id='word_1_278' title='bbox 519 2471 721 2540; x_wconf 86' lang='lat' dir='ltr'><strong>quibus</strong></span> <span class='ocrx_word' id='word_1_279' title='bbox 750 2471 821 2526; x_wconf 78' lang='lat' dir='ltr'><strong>ibi</strong></span> <span class='ocrx_word' id='word_1_280' title='bbox 864 2472 929 2527; x_wconf 91' lang='lat' dir='ltr'><strong>ad</strong></span> <span class='ocrx_word' id='word_1_281' title='bbox 963 2473 1325 2542; x_wconf 88' lang='lat' dir='ltr'><strong>praesentiam</strong></span> <span class='ocrx_word' id='word_1_282' title='bbox 1351 2474 1537 2528; x_wconf 90' lang='lat' dir='ltr'><strong>venire</strong></span> <span class='ocrx_word' id='word_1_283' title='bbox 1584 2475 1765 2549; x_wconf 75' lang='lat' dir='ltr'><strong>iussis,</strong></span> <span class='ocrx_word' id='word_1_284' title='bbox 1798 2489 1904 2528; x_wconf 89' lang='lat' dir='ltr'><strong>non</strong></span> <span class='ocrx_word' id='word_1_285' title='bbox 1933 2474 2109 2528; x_wconf 90' lang='lat' dir='ltr'><strong>solum</strong></span> 
     </span>
    </p>
   </div>
   <div class='ocr_carea' id='block_1_42' title="bbox 519 2563 2110 2633">
    <p class='ocr_par' dir='ltr' id='par_1_42' title="bbox 519 2563 2110 2633">
     <span class='ocr_line' id='line_1_42' title="bbox 519 2563 2110 2633; baseline 0.003 -18"><span class='ocrx_word' id='word_1_286' title='bbox 519 2563 684 2618; x_wconf 90' lang='lat' dir='ltr'><strong>vitam</strong></span> <span class='ocrx_word' id='word_1_287' title='bbox 727 2572 783 2619; x_wconf 90' lang='lat' dir='ltr'><strong>et</strong></span> <span class='ocrx_word' id='word_1_288' title='bbox 838 2565 1080 2619; x_wconf 90' lang='lat' dir='ltr'><strong>membra</strong></span> <span class='ocrx_word' id='word_1_289' title='bbox 1134 2563 1155 2595; x_wconf 83' lang='grc'><strong>⁹</strong></span> <span class='ocrx_word' id='word_1_290' title='bbox 1206 2565 1495 2629; x_wconf 88' lang='lat' dir='ltr'><strong>concessit,</strong></span> <span class='ocrx_word' id='word_1_291' title='bbox 1543 2579 1732 2619; x_wconf 87' lang='lat' dir='ltr'><strong>verum</strong></span> <span class='ocrx_word' id='word_1_292' title='bbox 1781 2564 1946 2618; x_wconf 90' lang='lat' dir='ltr'><strong>etiam</strong></span> <span class='ocrx_word' id='word_1_293' title='bbox 1987 2580 2110 2633; x_wconf 89' lang='lat' dir='ltr'><strong>pos-</strong></span> 
     </span>
    </p>
   </div>
   <div class='ocr_carea' id='block_1_43' title="bbox 518 2655 2106 2727">
    <p class='ocr_par' dir='ltr' id='par_1_43' title="bbox 518 2655 2106 2727">
     <span class='ocr_line' id='line_1_43' title="bbox 518 2655 2106 2727; baseline -0.001 -17"><span class='ocrx_word' id='word_1_294' title='bbox 518 2656 790 2711; x_wconf 84' lang='lat' dir='ltr'><strong>sessiones</strong></span> <span class='ocrx_word' id='word_1_295' title='bbox 833 2657 1031 2712; x_wconf 90' lang='lat' dir='ltr'><strong>indicio</strong></span> <span class='ocrx_word' id='word_1_296' title='bbox 1081 2657 1217 2727; x_wconf 88' lang='lat' dir='ltr'><strong>legis</strong></span> <span class='ocrx_word' id='word_1_297' title='bbox 1264 2657 1318 2710; x_wconf 93' lang='lat' dir='ltr'><strong>in</strong></span> <span class='ocrx_word' id='word_1_298' title='bbox 1372 2655 1562 2711; x_wconf 85' lang='lat' dir='ltr'><strong>fiscum</strong></span> <span class='ocrx_word' id='word_1_299' title='bbox 1606 2657 1856 2711; x_wconf 90' lang='lat' dir='ltr'><strong>redactas</strong></span> <span class='ocrx_word' id='word_1_300' title='bbox 1915 2670 2106 2727; x_wconf 88' lang='lat' dir='ltr'><strong>magna</strong></span> 
     </span>
    </p>
   </div>
   <div class='ocr_carea' id='block_1_44' title="bbox 516 2745 2107 2817">
    <p class='ocr_par' dir='ltr' id='par_1_44' title="bbox 516 2745 2107 2817">
     <span class='ocr_line' id='line_1_44' title="bbox 516 2745 2107 2817; baseline 0.001 -19"><span class='ocrx_word' id='word_1_301' title='bbox 516 2745 844 2803; x_wconf 86' lang='lat' dir='ltr'><strong>liberalitate</strong></span> <span class='ocrx_word' id='word_1_302' title='bbox 870 2747 911 2778; x_wconf 88' lang='grc'><strong>¹⁰</strong></span> <span class='ocrx_word' id='word_1_303' title='bbox 942 2749 1195 2808; x_wconf 83' lang='lat' dir='ltr'><strong>restituit.</strong></span> <span class='ocrx_word' id='word_1_304' title='bbox 1222 2747 1586 2803; x_wconf 74' lang='lat' dir='ltr'><strong>Ada’lhardum</strong></span> <span class='ocrx_word' id='word_1_305' title='bbox 1614 2760 1828 2817; x_wconf 84' lang='lat' dir='ltr'><strong>quoque</strong></span> <span class='ocrx_word' id='word_1_306' title='bbox 1854 2746 1920 2800; x_wconf 87' lang='lat' dir='ltr'><strong>de</strong></span> <span class='ocrx_word' id='word_1_307' title='bbox 1944 2745 2107 2816; x_wconf 81' lang='lat' dir='ltr'><strong>Aqui-</strong></span> 
     </span>
    </p>
   </div>
   <div class='ocr_carea' id='block_1_45' title="bbox 521 2840 2105 2907">
    <p class='ocr_par' dir='ltr' id='par_1_45' title="bbox 521 2840 2105 2907">
     <span class='ocr_line' id='line_1_45' title="bbox 521 2840 2105 2907; baseline 0.001 -13"><span class='ocrx_word' id='word_1_308' title='bbox 521 2840 666 2894; x_wconf 85' lang='lat' dir='ltr'><strong>tania</strong></span> <span class='ocrx_word' id='word_1_309' title='bbox 697 2840 761 2907; x_wconf 83' lang='lat'><strong>“,</strong></span> <span class='ocrx_word' id='word_1_310' title='bbox 800 2841 890 2896; x_wconf 90' lang='lat' dir='ltr'><strong>ubi</strong></span> <span class='ocrx_word' id='word_1_311' title='bbox 938 2843 1214 2907; x_wconf 80' lang='lat' dir='ltr'><strong>exulabat,</strong></span> <span class='ocrx_word' id='word_1_312' title='bbox 1265 2853 1569 2906; x_wconf 88' lang='lat' dir='ltr'><strong>evocatum,</strong></span> <span class='ocrx_word' id='word_1_313' title='bbox 1605 2841 1868 2896; x_wconf 89' lang='lat' dir='ltr'><strong>Corbeiae</strong></span> <span class='ocrx_word' id='word_1_314' title='bbox 1917 2857 2105 2895; x_wconf 82' lang='lat' dir='ltr'><strong>mena-</strong></span> 
     </span>
    </p>
   </div>
   <div class='ocr_carea' id='block_1_46' title="bbox 513 2920 2104 3003">
    <p class='ocr_par' dir='ltr' id='par_1_46' title="bbox 513 2920 2104 3003">
     <span class='ocr_line' id='line_1_46' title="bbox 513 2920 2104 3003; baseline -0.001 -15"><span class='ocrx_word' id='word_1_315' title='bbox 513 2931 706 2997; x_wconf 79' lang='lat' dir='ltr'><strong>sterio,</strong></span> <span class='ocrx_word' id='word_1_316' title='bbox 745 2941 805 2986; x_wconf 92' lang='lat' dir='ltr'><strong>ut</strong></span> <span class='ocrx_word' id='word_1_317' title='bbox 851 2933 1002 3003; x_wconf 88' lang='lat' dir='ltr'><strong>prius</strong></span> <span class='ocrx_word' id='word_1_318' title='bbox 1040 2920 1236 2998; x_wconf 84' lang='lat' dir='ltr'><strong>fuerat,</strong></span> <span class='ocrx_word' id='word_1_319' title='bbox 1273 2932 1522 2989; x_wconf 88' lang='lat' dir='ltr'><strong>abbatem</strong></span> <span class='ocrx_word' id='word_1_320' title='bbox 1570 2947 1636 2988; x_wconf 91' lang='lat' dir='ltr'><strong>ac</strong></span> <span class='ocrx_word' id='word_1_321' title='bbox 1684 2941 1954 2988; x_wconf 76' lang='lat' dir='ltr'><strong>rectorem</strong></span> <span class='ocrx_word' id='word_1_322' title='bbox 1982 2946 2104 2986; x_wconf 91' lang='lat' dir='ltr'><strong>esse</strong></span> 
     </span>
    </p>
   </div>
   <div class='ocr_carea' id='block_1_47' title="bbox 515 3025 2100 3096">
    <p class='ocr_par' dir='ltr' id='par_1_47' title="bbox 515 3025 2100 3096">
     <span class='ocr_line' id='line_1_47' title="bbox 515 3025 2100 3096; baseline -0.001 -15"><span class='ocrx_word' id='word_1_323' title='bbox 515 3025 696 3092; x_wconf 85' lang='lat' dir='ltr'><strong>iussit,</strong></span> <span class='ocrx_word' id='word_1_324' title='bbox 757 3042 880 3081; x_wconf 90' lang='lat' dir='ltr'><strong>cum</strong></span> <span class='ocrx_word' id='word_1_325' title='bbox 933 3043 1040 3096; x_wconf 88' lang='lat' dir='ltr'><strong>quo</strong></span> <span class='ocrx_word' id='word_1_326' title='bbox 1081 3036 1136 3081; x_wconf 88' lang='lat' dir='ltr'><strong>et</strong></span> <span class='ocrx_word' id='word_1_327' title='bbox 1167 3026 1529 3082; x_wconf 86' lang='lat' dir='ltr'><strong>Bernbarium</strong></span> <span class='ocrx_word' id='word_1_328' title='bbox 1559 3027 1626 3092; x_wconf 81' lang='grc'><strong>¹²,</strong></span> <span class='ocrx_word' id='word_1_329' title='bbox 1685 3025 1914 3081; x_wconf 80' lang='lat' dir='ltr'><strong>fratrem</strong></span> <span class='ocrx_word' id='word_1_330' title='bbox 1964 3025 2100 3087; x_wconf 84' lang='lat' dir='ltr'><strong>eius,</strong></span> 
     </span>
    </p>
   </div>
   <div class='ocr_carea' id='block_1_48' title="bbox 2222 1829 3781 1904">
    <p class='ocr_par' dir='ltr' id='par_1_48' title="bbox 2222 1829 3781 1904">
     <span class='ocr_line' id='line_1_48' title="bbox 2222 1829 3781 1904; baseline 0.006 -23"><span class='ocrx_word' id='word_1_331' title='bbox 2222 1829 2363 1887; x_wconf 87' lang='lat' dir='ltr'><strong>latus</strong></span> <span class='ocrx_word' id='word_1_332' title='bbox 2402 1838 2506 1895; x_wconf 91' lang='lat' dir='ltr'><strong>est,</strong></span> <span class='ocrx_word' id='word_1_333' title='bbox 2550 1837 2604 1883; x_wconf 90' lang='lat' dir='ltr'><strong>et</strong></span> <span class='ocrx_word' id='word_1_334' title='bbox 2645 1831 2714 1884; x_wconf 90' lang='lat' dir='ltr'><strong>ab</strong></span> <span class='ocrx_word' id='word_1_335' title='bbox 2755 1845 2818 1885; x_wconf 90' lang='lat' dir='ltr'><strong>eo</strong></span> <span class='ocrx_word' id='word_1_336' title='bbox 2855 1830 2992 1896; x_wconf 90' lang='lat' dir='ltr'><strong>loco,</strong></span> <span class='ocrx_word' id='word_1_337' title='bbox 3038 1831 3092 1885; x_wconf 91' lang='lat' dir='ltr'><strong>in</strong></span> <span class='ocrx_word' id='word_1_338' title='bbox 3124 1847 3232 1902; x_wconf 89' lang='lat' dir='ltr'><strong>quo</strong></span> <span class='ocrx_word' id='word_1_339' title='bbox 3280 1844 3524 1904; x_wconf 87' lang='lat' dir='ltr'><strong>sumptus</strong></span> <span class='ocrx_word' id='word_1_340' title='bbox 3562 1845 3661 1900; x_wconf 86' lang='lat' dir='ltr'><strong>est,</strong></span> <span class='ocrx_word' id='word_1_341' title='bbox 3711 1838 3781 1890; x_wconf 77' lang='lat' dir='ltr'><strong>ri-</strong></span> 
     </span>
    </p>
   </div>
   <div class='ocr_carea' id='block_1_49' title="bbox 2219 1919 3777 1990">
    <p class='ocr_par' dir='ltr' id='par_1_49' title="bbox 2219 1919 3777 1990">
     <span class='ocr_line' id='line_1_49' title="bbox 2219 1919 3777 1990; baseline 0.004 -18"><span class='ocrx_word' id='word_1_342' title='bbox 2219 1919 2353 1988; x_wconf 84' lang='lat' dir='ltr'><strong>ginti</strong></span> <span class='ocrx_word' id='word_1_343' title='bbox 2389 1921 2626 1989; x_wconf 84' lang='lat' dir='ltr'><strong>quinque</strong></span> <span class='ocrx_word' id='word_1_344' title='bbox 2678 1919 2874 1990; x_wconf 87' lang='lat' dir='ltr'><strong>pedum</strong></span> <span class='ocrx_word' id='word_1_345' title='bbox 2925 1922 3102 1989; x_wconf 89' lang='lat' dir='ltr'><strong>spatio</strong></span> <span class='ocrx_word' id='word_1_346' title='bbox 3155 1922 3363 1977; x_wconf 88' lang='lat' dir='ltr'><strong>distans</strong></span> <span class='ocrx_word' id='word_1_347' title='bbox 3396 1925 3646 1981; x_wconf 90' lang='lat' dir='ltr'><strong>inventus</strong></span> <span class='ocrx_word' id='word_1_348' title='bbox 3687 1937 3777 1981; x_wconf 89' lang='lat' dir='ltr'><strong>est.</strong></span> 
     </span>
    </p>
   </div>
   <div class='ocr_carea' id='block_1_50' title="bbox 2217 2009 3781 2084">
    <p class='ocr_par' dir='ltr' id='par_1_50' title="bbox 2217 2009 3781 2084">
     <span class='ocr_line' id='line_1_50' title="bbox 2217 2009 3781 2084; baseline 0.005 -19"><span class='ocrx_word' id='word_1_349' title='bbox 2217 2009 2350 2066; x_wconf 90' lang='lat' dir='ltr'><strong>Item</strong></span> <span class='ocrx_word' id='word_1_350' title='bbox 2375 2012 2429 2066; x_wconf 90' lang='lat' dir='ltr'><strong>in</strong></span> <span class='ocrx_word' id='word_1_351' title='bbox 2454 2020 2608 2082; x_wconf 89' lang='lat' dir='ltr'><strong>parte</strong></span> <span class='ocrx_word' id='word_1_352' title='bbox 2643 2013 2893 2068; x_wconf 88' lang='lat' dir='ltr'><strong>orientali</strong></span> <span class='ocrx_word' id='word_1_353' title='bbox 2918 2012 3187 2068; x_wconf 79' lang='lat' dir='ltr'><strong>Saxoniae</strong></span> <span class='ocrx_word' id='word_1_354' title='bbox 3212 2030 3350 2084; x_wconf 88' lang='lat' dir='ltr'><strong>quae</strong></span> <span class='ocrx_word' id='word_1_355' title='bbox 3381 2016 3708 2072; x_wconf 84' lang='lat' dir='ltr'><strong>Soraborum</strong></span> <span class='ocrx_word' id='word_1_356' title='bbox 3743 2020 3781 2049; x_wconf 81' lang='grc'><strong>⁸³</strong></span> 
     </span>
    </p>
   </div>
   <div class='ocr_carea' id='block_1_51' title="bbox 2218 2100 3778 2175">
    <p class='ocr_par' dir='ltr' id='par_1_51' title="bbox 2218 2100 3778 2175">
     <span class='ocr_line' id='line_1_51' title="bbox 2218 2100 3778 2175; baseline 0.006 -21"><span class='ocrx_word' id='word_1_357' title='bbox 2218 2100 2415 2157; x_wconf 82' lang='lat' dir='ltr'><strong>ﬁnibus</strong></span> <span class='ocrx_word' id='word_1_358' title='bbox 2465 2104 2716 2175; x_wconf 87' lang='lat' dir='ltr'><strong>contigua</strong></span> <span class='ocrx_word' id='word_1_359' title='bbox 2779 2112 2900 2169; x_wconf 88' lang='lat' dir='ltr'><strong>est,</strong></span> <span class='ocrx_word' id='word_1_360' title='bbox 2953 2104 3008 2158; x_wconf 92' lang='lat' dir='ltr'><strong>in</strong></span> <span class='ocrx_word' id='word_1_361' title='bbox 3072 2105 3308 2173; x_wconf 86' lang='lat' dir='ltr'><strong>quodam</strong></span> <span class='ocrx_word' id='word_1_362' title='bbox 3364 2106 3578 2162; x_wconf 87' lang='lat' dir='ltr'><strong>deserto</strong></span> <span class='ocrx_word' id='word_1_363' title='bbox 3635 2109 3778 2170; x_wconf 90' lang='lat' dir='ltr'><strong>loco.</strong></span> 
     </span>
    </p>
   </div>
   <div class='ocr_carea' id='block_1_52' title="bbox 2215 2194 3781 2272">
    <p class='ocr_par' dir='ltr' id='par_1_52' title="bbox 2215 2194 3781 2272">
     <span class='ocr_line' id='line_1_52' title="bbox 2215 2194 3781 2272; baseline 0.005 -23"><span class='ocrx_word' id='word_1_364' title='bbox 2215 2195 2362 2249; x_wconf 85' lang='lat' dir='ltr'><strong>iuxta</strong></span> <span class='ocrx_word' id='word_1_365' title='bbox 2427 2194 2601 2250; x_wconf 91' lang='lat' dir='ltr'><strong>lacum</strong></span> <span class='ocrx_word' id='word_1_366' title='bbox 2640 2198 2736 2265; x_wconf 88' lang='lat' dir='ltr'><strong>qui</strong></span> <span class='ocrx_word' id='word_1_367' title='bbox 2784 2195 2981 2252; x_wconf 91' lang='lat' dir='ltr'><strong>dicitur</strong></span> <span class='ocrx_word' id='word_1_368' title='bbox 3022 2196 3231 2255; x_wconf 84' lang='lat' dir='ltr'><strong>Arnseo</strong></span> <span class='ocrx_word' id='word_1_369' title='bbox 3261 2199 3312 2262; x_wconf 73' lang='grc' dir='ltr'><strong>δ,</strong></span> <span class='ocrx_word' id='word_1_370' title='bbox 3353 2199 3406 2253; x_wconf 92' lang='lat' dir='ltr'><strong>in</strong></span> <span class='ocrx_word' id='word_1_371' title='bbox 3437 2200 3653 2256; x_wconf 88' lang='lat' dir='ltr'><strong>modum</strong></span> <span class='ocrx_word' id='word_1_372' title='bbox 3702 2219 3781 2272; x_wconf 64' lang='grc' dir='ltr'><strong>εει</strong></span> 
     </span>
    </p>
   </div>
   <div class='ocr_carea' id='block_1_53' title="bbox 2215 2289 3778 2363">
    <p class='ocr_par' dir='ltr' id='par_1_53' title="bbox 2215 2289 3778 2363">
     <span class='ocr_line' id='line_1_53' title="bbox 2215 2289 3778 2363; baseline 0.004 -21"><span class='ocrx_word' id='word_1_373' title='bbox 2215 2289 2359 2357; x_wconf 86' lang='lat' dir='ltr'><strong>geris</strong></span> <span class='ocrx_word' id='word_1_374' title='bbox 2412 2298 2559 2344; x_wconf 89' lang='lat' dir='ltr'><strong>terra</strong></span> <span class='ocrx_word' id='word_1_375' title='bbox 2598 2290 2873 2354; x_wconf 88' lang='lat' dir='ltr'><strong>intumuit,</strong></span> <span class='ocrx_word' id='word_1_376' title='bbox 2921 2297 2975 2346; x_wconf 86' lang='lat' dir='ltr'><strong>et</strong></span> <span class='ocrx_word' id='word_1_377' title='bbox 3009 2289 3235 2346; x_wconf 86' lang='lat' dir='ltr'><strong>limitem</strong></span> <span class='ocrx_word' id='word_1_378' title='bbox 3280 2291 3440 2346; x_wconf 81' lang='lat' dir='ltr'><strong>unius</strong></span> <span class='ocrx_word' id='word_1_379' title='bbox 3497 2291 3685 2363; x_wconf 87' lang='lat' dir='ltr'><strong>Ieugae</strong></span> <span class='ocrx_word' id='word_1_380' title='bbox 3742 2295 3778 2324; x_wconf 81' lang='lat'><strong>&quot;</strong></span> 
     </span>
    </p>
   </div>
   <div class='ocr_carea' id='block_1_54' title="bbox 2213 2379 3782 2454">
    <p class='ocr_par' dir='ltr' id='par_1_54' title="bbox 2213 2379 3782 2454">
     <span class='ocr_line' id='line_1_54' title="bbox 2213 2379 3782 2454; baseline 0.004 -20"><span class='ocrx_word' id='word_1_381' title='bbox 2213 2379 2545 2453; x_wconf 79' lang='lat' dir='ltr'><strong>longitudine</strong></span> <span class='ocrx_word' id='word_1_382' title='bbox 2593 2391 2900 2452; x_wconf 90' lang='lat' dir='ltr'><strong>porrectum</strong></span> <span class='ocrx_word' id='word_1_383' title='bbox 2931 2383 3032 2437; x_wconf 88' lang='lat' dir='ltr'><strong>sub</strong></span> <span class='ocrx_word' id='word_1_384' title='bbox 3081 2382 3237 2437; x_wconf 90' lang='lat' dir='ltr'><strong>unius</strong></span> <span class='ocrx_word' id='word_1_385' title='bbox 3281 2384 3455 2438; x_wconf 91' lang='lat' dir='ltr'><strong>noctis</strong></span> <span class='ocrx_word' id='word_1_386' title='bbox 3475 2387 3649 2454; x_wconf 87' lang='lat' dir='ltr'><strong>spatio</strong></span> <span class='ocrx_word' id='word_1_387' title='bbox 3673 2387 3782 2441; x_wconf 81' lang='lat' dir='ltr'><strong>abs-</strong></span> 
     </span>
    </p>
   </div>
   <div class='ocr_carea' id='block_1_55' title="bbox 2211 2473 3781 2544">
    <p class='ocr_par' dir='ltr' id='par_1_55' title="bbox 2211 2473 3781 2544">
     <span class='ocr_line' id='line_1_55' title="bbox 2211 2473 3781 2544; baseline 0.003 -17"><span class='ocrx_word' id='word_1_388' title='bbox 2211 2487 2316 2542; x_wconf 89' lang='lat' dir='ltr'><strong>que</strong></span> <span class='ocrx_word' id='word_1_389' title='bbox 2345 2474 2566 2528; x_wconf 88' lang='lat' dir='ltr'><strong>humani</strong></span> <span class='ocrx_word' id='word_1_390' title='bbox 2595 2474 2774 2544; x_wconf 82' lang='lat' dir='ltr'><strong>Operis</strong></span> <span class='ocrx_word' id='word_1_391' title='bbox 2809 2473 3086 2527; x_wconf 91' lang='lat' dir='ltr'><strong>molimine</strong></span> <span class='ocrx_word' id='word_1_392' title='bbox 3127 2474 3193 2528; x_wconf 91' lang='lat' dir='ltr'><strong>ad</strong></span> <span class='ocrx_word' id='word_1_393' title='bbox 3220 2474 3392 2529; x_wconf 88' lang='lat' dir='ltr'><strong>instar</strong></span> <span class='ocrx_word' id='word_1_394' title='bbox 3432 2475 3556 2530; x_wconf 87' lang='lat' dir='ltr'><strong>valli</strong></span> <span class='ocrx_word' id='word_1_395' title='bbox 3607 2477 3781 2532; x_wconf 65' lang='lat' dir='ltr'><strong>subre</strong></span> 
     </span>
    </p>
   </div>
   <div class='ocr_carea' id='block_1_56' title="bbox 2211 2562 3784 2634">
    <p class='ocr_par' dir='ltr' id='par_1_56' title="bbox 2211 2562 3784 2634">
     <span class='ocr_line' id='line_1_56' title="bbox 2211 2562 3784 2634; baseline 0.003 -18"><span class='ocrx_word' id='word_1_396' title='bbox 2211 2564 2291 2617; x_wconf 80' lang='lat' dir='ltr'><strong>xit</strong></span> <span class='ocrx_word' id='word_1_397' title='bbox 2341 2565 2404 2615; x_wconf 78' lang='grc'><strong>’⁸.</strong></span> <span class='ocrx_word' id='word_1_398' title='bbox 2441 2563 2736 2634; x_wconf 79' lang='lat' dir='ltr'><strong>Winigisus</strong></span> <span class='ocrx_word' id='word_1_399' title='bbox 2770 2563 2838 2628; x_wconf 80' lang='lat'><strong>’°,</strong></span> <span class='ocrx_word' id='word_1_400' title='bbox 2882 2564 2990 2618; x_wconf 79' lang='lat' dir='ltr'><strong>dux</strong></span> <span class='ocrx_word' id='word_1_401' title='bbox 3031 2562 3328 2633; x_wconf 88' lang='lat' dir='ltr'><strong>Spolitinus</strong></span> <span class='ocrx_word' id='word_1_402' title='bbox 3372 2565 3437 2630; x_wconf 78' lang='grc' dir='ltr'><strong>³ο,</strong></span> <span class='ocrx_word' id='word_1_403' title='bbox 3491 2566 3598 2620; x_wconf 87' lang='lat' dir='ltr'><strong>iam</strong></span> <span class='ocrx_word' id='word_1_404' title='bbox 3645 2568 3784 2622; x_wconf 86' lang='lat' dir='ltr'><strong>senio</strong></span> 
     </span>
    </p>
   </div>
   <div class='ocr_carea' id='block_1_57' title="bbox 2211 2651 3785 2722">
    <p class='ocr_par' dir='ltr' id='par_1_57' title="bbox 2211 2651 3785 2722">
     <span class='ocr_line' id='line_1_57' title="bbox 2211 2651 3785 2722; baseline 0.001 -14"><span class='ocrx_word' id='word_1_405' title='bbox 2211 2651 2511 2715; x_wconf 89' lang='lat' dir='ltr'><strong>confectus,</strong></span> <span class='ocrx_word' id='word_1_406' title='bbox 2591 2654 2780 2721; x_wconf 89' lang='lat' dir='ltr'><strong>habitu</strong></span> <span class='ocrx_word' id='word_1_407' title='bbox 2839 2652 3102 2708; x_wconf 86' lang='lat' dir='ltr'><strong>saeculari</strong></span> <span class='ocrx_word' id='word_1_408' title='bbox 3150 2653 3412 2722; x_wconf 79' lang='lat' dir='ltr'><strong>deposito,</strong></span> <span class='ocrx_word' id='word_1_409' title='bbox 3466 2657 3785 2710; x_wconf 86' lang='lat' dir='ltr'><strong>monasticae</strong></span> 
     </span>
    </p>
   </div>
   <div class='ocr_carea' id='block_1_58' title="bbox 2211 2741 3785 2813">
    <p class='ocr_par' dir='ltr' id='par_1_58' title="bbox 2211 2741 3785 2813">
     <span class='ocr_line' id='line_1_58' title="bbox 2211 2741 3785 2813; baseline 0.001 -15"><span class='ocrx_word' id='word_1_410' title='bbox 2211 2741 2606 2798; x_wconf 87' lang='lat' dir='ltr'><strong>conversationi</strong></span> <span class='ocrx_word' id='word_1_411' title='bbox 2656 2757 2716 2796; x_wconf 90' lang='lat' dir='ltr'><strong>se</strong></span> <span class='ocrx_word' id='word_1_412' title='bbox 2742 2741 3090 2811; x_wconf 89' lang='lat' dir='ltr'><strong>mancipavit,</strong></span> <span class='ocrx_word' id='word_1_413' title='bbox 3136 2756 3200 2795; x_wconf 88' lang='lat' dir='ltr'><strong>ac</strong></span> <span class='ocrx_word' id='word_1_414' title='bbox 3221 2755 3328 2796; x_wconf 88' lang='lat' dir='ltr'><strong>non</strong></span> <span class='ocrx_word' id='word_1_415' title='bbox 3373 2743 3542 2798; x_wconf 88' lang='lat' dir='ltr'><strong>multo</strong></span> <span class='ocrx_word' id='word_1_416' title='bbox 3564 2753 3688 2813; x_wconf 88' lang='lat' dir='ltr'><strong>post</strong></span> <span class='ocrx_word' id='word_1_417' title='bbox 3711 2753 3785 2798; x_wconf 51' lang='lat' dir='ltr'><strong>ta-</strong></span> 
     </span>
    </p>
   </div>
   <div class='ocr_carea' id='block_1_59' title="bbox 2210 2831 3786 2902">
    <p class='ocr_par' dir='ltr' id='par_1_59' title="bbox 2210 2831 3786 2902">
     <span class='ocr_line' id='line_1_59' title="bbox 2210 2831 3786 2902; baseline -0.001 -14"><span class='ocrx_word' id='word_1_418' title='bbox 2210 2840 2330 2888; x_wconf 89' lang='lat' dir='ltr'><strong>ctus</strong></span> <span class='ocrx_word' id='word_1_419' title='bbox 2377 2834 2620 2902; x_wconf 89' lang='lat' dir='ltr'><strong>corporis</strong></span> <span class='ocrx_word' id='word_1_420' title='bbox 2659 2831 2975 2887; x_wconf 68' lang='lat' dir='ltr'><strong>infirmitate</strong></span> <span class='ocrx_word' id='word_1_421' title='bbox 3002 2831 3268 2897; x_wconf 86' lang='lat' dir='ltr'><strong>decessit;</strong></span> <span class='ocrx_word' id='word_1_422' title='bbox 3322 2832 3378 2886; x_wconf 86' lang='lat' dir='ltr'><strong>in</strong></span> <span class='ocrx_word' id='word_1_423' title='bbox 3436 2833 3589 2888; x_wconf 81' lang='lat' dir='ltr'><strong>cuius</strong></span> <span class='ocrx_word' id='word_1_424' title='bbox 3616 2833 3786 2889; x_wconf 83' lang='lat' dir='ltr'><strong>locum</strong></span> 
     </span>
    </p>
   </div>
   <div class='ocr_carea' id='block_1_60' title="bbox 2212 2921 3789 2992">
    <p class='ocr_par' dir='ltr' id='par_1_60' title="bbox 2212 2921 3789 2992">
     <span class='ocr_line' id='line_1_60' title="bbox 2212 2921 3789 2992; baseline 0.001 -15"><span class='ocrx_word' id='word_1_425' title='bbox 2212 2921 2413 2992; x_wconf 86' lang='lat' dir='ltr'><strong>Suppo,</strong></span> <span class='ocrx_word' id='word_1_426' title='bbox 2459 2922 2674 2977; x_wconf 80' lang='lat' dir='ltr'><strong>Brixiae</strong></span> <span class='ocrx_word' id='word_1_427' title='bbox 2742 2934 2764 2961; x_wconf 85' lang='grc' dir='ltr'><strong><em>ο</em></strong></span> <span class='ocrx_word' id='word_1_428' title='bbox 2831 2922 3068 2979; x_wconf 84' lang='lat' dir='ltr'><strong>civitatis</strong></span> <span class='ocrx_word' id='word_1_429' title='bbox 3130 2925 3173 2958; x_wconf 79' lang='grc'><strong><em>³⁸</em></strong></span> <span class='ocrx_word' id='word_1_430' title='bbox 3215 2937 3417 2990; x_wconf 87' lang='lat' dir='ltr'><strong>comes,</strong></span> <span class='ocrx_word' id='word_1_431' title='bbox 3469 2925 3789 2980; x_wconf 78' lang='lat' dir='ltr'><strong>substitutus</strong></span> 
     </span>
    </p>
   </div>
   <div class='ocr_carea' id='block_1_61' title="bbox 2209 3013 3791 3088">
    <p class='ocr_par' dir='ltr' id='par_1_61' title="bbox 2209 3013 3791 3088">
     <span class='ocr_line' id='line_1_61' title="bbox 2209 3013 3791 3088; baseline 0.001 -19"><span class='ocrx_word' id='word_1_432' title='bbox 2209 3021 2292 3069; x_wconf 87' lang='lat' dir='ltr'><strong>est</strong></span> <span class='ocrx_word' id='word_1_433' title='bbox 2321 3013 2386 3067; x_wconf 84' lang='grc'><strong>⁸¹.</strong></span> <span class='ocrx_word' id='word_1_434' title='bbox 2431 3013 2670 3069; x_wconf 82' lang='lat' dir='ltr'><strong>Domnus</strong></span> <span class='ocrx_word' id='word_1_435' title='bbox 2700 3014 3013 3086; x_wconf 82' lang='lat' dir='ltr'><strong>imperator,</strong></span> <span class='ocrx_word' id='word_1_436' title='bbox 3068 3018 3296 3074; x_wconf 86' lang='lat' dir='ltr'><strong>consilio</strong></span> <span class='ocrx_word' id='word_1_437' title='bbox 3347 3033 3476 3073; x_wconf 90' lang='lat' dir='ltr'><strong>cum</strong></span> <span class='ocrx_word' id='word_1_438' title='bbox 3528 3018 3791 3088; x_wconf 74' lang='lat' dir='ltr'><strong>episcopis</strong></span> 
     </span>
    </p>
   </div>
   <div class='ocr_carea' id='block_1_62' title="bbox 520 3102 3792 3185">
    <p class='ocr_par' dir='ltr' id='par_1_62' title="bbox 520 3102 3792 3185">
     <span class='ocr_line' id='line_1_62' title="bbox 520 3102 3792 3185; baseline 0.003 -15"><span class='ocrx_word' id='word_1_439' title='bbox 520 3117 926 3172; x_wconf 83' lang='lat' dir='ltr'><strong>reconciliatum</strong></span> <span class='ocrx_word' id='word_1_440' title='bbox 965 3117 1142 3172; x_wconf 84' lang='lat' dir='ltr'><strong>eidem</strong></span> <span class='ocrx_word' id='word_1_441' title='bbox 1192 3116 1528 3172; x_wconf 87' lang='lat' dir='ltr'><strong>monasterio</strong></span> <span class='ocrx_word' id='word_1_442' title='bbox 1569 3117 1832 3181; x_wconf 85' lang='lat' dir='ltr'><strong>reddidit;</strong></span> <span class='ocrx_word' id='word_1_443' title='bbox 1861 3116 2102 3185; x_wconf 85' lang='lat' dir='ltr'><strong>comple-</strong></span> <span class='ocrx_word' id='word_1_444' title='bbox 2133 3102 2177 3165; x_wconf 84' lang='lat' dir='ltr'>C</span> <span class='ocrx_word' id='word_1_445' title='bbox 2209 3114 2266 3160; x_wconf 72' lang='grc' dir='ltr'><strong>εί</strong></span> <span class='ocrx_word' id='word_1_446' title='bbox 2305 3105 2656 3176; x_wconf 48' lang='lat' dir='ltr'><strong>Opimam)“</strong></span> <span class='ocrx_word' id='word_1_447' title='bbox 2717 3108 2830 3161; x_wconf 67' lang='lat' dir='ltr'><strong>suis</strong></span> <span class='ocrx_word' id='word_1_448' title='bbox 2883 3108 3090 3174; x_wconf 67' lang='lat' dir='ltr'><strong>habith</strong></span> <span class='ocrx_word' id='word_1_449' title='bbox 3160 3108 3421 3165; x_wconf 58' lang='lat' dir='ltr'><strong>fratribus</strong></span> <span class='ocrx_word' id='word_1_450' title='bbox 3479 3110 3615 3173; x_wconf 72' lang='grc' dir='ltr'><strong>ευίδο</strong></span> <span class='ocrx_word' id='word_1_451' title='bbox 3662 3123 3792 3179; x_wconf 72' lang='grc'><strong>(11³0⁸</strong></span> 
     </span>
    </p>
   </div>
   <div class='ocr_carea' id='block_1_63' title="bbox 519 3203 2105 3277">
    <p class='ocr_par' dir='ltr' id='par_1_63' title="bbox 519 3203 2105 3277">
     <span class='ocr_line' id='line_1_63' title="bbox 519 3203 2105 3277; baseline -0.001 -17"><span class='ocrx_word' id='word_1_452' title='bbox 519 3205 696 3277; x_wconf 72' lang='lat' dir='ltr'><strong>usque</strong></span> <span class='ocrx_word' id='word_1_453' title='bbox 733 3206 821 3261; x_wconf 89' lang='lat' dir='ltr'><strong>his</strong></span> <span class='ocrx_word' id='word_1_454' title='bbox 851 3222 992 3276; x_wconf 89' lang='lat' dir='ltr'><strong>quae</strong></span> <span class='ocrx_word' id='word_1_455' title='bbox 1017 3205 1087 3260; x_wconf 88' lang='lat' dir='ltr'><strong>ob</strong></span> <span class='ocrx_word' id='word_1_456' title='bbox 1109 3207 1258 3275; x_wconf 87' lang='lat' dir='ltr'><strong>regni</strong></span> <span class='ocrx_word' id='word_1_457' title='bbox 1308 3206 1350 3237; x_wconf 80' lang='lat'>&quot;</span> <span class='ocrx_word' id='word_1_458' title='bbox 1398 3206 1686 3260; x_wconf 84' lang='lat' dir='ltr'><strong>utilitatem</strong></span> <span class='ocrx_word' id='word_1_459' title='bbox 1733 3203 2105 3270; x_wconf 56' lang='lat' dir='ltr'><strong>inchoaverat;</strong></span> 
     </span>
    </p>
   </div>
   <div class='ocr_carea' id='block_1_64' title="bbox 517 3295 2108 3366">
    <p class='ocr_par' dir='ltr' id='par_1_64' title="bbox 517 3295 2108 3366">
     <span class='ocr_line' id='line_1_64' title="bbox 517 3295 2108 3366; baseline -0.001 -16"><span class='ocrx_word' id='word_1_460' title='bbox 517 3305 573 3350; x_wconf 81' lang='lat' dir='ltr'><strong>et</strong></span> <span class='ocrx_word' id='word_1_461' title='bbox 619 3305 961 3352; x_wconf 87' lang='lat' dir='ltr'><strong>sacramento</strong></span> <span class='ocrx_word' id='word_1_462' title='bbox 987 3295 1029 3327; x_wconf 71' lang='grc'><strong>⁸⁸</strong></span> <span class='ocrx_word' id='word_1_463' title='bbox 1054 3297 1198 3366; x_wconf 90' lang='lat' dir='ltr'><strong>quod</strong></span> <span class='ocrx_word' id='word_1_464' title='bbox 1230 3297 1372 3366; x_wconf 88' lang='lat' dir='ltr'><strong>apud</strong></span> <span class='ocrx_word' id='word_1_465' title='bbox 1409 3295 1799 3366; x_wconf 83' lang='lat' dir='ltr'><strong>Noviomagum</strong></span> <span class='ocrx_word' id='word_1_466' title='bbox 1838 3310 1966 3364; x_wconf 87' lang='lat' dir='ltr'><strong>pars</strong></span> <span class='ocrx_word' id='word_1_467' title='bbox 2011 3309 2108 3363; x_wconf 85' lang='lat' dir='ltr'><strong>op-</strong></span> 
     </span>
    </p>
   </div>
   <div class='ocr_carea' id='block_1_65' title="bbox 521 3384 2106 3456">
    <p class='ocr_par' dir='ltr' id='par_1_65' title="bbox 521 3384 2106 3456">
     <span class='ocr_line' id='line_1_65' title="bbox 521 3384 2106 3456; baseline -0.003 -15"><span class='ocrx_word' id='word_1_468' title='bbox 521 3385 769 3441; x_wconf 89' lang='lat' dir='ltr'><strong>timatum</strong></span> <span class='ocrx_word' id='word_1_469' title='bbox 813 3385 1085 3440; x_wconf 84' lang='lat' dir='ltr'><strong>iuraverat</strong></span> <span class='ocrx_word' id='word_1_470' title='bbox 1146 3386 1473 3456; x_wconf 89' lang='lat' dir='ltr'><strong>generaliter</strong></span> <span class='ocrx_word' id='word_1_471' title='bbox 1540 3393 1934 3450; x_wconf 87' lang='lat' dir='ltr'><strong>consummato,</strong></span> <span class='ocrx_word' id='word_1_472' title='bbox 1992 3384 2106 3452; x_wconf 81' lang='lat' dir='ltr'><strong>ipse</strong></span> 
     </span>
    </p>
   </div>
   <div class='ocr_carea' id='block_1_66' title="bbox 518 3475 2105 3547">
    <p class='ocr_par' dir='ltr' id='par_1_66' title="bbox 518 3475 2105 3547">
     <span class='ocr_line' id='line_1_66' title="bbox 518 3475 2105 3547; baseline -0.001 -16"><span class='ocrx_word' id='word_1_473' title='bbox 518 3475 857 3547; x_wconf 78' lang='lat' dir='ltr'><strong>Aquasgrani</strong></span> <span class='ocrx_word' id='word_1_474' title='bbox 915 3476 1237 3540; x_wconf 83' lang='lat' dir='ltr'><strong>revertitur,</strong></span> <span class='ocrx_word' id='word_1_475' title='bbox 1295 3476 1464 3531; x_wconf 84' lang='lat' dir='ltr'><strong>filium</strong></span> <span class='ocrx_word' id='word_1_476' title='bbox 1524 3485 1705 3532; x_wconf 76' lang='lat' dir='ltr'><strong>autem</strong></span> <span class='ocrx_word' id='word_1_477' title='bbox 1763 3475 2105 3532; x_wconf 79' lang='lat' dir='ltr'><strong>Hlotharium</strong></span> 
     </span>
    </p>
   </div>
   <div class='ocr_carea' id='block_1_67' title="bbox 515 3563 2106 3635">
    <p class='ocr_par' dir='ltr' id='par_1_67' title="bbox 515 3563 2106 3635">
     <span class='ocr_line' id='line_1_67' title="bbox 515 3563 2106 3635; baseline -0.001 -15"><span class='ocrx_word' id='word_1_478' title='bbox 515 3573 642 3635; x_wconf 89' lang='lat' dir='ltr'><strong>post</strong></span> <span class='ocrx_word' id='word_1_479' title='bbox 686 3564 903 3634; x_wconf 84' lang='lat' dir='ltr'><strong>nuptias</strong></span> <span class='ocrx_word' id='word_1_480' title='bbox 938 3565 1048 3618; x_wconf 91' lang='lat' dir='ltr'><strong>ritu</strong></span> <span class='ocrx_word' id='word_1_481' title='bbox 1088 3563 1317 3619; x_wconf 86' lang='lat' dir='ltr'><strong>solemni</strong></span> <span class='ocrx_word' id='word_1_482' title='bbox 1339 3565 1645 3620; x_wconf 86' lang='lat' dir='ltr'><strong>celebratas</strong></span> <span class='ocrx_word' id='word_1_483' title='bbox 1671 3567 1738 3619; x_wconf 87' lang='lat' dir='ltr'><strong>ad</strong></span> <span class='ocrx_word' id='word_1_484' title='bbox 1762 3565 2106 3620; x_wconf 87' lang='lat' dir='ltr'><strong>biemandum</strong></span> 
     </span>
    </p>
   </div>
   <div class='ocr_carea' id='block_1_68' title="bbox 525 3656 2107 3727">
    <p class='ocr_par' dir='ltr' id='par_1_68' title="bbox 525 3656 2107 3727">
     <span class='ocr_line' id='line_1_68' title="bbox 525 3656 2107 3727; baseline -0.001 -15"><span class='ocrx_word' id='word_1_485' title='bbox 525 3656 892 3712; x_wconf 82' lang='lat' dir='ltr'><strong>Wormaciam</strong></span> <span class='ocrx_word' id='word_1_486' title='bbox 942 3657 986 3688; x_wconf 83' lang='lat'>&quot;</span> <span class='ocrx_word' id='word_1_487' title='bbox 1048 3657 1214 3711; x_wconf 88' lang='lat' dir='ltr'><strong>misit.</strong></span> <span class='ocrx_word' id='word_1_488' title='bbox 1263 3657 1340 3713; x_wconf 89' lang='lat' dir='ltr'><strong>De</strong></span> <span class='ocrx_word' id='word_1_489' title='bbox 1405 3666 1563 3727; x_wconf 89' lang='lat' dir='ltr'><strong>parte</strong></span> <span class='ocrx_word' id='word_1_490' title='bbox 1604 3658 1877 3712; x_wconf 90' lang='lat' dir='ltr'><strong>Danorum</strong></span> <span class='ocrx_word' id='word_1_491' title='bbox 1927 3657 2107 3712; x_wconf 91' lang='lat' dir='ltr'><strong>omnia</strong></span> 
     </span>
    </p>
   </div>
   <div class='ocr_carea' id='block_1_69' title="bbox 521 3744 2111 3816">
    <p class='ocr_par' dir='ltr' id='par_1_69' title="bbox 521 3744 2111 3816">
     <span class='ocr_line' id='line_1_69' title="bbox 521 3744 2111 3816; baseline -0.001 -16"><span class='ocrx_word' id='word_1_492' title='bbox 521 3747 705 3816; x_wconf 87' lang='lat' dir='ltr'><strong>quieta</strong></span> <span class='ocrx_word' id='word_1_493' title='bbox 739 3761 806 3802; x_wconf 88' lang='lat' dir='ltr'><strong>eo</strong></span> <span class='ocrx_word' id='word_1_494' title='bbox 852 3761 996 3802; x_wconf 90' lang='lat' dir='ltr'><strong>anno</strong></span> <span class='ocrx_word' id='word_1_495' title='bbox 1024 3745 1263 3812; x_wconf 88' lang='lat' dir='ltr'><strong>fuerunt,</strong></span> <span class='ocrx_word' id='word_1_496' title='bbox 1294 3753 1351 3800; x_wconf 91' lang='lat' dir='ltr'><strong>et</strong></span> <span class='ocrx_word' id='word_1_497' title='bbox 1377 3744 1667 3801; x_wconf 79' lang='lat' dir='ltr'><strong>Harioldus</strong></span> <span class='ocrx_word' id='word_1_498' title='bbox 1716 3761 1746 3800; x_wconf 90' lang='lat' dir='ltr'><strong>a</strong></span> <span class='ocrx_word' id='word_1_499' title='bbox 1779 3745 1906 3800; x_wconf 77' lang='lat' dir='ltr'><strong>filiis</strong></span> <span class='ocrx_word' id='word_1_500' title='bbox 1933 3744 2111 3800; x_wconf 84' lang='lat' dir='ltr'><strong>Codo-</strong></span> 
     </span>
    </p>
   </div>
   <div class='ocr_carea' id='block_1_70' title="bbox 514 3835 2110 3907">
    <p class='ocr_par' dir='ltr' id='par_1_70' title="bbox 514 3835 2110 3907">
     <span class='ocr_line' id='line_1_70' title="bbox 514 3835 2110 3907; baseline 0 -17"><span class='ocrx_word' id='word_1_501' title='bbox 514 3835 647 3892; x_wconf 33' lang='lat' dir='ltr'><strong>vfridi</strong></span> <span class='ocrx_word' id='word_1_502' title='bbox 705 3836 758 3890; x_wconf 93' lang='lat' dir='ltr'><strong>in</strong></span> <span class='ocrx_word' id='word_1_503' title='bbox 806 3837 1119 3891; x_wconf 90' lang='lat' dir='ltr'><strong>societatem</strong></span> <span class='ocrx_word' id='word_1_504' title='bbox 1171 3836 1323 3906; x_wconf 85' lang='lat' dir='ltr'><strong>regni</strong></span> <span class='ocrx_word' id='word_1_505' title='bbox 1353 3844 1622 3906; x_wconf 88' lang='lat' dir='ltr'><strong>receptus,</strong></span> <span class='ocrx_word' id='word_1_506' title='bbox 1677 3851 1817 3907; x_wconf 88' lang='lat' dir='ltr'><strong>quae</strong></span> <span class='ocrx_word' id='word_1_507' title='bbox 1844 3852 1932 3891; x_wconf 90' lang='lat' dir='ltr'><strong>res</strong></span> <span class='ocrx_word' id='word_1_508' title='bbox 1962 3847 2110 3890; x_wconf 80' lang='lat' dir='ltr'><strong>tran-</strong></span> 
     </span>
    </p>
   </div>
   <div class='ocr_carea' id='block_1_71' title="bbox 511 3925 2111 3996">
    <p class='ocr_par' dir='ltr' id='par_1_71' title="bbox 511 3925 2111 3996">
     <span class='ocr_line' id='line_1_71' title="bbox 511 3925 2111 3996; baseline 0.001 -17"><span class='ocrx_word' id='word_1_509' title='bbox 511 3925 748 3996; x_wconf 80' lang='lat' dir='ltr'><strong>.quillum</strong></span> <span class='ocrx_word' id='word_1_510' title='bbox 807 3927 951 3981; x_wconf 87' lang='lat' dir='ltr'><strong>inter</strong></span> <span class='ocrx_word' id='word_1_511' title='bbox 994 3940 1088 3981; x_wconf 91' lang='lat' dir='ltr'><strong>eos</strong></span> <span class='ocrx_word' id='word_1_512' title='bbox 1142 3926 1303 3980; x_wconf 81' lang='lat' dir='ltr'><strong>huius</strong></span> <span class='ocrx_word' id='word_1_513' title='bbox 1355 3927 1613 3996; x_wconf 91' lang='lat' dir='ltr'><strong>temporis</strong></span> <span class='ocrx_word' id='word_1_514' title='bbox 1660 3935 1859 3980; x_wconf 87' lang='lat' dir='ltr'><strong>statum</strong></span> <span class='ocrx_word' id='word_1_515' title='bbox 1916 3926 2111 3982; x_wconf 83' lang='lat' dir='ltr'><strong>fecisse</strong></span> 
     </span>
    </p>
   </div>
   <div class='ocr_carea' id='block_1_72' title="bbox 523 4015 2112 4088">
    <p class='ocr_par' dir='ltr' id='par_1_72' title="bbox 523 4015 2112 4088">
     <span class='ocr_line' id='line_1_72' title="bbox 523 4015 2112 4088; baseline -0.001 -17"><span class='ocrx_word' id='word_1_516' title='bbox 523 4025 748 4088; x_wconf 85' lang='lat' dir='ltr'><strong>putatur</strong></span> <span class='ocrx_word' id='word_1_517' title='bbox 770 4017 834 4071; x_wconf 84' lang='grc'><strong>¹⁶.</strong></span> <span class='ocrx_word' id='word_1_518' title='bbox 879 4015 986 4072; x_wconf 88' lang='lat' dir='ltr'><strong>Sed</strong></span> <span class='ocrx_word' id='word_1_519' title='bbox 1023 4016 1151 4086; x_wconf 89' lang='lat' dir='ltr'><strong>quia</strong></span> <span class='ocrx_word' id='word_1_520' title='bbox 1192 4015 1522 4087; x_wconf 88' lang='lat' dir='ltr'><strong>Ceadragus,</strong></span> <span class='ocrx_word' id='word_1_521' title='bbox 1546 4015 1931 4071; x_wconf 82' lang='lat' dir='ltr'><strong>Abodritorum</strong></span> <span class='ocrx_word' id='word_1_522' title='bbox 1967 4017 2112 4084; x_wconf 90' lang='lat' dir='ltr'><strong>prin-</strong></span> 
     </span>
    </p>
   </div>
   <div class='ocr_carea' id='block_1_73' title="bbox 522 4104 2110 4178">
    <p class='ocr_par' dir='ltr' id='par_1_73' title="bbox 522 4104 2110 4178">
     <span class='ocr_line' id='line_1_73' title="bbox 522 4104 2110 4178; baseline -0.001 -17"><span class='ocrx_word' id='word_1_523' title='bbox 522 4123 672 4177; x_wconf 88' lang='lat' dir='ltr'><strong>ceps,</strong></span> <span class='ocrx_word' id='word_1_524' title='bbox 713 4107 972 4178; x_wconf 82' lang='lat' dir='ltr'><strong>perfidiae</strong></span> <span class='ocrx_word' id='word_1_525' title='bbox 1023 4118 1077 4162; x_wconf 90' lang='lat' dir='ltr'><strong>et</strong></span> <span class='ocrx_word' id='word_1_526' title='bbox 1129 4106 1410 4162; x_wconf 90' lang='lat' dir='ltr'><strong>cuiusdam</strong></span> <span class='ocrx_word' id='word_1_527' title='bbox 1482 4121 1605 4160; x_wconf 93' lang='lat' dir='ltr'><strong>cum</strong></span> <span class='ocrx_word' id='word_1_528' title='bbox 1655 4105 1781 4160; x_wconf 85' lang='lat' dir='ltr'><strong>ﬁliis</strong></span> <span class='ocrx_word' id='word_1_529' title='bbox 1829 4104 2110 4160; x_wconf 83' lang='lat' dir='ltr'><strong>Godofridi</strong></span> 
     </span>
    </p>
   </div>
   <div class='ocr_carea' id='block_1_74' title="bbox 524 4197 2105 4264">
    <p class='ocr_par' dir='ltr' id='par_1_74' title="bbox 524 4197 2105 4264">
     <span class='ocr_line' id='line_1_74' title="bbox 524 4197 2105 4264; baseline 0.001 -10"><span class='ocrx_word' id='word_1_530' title='bbox 524 4198 702 4254; x_wconf 81' lang='lat' dir='ltr'><strong>factae</strong></span> <span class='ocrx_word' id='word_1_531' title='bbox 728 4199 1003 4254; x_wconf 88' lang='lat' dir='ltr'><strong>societatis</strong></span> <span class='ocrx_word' id='word_1_532' title='bbox 1029 4199 1344 4263; x_wconf 88' lang='lat' dir='ltr'><strong>notabatur,</strong></span> <span class='ocrx_word' id='word_1_533' title='bbox 1373 4197 1660 4264; x_wconf 91' lang='lat' dir='ltr'><strong>Sclaomir,</strong></span> <span class='ocrx_word' id='word_1_534' title='bbox 1693 4201 1936 4255; x_wconf 86' lang='lat' dir='ltr'><strong>aemulus</strong></span> <span class='ocrx_word' id='word_1_535' title='bbox 1969 4202 2105 4264; x_wconf 88' lang='lat' dir='ltr'><strong>eius,</strong></span> 
     </span>
    </p>
   </div>
   <div class='ocr_carea' id='block_1_75' title="bbox 527 4285 2111 4356">
    <p class='ocr_par' dir='ltr' id='par_1_75' title="bbox 527 4285 2111 4356">
     <span class='ocr_line' id='line_1_75' title="bbox 527 4285 2111 4356; baseline 0 -14"><span class='ocrx_word' id='word_1_536' title='bbox 527 4289 581 4343; x_wconf 91' lang='lat' dir='ltr'><strong>in</strong></span> <span class='ocrx_word' id='word_1_537' title='bbox 626 4287 861 4356; x_wconf 89' lang='lat' dir='ltr'><strong>patriam</strong></span> <span class='ocrx_word' id='word_1_538' title='bbox 899 4286 1210 4350; x_wconf 87' lang='lat' dir='ltr'><strong>remittitur,</strong></span> <span class='ocrx_word' id='word_1_539' title='bbox 1254 4287 1491 4355; x_wconf 88' lang='lat' dir='ltr'><strong>quicum</strong></span> <span class='ocrx_word' id='word_1_540' title='bbox 1523 4285 1576 4340; x_wconf 90' lang='lat' dir='ltr'><strong>in</strong></span> <span class='ocrx_word' id='word_1_541' title='bbox 1614 4285 1905 4340; x_wconf 72' lang='lat' dir='ltr'><strong>Saxoniam</strong></span> <span class='ocrx_word' id='word_1_542' title='bbox 1935 4289 2111 4342; x_wconf 84' lang='lat' dir='ltr'><strong>venis-</strong></span> 
     </span>
    </p>
   </div>
   <div class='ocr_carea' id='block_1_76' title="bbox 527 4376 2106 4448">
    <p class='ocr_par' dir='ltr' id='par_1_76' title="bbox 527 4376 2106 4448">
     <span class='ocr_line' id='line_1_76' title="bbox 527 4376 2106 4448; baseline -0.001 -16"><span class='ocrx_word' id='word_1_543' title='bbox 527 4387 628 4443; x_wconf 87' lang='lat' dir='ltr'><strong>set,</strong></span> <span class='ocrx_word' id='word_1_544' title='bbox 643 4377 979 4448; x_wconf 82' lang='lat' dir='ltr'><strong>aegritudine</strong></span> <span class='ocrx_word' id='word_1_545' title='bbox 999 4376 1274 4440; x_wconf 90' lang='lat' dir='ltr'><strong>decubuit,</strong></span> <span class='ocrx_word' id='word_1_546' title='bbox 1289 4384 1651 4446; x_wconf 86' lang='lat' dir='ltr'><strong>perceptoque</strong></span> <span class='ocrx_word' id='word_1_547' title='bbox 1674 4377 1930 4445; x_wconf 87' lang='lat' dir='ltr'><strong>baptismi</strong></span> <span class='ocrx_word' id='word_1_548' title='bbox 1960 4379 2000 4407; x_wconf 76' lang='grc'>³⁷</span> <span class='ocrx_word' id='word_1_549' title='bbox 2021 4393 2106 4431; x_wconf 88' lang='lat' dir='ltr'><strong>sa-</strong></span> 
     </span>
    </p>
   </div>
   <div class='ocr_carea' id='block_1_77' title="bbox 2213 3195 3791 3264">
    <p class='ocr_par' dir='ltr' id='par_1_77' title="bbox 2213 3195 3791 3264">
     <span class='ocr_line' id='line_1_77' title="bbox 2213 3195 3791 3264; baseline 0.003 -15"><span class='ocrx_word' id='word_1_550' title='bbox 2213 3195 2410 3250; x_wconf 86' lang='lat' dir='ltr'><strong>invitos</strong></span> <span class='ocrx_word' id='word_1_551' title='bbox 2458 3197 2682 3252; x_wconf 86' lang='lat' dir='ltr'><strong>tondere</strong></span> <span class='ocrx_word' id='word_1_552' title='bbox 2730 3196 2774 3228; x_wconf 87' lang='grc'><strong><em>³³</em></strong></span> <span class='ocrx_word' id='word_1_553' title='bbox 2798 3199 2977 3263; x_wconf 88' lang='lat' dir='ltr'><strong>iussit,</strong></span> <span class='ocrx_word' id='word_1_554' title='bbox 3031 3200 3410 3258; x_wconf 84' lang='lat' dir='ltr'><strong>reconciliatus</strong></span> <span class='ocrx_word' id='word_1_555' title='bbox 3454 3207 3556 3264; x_wconf 82' lang='lat' dir='ltr'><strong>est.</strong></span> <span class='ocrx_word' id='word_1_556' title='bbox 3595 3208 3654 3256; x_wconf 91' lang='lat' dir='ltr'><strong>et</strong></span> <span class='ocrx_word' id='word_1_557' title='bbox 3687 3210 3791 3254; x_wconf 79' lang='lat' dir='ltr'><strong>tam</strong></span> 
     </span>
    </p>
   </div>
   <div class='ocr_carea' id='block_1_78' title="bbox 2212 3285 3792 3362">
    <p class='ocr_par' dir='ltr' id='par_1_78' title="bbox 2212 3285 3792 3362">
     <span class='ocr_line' id='line_1_78' title="bbox 2212 3285 3792 3362; baseline 0.004 -22"><span class='ocrx_word' id='word_1_558' title='bbox 2212 3285 2280 3340; x_wconf 86' lang='lat' dir='ltr'><strong>de</strong></span> <span class='ocrx_word' id='word_1_559' title='bbox 2319 3286 2424 3351; x_wconf 83' lang='lat' dir='ltr'><strong>hoc</strong></span> <span class='ocrx_word' id='word_1_560' title='bbox 2458 3285 2622 3350; x_wconf 91' lang='lat' dir='ltr'><strong>facto,</strong></span> <span class='ocrx_word' id='word_1_561' title='bbox 2664 3302 2826 3356; x_wconf 88' lang='lat' dir='ltr'><strong>quam</strong></span> <span class='ocrx_word' id='word_1_562' title='bbox 2862 3297 2917 3342; x_wconf 91' lang='lat' dir='ltr'><strong>et</strong></span> <span class='ocrx_word' id='word_1_563' title='bbox 2944 3289 3010 3344; x_wconf 75' lang='lat' dir='ltr'><strong>de</strong></span> <span class='ocrx_word' id='word_1_564' title='bbox 3039 3290 3125 3345; x_wconf 90' lang='lat' dir='ltr'><strong>his</strong></span> <span class='ocrx_word' id='word_1_565' title='bbox 3179 3305 3317 3359; x_wconf 87' lang='lat' dir='ltr'><strong>quae</strong></span> <span class='ocrx_word' id='word_1_566' title='bbox 3342 3306 3472 3362; x_wconf 87' lang='lat' dir='ltr'><strong>erga</strong></span> <span class='ocrx_word' id='word_1_567' title='bbox 3521 3291 3792 3347; x_wconf 73' lang='lat' dir='ltr'><strong>Bernhar-</strong></span> 
     </span>
    </p>
   </div>
   <div class='ocr_carea' id='block_1_79' title="bbox 2213 3376 3793 3452">
    <p class='ocr_par' dir='ltr' id='par_1_79' title="bbox 2213 3376 3793 3452">
     <span class='ocr_line' id='line_1_79' title="bbox 2213 3376 3793 3452; baseline 0.003 -20"><span class='ocrx_word' id='word_1_568' title='bbox 2213 3377 2360 3442; x_wconf 86' lang='lat' dir='ltr'><strong>dum,</strong></span> <span class='ocrx_word' id='word_1_569' title='bbox 2389 3376 2559 3433; x_wconf 79' lang='lat' dir='ltr'><strong>filium</strong></span> <span class='ocrx_word' id='word_1_570' title='bbox 2590 3377 2773 3435; x_wconf 84' lang='lat' dir='ltr'><strong>fratris</strong></span> <span class='ocrx_word' id='word_1_571' title='bbox 2800 3381 2883 3434; x_wconf 90' lang='lat' dir='ltr'><strong>sui</strong></span> <span class='ocrx_word' id='word_1_572' title='bbox 2923 3379 3155 3451; x_wconf 89' lang='lat' dir='ltr'><strong>Pippini,</strong></span> <span class='ocrx_word' id='word_1_573' title='bbox 3205 3397 3413 3437; x_wconf 85' lang='lat' dir='ltr'><strong>necnon</strong></span> <span class='ocrx_word' id='word_1_574' title='bbox 3445 3392 3499 3438; x_wconf 93' lang='lat' dir='ltr'><strong>et</strong></span> <span class='ocrx_word' id='word_1_575' title='bbox 3541 3383 3628 3438; x_wconf 86' lang='lat' dir='ltr'><strong>bis</strong></span> <span class='ocrx_word' id='word_1_576' title='bbox 3659 3397 3793 3452; x_wconf 85' lang='lat' dir='ltr'><strong>quae</strong></span> 
     </span>
    </p>
   </div>
   <div class='ocr_carea' id='block_1_80' title="bbox 2212 3467 3793 3529">
    <p class='ocr_par' dir='ltr' id='par_1_80' title="bbox 2212 3467 3793 3529">
     <span class='ocr_line' id='line_1_80' title="bbox 2212 3467 3793 3529; baseline 0.003 -7"><span class='ocrx_word' id='word_1_577' title='bbox 2212 3467 2357 3522; x_wconf 89' lang='lat' dir='ltr'><strong>circa</strong></span> <span class='ocrx_word' id='word_1_578' title='bbox 2397 3467 2762 3524; x_wconf 81' lang='lat' dir='ltr'><strong>Adalhardum</strong></span> <span class='ocrx_word' id='word_1_579' title='bbox 2823 3471 3073 3528; x_wconf 86' lang='lat' dir='ltr'><strong>abbatem</strong></span> <span class='ocrx_word' id='word_1_580' title='bbox 3120 3482 3176 3528; x_wconf 89' lang='lat' dir='ltr'><strong>et</strong></span> <span class='ocrx_word' id='word_1_581' title='bbox 3223 3472 3448 3529; x_wconf 90' lang='lat' dir='ltr'><strong>fratrem</strong></span> <span class='ocrx_word' id='word_1_582' title='bbox 3502 3475 3622 3529; x_wconf 86' lang='lat' dir='ltr'><strong>eius</strong></span> <span class='ocrx_word' id='word_1_583' title='bbox 3672 3473 3793 3528; x_wconf 81' lang='lat' dir='ltr'><strong>Wa-</strong></span> 
     </span>
    </p>
   </div>
   <div class='ocr_carea' id='block_1_81' title="bbox 2211 3557 3793 3630">
    <p class='ocr_par' dir='ltr' id='par_1_81' title="bbox 2211 3557 3793 3630">
     <span class='ocr_line' id='line_1_81' title="bbox 2211 3557 3793 3630; baseline 0.005 -22"><span class='ocrx_word' id='word_1_584' title='bbox 2211 3557 2397 3611; x_wconf 88' lang='lat' dir='ltr'><strong>lahum</strong></span> <span class='ocrx_word' id='word_1_585' title='bbox 2428 3557 2474 3588; x_wconf 77' lang='lat'>“</span> <span class='ocrx_word' id='word_1_586' title='bbox 2517 3567 2668 3627; x_wconf 85' lang='lat' dir='ltr'><strong>gesta</strong></span> <span class='ocrx_word' id='word_1_587' title='bbox 2733 3570 2880 3626; x_wconf 80' lang='lat' dir='ltr'><strong>sunt,</strong></span> <span class='ocrx_word' id='word_1_588' title='bbox 2925 3563 3197 3630; x_wconf 88' lang='lat' dir='ltr'><strong>publicam</strong></span> <span class='ocrx_word' id='word_1_589' title='bbox 3226 3565 3622 3619; x_wconf 86' lang='lat' dir='ltr'><strong>confessionem</strong></span> <span class='ocrx_word' id='word_1_590' title='bbox 3671 3564 3793 3619; x_wconf 83' lang='lat' dir='ltr'><strong>fecit</strong></span> 
     </span>
    </p>
   </div>
   <div class='ocr_carea' id='block_1_82' title="bbox 2211 3647 3790 3721">
    <p class='ocr_par' dir='ltr' id='par_1_82' title="bbox 2211 3647 3790 3721">
     <span class='ocr_line' id='line_1_82' title="bbox 2211 3647 3790 3721; baseline 0.006 -21"><span class='ocrx_word' id='word_1_591' title='bbox 2211 3655 2268 3701; x_wconf 91' lang='lat' dir='ltr'><strong>et</strong></span> <span class='ocrx_word' id='word_1_592' title='bbox 2316 3647 2704 3716; x_wconf 81' lang='lat' dir='ltr'><strong>paenitentiam</strong></span> <span class='ocrx_word' id='word_1_593' title='bbox 2742 3650 2871 3721; x_wconf 87' lang='lat' dir='ltr'><strong>egit,</strong></span> <span class='ocrx_word' id='word_1_594' title='bbox 2922 3653 3064 3720; x_wconf 86' lang='lat' dir='ltr'><strong>quod</strong></span> <span class='ocrx_word' id='word_1_595' title='bbox 3108 3661 3288 3709; x_wconf 83' lang='lat' dir='ltr'><strong>tamen</strong></span> <span class='ocrx_word' id='word_1_596' title='bbox 3324 3655 3379 3708; x_wconf 89' lang='lat' dir='ltr'><strong>in</strong></span> <span class='ocrx_word' id='word_1_597' title='bbox 3418 3670 3484 3711; x_wconf 88' lang='lat' dir='ltr'><strong>eo</strong></span> <span class='ocrx_word' id='word_1_598' title='bbox 3526 3665 3790 3710; x_wconf 88' lang='lat' dir='ltr'><strong>conventu</strong></span> 
     </span>
    </p>
   </div>
   <div class='ocr_carea' id='block_1_83' title="bbox 2212 3741 3790 3816">
    <p class='ocr_par' dir='ltr' id='par_1_83' title="bbox 2212 3741 3790 3816">
     <span class='ocr_line' id='line_1_83' title="bbox 2212 3741 3790 3816; baseline 0.004 -23"><span class='ocrx_word' id='word_1_599' title='bbox 2212 3754 2374 3808; x_wconf 89' lang='lat' dir='ltr'><strong>quem</strong></span> <span class='ocrx_word' id='word_1_600' title='bbox 2401 3741 2589 3796; x_wconf 88' lang='lat' dir='ltr'><strong>eodem</strong></span> <span class='ocrx_word' id='word_1_601' title='bbox 2617 3757 2758 3798; x_wconf 92' lang='lat' dir='ltr'><strong>anno</strong></span> <span class='ocrx_word' id='word_1_602' title='bbox 2784 3760 2969 3800; x_wconf 84' lang='lat' dir='ltr'><strong>mense</strong></span> <span class='ocrx_word' id='word_1_603' title='bbox 3012 3744 3253 3816; x_wconf 83' lang='lat' dir='ltr'><strong>Augusto</strong></span> <span class='ocrx_word' id='word_1_604' title='bbox 3281 3747 3538 3802; x_wconf 79' lang='lat' dir='ltr'><strong>Attiniaci</strong></span> <span class='ocrx_word' id='word_1_605' title='bbox 3584 3749 3790 3813; x_wconf 89' lang='lat' dir='ltr'><strong>habuit,</strong></span> 
     </span>
    </p>
   </div>
   <div class='ocr_carea' id='block_1_84' title="bbox 2214 3833 3786 3913">
    <p class='ocr_par' dir='ltr' id='par_1_84' title="bbox 2214 3833 3786 3913">
     <span class='ocr_line' id='line_1_84' title="bbox 2214 3833 3786 3913; baseline 0.007 -27"><span class='ocrx_word' id='word_1_606' title='bbox 2214 3833 2268 3887; x_wconf 89' lang='lat' dir='ltr'><strong>in</strong></span> <span class='ocrx_word' id='word_1_607' title='bbox 2295 3836 2598 3902; x_wconf 85' lang='lat' dir='ltr'><strong>praesentia</strong></span> <span class='ocrx_word' id='word_1_608' title='bbox 2623 3837 2788 3891; x_wconf 87' lang='lat' dir='ltr'><strong>totius</strong></span> <span class='ocrx_word' id='word_1_609' title='bbox 2816 3839 2996 3908; x_wconf 85' lang='lat' dir='ltr'><strong>pepuli</strong></span> <span class='ocrx_word' id='word_1_610' title='bbox 3025 3841 3106 3894; x_wconf 90' lang='lat' dir='ltr'><strong>sui</strong></span> <span class='ocrx_word' id='word_1_611' title='bbox 3133 3843 3372 3910; x_wconf 86' lang='lat' dir='ltr'><strong>peregit;</strong></span> <span class='ocrx_word' id='word_1_612' title='bbox 3414 3843 3468 3896; x_wconf 88' lang='lat' dir='ltr'><strong>in</strong></span> <span class='ocrx_word' id='word_1_613' title='bbox 3498 3859 3608 3912; x_wconf 87' lang='lat' dir='ltr'><strong>quo</strong></span> <span class='ocrx_word' id='word_1_614' title='bbox 3637 3845 3786 3913; x_wconf 87' lang='lat' dir='ltr'><strong>quic-</strong></span> 
     </span>
    </p>
   </div>
   <div class='ocr_carea' id='block_1_85' title="bbox 2215 3925 3788 4001">
    <p class='ocr_par' dir='ltr' id='par_1_85' title="bbox 2215 3925 3788 4001">
     <span class='ocr_line' id='line_1_85' title="bbox 2215 3925 3788 4001; baseline 0.006 -25"><span class='ocrx_word' id='word_1_615' title='bbox 2215 3925 2343 3993; x_wconf 89' lang='lat' dir='ltr'><strong>quid</strong></span> <span class='ocrx_word' id='word_1_616' title='bbox 2382 3927 2637 3980; x_wconf 89' lang='lat' dir='ltr'><strong>similium</strong></span> <span class='ocrx_word' id='word_1_617' title='bbox 2668 3942 2850 3982; x_wconf 88' lang='lat' dir='ltr'><strong>rerum</strong></span> <span class='ocrx_word' id='word_1_618' title='bbox 2895 3930 2979 3984; x_wconf 90' lang='lat' dir='ltr'><strong>vel</strong></span> <span class='ocrx_word' id='word_1_619' title='bbox 3012 3947 3043 3984; x_wconf 91' lang='lat' dir='ltr'><strong>a</strong></span> <span class='ocrx_word' id='word_1_620' title='bbox 3088 3947 3145 3986; x_wconf 88' lang='lat' dir='ltr'><strong>se</strong></span> <span class='ocrx_word' id='word_1_621' title='bbox 3183 3933 3323 3986; x_wconf 90' lang='lat' dir='ltr'><strong>vela</strong></span> <span class='ocrx_word' id='word_1_622' title='bbox 3365 3941 3520 4001; x_wconf 89' lang='lat' dir='ltr'><strong>patre</strong></span> <span class='ocrx_word' id='word_1_623' title='bbox 3568 3949 3672 3988; x_wconf 85' lang='lat' dir='ltr'><strong>suo</strong></span> <span class='ocrx_word' id='word_1_624' title='bbox 3718 3933 3788 3986; x_wconf 86' lang='lat' dir='ltr'><strong>fa-</strong></span> 
     </span>
    </p>
   </div>
   <div class='ocr_carea' id='block_1_86' title="bbox 2215 4015 3788 4088">
    <p class='ocr_par' dir='ltr' id='par_1_86' title="bbox 2215 4015 3788 4088">
     <span class='ocr_line' id='line_1_86' title="bbox 2215 4015 3788 4088; baseline 0.007 -20"><span class='ocrx_word' id='word_1_625' title='bbox 2215 4023 2362 4068; x_wconf 93' lang='lat' dir='ltr'><strong>ctum</strong></span> <span class='ocrx_word' id='word_1_626' title='bbox 2409 4015 2456 4047; x_wconf 81' lang='lat'>&quot;</span> <span class='ocrx_word' id='word_1_627' title='bbox 2484 4017 2726 4072; x_wconf 88' lang='lat' dir='ltr'><strong>invenire</strong></span> <span class='ocrx_word' id='word_1_628' title='bbox 2751 4021 2944 4088; x_wconf 90' lang='lat' dir='ltr'><strong>potuit,</strong></span> <span class='ocrx_word' id='word_1_629' title='bbox 3001 4037 3210 4077; x_wconf 87' lang='lat' dir='ltr'><strong>summa</strong></span> <span class='ocrx_word' id='word_1_630' title='bbox 3257 4024 3544 4081; x_wconf 78' lang='lat' dir='ltr'><strong>devotione</strong></span> <span class='ocrx_word' id='word_1_631' title='bbox 3611 4042 3788 4082; x_wconf 89' lang='lat' dir='ltr'><strong>emen-</strong></span> 
     </span>
    </p>
   </div>
   <div class='ocr_carea' id='block_1_87' title="bbox 2215 4105 3790 4182">
    <p class='ocr_par' dir='ltr' id='par_1_87' title="bbox 2215 4105 3790 4182">
     <span class='ocr_line' id='line_1_87' title="bbox 2215 4105 3790 4182; baseline 0.006 -24"><span class='ocrx_word' id='word_1_632' title='bbox 2215 4105 2346 4160; x_wconf 90' lang='lat' dir='ltr'><strong>dare</strong></span> <span class='ocrx_word' id='word_1_633' title='bbox 2386 4107 2612 4159; x_wconf 75' lang='lat' dir='ltr'><strong>curavit.</strong></span> <span class='ocrx_word' id='word_1_634' title='bbox 2640 4107 2922 4162; x_wconf 84' lang='lat' dir='ltr'><strong>Exercitus</strong></span> <span class='ocrx_word' id='word_1_635' title='bbox 2953 4110 3018 4164; x_wconf 86' lang='lat' dir='ltr'><strong>de</strong></span> <span class='ocrx_word' id='word_1_636' title='bbox 3057 4110 3208 4165; x_wconf 89' lang='lat' dir='ltr'><strong>Italia</strong></span> <span class='ocrx_word' id='word_1_637' title='bbox 3251 4122 3474 4182; x_wconf 90' lang='lat' dir='ltr'><strong>propter</strong></span> <span class='ocrx_word' id='word_1_638' title='bbox 3522 4114 3790 4169; x_wconf 69' lang='lat' dir='ltr'><strong>Liudewi-</strong></span> 
     </span>
    </p>
   </div>
   <div class='ocr_carea' id='block_1_88' title="bbox 2216 4195 3788 4260">
    <p class='ocr_par' dir='ltr' id='par_1_88' title="bbox 2216 4195 3788 4260">
     <span class='ocr_line' id='line_1_88' title="bbox 2216 4195 3788 4260; baseline 0.007 -12"><span class='ocrx_word' id='word_1_639' title='bbox 2216 4196 2382 4249; x_wconf 90' lang='lat' dir='ltr'><strong>ticum</strong></span> <span class='ocrx_word' id='word_1_640' title='bbox 2437 4195 2637 4251; x_wconf 86' lang='lat' dir='ltr'><strong>bellum</strong></span> <span class='ocrx_word' id='word_1_641' title='bbox 2687 4199 3078 4255; x_wconf 85' lang='lat' dir='ltr'><strong>conficiendum</strong></span> <span class='ocrx_word' id='word_1_642' title='bbox 3133 4203 3185 4255; x_wconf 93' lang='lat' dir='ltr'><strong>in</strong></span> <span class='ocrx_word' id='word_1_643' title='bbox 3229 4203 3564 4258; x_wconf 85' lang='lat' dir='ltr'><strong>Pannoniam</strong></span> <span class='ocrx_word' id='word_1_644' title='bbox 3598 4211 3788 4260; x_wconf 87' lang='lat' dir='ltr'><strong>missus</strong></span> 
     </span>
    </p>
   </div>
   <div class='ocr_carea' id='block_1_89' title="bbox 2214 4287 3767 4360">
    <p class='ocr_par' dir='ltr' id='par_1_89' title="bbox 2214 4287 3767 4360">
     <span class='ocr_line' id='line_1_89' title="bbox 2214 4287 3767 4360; baseline 0.007 -20"><span class='ocrx_word' id='word_1_645' title='bbox 2214 4294 2314 4350; x_wconf 90' lang='lat' dir='ltr'><strong>est,</strong></span> <span class='ocrx_word' id='word_1_646' title='bbox 2370 4287 2438 4341; x_wconf 93' lang='lat' dir='ltr'><strong>ad</strong></span> <span class='ocrx_word' id='word_1_647' title='bbox 2492 4288 2650 4343; x_wconf 91' lang='lat' dir='ltr'><strong>cuius</strong></span> <span class='ocrx_word' id='word_1_648' title='bbox 2694 4290 2983 4345; x_wconf 84' lang='lat' dir='ltr'><strong>adventum</strong></span> <span class='ocrx_word' id='word_1_649' title='bbox 3028 4293 3380 4360; x_wconf 83' lang='lat' dir='ltr'><strong>Liudewitus,</strong></span> <span class='ocrx_word' id='word_1_650' title='bbox 3426 4295 3602 4352; x_wconf 76' lang='lat' dir='ltr'><strong>Siscia</strong></span> <span class='ocrx_word' id='word_1_651' title='bbox 3663 4299 3708 4328; x_wconf 84' lang='grc'><strong>³⁸</strong></span> <span class='ocrx_word' id='word_1_652' title='bbox 3743 4297 3767 4336; x_wconf 72' lang='grc' dir='ltr'><strong><em>ἀ</em></strong></span> 
     </span>
    </p>
   </div>
   <div class='ocr_carea' id='block_1_90' title="bbox 2216 4377 3788 4460">
    <p class='ocr_par' dir='ltr' id='par_1_90' title="bbox 2216 4377 3788 4460">
     <span class='ocr_line' id='line_1_90' title="bbox 2216 4377 3788 4460; baseline 0.008 -29"><span class='ocrx_word' id='word_1_653' title='bbox 2216 4377 2434 4432; x_wconf 86' lang='lat' dir='ltr'><strong>civitate</strong></span> <span class='ocrx_word' id='word_1_654' title='bbox 2487 4379 2694 4444; x_wconf 89' lang='lat' dir='ltr'><strong>relicta,</strong></span> <span class='ocrx_word' id='word_1_655' title='bbox 2747 4381 2815 4435; x_wconf 92' lang='lat' dir='ltr'><strong>ad</strong></span> <span class='ocrx_word' id='word_1_656' title='bbox 2856 4381 3111 4448; x_wconf 89' lang='lat' dir='ltr'><strong>Sorabos,</strong></span> <span class='ocrx_word' id='word_1_657' title='bbox 3140 4401 3278 4455; x_wconf 83' lang='lat' dir='ltr'><strong>quae</strong></span> <span class='ocrx_word' id='word_1_658' title='bbox 3341 4390 3492 4442; x_wconf 89' lang='lat' dir='ltr'><strong>natio</strong></span> <span class='ocrx_word' id='word_1_659' title='bbox 3544 4405 3788 4460; x_wconf 86' lang='lat' dir='ltr'><strong>magnam</strong></span> 
     </span>
    </p>
   </div>
   <div class='ocr_carea' id='block_1_91' title="bbox 518 4459 3789 4550">
    <p class='ocr_par' dir='ltr' id='par_1_91' title="bbox 518 4459 3789 4550">
     <span class='ocr_line' id='line_1_91' title="bbox 518 4459 3789 4550; baseline 0.003 -27"><span class='ocrx_word' id='word_1_660' title='bbox 518 4477 824 4530; x_wconf 79' lang='lat' dir='ltr'><strong>.cratnento,</strong></span> <span class='ocrx_word' id='word_1_661' title='bbox 859 4466 1141 4522; x_wconf 90' lang='lat' dir='ltr'><strong>defunctus</strong></span> <span class='ocrx_word' id='word_1_662' title='bbox 1179 4475 1280 4521; x_wconf 84' lang='lat' dir='ltr'><strong>est.</strong></span> <span class='ocrx_word' id='word_1_663' title='bbox 1334 4465 1673 4520; x_wconf 84' lang='lat' dir='ltr'><strong>Autumnalis</strong></span> <span class='ocrx_word' id='word_1_664' title='bbox 1708 4466 1846 4520; x_wconf 88' lang='lat' dir='ltr'><strong>satio</strong></span> <span class='ocrx_word' id='word_1_665' title='bbox 1883 4466 2104 4536; x_wconf 85' lang='lat' dir='ltr'><strong>iugitate</strong></span> <span class='ocrx_word' id='word_1_666' title='bbox 2132 4459 2184 4518; x_wconf 94' lang='lat' dir='ltr'><strong>D</strong></span> <span class='ocrx_word' id='word_1_667' title='bbox 2211 4466 2508 4522; x_wconf 86' lang='lat' dir='ltr'><strong>Dalmatiae</strong></span> <span class='ocrx_word' id='word_1_668' title='bbox 2561 4478 2773 4538; x_wconf 89' lang='lat' dir='ltr'><strong>partem</strong></span> <span class='ocrx_word' id='word_1_669' title='bbox 2839 4473 3084 4529; x_wconf 90' lang='lat' dir='ltr'><strong>obtinere</strong></span> <span class='ocrx_word' id='word_1_670' title='bbox 3157 4477 3376 4544; x_wconf 75' lang='lat' dir='ltr'><strong>dicitur,</strong></span> <span class='ocrx_word' id='word_1_671' title='bbox 3419 4459 3677 4550; x_wconf 76' lang='lat' dir='ltr'><strong>fugiendo</strong></span> <span class='ocrx_word' id='word_1_672' title='bbox 3736 4495 3789 4535; x_wconf 86' lang='lat' dir='ltr'><strong>se</strong></span> 
     </span>
    </p>
   </div>
   <div class='ocr_carea' id='block_1_92' title="bbox 1752 4574 2578 4632">
    <p class='ocr_par' dir='ltr' id='par_1_92' title="bbox 1752 4574 2578 4632">
     <span class='ocr_line' id='line_1_92' title="bbox 1752 4574 2578 4632; baseline 0.001 -3"><span class='ocrx_word' id='word_1_673' title='bbox 1752 4574 2142 4630; x_wconf 80' lang='lat' dir='ltr'><strong>VARIANTES</strong></span> <span class='ocrx_word' id='word_1_674' title='bbox 2181 4575 2578 4632; x_wconf 84' lang='lat' dir='ltr'><strong>LECTIONES.</strong></span> 
     </span>
    </p>
   </div>
   <div class='ocr_carea' id='block_1_93' title="bbox 602 4665 3026 4737">
    <p class='ocr_par' dir='ltr' id='par_1_93' title="bbox 602 4665 3026 4737">
     <span class='ocr_line' id='line_1_93' title="bbox 602 4665 3026 4737; baseline 0.001 -12"><span class='ocrx_word' id='word_1_675' title='bbox 602 4674 616 4701; x_wconf 83' lang='lat'><em>‘</em></span> <span class='ocrx_word' id='word_1_676' title='bbox 649 4670 836 4725; x_wconf 88' lang='lat' dir='ltr'><strong>histria</strong></span> <span class='ocrx_word' id='word_1_677' title='bbox 876 4669 926 4721; x_wconf 80' lang='lat' dir='ltr'><strong>I.</strong></span> <span class='ocrx_word' id='word_1_678' title='bbox 951 4667 1136 4737; x_wconf 82' lang='lat' dir='ltr'><strong>reliqui</strong></span> <span class='ocrx_word' id='word_1_679' title='bbox 1172 4665 1424 4720; x_wconf 88' lang='lat' dir='ltr'><strong>histriam</strong></span> <span class='ocrx_word' id='word_1_680' title='bbox 1468 4676 1559 4719; x_wconf 87' lang='lat' dir='ltr'><strong>aut</strong></span> <span class='ocrx_word' id='word_1_681' title='bbox 1587 4666 1870 4736; x_wconf 86' lang='lat' dir='ltr'><strong>hystriam.</strong></span> <span class='ocrx_word' id='word_1_682' title='bbox 1903 4736 1906 4737; x_wconf 16' lang='grc' dir='ltr'><em>ν</em></span> <span class='ocrx_word' id='word_1_683' title='bbox 1949 4669 1968 4697; x_wconf 82' lang='lat'><strong>’</strong></span> <span class='ocrx_word' id='word_1_684' title='bbox 1995 4670 2204 4723; x_wconf 90' lang='lat' dir='ltr'><strong>octobri</strong></span> <span class='ocrx_word' id='word_1_685' title='bbox 2227 4669 2279 4723; x_wconf 91' lang='lat'><strong>9.</strong></span> <span class='ocrx_word' id='word_1_686' title='bbox 2357 4669 2377 4699; x_wconf 88' lang='grc'><strong><em>³</em></strong></span> <span class='ocrx_word' id='word_1_687' title='bbox 2427 4669 2657 4725; x_wconf 90' lang='lat' dir='ltr'><strong>domnus</strong></span> <span class='ocrx_word' id='word_1_688' title='bbox 2691 4673 2767 4726; x_wconf 81' lang='lat' dir='ltr'><strong>bis</strong></span> <span class='ocrx_word' id='word_1_689' title='bbox 2793 4674 2934 4728; x_wconf 77' lang='lat' dir='ltr'><strong>deest</strong></span> <span class='ocrx_word' id='word_1_690' title='bbox 2972 4675 3026 4730; x_wconf 91' lang='lat'><strong>9.</strong></span> 
     </span>
    </p>
   </div>
   <div class='ocr_carea' id='block_1_94' title="bbox 525 4736 2097 4844">
    <p class='ocr_par' dir='ltr' id='par_1_94' title="bbox 525 4736 2097 4844">
     <span class='ocr_line' id='line_1_94' title="bbox 525 4736 2097 4810; baseline -0.004 -13"><span class='ocrx_word' id='word_1_691' title='bbox 525 4739 932 4810; x_wconf 80' lang='lat' dir='ltr'><strong>vrmingardam</strong></span> <span class='ocrx_word' id='word_1_692' title='bbox 961 4737 1011 4790; x_wconf 88' lang='lat'><strong>6.</strong></span> <span class='ocrx_word' id='word_1_693' title='bbox 1061 4736 1444 4806; x_wconf 79' lang='lat' dir='ltr'><strong>irmingardim</strong></span> <span class='ocrx_word' id='word_1_694' title='bbox 1497 4737 1549 4791; x_wconf 90' lang='lat'><strong>9.</strong></span> <span class='ocrx_word' id='word_1_695' title='bbox 1608 4736 2007 4805; x_wconf 87' lang='lat' dir='ltr'><strong>irmengardam</strong></span> <span class='ocrx_word' id='word_1_696' title='bbox 2045 4737 2097 4790; x_wconf 75' lang='lat'><strong>9.</strong></span> 
     </span>
     <span class='ocr_line' id='line_1_95' title="bbox 529 4802 2094 4844; baseline 0 0"><span class='ocrx_word' id='word_1_697' title='bbox 529 4802 549 4844; x_wconf 56' lang='grc' dir='ltr'><strong><em>Ἰ</em></strong></span> <span class='ocrx_word' id='word_1_698' title='bbox 599 4809 798 4844; x_wconf 66' lang='grc' dir='ltr'><strong>..πηιηω</strong></span> <span class='ocrx_word' id='word_1_699' title='bbox 843 4808 876 4844; x_wconf 83' lang='grc' dir='ltr'>ο</span> <span class='ocrx_word' id='word_1_700' title='bbox 972 4807 993 4838; x_wconf 73' lang='grc'>⁸</span> <span class='ocrx_word' id='word_1_701' title='bbox 1044 4807 1240 4844; x_wconf 73' lang='lat' dir='ltr'><strong>ihidnm</strong></span> <span class='ocrx_word' id='word_1_702' title='bbox 1280 4807 1489 4844; x_wconf 73' lang='lat' dir='ltr'><strong>nnniam</strong></span> <span class='ocrx_word' id='word_1_703' title='bbox 1539 4806 1572 4844; x_wconf 76' lang='lat'><strong>0</strong></span> <span class='ocrx_word' id='word_1_704' title='bbox 1689 4806 1708 4837; x_wconf 71' lang='grc'><strong>9</strong></span> <span class='ocrx_word' id='word_1_705' title='bbox 1770 4807 1987 4844; x_wconf 74' lang='lat' dir='ltr'><strong>nmnlwn</strong></span> <span class='ocrx_word' id='word_1_706' title='bbox 2056 4807 2094 4844; x_wconf 75' lang='grc' dir='ltr'><strong><em>Ω</em></strong></span> 
     </span>
    </p>
   </div>
   <div class='ocr_carea' id='block_1_95' title="bbox 527 4806 1884 4936">
    <p class='ocr_par' dir='ltr' id='par_1_95' title="bbox 527 4806 1884 4936">
     <span class='ocr_line' id='line_1_96' title="bbox 529 4806 1884 4875; baseline -0.004 -11"><span class='ocrx_word' id='word_1_707' title='bbox 529 4806 549 4844; x_wconf 87' lang='lat'><em>&quot;</em></span> <span class='ocrx_word' id='word_1_708' title='bbox 591 4806 798 4864; x_wconf 71' lang='lat' dir='ltr'><strong>aﬂuere</strong></span> <span class='ocrx_word' id='word_1_709' title='bbox 843 4808 894 4862; x_wconf 90' lang='lat'><strong>9.</strong></span> <span class='ocrx_word' id='word_1_710' title='bbox 972 4807 993 4838; x_wconf 83' lang='grc'><strong>⁸</strong></span> <span class='ocrx_word' id='word_1_711' title='bbox 1041 4807 1243 4862; x_wconf 87' lang='lat' dir='ltr'><strong>ibidem</strong></span> <span class='ocrx_word' id='word_1_712' title='bbox 1280 4807 1489 4875; x_wconf 91' lang='lat' dir='ltr'><strong>copiam</strong></span> <span class='ocrx_word' id='word_1_713' title='bbox 1539 4806 1592 4859; x_wconf 91' lang='lat'><strong>9.</strong></span> <span class='ocrx_word' id='word_1_714' title='bbox 1689 4806 1708 4837; x_wconf 78' lang='lat'><strong>’</strong></span> <span class='ocrx_word' id='word_1_715' title='bbox 1770 4823 1884 4859; x_wconf 83' lang='lat' dir='ltr'><strong>men</strong></span> 
     </span>
     <span class='ocr_line' id='line_1_97' title="bbox 527 4874 1884 4936; baseline -0.006 -1"><span class='ocrx_word' id='word_1_716' title='bbox 527 4879 647 4936; x_wconf 81' lang='grc' dir='ltr'><strong>Βίὶ.</strong></span> <span class='ocrx_word' id='word_1_717' title='bbox 727 4879 771 4909; x_wconf 80' lang='grc'>¹¹</span> <span class='ocrx_word' id='word_1_718' title='bbox 817 4877 1198 4932; x_wconf 83' lang='lat' dir='ltr'><strong>bernariumB</strong></span> <span class='ocrx_word' id='word_1_719' title='bbox 1232 4876 1283 4930; x_wconf 87' lang='lat'><strong>5.</strong></span> <span class='ocrx_word' id='word_1_720' title='bbox 1320 4875 1697 4936; x_wconf 79' lang='lat' dir='ltr'><strong>bercnbarium</strong></span> <span class='ocrx_word' id='word_1_721' title='bbox 1740 4874 1783 4927; x_wconf 88' lang='grc' dir='ltr'><strong>Β</strong></span> <span class='ocrx_word' id='word_1_722' title='bbox 1833 4876 1884 4928; x_wconf 88' lang='grc'><strong>6.</strong></span> 
     </span>
    </p>
   </div>
   <div class='ocr_carea' id='block_1_96' title="bbox 530 4945 1403 5004">
    <p class='ocr_par' dir='ltr' id='par_1_96' title="bbox 530 4945 1403 5004">
     <span class='ocr_line' id='line_1_98' title="bbox 530 4945 1403 5004; baseline -0.005 -2"><span class='ocrx_word' id='word_1_723' title='bbox 530 4951 659 5004; x_wconf 87' lang='lat' dir='ltr'><strong>tiam</strong></span> <span class='ocrx_word' id='word_1_724' title='bbox 689 4947 730 5001; x_wconf 97' lang='grc' dir='ltr'><strong>Β</strong></span> <span class='ocrx_word' id='word_1_725' title='bbox 777 4947 830 5001; x_wconf 94' lang='grc'><strong>5.</strong></span> <span class='ocrx_word' id='word_1_726' title='bbox 872 4947 1208 5002; x_wconf 76' lang='lat' dir='ltr'><strong>warmatiam</strong></span> <span class='ocrx_word' id='word_1_727' title='bbox 1259 4945 1303 4998; x_wconf 88' lang='grc' dir='ltr'>Β</span> <span class='ocrx_word' id='word_1_728' title='bbox 1352 4945 1403 4998; x_wconf 88' lang='grc'><strong>6.</strong></span> 
     </span>
    </p>
   </div>
   <div class='ocr_carea' id='block_1_97' title="bbox 531 5017 871 5074">
    <p class='ocr_par' dir='ltr' id='par_1_97' title="bbox 531 5017 871 5074">
     <span class='ocr_line' id='line_1_99' title="bbox 531 5017 871 5074; baseline -0.009 -1"><span class='ocrx_word' id='word_1_729' title='bbox 531 5019 574 5050; x_wconf 70' lang='grc'><strong>³⁸</strong></span> <span class='ocrx_word' id='word_1_730' title='bbox 625 5019 768 5074; x_wconf 83' lang='lat' dir='ltr'><strong>hiem</strong></span> <span class='ocrx_word' id='word_1_731' title='bbox 820 5017 871 5071; x_wconf 83' lang='grc'><strong>1.</strong></span> 
     </span>
    </p>
   </div>
   <div class='ocr_carea' id='block_1_98' title="bbox 530 5084 1308 5158">
    <p class='ocr_par' dir='ltr' id='par_1_98' title="bbox 530 5084 1308 5158">
     <span class='ocr_line' id='line_1_100' title="bbox 530 5084 1308 5158; baseline -0.008 -15"><span class='ocrx_word' id='word_1_732' title='bbox 530 5089 819 5158; x_wconf 83' lang='lat' dir='ltr'><strong>quemdam</strong></span> <span class='ocrx_word' id='word_1_733' title='bbox 874 5084 1092 5158; x_wconf 76' lang='lat' dir='ltr'><strong>ﬂuvium</strong></span> <span class='ocrx_word' id='word_1_734' title='bbox 1139 5088 1308 5157; x_wconf 81' lang='lat' dir='ltr'><strong>Bouq.</strong></span> 
     </span>
    </p>
   </div>
   <div class='ocr_carea' id='block_1_99' title="bbox 1689 4806 2193 4862">
    <p class='ocr_par' dir='ltr' id='par_1_99' title="bbox 1689 4806 2193 4862">
     <span class='ocr_line' id='line_1_101' title="bbox 1689 4806 2193 4862; baseline 0.006 -3"><span class='ocrx_word' id='word_1_735' title='bbox 1689 4806 1708 4837; x_wconf 78' lang='grc'><strong><em>⁹</em></strong></span> <span class='ocrx_word' id='word_1_736' title='bbox 1770 4807 1988 4860; x_wconf 84' lang='lat' dir='ltr'><strong>meubra</strong></span> <span class='ocrx_word' id='word_1_737' title='bbox 2049 4807 2094 4860; x_wconf 88' lang='grc' dir='ltr'><em>Β</em></span> <span class='ocrx_word' id='word_1_738' title='bbox 2140 4807 2193 4862; x_wconf 87' lang='grc'><strong>5.</strong></span> 
     </span>
    </p>
   </div>
   <div class='ocr_carea' id='block_1_100' title="bbox 1497 4881 3576 4974">
    <p class='ocr_par' dir='ltr' id='par_1_100' title="bbox 1497 4881 3576 4974">
     <span class='ocr_line' id='line_1_102' title="bbox 1497 4881 3575 4952; baseline 0.006 -25"><span class='ocrx_word' id='word_1_739' title='bbox 1497 4881 1697 4945; x_wconf 71' lang='lat' dir='ltr'><strong>narium</strong></span> <span class='ocrx_word' id='word_1_740' title='bbox 1740 4881 1783 4927; x_wconf 83' lang='grc' dir='ltr'><strong>Β</strong></span> <span class='ocrx_word' id='word_1_741' title='bbox 1833 4881 1884 4928; x_wconf 87' lang='grc'><strong>6.</strong></span> <span class='ocrx_word' id='word_1_742' title='bbox 1967 4881 2125 4931; x_wconf 56' lang='lat' dir='ltr'><strong>&quot;viis</strong></span> <span class='ocrx_word' id='word_1_743' title='bbox 2174 4893 2311 4948; x_wconf 90' lang='lat' dir='ltr'><strong>quae</strong></span> <span class='ocrx_word' id='word_1_744' title='bbox 2356 4881 2424 4934; x_wconf 88' lang='lat' dir='ltr'><strong>ad</strong></span> <span class='ocrx_word' id='word_1_745' title='bbox 2475 4882 2624 4952; x_wconf 89' lang='lat' dir='ltr'><strong>regni</strong></span> <span class='ocrx_word' id='word_1_746' title='bbox 2673 4883 2724 4938; x_wconf 92' lang='lat'><strong>9.</strong></span> <span class='ocrx_word' id='word_1_747' title='bbox 2806 4883 2849 4913; x_wconf 72' lang='lat'>“</span> <span class='ocrx_word' id='word_1_748' title='bbox 2897 4881 3234 4940; x_wconf 80' lang='lat' dir='ltr'><strong>sacramenta</strong></span> <span class='ocrx_word' id='word_1_749' title='bbox 3279 4885 3323 4938; x_wconf 87' lang='grc' dir='ltr'><strong>Β</strong></span> <span class='ocrx_word' id='word_1_750' title='bbox 3359 4886 3413 4941; x_wconf 84' lang='grc'><strong>5.</strong></span> <span class='ocrx_word' id='word_1_751' title='bbox 3495 4887 3575 4919; x_wconf 62' lang='grc'><strong>¹³“</strong></span> 
     </span>
     <span class='ocr_line' id='line_1_103' title="bbox 1497 4945 3576 4974; baseline 0 0"><span class='ocrx_word' id='word_1_752' title='bbox 1497 4945 1538 4974; x_wconf 76' lang='grc' dir='ltr'><strong><em>ιο</em></strong></span> <span class='ocrx_word' id='word_1_753' title='bbox 1584 4946 1872 4974; x_wconf 69' lang='grc' dir='ltr'><strong>ηιιΙηΙιηΙιιη</strong></span> <span class='ocrx_word' id='word_1_754' title='bbox 1925 4945 1945 4974; x_wconf 79' lang='grc' dir='ltr'><strong><em>ι</em></strong></span> <span class='ocrx_word' id='word_1_755' title='bbox 2020 4947 2048 4974; x_wconf 65' lang='grc' dir='ltr'><strong>Β</strong></span> <span class='ocrx_word' id='word_1_756' title='bbox 2116 4949 2146 4974; x_wconf 70' lang='lat' dir='ltr'><strong>L-</strong></span> <span class='ocrx_word' id='word_1_757' title='bbox 2248 4951 2287 4974; x_wconf 70' lang='grc'><strong>1-1</strong></span> <span class='ocrx_word' id='word_1_758' title='bbox 2328 4950 2630 4974; x_wconf 48' lang='grc' dir='ltr'><strong>ι...-.ε--ε.κε</strong></span> <span class='ocrx_word' id='word_1_759' title='bbox 2695 4953 2712 4974; x_wconf 79' lang='grc' dir='ltr'><strong><em>ι</em></strong></span> <span class='ocrx_word' id='word_1_760' title='bbox 2792 4953 3054 4974; x_wconf 69' lang='lat' dir='ltr'><strong>L-_..:-__-</strong></span> <span class='ocrx_word' id='word_1_761' title='bbox 3103 4953 3138 4974; x_wconf 74' lang='grc' dir='ltr'><strong>ι)</strong></span> <span class='ocrx_word' id='word_1_762' title='bbox 3173 4955 3203 4974; x_wconf 76' lang='grc' dir='ltr'>η</span> <span class='ocrx_word' id='word_1_763' title='bbox 3267 4956 3413 4974; x_wconf 36' lang='grc' dir='ltr'><strong>ιμᾼσ</strong></span> <span class='ocrx_word' id='word_1_764' title='bbox 3484 4973 3490 4974; x_wconf 62' lang='lat'><strong><em>,</em></strong></span> <span class='ocrx_word' id='word_1_765' title='bbox 3544 4959 3576 4974; x_wconf 84' lang='lat'><strong>--</strong></span> 
     </span>
    </p>
   </div>
   <div class='ocr_carea' id='block_1_101' title="bbox 961 4945 3778 5082">
    <p class='ocr_par' dir='ltr' id='par_1_101' title="bbox 961 4945 3778 5082">
     <span class='ocr_line' id='line_1_104' title="bbox 962 4945 3778 5024; baseline 0.003 -24"><span class='ocrx_word' id='word_1_766' title='bbox 962 4947 1208 5002; x_wconf 89' lang='lat' dir='ltr'><strong>rmatiam</strong></span> <span class='ocrx_word' id='word_1_767' title='bbox 1259 4945 1303 4998; x_wconf 88' lang='grc' dir='ltr'>Β</span> <span class='ocrx_word' id='word_1_768' title='bbox 1352 4945 1403 4998; x_wconf 88' lang='grc'><strong>6.</strong></span> <span class='ocrx_word' id='word_1_769' title='bbox 1497 4945 1538 4974; x_wconf 82' lang='grc'><strong>¹⁶</strong></span> <span class='ocrx_word' id='word_1_770' title='bbox 1584 4946 1872 5016; x_wconf 86' lang='lat' dir='ltr'><strong>putabatur</strong></span> <span class='ocrx_word' id='word_1_771' title='bbox 1918 4945 1971 4998; x_wconf 74' lang='grc'><strong>4.</strong></span> <span class='ocrx_word' id='word_1_772' title='bbox 2017 4947 2069 5000; x_wconf 86' lang='lat'><strong>5.</strong></span> <span class='ocrx_word' id='word_1_773' title='bbox 2116 4945 2207 5001; x_wconf 49' lang='lat'><strong>6.‘</strong></span> <span class='ocrx_word' id='word_1_774' title='bbox 2248 4951 2287 4980; x_wconf 89' lang='grc'>¹⁷</span> <span class='ocrx_word' id='word_1_775' title='bbox 2327 4945 2632 5023; x_wconf 76' lang='lat' dir='ltr'><strong>baptissimi</strong></span> <span class='ocrx_word' id='word_1_776' title='bbox 2692 4953 2740 5005; x_wconf 78' lang='lat' dir='ltr'><strong>I.</strong></span> <span class='ocrx_word' id='word_1_777' title='bbox 2792 4953 3060 5022; x_wconf 87' lang='lat' dir='ltr'><strong>baptismo</strong></span> <span class='ocrx_word' id='word_1_778' title='bbox 3095 4953 3138 5006; x_wconf 88' lang='grc' dir='ltr'><em>Β</em></span> <span class='ocrx_word' id='word_1_779' title='bbox 3172 4955 3224 5009; x_wconf 89' lang='grc'><strong>6.</strong></span> <span class='ocrx_word' id='word_1_780' title='bbox 3267 4956 3607 5024; x_wconf 84' lang='lat' dir='ltr'><strong>baptismatis</strong></span> <span class='ocrx_word' id='word_1_781' title='bbox 3641 4959 3693 5012; x_wconf 87' lang='lat'><strong>9.</strong></span> <span class='ocrx_word' id='word_1_782' title='bbox 3734 4959 3778 5010; x_wconf 84' lang='lat'><strong>7.</strong></span> 
     </span>
     <span class='ocr_line' id='line_1_105' title="bbox 961 5013 3778 5082; baseline 0.004 -15"><span class='ocrx_word' id='word_1_783' title='bbox 961 5017 1004 5046; x_wconf 82' lang='grc'><strong>¹⁹</strong></span> <span class='ocrx_word' id='word_1_784' title='bbox 1056 5017 1227 5072; x_wconf 89' lang='lat' dir='ltr'><strong>hiems</strong></span> <span class='ocrx_word' id='word_1_785' title='bbox 1282 5023 1490 5068; x_wconf 83' lang='lat' dir='ltr'><strong>tantum</strong></span> <span class='ocrx_word' id='word_1_786' title='bbox 1551 5013 1596 5066; x_wconf 86' lang='grc' dir='ltr'><strong>Β</strong></span> <span class='ocrx_word' id='word_1_787' title='bbox 1644 5015 1694 5068; x_wconf 87' lang='grc'><strong>5.</strong></span> <span class='ocrx_word' id='word_1_788' title='bbox 1772 5016 1816 5045; x_wconf 74' lang='grc' dir='ltr'><strong>ὀ</strong></span> <span class='ocrx_word' id='word_1_789' title='bbox 1858 5017 2210 5082; x_wconf 78' lang='lat' dir='ltr'><strong>germaniul.</strong></span> <span class='ocrx_word' id='word_1_790' title='bbox 2288 5021 2330 5049; x_wconf 81' lang='lat'>&quot;</span> <span class='ocrx_word' id='word_1_791' title='bbox 2383 5023 2604 5079; x_wconf 87' lang='lat' dir='ltr'><strong>tricenis</strong></span> <span class='ocrx_word' id='word_1_792' title='bbox 2653 5021 2793 5075; x_wconf 86' lang='lat' dir='ltr'><strong>eoB</strong></span> <span class='ocrx_word' id='word_1_793' title='bbox 2833 5023 2884 5076; x_wconf 88' lang='lat'><strong>5.</strong></span> <span class='ocrx_word' id='word_1_794' title='bbox 2962 5025 3005 5054; x_wconf 81' lang='lat'>“</span> <span class='ocrx_word' id='word_1_795' title='bbox 3049 5026 3419 5082; x_wconf 68' lang='lat' dir='ltr'><strong>thorinaorum</strong></span> <span class='ocrx_word' id='word_1_796' title='bbox 3443 5027 3500 5080; x_wconf 71' lang='lat'><strong>2.</strong></span> <span class='ocrx_word' id='word_1_797' title='bbox 3575 5028 3778 5081; x_wconf 72' lang='lat' dir='ltr'><strong>&quot;iuxta</strong></span> 
     </span>
    </p>
   </div>
   <div class='ocr_carea' id='block_1_102' title="bbox 1389 5084 3781 5162">
    <p class='ocr_par' dir='ltr' id='par_1_102' title="bbox 1389 5084 3781 5162">
     <span class='ocr_line' id='line_1_106' title="bbox 1389 5084 3781 5162; baseline 0.006 -25"><span class='ocrx_word' id='word_1_798' title='bbox 1389 5085 1648 5162; x_wconf 73' lang='lat' dir='ltr'><strong>“__cepsis</strong></span> <span class='ocrx_word' id='word_1_799' title='bbox 1749 5084 1800 5162; x_wconf 41' lang='lat' dir='ltr'><strong>6n.</strong></span> <span class='ocrx_word' id='word_1_800' title='bbox 1879 5086 1945 5162; x_wconf 32' lang='grc' dir='ltr'><strong>’ξ’</strong></span> <span class='ocrx_word' id='word_1_801' title='bbox 1964 5085 2031 5162; x_wconf 85' lang='lat' dir='ltr'><strong>in_</strong></span> <span class='ocrx_word' id='word_1_802' title='bbox 2059 5087 2342 5162; x_wconf 79' lang='lat' dir='ltr'><strong>altitudine</strong></span> <span class='ocrx_word' id='word_1_803' title='bbox 2367 5092 2412 5145; x_wconf 90' lang='grc' dir='ltr'><strong>Β</strong></span> <span class='ocrx_word' id='word_1_804' title='bbox 2450 5094 2502 5147; x_wconf 84' lang='grc'><strong>5.</strong></span> <span class='ocrx_word' id='word_1_805' title='bbox 2579 5092 2625 5122; x_wconf 79' lang='grc'><strong>⁸⁸</strong></span> <span class='ocrx_word' id='word_1_806' title='bbox 2653 5093 2968 5147; x_wconf 89' lang='lat' dir='ltr'><strong>saraborum</strong></span> <span class='ocrx_word' id='word_1_807' title='bbox 2991 5093 3042 5147; x_wconf 87' lang='lat'><strong>5.</strong></span> <span class='ocrx_word' id='word_1_808' title='bbox 3073 5084 3380 5162; x_wconf 57' lang='lat' dir='ltr'><strong>solabo&#39;rum</strong></span> <span class='ocrx_word' id='word_1_809' title='bbox 3405 5095 3450 5148; x_wconf 97' lang='grc' dir='ltr'><strong>Β</strong></span> <span class='ocrx_word' id='word_1_810' title='bbox 3491 5098 3544 5151; x_wconf 89' lang='grc'><strong>5.</strong></span> <span class='ocrx_word' id='word_1_811' title='bbox 3571 5098 3781 5151; x_wconf 82' lang='lat' dir='ltr'><strong>saraba-</strong></span> 
     </span>
    </p>
   </div>
   <div class='ocr_carea' id='block_1_103' title="bbox 533 5153 2369 5228">
    <p class='ocr_par' dir='ltr' id='par_1_103' title="bbox 533 5153 2369 5228">
     <span class='ocr_line' id='line_1_107' title="bbox 533 5153 2369 5228; baseline 0.002 -16"><span class='ocrx_word' id='word_1_812' title='bbox 533 5153 716 5212; x_wconf 64' lang='grc' dir='ltr'><strong>πίοι-αὴ)</strong></span> <span class='ocrx_word' id='word_1_813' title='bbox 741 5158 792 5210; x_wconf 87' lang='grc'><strong>6.</strong></span> <span class='ocrx_word' id='word_1_814' title='bbox 868 5157 912 5228; x_wconf 53' lang='lat' dir='ltr'><strong>f’</strong></span> <span class='ocrx_word' id='word_1_815' title='bbox 949 5157 1134 5228; x_wconf 83' lang='lat' dir='ltr'><strong>leueae</strong></span> <span class='ocrx_word' id='word_1_816' title='bbox 1163 5159 1214 5212; x_wconf 89' lang='lat'><strong>9.</strong></span> <span class='ocrx_word' id='word_1_817' title='bbox 1270 5153 1338 5228; x_wconf 50' lang='lat'><strong>&quot;7</strong></span> <span class='ocrx_word' id='word_1_818' title='bbox 1367 5153 1489 5207; x_wconf 90' lang='lat' dir='ltr'><strong>valli</strong></span> <span class='ocrx_word' id='word_1_819' title='bbox 1518 5153 1733 5228; x_wconf 75' lang='lat' dir='ltr'><strong>sustulit</strong></span> <span class='ocrx_word' id='word_1_820' title='bbox 1770 5155 1822 5208; x_wconf 90' lang='lat'><strong>9.</strong></span> <span class='ocrx_word' id='word_1_821' title='bbox 1902 5155 1945 5185; x_wconf 74' lang='grc'><strong>³⁸</strong></span> <span class='ocrx_word' id='word_1_822' title='bbox 1982 5156 2283 5228; x_wconf 82' lang='lat' dir='ltr'><strong>uiunigisus</strong></span> <span class='ocrx_word' id='word_1_823' title='bbox 2320 5161 2369 5215; x_wconf 84' lang='lat' dir='ltr'><strong>I.</strong></span> 
     </span>
    </p>
   </div>
   <div class='ocr_carea' id='block_1_104' title="bbox 1967 4877 2125 4931">
    <p class='ocr_par' dir='ltr' id='par_1_104' title="bbox 1967 4877 2125 4931">
     <span class='ocr_line' id='line_1_108' title="bbox 1967 4877 2125 4931; baseline 0.006 -1"><span class='ocrx_word' id='word_1_824' title='bbox 1967 4877 2008 4907; x_wconf 74' lang='grc'><strong>²³</strong></span> <span class='ocrx_word' id='word_1_825' title='bbox 2036 4877 2125 4931; x_wconf 56' lang='lat' dir='ltr'><strong>viis</strong></span> 
     </span>
    </p>
   </div>
   <div class='ocr_carea' id='block_1_105' title="bbox 3120 4676 3782 4747">
    <p class='ocr_par' dir='ltr' id='par_1_105' title="bbox 3120 4676 3782 4747">
     <span class='ocr_line' id='line_1_109' title="bbox 3120 4676 3782 4747; baseline 0.006 -18"><span class='ocrx_word' id='word_1_826' title='bbox 3120 4676 3140 4706; x_wconf 80' lang='grc'><strong>⁸</strong></span> <span class='ocrx_word' id='word_1_827' title='bbox 3185 4676 3600 4747; x_wconf 88' lang='lat' dir='ltr'><strong>irmingartbam</strong></span> <span class='ocrx_word' id='word_1_828' title='bbox 3647 4679 3692 4736; x_wconf 88' lang='grc' dir='ltr'><strong>Β</strong></span> <span class='ocrx_word' id='word_1_829' title='bbox 3735 4680 3782 4734; x_wconf 90' lang='grc'><strong>6.</strong></span> 
     </span>
    </p>
   </div>
   <div class='ocr_carea' id='block_1_106' title="bbox 2201 4740 3781 4828">
    <p class='ocr_par' dir='ltr' id='par_1_106' title="bbox 2201 4740 3781 4828">
     <span class='ocr_line' id='line_1_110' title="bbox 2201 4740 3781 4828; baseline 0.008 -37"><span class='ocrx_word' id='word_1_830' title='bbox 2201 4741 2221 4770; x_wconf 83' lang='grc'>⁸</span> <span class='ocrx_word' id='word_1_831' title='bbox 2254 4740 2433 4828; x_wconf 51' lang='lat' dir='ltr'><strong>lenga&#39;tiL</strong></span> <span class='ocrx_word' id='word_1_832' title='bbox 2481 4743 2689 4828; x_wconf 67' lang='lat' dir='ltr'><strong>romani</strong></span> <span class='ocrx_word' id='word_1_833' title='bbox 2736 4745 3090 4828; x_wconf 51' lang='lat' dir='ltr'><strong>pontificisﬂ.</strong></span> <span class='ocrx_word' id='word_1_834' title='bbox 3169 4740 3494 4828; x_wconf 48' lang='lat' dir='ltr'><strong>fsupei&#39;isla</strong></span> <span class='ocrx_word' id='word_1_835' title='bbox 3539 4751 3781 4828; x_wconf 43' lang='lat' dir='ltr'><strong>deest}.</strong></span> 
     </span>
    </p>
   </div>
   <div class='ocr_carea' id='block_1_107' title="bbox 2275 4810 3785 4884">
    <p class='ocr_par' dir='ltr' id='par_1_107' title="bbox 2275 4810 3785 4884">
     <span class='ocr_line' id='line_1_111' title="bbox 2275 4810 3785 4884; baseline 0.009 -24"><span class='ocrx_word' id='word_1_836' title='bbox 2275 4811 2316 4839; x_wconf 78' lang='grc'>¹⁰</span> <span class='ocrx_word' id='word_1_837' title='bbox 2367 4810 2619 4884; x_wconf 80' lang='lat' dir='ltr'><strong>libertate</strong></span> <span class='ocrx_word' id='word_1_838' title='bbox 2665 4810 2900 4884; x_wconf 64' lang='lat' dir='ltr'><strong>L56.</strong></span> <span class='ocrx_word' id='word_1_839' title='bbox 2981 4816 3023 4845; x_wconf 80' lang='lat'>”</span> <span class='ocrx_word' id='word_1_840' title='bbox 3073 4810 3367 4884; x_wconf 81' lang='lat' dir='ltr'><strong>equitania.</strong></span> <span class='ocrx_word' id='word_1_841' title='bbox 3397 4856 3449 4871; x_wconf 92' lang='lat'><strong>..</strong></span> <span class='ocrx_word' id='word_1_842' title='bbox 3505 4819 3785 4873; x_wconf 74' lang='lat' dir='ltr'><strong>chorbeiae</strong></span> 
     </span>
    </p>
   </div>
   <div class='ocr_carea' id='block_1_108' title="bbox 3495 4887 3780 4942">
    <p class='ocr_par' dir='ltr' id='par_1_108' title="bbox 3495 4887 3780 4942">
     <span class='ocr_line' id='line_1_112' title="bbox 3495 4887 3780 4942; baseline -0.004 -1"><span class='ocrx_word' id='word_1_843' title='bbox 3495 4887 3538 4919; x_wconf 81' lang='grc'><strong>⁸³</strong></span> <span class='ocrx_word' id='word_1_844' title='bbox 3574 4887 3780 4942; x_wconf 69' lang='grc' dir='ltr'><strong>υιιηωο</strong></span> 
     </span>
    </p>
   </div>
   <div class='ocr_carea' id='block_1_109' title="bbox 2288 5021 3781 5096">
    <p class='ocr_par' dir='ltr' id='par_1_109' title="bbox 2288 5021 3781 5096">
     <span class='ocr_line' id='line_1_113' title="bbox 2288 5021 3781 5096; baseline 0.001 -20"><span class='ocrx_word' id='word_1_845' title='bbox 2288 5021 2330 5049; x_wconf 80' lang='grc'>¹¹</span> <span class='ocrx_word' id='word_1_846' title='bbox 2377 5021 2622 5096; x_wconf 63' lang='lat' dir='ltr'><strong>tricenis</strong></span> <span class='ocrx_word' id='word_1_847' title='bbox 2653 5037 2718 5075; x_wconf 87' lang='lat' dir='ltr'><strong>eo</strong></span> <span class='ocrx_word' id='word_1_848' title='bbox 2748 5021 2793 5096; x_wconf 86' lang='grc' dir='ltr'><strong>Β</strong></span> <span class='ocrx_word' id='word_1_849' title='bbox 2833 5021 2884 5076; x_wconf 76' lang='lat'><strong>5.</strong></span> <span class='ocrx_word' id='word_1_850' title='bbox 2962 5025 3020 5096; x_wconf 54' lang='grc' dir='ltr'><strong>’ξ</strong></span> <span class='ocrx_word' id='word_1_851' title='bbox 3049 5021 3500 5096; x_wconf 16' lang='lat' dir='ltr'><strong>thogringorumgﬁ.</strong></span> <span class='ocrx_word' id='word_1_852' title='bbox 3575 5028 3618 5058; x_wconf 80' lang='lat'><strong>&quot;</strong></span> <span class='ocrx_word' id='word_1_853' title='bbox 3643 5029 3781 5081; x_wconf 73' lang='lat' dir='ltr'><strong>iuxta</strong></span> 
     </span>
    </p>
   </div>
   <div class='ocr_carea' id='block_1_110' title="bbox 2448 5161 3781 5232">
    <p class='ocr_par' dir='ltr' id='par_1_110' title="bbox 2448 5161 3781 5232">
     <span class='ocr_line' id='line_1_114' title="bbox 2448 5161 3781 5232; baseline 0.002 -16"><span class='ocrx_word' id='word_1_854' title='bbox 2448 5164 2492 5194; x_wconf 78' lang='grc' dir='ltr'><strong>³ο</strong></span> <span class='ocrx_word' id='word_1_855' title='bbox 2526 5161 2838 5232; x_wconf 71' lang='lat' dir='ltr'><strong>spoletanus</strong></span> <span class='ocrx_word' id='word_1_856' title='bbox 2864 5163 2918 5216; x_wconf 83' lang='lat'><strong>7.</strong></span> <span class='ocrx_word' id='word_1_857' title='bbox 2947 5164 2998 5218; x_wconf 90' lang='lat'><strong>9.</strong></span> <span class='ocrx_word' id='word_1_858' title='bbox 3044 5161 3345 5232; x_wconf 86' lang='lat' dir='ltr'><strong>spolitanus</strong></span> <span class='ocrx_word' id='word_1_859' title='bbox 3377 5168 3424 5219; x_wconf 64' lang='lat'><strong>5.</strong></span> <span class='ocrx_word' id='word_1_860' title='bbox 3457 5167 3508 5221; x_wconf 83' lang='lat'><strong>6.</strong></span> <span class='ocrx_word' id='word_1_861' title='bbox 3587 5167 3628 5198; x_wconf 83' lang='lat'><strong>&quot;</strong></span> <span class='ocrx_word' id='word_1_862' title='bbox 3658 5168 3781 5221; x_wconf 77' lang='lat' dir='ltr'><strong>civi-</strong></span> 
     </span>
    </p>
   </div>
   <div class='ocr_carea' id='block_1_111' title="bbox 538 5225 3777 5290">
    <p class='ocr_par' dir='ltr' id='par_1_111' title="bbox 538 5225 3777 5290">
     <span class='ocr_line' id='line_1_115' title="bbox 538 5225 3777 5290; baseline 0.001 -7"><span class='ocrx_word' id='word_1_863' title='bbox 538 5228 663 5283; x_wconf 81' lang='lat' dir='ltr'><strong>tatis</strong></span> <span class='ocrx_word' id='word_1_864' title='bbox 691 5228 830 5281; x_wconf 77' lang='lat' dir='ltr'><strong>deest</strong></span> <span class='ocrx_word' id='word_1_865' title='bbox 858 5227 909 5280; x_wconf 88' lang='lat'><strong>9.</strong></span> <span class='ocrx_word' id='word_1_866' title='bbox 989 5227 1032 5257; x_wconf 83' lang='grc'><strong>³²</strong></span> <span class='ocrx_word' id='word_1_867' title='bbox 1068 5227 1118 5279; x_wconf 86' lang='lat' dir='ltr'><strong>in</strong></span> <span class='ocrx_word' id='word_1_868' title='bbox 1150 5228 1302 5282; x_wconf 89' lang='lat' dir='ltr'><strong>cuius</strong></span> <span class='ocrx_word' id='word_1_869' title='bbox 1326 5225 1501 5279; x_wconf 89' lang='lat' dir='ltr'><strong>locum</strong></span> <span class='ocrx_word' id='word_1_870' title='bbox 1533 5238 1576 5276; x_wconf 90' lang='lat' dir='ltr'><strong>s.</strong></span> <span class='ocrx_word' id='word_1_871' title='bbox 1611 5225 1662 5277; x_wconf 90' lang='lat' dir='ltr'><strong>b.</strong></span> <span class='ocrx_word' id='word_1_872' title='bbox 1688 5241 1734 5278; x_wconf 90' lang='lat' dir='ltr'><strong>c.</strong></span> <span class='ocrx_word' id='word_1_873' title='bbox 1766 5239 1813 5277; x_wconf 93' lang='lat' dir='ltr'><strong>c.</strong></span> <span class='ocrx_word' id='word_1_874' title='bbox 1843 5239 1887 5278; x_wconf 86' lang='lat' dir='ltr'><strong>s.</strong></span> <span class='ocrx_word' id='word_1_875' title='bbox 1914 5235 1996 5280; x_wconf 90' lang='lat' dir='ltr'><strong>est</strong></span> <span class='ocrx_word' id='word_1_876' title='bbox 2017 5225 2161 5280; x_wconf 66' lang='lat' dir='ltr'><strong>deest</strong></span> <span class='ocrx_word' id='word_1_877' title='bbox 2177 5228 2229 5281; x_wconf 70' lang='grc'><strong>4.</strong></span> <span class='ocrx_word' id='word_1_878' title='bbox 2261 5229 2312 5283; x_wconf 90' lang='grc'><strong>6.</strong></span> <span class='ocrx_word' id='word_1_879' title='bbox 2390 5232 2436 5264; x_wconf 84' lang='grc'><em>³³</em></span> <span class='ocrx_word' id='word_1_880' title='bbox 2466 5225 2680 5286; x_wconf 46' lang='lat' dir='ltr'><strong>ton-deri</strong></span> <span class='ocrx_word' id='word_1_881' title='bbox 2706 5229 2756 5283; x_wconf 89' lang='lat'><strong>7.</strong></span> <span class='ocrx_word' id='word_1_882' title='bbox 2786 5232 2839 5286; x_wconf 87' lang='lat'><strong>9.</strong></span> <span class='ocrx_word' id='word_1_883' title='bbox 2917 5233 2963 5264; x_wconf 74' lang='lat'><strong>“</strong></span> <span class='ocrx_word' id='word_1_884' title='bbox 2996 5225 3266 5287; x_wconf 77' lang='lat' dir='ltr'><strong>uualaliun</strong></span> <span class='ocrx_word' id='word_1_885' title='bbox 3294 5234 3348 5286; x_wconf 79' lang='grc'><strong>4.</strong></span> <span class='ocrx_word' id='word_1_886' title='bbox 3386 5237 3633 5290; x_wconf 84' lang='lat' dir='ltr'><strong>uualaum</strong></span> <span class='ocrx_word' id='word_1_887' title='bbox 3652 5235 3702 5287; x_wconf 85' lang='lat'><strong>5.</strong></span> <span class='ocrx_word' id='word_1_888' title='bbox 3733 5233 3777 5286; x_wconf 88' lang='lat'><strong>6.</strong></span> 
     </span>
    </p>
   </div>
   <div class='ocr_carea' id='block_1_112' title="bbox 533 5292 3780 5365">
    <p class='ocr_par' dir='ltr' id='par_1_112' title="bbox 533 5292 3780 5365">
     <span class='ocr_line' id='line_1_116' title="bbox 533 5292 3780 5365; baseline 0.001 -14"><span class='ocrx_word' id='word_1_889' title='bbox 533 5297 855 5352; x_wconf 88' lang='lat' dir='ltr'><strong>uualaehum</strong></span> <span class='ocrx_word' id='word_1_890' title='bbox 883 5297 933 5350; x_wconf 78' lang='grc'><strong>5.</strong></span> <span class='ocrx_word' id='word_1_891' title='bbox 960 5298 1014 5350; x_wconf 85' lang='grc'><strong>9.</strong></span> <span class='ocrx_word' id='word_1_892' title='bbox 1050 5297 1367 5364; x_wconf 78' lang='lat' dir='ltr'><strong>gualachum</strong></span> <span class='ocrx_word' id='word_1_893' title='bbox 1404 5294 1454 5346; x_wconf 87' lang='grc'><strong>7.</strong></span> <span class='ocrx_word' id='word_1_894' title='bbox 1490 5295 1816 5348; x_wconf 86' lang='lat' dir='ltr'><strong>uualahuum</strong></span> <span class='ocrx_word' id='word_1_895' title='bbox 1843 5292 1957 5348; x_wconf 78' lang='lat'><strong>85.</strong></span> <span class='ocrx_word' id='word_1_896' title='bbox 2035 5296 2081 5326; x_wconf 81' lang='grc'>³⁵</span> <span class='ocrx_word' id='word_1_897' title='bbox 2111 5306 2264 5365; x_wconf 90' lang='lat' dir='ltr'><strong>patre</strong></span> <span class='ocrx_word' id='word_1_898' title='bbox 2299 5299 2567 5356; x_wconf 90' lang='lat' dir='ltr'><strong>factarum</strong></span> <span class='ocrx_word' id='word_1_899' title='bbox 2598 5299 2650 5355; x_wconf 90' lang='lat'><strong>9.</strong></span> <span class='ocrx_word' id='word_1_900' title='bbox 2731 5300 2776 5332; x_wconf 79' lang='grc'>³⁸</span> <span class='ocrx_word' id='word_1_901' title='bbox 2808 5303 2939 5356; x_wconf 89' lang='lat' dir='ltr'><strong>sieia</strong></span> <span class='ocrx_word' id='word_1_902' title='bbox 2966 5303 3019 5356; x_wconf 70' lang='lat'><strong>2.</strong></span> <span class='ocrx_word' id='word_1_903' title='bbox 3053 5317 3148 5356; x_wconf 89' lang='lat' dir='ltr'><strong>sua</strong></span> <span class='ocrx_word' id='word_1_904' title='bbox 3182 5303 3298 5356; x_wconf 87' lang='lat' dir='ltr'><strong>cod.</strong></span> <span class='ocrx_word' id='word_1_905' title='bbox 3327 5305 3545 5358; x_wconf 80' lang='lat' dir='ltr'><strong>Armnn.</strong></span> <span class='ocrx_word' id='word_1_906' title='bbox 3598 5305 3780 5357; x_wconf 73' lang='lat' dir='ltr'><strong>scissis</strong></span> 
     </span>
    </p>
   </div>
   <div class='ocr_carea' id='block_1_113' title="bbox 2066 5434 2297 5492">
    <p class='ocr_par' dir='ltr' id='par_1_113' title="bbox 2066 5434 2297 5492">
     <span class='ocr_line' id='line_1_117' title="bbox 2066 5434 2297 5492; baseline 0.013 -3"><span class='ocrx_word' id='word_1_907' title='bbox 2066 5434 2297 5492; x_wconf 62' lang='lat' dir='ltr'><strong>NOTAE.</strong></span> 
     </span>
    </p>
   </div>
   <div class='ocr_carea' id='block_1_114' title="bbox 535 5365 1332 5422">
    <p class='ocr_par' dir='ltr' id='par_1_114' title="bbox 535 5365 1332 5422">
     <span class='ocr_line' id='line_1_118' title="bbox 535 5365 1332 5422; baseline -0.003 -2"><span class='ocrx_word' id='word_1_908' title='bbox 535 5365 641 5421; x_wconf 85' lang='lat' dir='ltr'><strong>B9.</strong></span> <span class='ocrx_word' id='word_1_909' title='bbox 672 5368 832 5422; x_wconf 89' lang='lat' dir='ltr'><strong>scisia</strong></span> <span class='ocrx_word' id='word_1_910' title='bbox 860 5366 900 5418; x_wconf 86' lang='grc' dir='ltr'><strong>Β</strong></span> <span class='ocrx_word' id='word_1_911' title='bbox 917 5366 969 5420; x_wconf 86' lang='grc'><strong>5.</strong></span> <span class='ocrx_word' id='word_1_912' title='bbox 1005 5367 1197 5420; x_wconf 85' lang='lat' dir='ltr'><strong>sciscia</strong></span> <span class='ocrx_word' id='word_1_913' title='bbox 1221 5366 1265 5419; x_wconf 90' lang='grc' dir='ltr'><strong>Β</strong></span> <span class='ocrx_word' id='word_1_914' title='bbox 1283 5366 1332 5420; x_wconf 90' lang='grc'><strong>6.</strong></span> 
     </span>
    </p>
   </div>
   <div class='ocr_carea' id='block_1_115' title="bbox 603 5527 2107 5599">
    <p class='ocr_par' dir='ltr' id='par_1_115' title="bbox 603 5527 2107 5599">
     <span class='ocr_line' id='line_1_119' title="bbox 603 5527 2107 5599; baseline 0.001 -15"><span class='ocrx_word' id='word_1_915' title='bbox 603 5543 626 5599; x_wconf 51' lang='grc' dir='ltr'>ξ</span> <span class='ocrx_word' id='word_1_916' title='bbox 677 5527 1192 5599; x_wconf 84' lang='lat' dir='ltr'><strong>Superistapropric</strong></span> <span class='ocrx_word' id='word_1_917' title='bbox 1215 5532 1475 5595; x_wconf 76' lang='lat' dir='ltr'><strong>:edituus;</strong></span> <span class='ocrx_word' id='word_1_918' title='bbox 1501 5532 1640 5585; x_wconf 88' lang='lat' dir='ltr'><strong>inter</strong></span> <span class='ocrx_word' id='word_1_919' title='bbox 1661 5533 1948 5598; x_wconf 74' lang='lat' dir='ltr'><strong>pontificice</strong></span> <span class='ocrx_word' id='word_1_920' title='bbox 1973 5531 2107 5586; x_wconf 75' lang='lat' dir='ltr'><strong>aula:</strong></span> 
     </span>
    </p>
   </div>
   <div class='ocr_carea' id='block_1_116' title="bbox 533 5598 1212 5668">
    <p class='ocr_par' dir='ltr' id='par_1_116' title="bbox 533 5598 1212 5668">
     <span class='ocr_line' id='line_1_120' title="bbox 533 5598 1212 5668; baseline 0 -16"><span class='ocrx_word' id='word_1_921' title='bbox 533 5598 705 5653; x_wconf 79' lang='lat' dir='ltr'><strong>officia</strong></span> <span class='ocrx_word' id='word_1_922' title='bbox 733 5599 929 5668; x_wconf 87' lang='lat' dir='ltr'><strong>pluries</strong></span> <span class='ocrx_word' id='word_1_923' title='bbox 958 5598 1212 5653; x_wconf 81' lang='lat' dir='ltr'><strong>occurrit.</strong></span> 
     </span>
    </p>
   </div>
   <div class='ocr_carea' id='block_1_117' title="bbox 604 5669 1744 5734">
    <p class='ocr_par' dir='ltr' id='par_1_117' title="bbox 604 5669 1744 5734">
     <span class='ocr_line' id='line_1_121' title="bbox 604 5669 1744 5734; baseline 0.001 -12"><span class='ocrx_word' id='word_1_924' title='bbox 604 5671 629 5722; x_wconf 60' lang='lat' dir='ltr'><strong>lt</strong></span> <span class='ocrx_word' id='word_1_925' title='bbox 681 5669 852 5722; x_wconf 77' lang='lat' dir='ltr'><strong>Lacus</strong></span> <span class='ocrx_word' id='word_1_926' title='bbox 887 5670 1164 5734; x_wconf 75' lang='lat' dir='ltr'><strong>Aremlsce,</strong></span> <span class='ocrx_word' id='word_1_927' title='bbox 1204 5670 1254 5721; x_wconf 86' lang='lat' dir='ltr'><strong>in</strong></span> <span class='ocrx_word' id='word_1_928' title='bbox 1295 5669 1527 5725; x_wconf 76' lang='lat' dir='ltr'><strong>Marchia</strong></span> <span class='ocrx_word' id='word_1_929' title='bbox 1558 5672 1744 5726; x_wconf 88' lang='lat' dir='ltr'><strong>veteri.</strong></span> 
     </span>
    </p>
   </div>
   <div class='ocr_carea' id='block_1_118' title="bbox 2286 5535 2592 5589">
    <p class='ocr_par' dir='ltr' id='par_1_118' title="bbox 2286 5535 2592 5589">
     <span class='ocr_line' id='line_1_122' title="bbox 2286 5535 2592 5589; baseline 0 0"><span class='ocrx_word' id='word_1_930' title='bbox 2286 5546 2308 5574; x_wconf 73' lang='grc' dir='ltr'><strong>ε</strong></span> <span class='ocrx_word' id='word_1_931' title='bbox 2357 5535 2592 5589; x_wconf 76' lang='lat' dir='ltr'><strong>Brcscia.</strong></span> 
     </span>
    </p>
   </div>
   <div class='ocr_carea' id='block_1_119' title="bbox 2283 5602 2558 5661">
    <p class='ocr_par' dir='ltr' id='par_1_119' title="bbox 2283 5602 2558 5661">
     <span class='ocr_line' id='line_1_123' title="bbox 2283 5602 2558 5661; baseline 0 -1"><span class='ocrx_word' id='word_1_932' title='bbox 2283 5605 2308 5643; x_wconf 75' lang='grc' dir='ltr'>ἀ</span> <span class='ocrx_word' id='word_1_933' title='bbox 2355 5602 2526 5661; x_wconf 78' lang='lat' dir='ltr'><strong>Sissek</strong></span> <span class='ocrx_word' id='word_1_934' title='bbox 2543 5645 2558 5660; x_wconf 97' lang='lat'><strong>.</strong></span> 
     </span>
    </p>
   </div>
  </div>
