3928 6314
187 260 296 318 493

1649 261 1985 322 ANNALES.

3354 269 3459 325 494

187 377 438 442 contulit,
481 385 534 433 et
577 393 681 432 uno
733 394 799 432 ex
856 378 1081 432 ducibus
1111 393 1296 432 eorum
1321 393 1350 430 a
1380 393 1485 446 quo
1518 386 1767 447 receptus
1797 382 1843 438 Α
1873 375 2258 439 Nordmannia‘,
2300 385 2409 429 tam
2437 376 2501 429 de
2531 383 2685 444 parte
2733 373 2972 431 Harioldi
3017 390 3178 445 quam
3222 377 3456 434 ﬁliorum

186 478 272 523 est
305 483 401 537 per
447 468 624 522 dolum
676 467 985 530 interfecto,
1035 467 1313 521 civitatem
1368 467 1486 520 eius
1511 467 1566 519 in
1612 481 1768 520 suam

188 558 399 626 redegit
425 557 691 612 dicionem
751 558 789 609 ¹.
821 556 998 610 Missis
1029 565 1207 609 tamen
1237 555 1304 608 ad
1335 555 1638 609 exercitum
1665 555 1769 608 im-

184 647 452 718 peratoris
499 647 691 718 legatis
723 647 857 710 suis,
890 646 958 699 ad
985 645 1102 699 eius
1147 643 1513 714 praesentiam
1540 658 1598 697 se
1635 643 1770 697 velle

184 740 372 794 venire
410 739 679 808 promisit.
757 738 1004 795 Saxones
1042 739 1254 802 interea
1292 738 1438 792 iussu
1479 739 1771 806 imperato-

184 830 258 882 ris
309 828 590 905 castellum
625 828 893 898 quoddam
939 837 1092 882 trans
1131 828 1342 882 Albiam
1407 827 1459 880 in
1513 828 1630 882 loco
1679 829 1766 882 cui

184 918 453 972 Delbende
498 931 523 957 ³
577 933 771 973 nomen
797 918 1102 982 aediﬁcant,
1134 917 1372 987 depulsis
1415 932 1481 972 ex
1509 931 1575 972 eo
1619 917 1768 972 Scla-

181 1008 283 1071 vis,
334 1007 424 1077 qui
468 1007 616 1062 illum
691 1008 710 1038 ⁹
741 1007 889 1077 prius
929 1015 1346 1076 occupaverant,
1405 1009 1766 1078 praesidium-

178 1112 285 1166 que
332 1096 605 1151 Saxonum
633 1098 688 1151 in
729 1111 793 1150 eo
844 1096 1082 1165 positum
1115 1105 1304 1151 contra
1329 1097 1667 1152 incursiones
1710 1097 1767 1151 il-

179 1188 376 1241 lorum.
411 1188 650 1242 Comites
697 1203 912 1242 marcae
947 1187 1269 1257 Hispanicae
1305 1197 1454 1243 trans
1478 1188 1709 1244 Sicorim
1737 1191 1762 1230 δ

178 1278 401 1332 [luvium
454 1279 508 1332 in
569 1278 824 1348 Hispania
879 1278 1139 1348 profecti,
1205 1279 1430 1335 vastatis
1493 1281 1640 1351 agris
1709 1289 1765 1334 et

178 1367 417 1422 incensis
479 1369 827 1437 conpluribus
876 1367 1036 1431 villis,
1074 1377 1129 1422 et
1177 1379 1332 1440 capta
1394 1386 1500 1424 non
1552 1371 1762 1425 modica

173 1457 398 1524 praeda,
456 1457 684 1527 regressi
723 1466 868 1511 sunt.
917 1455 1089 1511 Simili
1132 1459 1293 1513 modo
1343 1468 1463 1529 post
1511 1462 1764 1530 aequino-

174 1546 342 1600 ctium
407 1547 716 1603 autumnale
747 1564 779 1602 a
832 1549 1120 1603 comitibus
1171 1565 1388 1604 marcae
1430 1551 1760 1610 Brittanicae

175 1640 226 1694 in
256 1641 654 1710 possessionem
678 1642 957 1698 cuiusdam
977 1643 1235 1698 Brittonis
1259 1644 1279 1674 ³
1303 1645 1394 1714 qui
1442 1653 1552 1699 tum
1592 1649 1761 1703 rebel-

1875 465 2194 532 Godofridi;
2242 467 2442 535 quibus
2481 468 2732 522 omnibus
2786 467 2985 523 auditis
3042 482 3108 522 ac
3166 467 3212 499 "
3273 469 3456 523 dimis-

1873 561 1968 624 sis,
1999 561 2113 629 ipse
2148 559 2201 613 in
2226 559 2414 613 eodem
2456 557 2594 623 loco,
2640 561 2969 615 constructis
2994 560 3062 615 ad
3091 559 3195 617 hoc
3225 559 3272 591 ³⁸
3293 574 3455 629 opere

1873 663 2010 703 novo
2057 648 2338 714 aediﬁciis,
2371 649 2514 704 sicut
2558 648 2874 718 dispositum
2915 650 3180 706 habuerat
3223 645 3292 715 ",
3340 650 3454 704 hic-

1872 740 2040 794 mavit
2067 739 2133 791 ’⁸.

2474 851 2836 912 DCCCXXIII.

1940 983 2120 1042 Mense
2144 981 2283 1042 Maio
2306 998 2601 1043 conventus
2627 988 2679 1050 in
2706 989 2893 1043 eodem
2921 989 3036 1044 loco
3062 991 3107 1022 ²⁹
3132 988 3368 1056 habitus,
3394 990 3448 1046 in

1867 1090 1976 1145 quo
2004 1092 2110 1131 non
2145 1076 2189 1109 ⁸ο
2221 1077 2458 1132 universi
2488 1076 2532 1109 ³¹
2566 1074 2829 1132 Franciae
2856 1079 3141 1147 primores,
3174 1080 3266 1146 sed
3298 1081 3364 1135 de
3401 1081 3446 1111 "

1866 1168 2116 1222 orientali
2160 1168 2392 1224 Francia
2436 1179 2598 1238 atque
2637 1166 2895 1236 Saxonia,
2930 1170 3175 1227 Baioaria
3216 1172 3278 1235 ³⁸,
3319 1173 3447 1226 Ala-

1866 1258 2086 1311 mannia
2127 1257 2174 1288 “
2217 1269 2381 1327 atque
2425 1259 2774 1316 Alamanniae
2822 1261 3159 1315 contermina
3207 1260 3451 1331 Burgun-

1867 1351 1952 1404 dia
1977 1351 2022 1381 "
2051 1359 2106 1404 et
2133 1351 2438 1422 regionibus
2462 1351 2653 1406 Rheno
2685 1352 3057 1408 adiacentibus
3087 1352 3279 1409 adesse
3313 1353 3446 1409 iussi

1866 1449 2010 1495 sunt.
2047 1441 2104 1495 In
2135 1456 2241 1509 quo
2277 1441 2418 1496 inter
2452 1451 2702 1497 caeteras
2732 1441 3086 1497 barbarorum
3122 1441 3441 1513 legationes,

1864 1548 2002 1601 quae
2027 1534 2112 1588 vel
2142 1534 2320 1588 iussae
2343 1535 2428 1588 vel
2452 1550 2547 1590 sua
2567 1542 2759 1604 sponte
2783 1542 3066 1600 vencmnt,
3096 1534 3202 1588 duo
3223 1533 3441 1597 fratres.

1865 1639 2018 1696 reges
2052 1623 2304 1679 videlicet
2335 1623 2692 1689 Wiltzorum,
2729 1624 3155 1679 controversiam
3202 1625 3344 1679 inter
3385 1640 3446 1680 se

173 1728 240 1784 lis
266 1729 286 1759 ⁸
316 1731 590 1796 extiterat,
635 1733 852 1787 nomine
895 1732 1277 1789 Wihomarcus
1306 1735 1348 1799 ³,
1375 1736 1648 1804 expeditio
1676 1735 1754 1791 fa-

1859 1717 1923 1770 de
1948 1730 2116 1786 regno
2143 1715 2425 1782 habentes,
2450 1716 2517 1771 aii
2540 1715 2904 1786 praesentiam
2924 1716 3266 1786 imperatoris
3289 1731 3446 1771 vene-

171 1830 281 1883 cta.
340 1833 396 1877 et
418 1825 600 1878 omnia
633 1824 652 1853 ⁸
683 1824 830 1880 ferro
861 1833 916 1879 et
945 1826 1052 1896 igni
1081 1834 1290 1880 vastata
1322 1835 1472 1881 sunt.
1527 1827 1756 1883 Peracto

171 1919 438 1963 conventu
487 1911 630 1980 quod
681 1913 700 1944 "
753 1912 1008 1968 Attiniaci
1067 1914 1394 1980 habebatur,
1461 1915 1691 1972 domnus
1733 1919 1754 1949 "

171 1998 468 2068 imperator
518 2003 744 2056 venandi
792 2004 965 2074 gratia
1013 2003 1364 2059 Arduennam
1410 2007 1595 2076 petiit;
1630 2007 1757 2064 Hlo-

170 2088 407 2143 tharium
453 2107 583 2145 vero
631 2092 797 2145 ﬁlium
826 2108 982 2146 suum
1021 2092 1042 2124 ⁹
1097 2095 1151 2148 in
1193 2094 1402 2150 Italiam
1432 2096 1600 2161 misit,
1629 2112 1754 2152 cum

168 2193 277 2249 quo
327 2179 605 2235 Walahum
636 2182 981 2247 monachum,
1034 2185 1395 2254 propinquum
1436 2201 1617 2252 suum,
1647 2186 1756 2242 fra-

170 2275 310 2323 trem
356 2268 601 2323 videlicet
654 2269 945 2325 Adalhardi
986 2272 1217 2338 abbatis,
1252 2283 1306 2328 et
1328 2272 1641 2347 Gerungum
1665 2293 1755 2334 os-

167 2358 454 2414 tiariornm
481 2362 796 2430 magistrum
825 2379 931 2416 una
962 2364 1160 2419 direxit
1211 2365 1274 2428 ιο,
1304 2381 1536 2436 quorum
1569 2371 1752 2425 consi-

165 2448 241 2506 lio
287 2460 342 2503 et
372 2450 423 2505 in
448 2466 506 2504 re
556 2451 807 2508 familiari
861 2462 915 2506 et
964 2453 1019 2507 in
1049 2455 1279 2525 negotiis
1315 2458 1383 2510 ad
1411 2458 1564 2528 regni
1607 2473 1756 2514 com-

168 2541 332 2596 moda
366 2543 759 2611 pertinentibus
814 2550 1078 2598 uteretur.
1136 2544 1420 2615 Pippinum
1473 2556 1654 2602 autem
1699 2547 1753 2604 in

166 2630 515 2700 Aquitaniam
573 2632 650 2686 ire
704 2635 998 2703 praecepit,
1047 2649 1210 2704 quem
1271 2644 1450 2690 tamen
1514 2634 1553 2668 “
1605 2639 1755 2707 prius

168 2718 336 2775 ﬁliam
379 2721 688 2777 Tlieotbcrti
731 2723 772 2752 ¹²
818 2722 1034 2779 comitis
1083 2723 1421 2778 Matricensis
1472 2724 1524 2778 in
1568 2727 1753 2780 coniu-

166 2810 314 2881 gium
364 2810 492 2866 fecit
542 2813 806 2881 accipere,
855 2822 1052 2883 etpost
1103 2813 1315 2881 nuptias
1342 2812 1645 2869 celebratas
1684 2815 1752 2870 ad

166 2903 422 2958 occiduas
468 2915 651 2973 partes
698 2904 740 2935 ¹³
793 2905 1081 2976 proﬁcisci.
1129 2905 1248 2974 Ipse
1302 2921 1462 2972 vero,
1528 2917 1750 2978 peracta

165 2993 465 3048 autumnali
505 2994 808 3059 venatione.
838 3003 987 3050 trans
1029 2995 1276 3049 Rhenum
1309 2997 1374 3050 ad
1405 2997 1750 3053 hiemandum

1861 1813 2006 1872 runt,
2041 1822 2267 1876 quorum
2311 1806 2528 1862 nomina
2574 1815 2703 1861 sunt
2739 1804 3053 1878 Milegastus
3083 1807 3129 1838 “
3158 1817 3213 1863 et
3260 1807 3445 1864 Ceala-

1859 1898 2058 1970 dragus
2089 1899 2155 1953 ³⁷.
2198 1900 2367 1955 Erant
2406 1900 2550 1955 idem
2598 1899 2694 1954 ﬁlii
2729 1897 2884 1954 Liubi
2926 1899 3070 1972 regis
3099 1895 3440 1968 Wiltzorum,

1858 1989 1948 2058 qui
1973 1989 2098 2046 licet
2127 2007 2250 2046 cum
2279 1991 2537 2048 fratribus
2559 1984 2672 2046 suis
2701 2000 2926 2062 regnum
2954 1990 3000 2022 ⁸⁸
3031 1991 3264 2047 divisum
3295 2000 3444 2049 tene-

1858 2089 1960 2147 ret,
1986 2089 2187 2148 tamen,
2211 2093 2497 2152 propterea
2529 2081 2671 2152 quod
2697 2080 2869 2136 maior
2890 2088 3021 2136 natu
3050 2089 3190 2149 erat,
3226 2082 3294 2137 ad
3317 2098 3442 2138 eum

1856 2175 2023 2229 totius
2051 2172 2199 2246 regni
2223 2191 2432 2230 summa
2460 2170 2785 2246 pertinebat.
2801 2173 2902 2242 Qui
2924 2190 3068 2241 cum,
3084 2175 3374 2231 commisso
3395 2176 3440 2208 "

1855 2280 1980 2321 cum
2002 2264 2357 2322 orientalibus
2376 2261 2654 2322 Abodritis
2684 2259 2921 2336 proelio,
2942 2264 3219 2322 interisset
3242 2266 3310 2333 δ’.
3339 2281 3439 2335 po—

1853 2359 2012 2430 pulus
2035 2355 2356 2415 Wiltzorum
2382 2356 2549 2412 ﬁlium
2579 2355 2695 2413 eius
2719 2356 3062 2431 Milegastum
3087 2355 3156 2422 “,
3178 2358 3305 2427 quia
3333 2372 3444 2413 ma-

1855 2447 1938 2504 ior
1959 2458 2086 2505 natu
2101 2457 2234 2506 erat
2253 2449 2321 2514 “,
2352 2461 2534 2520 regem
2555 2446 2657 2504 sibi
2683 2449 2992 2515 constituit;
3022 2449 3120 2505 sed
3146 2449 3341 2506 cumis
3360 2466 3443 2508 se-

1853 2539 2088 2594 cundum
2124 2539 2290 2594 ritum
2330 2538 2506 2609 gentis
2545 2539 2896 2595 commissum
2943 2539 3045 2596 sibi
3085 2531 3442 2614 regnum

1855 2644 1975 2684 rum
2006 2627 2169 2700 digne
2196 2629 2624 2695 administraret,
2660 2628 2751 2696 illo
2777 2614 3008 2695 abiecto,
3041 2632 3236 2689 iuniori
3279 2635 3437 2700 fratri

1854 2704 2059 2789 regium
2082 2721 2343 2789 honorem
2370 2715 2622 2774 deferunt
2643 2717 2720 2784 “;
2753 2734 2914 2789 quam
2939 2720 3009 2776 ob
3036 2736 3257 2778 causam
3278 2727 3439 2782 ambo

1853 2811 1920 2865 ad
1932 2812 2296 2878 praesentiam
2309 2808 2652 2880 imperatoris
2664 2798 2947 2865 venerunt.
2963 2811 3111 2879 Quos
3119 2803 3246 2869 cum
3258 2817 3438 2874 audis-

1851 2910 1955 2966 set,
1969 2911 2024 2957 et
2043 2896 2218 2972 gentis
2240 2901 2574 2956 voluntatem
2597 2901 2906 2970 proniorem
2932 2901 2988 2956 in
3003 2902 3232 2960 iunioris
3250 2905 3437 2963 fratris

1851 2996 2112 3050 honorem
2126 2995 2454 3067 agnovisset,
2468 2993 2680 3060 statuit,
2694 3001 2753 3048 ut
2765 2994 2811 3049 is
2833 2993 3064 3049 delatam
3078 2996 3180 3051 sibi
3193 3012 3224 3051 a
3237 2998 3436 3069 populo

167 3081 220 3136 in
260 3082 384 3136 loco
419 3083 511 3151 qui
553 3082 962 3146 Franconpfurd
1015 3085 1058 3114 “
1105 3084 1422 3154 appellatur,
1473 3086 1749 3157 profectus
1777 3101 1820 3162 (ς
1853 3097 2284 3158 suopotestatem
2301 3086 3050 3162 [populopotestatem,A.L.]
3067 3090 3309 3156 haberet,
3326 3108 3437 3146 am-

164 3181 266 3233 est.
307 3172 485 3242 ibique
529 3173 764 3242 generali
815 3182 1082 3228 conventu
1105 3184 1449 3245 congregato,
1498 3191 1750 3232 necessa-

165 3264 245 3316 ria
284 3277 529 3333 quaeque
578 3262 644 3317 ad
682 3263 970 3318 utilitatem
1016 3264 1361 3318 orientalium
1399 3267 1636 3335 partium
1663 3282 1747 3322 re-

163 3353 253 3429 gni
282 3352 369 3406 sui
403 3353 443 3382 ¹⁸
476 3353 802 3422 pertinentia
849 3368 997 3408 more
1032 3353 1258 3408 solemni
1311 3370 1435 3409 cum
1475 3357 1749 3425 optimati-

166 3444 264 3498 bus
303 3458 439 3514 quos
488 3445 554 3498 ad
597 3446 701 3500 hoc
754 3460 981 3500 evocare
1017 3446 1060 3477 "
1090 3441 1342 3512 iu‘sserat,
1397 3455 1630 3504 tractare
1654 3466 1748 3505 cu-

167 3540 326 3593 ravit.
374 3540 432 3593 ln
478 3555 584 3609 quo
629 3547 896 3596 conventu
921 3541 1162 3595 omnium
1209 3541 1554 3596 orientalium
1599 3542 1748 3598 Scla-

165 3617 380 3693 varum,
425 3629 478 3683 id
509 3639 593 3684 est
614 3629 1019 3695 Abodritorum,
1067 3629 1396 3684 Soraborum
1430 3631 1492 3695 ιτ,
1524 3631 1749 3688 Wiltzo-

167 3734 286 3773 rum
317 3718 383 3783 ¹⁸,
414 3718 790 3773 Beheimorum
821 3718 886 3783 ¹⁹,
929 3718 1305 3772 Marvanorum
1339 3719 1403 3782 ὀ,
1452 3718 1747 3774 Praedene-

165 3818 451 3862 centorum
471 3809 514 3839 ἰ
535 3820 582 3873 ε,
605 3815 662 3862 et
691 3808 745 3862 in
770 3807 1046 3862 Pannonia
1069 3808 1416 3862 residentium
1439 3809 1675 3862 Avarum
1698 3810 1742 3839 "

165 3898 466 3970 legationes
491 3915 615 3953 cum
662 3898 978 3952 muneribus
1000 3896 1067 3951 ad
1092 3913 1150 3951 se
1179 3898 1414 3952 directas
1439 3899 1646 3952 audivit
1674 3900 1739 3952 ’³.

166 3987 410 4044 Fuerunt
459 3988 504 4018 ”
558 3989 613 4044 in
665 3988 851 4043 eodem
908 3999 1172 4042 conventu
1222 3997 1275 4041 et
1330 3987 1624 4057 legationes
1674 3989 1740 4043 de

1854 3179 1952 3234 bos
1993 3187 2172 3234 tamen
2206 3180 2521 3235 muneribus
2545 3181 2770 3235 donatos
2796 3188 2852 3234 et
2881 3190 3224 3236 sacramento
3254 3182 3435 3239 ﬁrma-

1855 3279 1938 3324 tos
1952 3270 2005 3324 in
2020 3271 2251 3340 patriam
2281 3271 2509 3325 remisit.
2528 3269 2829 3327 Accusatus
2851 3281 2935 3327 est
2955 3273 3009 3327 in
3022 3273 3214 3328 eodem
3233 3274 3433 3344 placito

1853 3362 1994 3432 apud
2006 3363 2388 3431 imperatorem
2409 3361 2738 3433 Ceadragus,
2754 3363 3140 3418 Abodritorum
3157 3364 3429 3436 princeps,

1854 3453 1995 3521 quod
2024 3468 2081 3507 se
2108 3467 2236 3522 erga
2259 3461 2467 3523 partem
2486 3452 2818 3508 Francorum
2844 3468 3032 3522 parum
3059 3454 3287 3512 ﬁdeliter
3307 3472 3432 3529 age-

1854 3553 1956 3605 ret,
1993 3551 2047 3596 et
2082 3544 2150 3596 ad
2184 3543 2525 3613 imperatoris
2564 3543 2927 3612 praesentiam
2968 3544 3074 3598 iam
3117 3545 3207 3606 diu
3245 3549 3431 3602 venire

1846 3632 2258 3698 dissimulasset,
2309 3642 2532 3703 propter
2579 3633 2720 3703 quod
2766 3635 2833 3688 ad
2877 3650 3000 3689 eum
3040 3635 3197 3707 legati
3241 3638 3428 3692 directi

1845 3731 1994 3787 sunt,
2020 3738 2142 3776 cum
2173 3722 2368 3790 quibus
2389 3721 2477 3776 ille
2501 3723 2695 3776 iterum
2722 3723 2980 3791 quosdam
3009 3738 3075 3778 ex
3099 3725 3428 3793 primoribus

1843 3813 2020 3881 gentis
2054 3827 2185 3867 suae
2223 3813 2290 3867 ad
2332 3813 2713 3882 imperatorem
2753 3814 2916 3879 misit,
2961 3829 3164 3884 perque
3214 3815 3425 3871 illorum

1847 3899 2007 3952 verba
2037 3899 2306 3968 promisit,
2345 3913 2404 3953 se
2444 3898 2510 3952 ad
2539 3899 2845 3968 proximum
2879 3898 3071 3953 hiemis
3114 3908 3326 3969 tempus
3360 3903 3428 3954 ad

1847 3989 1989 4045 illius
2030 3992 2390 4061 praesentiam
2435 4005 2556 4046 esse
2594 3997 2895 4046 venturum.
2945 3991 3258 4047 Hlotharius
3297 4007 3428 4050 vero

1375 4095 1764 4152 VABIANTES
1803 4099 2199 4158 LECTIONES.

237 4189 252 4221 '
289 4189 497 4256 redegit
526 4186 948 4242 dominationem
970 4184 1080 4239 Β5.
1159 4185 1298 4256 ξ(ιυί
1324 4185 1452 4256 illud
1474 4189 1526 4239 5.
1556 4186 1607 4256 7.
1639 4187 1690 4240 9.
1723 4188 1812 4256 qui
1854 4205 1977 4244 eum
2006 4189 2059 4243 6.
2137 4190 2158 4222 ³
2185 4191 2449 4245 brettonis
2473 4190 2526 4244 ι.
2604 4191 2625 4221 ⁸
2658 4190 2874 4246 rebellis
2913 4201 3040 4248 tunc
3081 4194 3132 4248 ο.
3167 4201 3298 4250 tunc
3327 4209 3420 4252 ω-

163 4258 321 4313 bcllis
343 4259 398 4313 4.
429 4258 480 4312 7.

160 4327 184 4360 ’
225 4342 360 4408 vero
397 4327 561 4381 lilium
603 4343 778 4383 suum.
817 4335 930 4408 post
959 4326 1085 4378 haec
1123 4324 1273 4377 verba
1309 4325 1645 4405 duo-codicis
1700 4326 1748 4378 1.
1783 4327 1913 4395 [alia
1954 4330 2294 4392 exciderunt;
2342 4324 2516 4453 pergit
2540 4345 2678 4411 anno
2719 4331 2824 4385 823
2871 4332 2928 4384 in
2965 4331 3173 4413 t'ocibua
3212 4333 3423 4416 (ipsi)us

163 4405 310 4452 esset
344 4397 678 4452 interfectus.
728 4396 1071 4449 Nunciatum.
1153 4394 1194 4424 ¹⁶
1218 4409 1323 4446 una
1361 4404 1509 4448 misnt
1535 4395 1588 4448 9.
1669 4395 1708 4425 ¹¹
1738 4411 1860 4449 eum
1891 4407 2069 4453 tamen
2103 4399 2154 4454 9.
2237 4401 2279 4430 ι’
2308 4399 2431 4453 theo
2469 4408 2570 4454 ert:
2593 4399 2647 4451 2.
2674 4398 2719 4450 Β
2751 4399 2804 4452 6.
2841 4400 3138 4455 theodberti
3176 4402 3227 4456 6.
3262 4404 3423 4459 thiet-

163 4405 310 4452 esset
344 4397 678 4452 interfectus.
728 4394 1071 4449 Nunciatum.
1153 4394 1194 4424 ¹⁶
1218 4409 1323 4446 una
1361 4395 1509 4448 misit
1535 4395 1588 4448 9.

162 4467 302 4522 berti
349 4466 403 4521 9.
448 4466 701 4522 teutberti
747 4466 798 4518 7.

163 4538 317 4620 regni
352 4537 434 4591 sui
474 4536 659 4620 ﬁnium
700 4535 753 4590 9.
786 4535 875 4620 L"
915 4533 1129 4620 evocari

162 4603 471 4661 uuilzorum
514 4605 564 4659 5.
618 4605 670 4659 6.
710 4603 1013 4658 uultzorum
1053 4604 1103 4656 i.

145 4675 304 4730 deus
329 4677 386 4730 4.
419 4676 810 4729 maritanorum
839 4673 891 4726 5.

880 4465 923 4496 ¹³
948 4464 1203 4519 occiduas
1236 4464 1483 4524 regiones
1522 4465 1575 4518 9.
1656 4465 1698 4495 ιδ
1730 4466 1955 4522 rhenum
1985 4469 2281 4522 hiematum
2302 4469 2368 4522 ad
2399 4467 2770 4524 franconofurt

1297 4478 1483 4564 giones
1522 4478 1575 4518 υ.
1656 4478 1698 4495 ι’
1730 4478 1955 4522 menum
1985 4478 2281 4522 hiematum
2302 4478 2368 4522 ad
2399 4478 2770 4549 t‘ranconoturt
2791 4485 2845 4539 p.
2869 4478 2923 4524 9.
2981 4478 3049 4553 ,ι’
3073 4478 3417 4552 orientalium

1391 4534 1708 4588 saraborum
1766 4535 1818 4588 2.
1848 4537 1901 4589 4.
1931 4537 1982 4591 5.
2013 4537 2064 4591 6.
2111 4538 2154 4590 Β
2197 4538 2250 4592 5.
2277 4539 2328 4592 6.
2409 4539 2451 4568 ³⁸
2497 4537 2830 4593 uuilzzorum
2871 4538 2918 4593 Β
2961 4539 3014 4594 5.
3046 4542 3321 4596 \vilsorum
3363 4544 3417 4596 9.

975 4675 1019 4706 ἰ
1051 4674 1601 4742 praedevecentorum
1642 4673 1687 4726 Β
1720 4673 1770 4726 6.

560 4258 580 4288 '
608 4256 1007 4329 wihomarchu‘s
1037 4256 1090 4309 9.
1166 4255 1187 4285 ⁸
1218 4253 1568 4329 expeditione
1585 4253 1935 4329 facta—omnia
1987 4260 2040 4313 9.
2117 4261 2136 4291 ⁷
2170 4269 2440 4314 conventu
2483 4259 2574 4329 qui
2617 4260 2666 4313 7.
2696 4260 2749 4316 9.
2827 4261 2850 4291 "
2881 4262 3110 4317 domnus
3163 4263 3304 4318 deest
3365 4265 3418 4321 9.

2342 4332 2507 4416 Periit
2535 4331 2824 4416 επροηεὲδ
2841 4331 3423 4416 ..δηίι·.ρςίθμεε,(ίρςί)ιξε

2791 4485 2845 4539 p.
2869 4470 2923 4539 9.
3005 4470 3049 4504 ¹³
3073 4472 3419 4527 orientalium

1187 4602 1225 4632 "
1255 4603 1718 4658 beliemannorum
1757 4605 1808 4658 9.
1851 4607 2226 4661 bolieimorum
2271 4608 2322 4662 6.
2357 4607 2732 4662 bohemiorum
2762 4609 2814 4662 7.
2891 4609 2935 4640 ’θ
2962 4625 3324 4666 moramorum
3366 4612 3418 4666 7.

1820 4677 2368 4743 predenesccntorum
2391 4677 2443 4731 5.
2473 4679 2525 4731 7.

2629 4680 2673 4709 ”
2705 4678 2927 4732 abarum
2953 4679 3007 4733 2.
3054 4679 3108 4732 5.
3131 4680 3185 4734 4.
3217 4681 3270 4734 5.
3304 4681 3414 4735 BS.

161 4745 213 4800 6.
243 4745 524 4818 baruniﬁ.
596 4745 644 4818 f’
669 4743 928 4818 semissis
959 4741 1251 4818 excepit_9.
1330 4741 1376 4771 "
1397 4742 1548 4796 fuere
1578 4742 1629 4796 9.
1663 4744 1771 4812 (ὄῖ)
1821 4741 1892 4818 “ξ⁸
1913 4747 2112 4818 auditis
2134 4755 2295 4818 atque
2315 4747 2392 4818 9._
2424 4747 2491 4818 ﬂ“
2511 4748 2688 4818 adhuc
2706 4761 2869 4815 opere
2895 4763 3037 4802 novo
3059 4748 3173 4804 85.
3249 4752 3291 4782 ¹⁷
3314 4751 3424 4807 hoc

161 4815 487 4869 necessariis
513 4816 630 4868 aed.
661 4814 818 4894 novis
840 4813 1289 4935 quemadmodum
1328 4827 1513 4868 secum
1552 4821 1816 4867 statuerat
1843 4814 1896 4869 9.
1975 4816 2020 4848 ⁸⁸
2057 4813 2330 4872 hiemabat
2356 4816 2400 4869 Β
2419 4816 2471 4870 5.
2517 4886 2530 4898 .
2550 4817 2595 4847 "
2631 4813 2930 4872 conventus
2952 4818 3149 4898 ibidem
3177 4820 3233 4874 h.
3263 4828 3348 4874 est
3362 4821 3416 4876 9.

162 4883 207 4914 ³⁸
248 4898 358 4935 non
388 4884 559 4935 solum
583 4898 819 4935 universi
892 4921 903 4934 .
934 4884 985 4935 6.
1063 4882 1105 4912 ³⁸
1153 4896 1435 4935 universae
1464 4883 1516 4935 9.
1593 4882 1636 4912 ³³
1683 4883 1775 4935 sed
1796 4887 1938 4935 etde
1967 4886 2018 4935 5.
2048 4886 2100 4935 6.
2179 4887 2226 4917 ³³
2269 4888 2566 4935 hauuuana
2590 4886 2634 4935 Β
2672 4886 2724 4935 6.
2802 4887 2848 4917 ”
2900 4887 3190 4935 alimannia
3311 4889 3416 4935 ala-

162 4883 207 4914 ³⁶
248 4898 358 4938 non
388 4884 559 4937 solum
583 4883 819 4936 universi

160 4952 482 5007 manniaeB
513 4953 566 5006 6.
642 4953 688 4983 ³⁸
732 4951 1189 5006 conterminabilis
1233 4951 1531 5009 buraundia
1568 4953 1712 5006 etde
1755 4953 1806 5006 5.
1838 4954 1889 5007 6.
1965 4955 2010 4985 ⁸⁸
2059 4957 2170 5009 mill

1383 5022 1434 5074 6.
1460 5020 1868 5096 celeadragus].
1894 5024 1946 5096 9.
2024 5026 2068 5096 ἐξ
2092 5020 2312 5096 τθεηύηι
2335 5041 2491 5096 suum
2521 5026 2572 5080 d.
2600 5026 2653 5079 9.
2731 5026 2774 5057 ”
2803 5020 2894 5096 qui
2921 5026 3010 5096 ubi
3040 5020 3419 5096 commisso'9.

161 5032 247 5077 tus
267 5021 324 5076 2.
407 5023 448 5054 ³⁷
477 5023 824 5092 cealagragus
849 5021 905 5092 5.
930 5023 1277 5092 cealadargus

934 4884 985 4937 6.
1063 4882 1105 4912 ³¹
1153 4882 1435 4936 universae
1464 4883 1516 4935 9.
1593 4882 1636 4912 ³³
1683 4883 1775 4936 sed
1796 4887 1938 4940 etde
1967 4886 2018 4939 5.
2048 4886 2100 4940 6.
2179 4887 2226 4917 δ’
2269 4886 2634 4948 bauuuariaB
2672 4886 2724 4940 6.
2802 4887 2848 4917 ³³
2900 4887 3191 4943 alimannia
3311 4889 3418 4942 ala-

2174 4964 2388 5025 egastus
2421 4957 2476 5009 4.
2507 4954 2561 5029 5.
2592 4955 2644 5029 6.
2681 4956 3077 5029 meligastusfi.
3109 4957 3161 5012 9.
3203 4959 3423 5029 milega-

159 5094 206 5124 “
225 5092 443 5166 proelio
458 5090 738 5166 cecidisset
759 5090 911 5166 νεὶ]δί
935 5091 988 5144 9.
1067 5092 1109 5122 δι
1137 5090 1473 5158 milegistnm
1496 5092 1550 5144 2.
1578 5090 1629 5143 4.
1658 5092 1709 5144 7.
1735 5091 1778 5145 Β
1801 5093 1853 5146 5.
1881 5095 1932 5148 6.
1959 5090 2313 5164 ῐηίιιθςτῐδιυω
2334 5096 2385 5148 5.
2416 5095 2468 5149 6.
2497 5090 2837 5166 meligastuni
2854 5095 2908 5149 3.
2938 5095 2990 5149 9.
3066 5095 3111 5126 δ’
3134 5098 3225 5164 qui
3253 5099 3425 5151 maior

1687 5231 1918 5288 ΝΟΤᾸΞ.

159 5159 280 5218 erat
301 5163 355 5216 9.
434 5162 481 5192 ⁸³
504 5161 811 5217 detulerunt
832 5159 884 5214 9.

231 5338 257 5366 ι
310 5320 587 5380 Delvunda
642 5319 833 5378 ﬂuvius
873 5329 956 5373 est
996 5319 1081 5389 die
1123 5318 1402 5382 Stccknitz,
1451 5319 1502 5373 in
1551 5319 1746 5373 ducatu
1777 5326 1826 5383 D
1852 5326 1917 5379 ad
1946 5324 2163 5378 ﬂuvium
2191 5321 2484 5384 Stecknitz,
2517 5324 2574 5377 in
2603 5321 2906 5378 conﬁnibus
2930 5323 3115 5378 limitis
3151 5324 3423 5389 Saxonici,

162 5391 592 5470 Lauenburgico,
609 5391 730 5470 inde
743 5389 811 5446 ab
823 5389 1015 5470 oppido
1039 5388 1194 5458 Molln
1213 5404 1385 5469 usque
1407 5391 1457 5442 in
1479 5389 1673 5470 albi‘m,
1690 5391 1741 5470 in

162 5466 316 5536 cujus
339 5457 514 5536 capite
536 5468 592 5513 et
611 5460 801 5512 silvam
824 5457 1454 5536 ejiisdeinnnOmiiiis,-jam
1473 5457 1745 5536 dernSarh-

163 5527 814 5597 uiwaldbuncupatam,
848 5529 1031 5581 Adami
1063 5527 1240 5597 Brem.
1287 5527 1518 5597 Historia
1560 5528 1743 5581 Eccle-

166 5605 406 5662 siastica,
433 5601 524 5654 lib.
556 5595 693 5662 ιιξε.
718 5599 771 5658 9,
801 5599 1058 5665 agnoscit.
1109 5596 1240 5649 Cum
1284 5595 1448 5665 igitur
1487 5597 1746 5666 Eginliar-

170 5675 271 5730 dus
293 5674 359 5726 de
389 5671 541 5725 Albia
585 5668 913 5722 mentionem
956 5667 1153 5720 nullam
1199 5665 1422 5734 injiciat,
1468 5665 1747 5721 caStcllum

1853 5403 1907 5450 et
1929 5403 2098 5477 prope
2136 5394 2318 5457 Molln,
2351 5394 2435 5448 vel
2461 5395 2576 5463 ipso
2603 5393 2654 5446 in
2680 5392 2816 5458 loco,
2849 5402 3218 5448 constructum
3264 5396 3429 5450 fuisse

1855 5481 2181 5612 ⁰¹³ὶ“⁰έὲςνε,
2206 5533 2296 5601 qui
2316 5530 2905 5612 prorsMequinenzssn
2923 5533 3140 5612 lbs'P'“
3166 5534 3356 5587 ‘""""°

1929 5615 1948 5641 ε
2008 5595 2202 5657 Eorum
2224 5595 2388 5656 'sed'es
2420 5595 2558 5656 infra
2602 5595 2740 5654 anno
2771 5595 2874 5655 824
2905 5602 3248 5656 deﬁniuntur.
