3928 6310
449 254 556 313 895

1729 260 2103 322 EGINHARDI
2138 264 2432 324 ABBATIS

3626 270 3727 327 ΑΜ

446 381 573 424 cum
598 367 896 425 secundum
924 367 1097 442 patris
1127 370 1422 428 iussionem
1442 372 1498 428 in
1522 372 1674 429 Italia
1698 373 1935 431 iustitias
1961 373 2031 429 fa-
2060 389 2115 450 Α
2137 376 2363 431 tumnali
2389 379 2697 444 venatione,
2737 379 2805 435 ad
2834 379 2953 436 Kal.
2990 378 3311 439 Novembris
3356 384 3499 440 sicut
3543 384 3735 442 condi-

445 468 597 516 ceret
625 470 679 517 et
709 461 816 516 iam
852 476 912 517 se
947 463 1016 517 ad
1055 464 1437 519 revertendum
1469 464 1535 520 de
1562 463 1716 520 Italia
1749 480 2039 537 praepara-

447 561 555 623 ret,
585 560 804 625 rogante
830 553 1095 610 Paschale
1121 570 1261 626 papa
1290 555 1520 611 Romam
1546 557 1715 620 venit,
1744 566 1799 611 et
1827 557 2043 611 honori-

442 644 550 702 ‘ﬁce
578 633 669 701 ab
700 645 793 702 illo
826 656 1128 725 susceptus,
1167 649 1222 703 in
1265 656 1454 703 sancto
1492 647 1857 719 paschali‘die
1901 648 2041 717 apud

445 746 701 797 sanctum
744 736 965 793 Petrum
1009 747 1065 794 et
1116 740 1267 810 regni
1312 755 1568 795 coronam
1612 749 1667 796 et
1696 740 2042 811 Imperatoris

446 834 610 897 atque
636 825 867 897 Augusti
912 843 1109 883 nomen
1130 830 1380 898 accepit;
1415 830 1536 884 inde
1571 829 1791 900 Papiam
1828 845 2040 901 regres-

447 932 562 983 sus,
596 932 785 974 mense
822 917 976 973 Iunio
1015 921 1082 973 ad
1122 919 1505 989 imperatorem
1550 906 1716 973 venit.
1769 919 1869 986 Qui
1919 934 2041 974 cum

447 1008 764 1079 imperatori
792 1010 859 1077 de
888 1010 1109 1067 iustitiis
1132 1011 1187 1065 in
1216 1011 1368 1066 Italia
1409 1027 1439 1066 a
1475 1026 1533 1066 se
1572 1011 1771 1080 partim
1809 996 1967 1065 factis
2023 1011 2038 1040 ¹

447 1098 646 1168 partim
669 1099 939 1155 inchoatis
962 1098 1182 1155 fecisset
1207 1102 1483 1167 indicium,
1514 1103 1712 1156 missus
1743 1109 1824 1155 est
1851 1102 1902 1154 in
1934 1101 2041 1154 Ita-

449 1189 575 1244 liam
626 1190 966 1246 Adalhardus
1007 1206 1192 1247 comes
1235 1192 1441 1262 palatii,
1488 1193 1803 1263 iussumque
1848 1200 1950 1256 est,
1986 1202 2045 1246 ut

453 1278 792 1352 Mauringum
815 1282 834 1310 ⁸
882 1280 1098 1336 Brixiae
1130 1282 1382 1336 comitem
1413 1272 1596 1337 secum
1624 1283 1952 1347 adsumeret,
1990 1290 2045 1336 et

452 1370 732 1426 inchoatas
776 1371 1013 1428 iustitias
1060 1373 1323 1444 perﬁcere
1359 1383 1595 1430 curaret.
1644 1364 1946 1446 D‘rogonem
2001 1375 2041 1441 ³,

450 1460 677 1533 fratrem
693 1462 833 1529 eius,
864 1465 963 1520 sub
980 1466 1242 1520 canonica
1258 1466 1367 1519 vita
1384 1465 1682 1536 degentem,
1702 1466 1948 1520 Mettensi
1962 1479 2047 1520 ec-

450 1550 666 1617 clesiae,
704 1542 849 1607 clero
880 1553 1122 1609 eiusdem
1162 1555 1313 1610 urbis
1347 1557 1719 1610 consentiente
1761 1563 1922 1624 atque
1950 1554 2047 1607 eli-

451 1652 631 1715 gente,
662 1638 927 1700 rectorem
960 1633 1264 1713 constituit,
1302 1662 1534 1718 eumque
1583 1648 1649 1702 ad
1698 1629 2045 1718 pontificatus

2143 472 2298 520 xerat
2321 464 2710 535 Compendium
2738 470 2907 525 venit.
2940 469 3125 542 Legati
3158 470 3388 526 Romam
3430 476 3728 540 venientes,

2142 556 2221 611 rei
2250 564 2435 627 gestae
2467 560 2848 614 certitudinem
2894 560 3117 631 adsequi
3166 578 3272 618 non
3318 572 3615 635 potuerunt
3661 568 3727 623 ".

2140 647 2265 715 quia
2291 646 2568 705 Paschalis
2589 649 2832 720 pontifex
2856 659 2910 705 et
2940 666 2998 706 se
3028 653 3073 683 ’δ
3104 653 3173 707 ab
3214 652 3376 708 huius
3416 654 3547 709 facti
3582 671 3734 711 com-

2143 740 2398 795 munione
2420 756 2541 795 cum
2567 757 2762 813 magno
2782 743 3155 812 episcoporum
3184 760 3413 801 numero
3436 746 3733 801 iureiuran-

2143 833 2209 887 do
2236 833 2542 903 puriﬁcavit
2575 836 2650 900 '5;
2695 845 2750 891 et
2784 835 3158 891 interfectores
3186 837 3587 906 praedictorum
3636 839 3733 892 ho-

2144 922 2368 987 minum,
2399 925 2525 992 quia
2552 925 2619 978 de
2649 924 2850 979 familia
2886 924 3057 979 sancti
3086 925 3229 978 Petri
3269 934 3445 989 erant,
3490 942 3732 980 summo-

2144 1028 2271 1081 pere
2311 1012 2630 1080 defendens,
2677 1024 2919 1071 mortuos
2948 1015 3095 1070 velut
3123 1015 3421 1070 maiestatis
3451 1032 3573 1072 reos
3604 1033 3736 1073 con—

2144 1105 2419 1160 demnavit
2447 1105 2513 1170 ⁸⁶,
2547 1107 2662 1161 iure
2684 1109 2726 1138 "
2760 1121 2949 1161 caesos
2977 1107 3345 1177 pronuntiavit
3366 1108 3433 1172 ’⁸,
3467 1117 3630 1177 atque
3666 1111 3735 1163 ob

2145 1195 2248 1249 hoc
2268 1197 2389 1251 eum
2418 1196 2729 1265 praedictis,
2756 1197 2845 1266 qui
2871 1197 2933 1251 ad
2956 1211 3079 1251 eum
3106 1196 3256 1251 missi
3282 1196 3517 1261 fuerant,
3545 1198 3739 1269 legatis

2145 1290 2433 1344 Iohannem
2461 1289 2945 1345 Silvae-candidae
2980 1290 3293 1358 episcopum
3320 1299 3375 1344 et
3410 1290 3662 1360 Sergium
3692 1292 3738 1323 ”

2146 1380 2636 1445 bibliothecarium,
2662 1381 2947 1446 Quirinum
2970 1394 3185 1449 quoque
3234 1380 3625 1435 subdiaconum
3672 1398 3737 1435 ac

2147 1470 2381 1525 Leonem
2411 1470 2726 1540 magistrum
2772 1470 3002 1523 militum
3049 1469 3115 1523 ad
3158 1470 3538 1538 imperatorem
3567 1471 3736 1525 misit.

2148 1560 2247 1627 Qui
2279 1576 2399 1615 cum
2424 1568 2530 1614 tam
2560 1576 2656 1630 per
2683 1560 2802 1614 illos
2828 1573 2988 1627 quam
3032 1574 3132 1628 per
3168 1574 3295 1613 suos
3329 1560 3533 1629 legatos
3562 1561 3629 1616 de
3654 1577 3741 1616 sa-

2149 1660 2426 1705 cramento
2452 1650 2723 1723 pontificis
2747 1650 3172 1705 etexcusatione
3204 1664 3416 1703 reorum
3451 1653 3746 1719 comperis-

454 1736 679 1806 gradum
716 1736 930 1790 censuit
975 1737 1281 1806 promoveri
1330 1740 1374 1790 ⁸-
1422 1738 1479 1791 1η
1526 1737 1715 1792 eodem
1778 1743 2044 1791 conventu
2074 1750 2120 1807 Β
2149 1752 2248 1811 sci,
2283 1744 2419 1798 nihil
2448 1744 2548 1799 sibi
2577 1744 2716 1798 ultra
2750 1744 2801 1798 in
2830 1744 2934 1799 hoc
2975 1742 3192 1813 negotio
3227 1740 3532 1798 faciendum
3566 1755 3741 1810 ratus,

454 1836 667 1897 tempus
686 1834 742 1882 et
764 1827 915 1882 locus
937 1828 1161 1883 alterius
1182 1839 1480 1885 conventus
1507 1828 1741 1884 habendi
1767 1828 2050 1884 condictus

452 1925 538 1972 est
560 1918 600 1981 ⁸,
627 1915 932 1973 November
952 1918 1202 1974 videlicet
1230 1920 1435 1974 mensis
1475 1929 1532 1973 et
1551 1917 1940 1988 Compendium
1963 1933 2055 1987 pa-

455 2010 671 2069 latium:
700 2019 1032 2081 peractoque
1056 2009 1077 2041 ⁸
1104 2010 1302 2079 placito
1322 2019 1378 2064 et
1402 2010 1637 2065 dimissis
1661 2008 2047 2079 primoribus’,

462 2118 575 2157 :um
622 2102 919 2173 imperator
958 2100 1065 2155 iam
1110 2100 1235 2156 inde
1286 2100 1491 2171 digredi
1535 2101 1848 2165 statuisset,
1898 2100 2049 2153 adla-

374 2222 381 2229 ’
454 2202 570 2247 tum
590 2200 673 2247 est
698 2192 748 2246 ei
771 2192 838 2246 de
861 2187 1081 2247 interitu
1104 2191 1410 2259 Liudewiti,
1430 2194 1571 2269 quod
1588 2193 1789 2249 relictis
1804 2192 2049 2261 Sorabis,

452 2299 579 2339 cum
626 2282 949 2339 Dalmatiam
986 2282 1008 2313 ⁸
1052 2282 1120 2338 ad
1176 2283 1619 2339 Liudemuhslum
1660 2283 1681 2314 ’
1725 2283 2048 2338 avunculum

450 2372 668 2431 Bornae
723 2374 875 2429 ducis
918 2373 1278 2445 pervenisset,
1326 2382 1379 2428 et
1418 2374 1753 2444 aliquantum
1798 2374 2053 2444 temporis

450 2480 581 2520 cum
602 2479 668 2519 eo
690 2472 931 2520 moratus
959 2463 1166 2525 fuisset.
1197 2465 1318 2521 dolo
1340 2466 1511 2535 ipsius
1538 2473 1682 2520 esset
1709 2459 2048 2520 interfectus.

458 2554 785 2611 Nunciatum
815 2561 899 2610 est
927 2555 1113 2621 etiam,
1151 2554 1493 2610 Theodorum
1526 2556 2052 2633 sanctaeoﬂomanae

456 2646 726 2702 ecclesiae
754 2646 1123 2717 primicerium
1148 2654 1202 2700 et
1226 2646 1459 2702 Leonem
1492 2648 1951 2703 nomenclatorem
1984 2649 2048 2714 ¹⁰,

462 2750 724 2808 generum
758 2736 895 2800 eius,
941 2735 995 2789 in
1043 2735 1375 2805 patriarchio
1417 2736 1784 2793 Lateranense
1811 2739 1851 2769 ¹¹
1875 2737 2052 2809 primo

460 2831 804 2888 excaecatos,
836 2839 900 2880 ac
930 2822 1125 2879 deinde
1147 2822 1315 2880 fuisse
1343 2824 1658 2892 decollatos,
1696 2835 1752 2880 et
1774 2827 1884 2881 hoc
1904 2827 1984 2881 eis
2009 2827 2051 2858 "

460 2916 530 2973 ob
554 2917 661 2972 hoc
694 2916 737 2948 “
773 2917 1082 2987 contigisse,
1110 2917 1252 2986 quod
1273 2931 1332 2972 se
1354 2916 1408 2972 in
1433 2917 1684 2973 omnibus
1710 2916 1941 2973 ﬁdeliter
1968 2934 2055 2973 er-

463 3024 528 3077 ga
556 3015 740 3079 partes
763 3006 1029 3063 IIlotliarii
1062 3007 1271 3063 iuvenis
1300 3007 1645 3079 imperatoris
1690 3018 1913 3080 agerent
1967 3010 2009 3041 ¹⁶
2035 3026 2049 3075 ;

2156 1842 2512 1889 memoratum
2540 1835 2832 1889 Iohannem
2854 1834 3164 1905 episeOpum
3214 1844 3269 1888 et
3303 1834 3483 1890 socios
3526 1837 3644 1890 eius
3676 1836 3745 1889 ad

2153 1923 2484 1993 pontiﬁcem,
2512 1924 2638 1979 dato
2664 1926 3020 1980 conveniente
3047 1942 3323 1997 responso,
3350 1927 3580 1981 remisit.
3612 1926 3747 1981 Cca«

2153 2014 2351 2083 dragus
2407 2012 2451 2043 ³ο
2506 2011 2890 2067 Abodritorum
2952 2014 3204 2083 princeps
3258 2015 3749 2085 pollicitationibus

2151 2106 2264 2161 suis
2289 2105 2549 2161 adhibens
2584 2104 2761 2171 ﬁdem,
2795 2122 2917 2160 cum
2948 2106 3271 2175 quibusdam
3298 2106 3627 2174 primoribus
3657 2120 3749 2173 po-

2152 2196 2261 2266 puli
2288 2196 2371 2251 sui
2400 2194 2789 2265 Compendium
2820 2196 2987 2260 venit,
3025 2195 3285 2265 dilatique
3323 2212 3419 2266 per
3456 2202 3532 2250 tot
3574 2210 3749 2249 annos

2152 2288 2414 2341 adventus
2443 2286 2525 2341 sui
2560 2286 2820 2340 rationem
2852 2301 3034 2340 coram
3067 2286 3391 2354 imperatore
3419 2300 3527 2339 non
3554 2285 3748 2353 inpro-

2152 2374 2408 2435 babiliter
2443 2378 2692 2433 reddidit.
2729 2378 2830 2445 Qui
2872 2378 2997 2433 licet
3034 2377 3074 2409 ³¹
3112 2379 3166 2432 in
3205 2377 3526 2446 quibusdam
3563 2377 3751 2430 causis

2152 2469 2436 2542 culpabilis
2470 2478 2775 2540 appareret,
2828 2477 3010 2522 tamen
3050 2460 3271 2539 propter
3312 2467 3503 2521 merita
3545 2480 3747 2534 paren-

2156 2571 2266 2616 tum
2293 2576 2511 2617 suorum
2540 2575 2645 2614 non
2678 2558 2851 2614 solum
2889 2557 3188 2627 inpunitus,
3216 2572 3403 2611 verum
3428 2554 3754 2609 muneribus

2153 2652 2384 2705 donatus
2410 2649 2477 2703 ad
2510 2662 2734 2718 regnum
2761 2643 2939 2702 redire
2967 2646 3262 2716 permissus
3288 2653 3388 2698 est.
3427 2642 3669 2697 Venerat
3698 2651 3755 2696 et

2154 2736 2440 2792 Harioldus
2464 2737 2528 2791 de
2554 2734 2945 2800 Nordmannia,
2972 2733 3229 2787 auxilium
3252 2739 3443 2803 petens
3473 2739 3662 2785 contra
3692 2729 3755 2783 ﬁ-

2152 2829 2253 2883 lios
2287 2825 2587 2891 Godofridi,
2623 2825 2714 2894 qui
2757 2840 2881 2879 eum
2917 2825 3092 2894 patria
3134 2822 3333 2892 pellere
3374 2822 3755 2885 minabantur,

2153 2919 2223 2973 ob
2255 2917 2407 2971 cuius
2437 2930 2656 2970 causam
2687 2914 2997 2985 diligentius
3020 2912 3411 2982 explorandam
3439 2912 3509 2965 ad
3530 2909 3756 2964 eosdem

2155 3008 2294 3063 ﬁlios
2332 3004 2610 3061 Godofridi
2645 2998 3009 3059 Thebtbarius
3052 3003 3095 3033 ³¹
3137 3009 3192 3055 et
3232 2999 3656 3055 ﬂruodmundus
3709 2998 3756 3030 ⁸³

461 3106 620 3155 erant
651 3106 705 3154 et
734 3099 827 3168 qui
852 3098 1114 3165 dicerent,
1140 3098 1227 3155 vet
1253 3100 1403 3156 iussu
1439 3100 1523 3157 vel
1554 3102 1780 3177 consilio
1815 3102 2051 3157 Pascha-
2080 3095 2123 3157 C
2156 3095 2382 3152 comites
2417 3092 2570 3147 missi
2602 3090 2845 3157 fuerunt.
2881 3091 2974 3161 qui
3011 3098 3067 3145 et
3095 3104 3321 3145 causam
3365 3088 3596 3143 ﬁliorum
3641 3087 3759 3142 Go-

465 3189 534 3243 lis
554 3186 826 3259 pontiﬁcis
853 3202 967 3242 rem
990 3185 1154 3242 fuisse
1178 3196 1565 3259 perpetratam.
1608 3189 1689 3245 Ad
1708 3190 1851 3260 quod
1872 3190 2057 3260 explo-

466 3278 696 3332 randum
727 3291 791 3332 ac
818 3276 1103 3348 diligenter
1127 3278 1558 3350 investigandum
1590 3280 1739 3335 missi
1771 3290 1895 3335 sunt
1920 3276 2059 3333 Ada-

466 3369 661 3439 lungus
685 3366 746 3431 ⁸⁸,
771 3366 941 3422 abbas
963 3367 1279 3422 monasterii
1302 3369 1476 3424 sancti
1500 3368 1739 3432 Vedasti,
1765 3376 1819 3422 et
1842 3368 2059 3424 Huni‘ri-

465 3458 567 3513 dus
594 3456 866 3521 “,comes
890 3454 1187 3512 atriensis.
1228 3455 1336 3513 Sed
1379 3465 1667 3529 antequam
1712 3458 1789 3513 illi
1829 3458 2058 3513 fuissent

465 3547 714 3619 profecti,
746 3555 1010 3603 venerunt
1047 3546 1208 3617 legati
1262 3547 1305 3578 ¹⁷
1352 3546 1631 3603 Paschalis
1674 3548 1949 3618 pontiﬁcis
1990 3549 2055 3615 ³⁸,

466 3639 733 3695 loliannes
765 3638 1052 3710 episcopus
1097 3636 1597 3694 Silvae-candidae
1640 3648 1695 3695 et
1736 3641 2059 3696 Benedictus

467 3729 885 3785 archidiaconus
935 3735 1159 3784 sanctae
1205 3731 1348 3786 sedis
1397 3733 1764 3803 apostolicae,
1809 3743 2058 3803 rogantes

469 3818 871 3888 imperatorem,
903 3826 964 3873 ut
988 3818 1134 3872 illam
1160 3816 1439 3875 infamiam
1458 3837 1487 3875 a
1515 3823 1769 3892 pontiﬁce
1795 3823 2056 3890 auferret,

469 3924 577 3977 qua
624 3907 713 3964 ille
755 3908 812 3963 in
854 3915 1279 3964 memoratorum
1306 3911 1582 3967 hominum
1614 3929 1803 3970 necem
1830 3930 2060 3971 consen-

470 3998 604 4054 sisse
627 3999 972 4054 credebatur.
1023 3999 1230 4067 Quibus
1273 4017 1395 4057 cum
1444 4004 1532 4059 ille
1578 4006 1725 4060 iuxta
1757 4008 1901 4077 quod
1924 4009 2060 4063 ratio

468 4092 779 4160 postulabat
820 4092 1208 4161 respondisset,
1252 4108 1453 4163 eosque
1497 4097 1813 4163 dimisisset,
1853 4099 2062 4169 praedi-

471 4191 589 4236 ctos
616 4182 824 4253 legatos
855 4196 981 4237 suos
1012 4182 1079 4237 ad
1111 4183 1537 4254 investigandam
1574 4185 1614 4216 ¹⁹
1645 4186 1723 4241 rei
1750 4188 2056 4254 veritatem,

473 4271 615 4327 sicut
640 4273 792 4344 prius
821 4272 1106 4342 disposuit,
1143 4274 1370 4328 Romam
1398 4275 1478 4329 ire
1504 4278 1797 4347 praecepit,
1837 4278 1949 4348 ipse
1972 4292 2061 4332 ve-

479 4363 593 4417 ro"
620 4363 887 4433 reliquum
913 4365 1138 4420 aestatis
1155 4372 1367 4447 tempys
1394 4364 1446 4418 in
1459 4380 1594 4435 pago
1607 4364 1992 4423 Wormacense
2014 4369 2057 4398 “

2158 3186 2352 3242 dofridi
2384 3194 2439 3241 et
2481 3193 2680 3239 statum
2714 3186 2876 3239 totius
2920 3185 3069 3256 regni
3120 3182 3592 3239 Nordmannorum
3630 3183 3757 3237 dili-

2157 3286 2347 3349 genter
2370 3265 2761 3347 ~explorantes,
2810 3278 3102 3332 adventum
3148 3274 3388 3330 Harioldi
3434 3289 3759 3345 praecesse-

2156 3375 2304 3431 runt,
2340 3373 2395 3421 et
2429 3366 2741 3435 imperatori
2779 3366 2960 3420 omnia
3001 3380 3141 3435 quae
3186 3365 3239 3419 in
3286 3364 3401 3418 illis
3438 3364 3760 3433 regionibus

2157 3460 2455 3529 comperire
2483 3466 2777 3528 potuerunt
2823 3456 3223 3528 patefacerunt.
3273 3456 3406 3511 Cum
3454 3457 3655 3526 quibus
3704 3465 3761 3511 et

2156 3550 2270 3605 Eho
2298 3550 2344 3580 ”
2372 3548 2665 3603 Remorum
2688 3549 3152 3617 archiepiscopus,
3196 3547 3286 3617 qui
3319 3546 3547 3601 consilio
3584 3548 3761 3617 impe—

2158 3638 2358 3694 ratoris
2392 3646 2448 3693 et
2480 3638 2804 3693 auctoritate
2841 3638 3068 3693 Romani
3093 3636 3374 3707 pontiﬁcis
3399 3637 3759 3706 praedicandi

2157 3731 2331 3805 gratia
2366 3730 2433 3784 ad
2483 3731 2741 3784 terminos
2776 3729 3048 3783 Danorum
3084 3737 3414 3794 accesserat,
3454 3736 3511 3783 et
3546 3736 3762 3783 aestate

2157 3818 2448 3890 praeterita
2475 3818 2669 3873 multos
2699 3833 2763 3873 ex
2792 3818 2873 3873 eis
2899 3817 2965 3872 ad
3005 3817 3167 3873 ﬁdem
3196 3818 3477 3873 venientes
3512 3817 3762 3888 baptiza-

2160 3920 2331 3976 verat,
2358 3924 2637 3980 regressus
2667 3919 2769 3964 est.
2807 3908 2921 3964 Hoc
2956 3924 3101 3963 anno
3134 3909 3380 3979 prodigia
3408 3908 3457 3941 ⁸⁸
3485 3908 3761 3977 quaedam

2160 4003 2408 4057 extitisse
2452 4010 2763 4065 narrantur,
2795 4001 2851 4054 in
2889 4000 3085 4068 quibus
3119 4000 3412 4069 praecipua
3444 3999 3668 4053 fuerunt
3704 3999 3761 4052 in

2160 4094 2412 4164 Aquense
2454 4092 2657 4163 palatio
2704 4099 2883 4145 terrae
2918 4098 3123 4156 motus,
3158 4088 3291 4145 etin
3321 4088 3599 4143 territorio
3634 4088 3761 4142 Tul-

2160 4187 2310 4241 lense
2348 4185 2393 4216 ”
2422 4186 2570 4239 iuxta
2605 4182 2783 4237 villam
2815 4174 3283 4238 Commerciacum
3319 4193 3344 4222 α
3374 4181 3553 4251 puella
3589 4196 3761 4251 quae-

2161 4278 2285 4332 dam
2312 4289 2578 4329 annorum
2602 4272 2716 4328 fere
2746 4272 2814 4326 12
2862 4271 2931 4326 ab
2961 4272 3109 4327 omni
3135 4270 3257 4326 cibo
3277 4286 3377 4340 per
3412 4269 3481 4324 10
3535 4285 3761 4326 menses

2162 4369 2456 4423 abstinens.
2495 4368 2563 4421 Et
2585 4367 2642 4420 in
2665 4365 2925 4432 Saxonia,
2955 4365 3013 4420 in
3046 4379 3184 4436 pago
3208 4364 3302 4433 qui
3327 4370 3551 4419 vocatur
3578 4361 3757 4415 Firih-

476 4470 540 4511 ac
594 4455 786 4511 deinde
821 4456 875 4510 in
918 4456 1208 4511 Arduenna
1247 4445 1552 4527 transigens
1602 4458 1668 4523 ¹¹,
1700 4467 1918 4528 peracta
1970 4476 2062 4513 au-
2088 4445 2139 4503 D
2166 4460 2275 4512 sazi
2300 4459 2341 4490 ³⁷
2365 4459 2393 4498 b
2416 4458 2485 4512 2'5
2528 4458 2688 4513 villae
2709 4457 2831 4527 igne
2853 4456 3571 4519 coelesticonerematae,et
3593 4452 3761 4523 fulgo-

1656 4566 2046 4621 VARIAN'FES
2083 4567 2487 4623 LECTIONES.

550 4656 563 4686 ¹
589 4656 787 4724 partim
814 4656 969 4729 factis
995 4656 1135 4729 deest
1160 4656 1211 4729 5.
1245 4658 1298 4729 6.
1375 4658 1394 4688 ’
1417 4658 1842 4729 mauningum}.
1862 4659 2197 4728 magringum
2226 4675 2363 4729 corr.
2388 4658 2689 4729 maringum
2718 4657 2762 4711 Β
2784 4659 2837 4714 5.
2866 4658 3167 4729 maringum
3196 4656 3267 4729 5.Δ
3328 4656 3349 4687 ³
3377 4654 3672 4729 dragonem
3699 4654 3756 4707 4.

480 4736 501 4757 ⁸
527 4728 951 4794 promovendum
986 4726 1038 4781 9.
1118 4728 1138 4758 '
1178 4727 1381 4781 indicta
1412 4738 1536 4782 sunt
1559 4727 1610 4781 9.

482 4933 743 4993 haberent
792 4934 845 4989 6.
923 4935 968 4968 "
1014 4936 1165 4989 adala

488 5004 529 5034 “‘
560 5003 1009 5077 pontificisgdeeat
1051 5004 1103 5058 9.
1185 5003 1226 5035 ιθ
1260 5003 1691 5077 investigandum
1734 5005 1835 5060 B5.

487 5142 541 5196 9.
620 5142 665 5214 ’f
692 5144 1086 5214 condemnabat
1113 5145 1165 5197 9.
1244 5146 1286 5175 "
1316 5144 1538 5214 iureque
1564 5145 1616 5198 7.
1644 5147 1694 5200 9.
1728 5148 1779 5200 5.
1858 5147 1902 5178 ’⁸

488 5226 589 5280 gus
622 5212 669 5264 l.
713 5213 766 5266 5.
798 5211 900 5266 B5.
977 5212 1021 5243 ³¹
1053 5212 1185 5267 libet
1218 5214 1268 5267 1.

1709 4728 1729 4759 ⁶
1756 4728 1981 4783 Peracto
2026 4728 2208 4783 itaque
2240 4728 2295 4782 9.

483 4744 501 4757 ν
527 4744 951 4794 promovenaum
986 4744 1038 4781 υ.
1118 4744 1138 4758 -
1178 4744 1381 4781 inuicta
1412 4744 1536 4782 sunt
1559 4744 1610 4781 υ.
1709 4744 1729 4759 ν
1757 4744 1981 4783 reraeto
2026 4744 2208 4797 itaque
2240 4744 2295 4782 υ.
2403 4744 2412 4759 ι
2447 4744 2762 4797 proceribus
2782 4744 2836 4783 υ.
2922 4744 2947 4762 ν-
2972 4744 3027 4781 in
3052 4744 3361 4781 uaimattam
3384 4744 3438 4796 υ.
3472 4744 3496 4777 ι

483 4796 616 4849 tiam
644 4794 694 4848 7.
772 4796 793 4827 ’
821 4796 1212 4850 ludemuhslum
1243 4796 1295 4849 4.
1325 4796 1679 4851 ludemuslum
1700 4797 1752 4850 6.
1778 4814 1807 4851 a
1838 4797 2194 4853 liudemislum
2222 4797 2264 4850 Β
2289 4798 2345 4851 5.
2370 4796 2745 4852 liudemuslum
2775 4797 2828 4853 9.
2872 4795 2918 4850 Β
2953 4796 3005 4850 6.
3053 4796 3406 4850 liudewislum
3441 4794 3496 4847 7.

484 4874 655 4934 torem
728 4866 778 4918 1.
813 4866 867 4918 2.
946 4867 988 4897 ιι
1028 4866 1351 4921 lateranensi
1381 4867 1433 4920 4.
1464 4868 1516 4921 5.
1542 4867 1594 4919 6.
1627 4868 1678 4920 7.
1709 4866 1760 4920 9.
1842 4868 1882 4898 ¹²
1912 4868 2014 4921 hoc
2084 4868 2206 4923 ideo
2249 4868 2327 4922 eis
2352 4868 2402 4921 9.
2484 4867 2526 4898 ¹³
2554 4867 2633 4921 eis
2671 4870 2772 4922 hoc
2802 4874 3025 4934 propter
3050 4867 3153 4919 hoc
3187 4865 3241 4919 5.
3320 4866 3362 4896 ¹⁸
3409 4864 3552 4934 impc

1244 4951 1305 4991 us
1350 4936 1403 4990 5.
1450 4937 1727 5007 adalingus
1772 4938 1825 4990 4.
1869 4938 2201 5008 adalgundus
2249 4936 2300 4990 6.
2380 4937 2422 4967 “
2457 4936 2760 4991 humfridus

1260 5006 1691 5061 investigandum
1734 5005 1835 5060 B5.
1937 5008 1980 5038 '°
2032 5022 2156 5061 vero
2204 5006 2341 5059 deest
2377 5006 2429 5061 9.
2529 5007 2572 5037 “
2618 5022 2760 5059 uurn

2032 5022 2156 5059 VCI‘O
2204 5022 2341 5059 de?“
2377 5022 2429 5059 υ.

489 5023 529 5034 η
561 5023 830 5071 ponimeis
869 5023 1009 5057 deest
1051 5023 1103 5058 ν.
1185 5023 1225 5035 ι·
1260 5023 1691 5077 mvesuganuum
1734 5023 1835 5060 uo.
1938 5023 1980 5038 ιν
2032 5023 2156 5061 vero
2204 5023 2341 5059 aeesz
2377 5023 2429 5061 υ.
2531 5023 2572 5037 ··
2618 5023 2975 5059 uurmacense
3015 5023 3117 5058 Do.
3161 5023 3543 5059 uuormaeensi
3586 5023 3643 5054 ιι.

487 5074 864 5145 ψοτῐῃεείθηβί
904 5074 956 5128 9.
995 5075 1357 5145 ίννπωδεθηεί
1401 5074 1451 5127 7.
1530 5078 1573 5105 υ
1603 5077 1872 5131 transiens
1908 5078 1962 5130 3.
1994 5078 2047 5131 5.
2077 5077 2129 5131 6.
2161 5076 2259 5130 B5.
2305 5076 2357 5129 6.
2435 5076 2480 5107 “
2502 5082 2726 5145 potuere
2748 5075 2813 5145 9.
2860 5074 2925 5145 7'5
2955 5073 3194 5145 pontifex
3221 5089 3281 5129 se
3300 5073 3381 5145 9.
3430 5072 3645 5145 "purg

1931 5146 2325 5215 pronunciabat
2367 5145 2421 5199 9.
2498 5138 2542 5177 5’
2574 5145 2774 5215 serium
2803 5138 3272 5215 bibliothecarium
3305 5140 3407 5215 B6.
3488 5138 3534 5171 "
3562 5140 3759 5215 cedra-

1342 5214 1386 5244 "
1416 5209 1715 5269 teotharius
1746 5216 1800 5269 2.
1831 5209 2144 5270 theodarius
2170 5218 2222 5270 5.
2253 5216 2556 5269 tbeotanus
2580 5212 2679 5267 85.
2714 5213 3014 5269 theosarius
3042 5212 3143 5267 B6.
3223 5212 3269 5243 ³³
3294 5209 3662 5265 rodtmundus
3701 5209 3756 5262 9.

2922 4727 2947 4762 ⁸-
2972 4728 3027 4781 in
3048 4723 3361 4781 Ilalmatiam
3384 4724 3438 4778 9.
3472 4724 3528 4777 in
3558 4723 3762 4777 dcima-

2953 4796 3005 4848 6.
3053 4793 3412 4848 liudewislum‘
3441 4794 3496 4847 7.
3577 4793 3620 4823 ³⁵
3648 4794 3762 4848 cla-

3557 4864 3762 4919 ratoris

2869 4932 2923 4989 5.
2974 4934 3281 4989 huntfridus
3311 4934 3363 4989 6.
3443 4933 3483 4964 ⁸⁷
3514 4932 3671 5001 ligati
3701 4934 3754 4985 1.

2397 4730 2416 4759 ⁷
2447 4727 2762 4797 proceribus
2782 4728 2836 4783 9.

2529 5007 2572 5037 ³³
2618 5020 2975 5082 uurmaceuse
3015 5004 3135 5082 B5..
3161 5002 3543 5082 uuormacensi
3586 5001 3643 5054 4.

3649 5081 3763 5124 avtt

490 5277 859 5353 rovdmundus
888 5280 991 5335 B6.
1016 5283 1489 5353 hariﬁolthmundus
1522 5284 1576 5337 4.
1601 5286 1653 5339 5.
1682 5286 1735 5339 6.
1768 5286 2135 5341 ruodinandus
2162 5286 2212 5337 7.
2290 5284 2337 5316 “
2360 5285 2558 5353 quibus
2586 5283 2687 5337 cbo
2715 5283 2765 5353 9.
2796 5284 2932 5338 ebbo
2957 5283 3007 5337 7.
3033 5282 3135 5353 B5.
3207 5281 3255 5353 ξ’
3287 5279 3537 5353 prodigia
3577 5278 3649 5353 de
3678 5277 3754 5331 di-

490 5351 660 5434 εει-εἰς
688 5352 1320 5434 prodigiisquaedam};
1352 5356 1429 5434 ita
1451 5353 1704 5434 glossema
1721 5355 2054 5434 “cernant/i125
2085 5356 2139 5434 in
2174 5348 2637 5434 t_extunt'irrepsj_t.
2711 5352 2757 5432 ’f
2770 5353 3043 5434 _tullensse
3065 5351 3115 5432 1..
3143 5348 3359 5434 ξυεθῐῐερ
3378 5348 3759 5434 ,Β5.“ι.ι)11ςι]ξε

492 5419 590 5473 B6.
633 5416 875 5475 nonnulli
900 5416 1135 5476 tullensi.
1210 5424 1253 5455 ³⁷
1281 5416 1521 5477 ﬁrihsazi
1552 5423 1601 5475 1.
1634 5422 1685 5476 '5.
1716 5416 1956 5478 ﬁrihsati
1974 5422 2074 5477 B5.
2110 5424 2334 5478 ﬁuhsazi
2369 5422 2461 5475 alii
2489 5416 2737 5476 stribsazi
2770 5422 2822 5473 7.
2855 5421 3106 5476 strihsazi
3131 5418 3184 5473 ι.
3211 5420 3263 5474 6.
3294 5417 3510 5474 strisazi
3539 5416 3597 5471 5.
3626 5416 3760 5469 frih-

489 5491 601 5543 sazi
628 5491 681 5544 2.
716 5494 768 5547 9.
802 5490 903 5546 B6.
956 5492 1237 5548 ﬁrichsare
1267 5492 1547 5547 Annalista
1590 5490 1751 5547 Saxo.
1795 5494 2043 5548 ﬁricsaze
2074 5493 2364 5561 Chronogr.
2396 5489 2557 5545 Saxo.
2599 5491 2800 5546 virsedi
2850 5489 2946 5545 Ch.
2995 5489 3275 5556 Quedlinb.

2010 5579 2217 5635 ΝΟΤιιΕ
2229 5620 2241 5633 .

569 5686 592 5711 ιι
633 5675 934 5760 (Σοηυηειτμ
961 5675 1024 5728 at]
1061 5673 1278 5727 Mosam.

2248 5673 2277 5713 ἓ)
2309 5672 2448 5728 Malo
2491 5674 2732 5745 ignotum
2778 5673 2957 5730 dicere
2996 5687 3159 5741 quam
3202 5688 3324 5727 cum
3358 5670 3763 5725 recentionilms
