3928 6308
3337 425 3363 476 ὅ
3374 425 3440 475 ".3

177 447 267 506 497
1628 434 1966 492 ANNALES.

179 573 233 611 ra
257 567 450 610 sereno
477 561 637 621 atque
663 552 893 607 interdiu
933 550 997 605 de
1034 551 1184 605 coelo
1218 550 1483 605 cadentia.
1530 549 1559 583 *
1604 549 1670 603 Et
1700 548 1755 602 in
1785 563 1835 621 Α
1860 563 1999 602 unus
2045 561 2110 601 ex
2158 545 2243 601 bis
2288 546 2379 615 qui
2426 545 2594 614 priori
2641 545 2909 615 legatione
2949 542 3334 611 fungebantur,
3375 540 3445 592 a.l

181 644 357 701 multis
406 642 716 713 regionibus
768 640 951 711 fruges
995 640 1273 711 grandinis
1321 642 1619 697 vastatione
1666 643 1761 697 de-
1862 637 2242 704 imperatorem
2272 634 2576 697 detulisset,
2607 642 2876 689 conventu
2907 632 3127 695 circiter
3156 632 3209 686 8.
3248 629 3442 684 Kalen-

180 737 312 791 lctae
350 735 391 799 ‘,
431 742 594 801 atque
634 732 688 785 in
730 729 1052 801 quibusdam
1096 729 1231 785 locis
1275 730 1437 784 simul
1474 746 1595 785 cum
1644 732 1758 801 ipsa
1862 726 1957 779 das
1988 723 2082 777 Iul.
2127 723 2476 793 pronuntiato
2515 724 2560 753 “
2588 732 2751 792 atque
2790 721 3123 792 Compendio
3158 720 3205 751 ’³
3235 718 3440 782 habito,

178 828 434 899 grandine
466 828 581 881 veri
609 816 812 896 lapides
844 832 1015 894 atque
1042 826 1063 856 ¹
1090 825 1323 896 ingentis
1347 827 1601 895 ponderis
1622 828 1764 882 deci—
1862 815 1977 884 ipse
2014 816 2081 869 ad
2111 815 2501 869 Bl‘manuicam
2524 813 2571 844 ²⁴
2598 813 2991 882 expeditionem
3020 826 3115 881 ρετ
3155 825 3214 864 se
3242 808 3429 863 Ῑίὶοίου·

176 919 306 973 dere
325 918 459 983 visi;
484 919 674 973 domus
697 931 912 987 quoque
933 917 997 971 de
1017 915 1169 971 coelo
1192 924 1385 981 tactae,
1409 918 1761 987 hominesque
1860 908 1982 962 dam
2031 907 2211 961 animo
2240 905 2465 970 intento,
2508 904 2846 959 lllotbarium
2893 904 3085 967 filium,
3114 900 3327 970 imperii
3358 914 3445 953 so-

178 1023 238 1063 ac
276 1017 492 1063 caetera
539 1007 793 1083 animalia
836 1007 1038 1076 passim
1078 1005 1361 1085 fulminum
1398 1007 1508 1060 ictu
1545 1017 1763 1077 praeter
1851 994 2025 1061 cium,
2060 996 2285 1050 Romam
2312 996 2530 1051 miliel‘e
2554 994 2817 1059 chPeVil.
2848 1002 2907 1047 ιιι
2934 994 3052 1047 Vice
3078 1007 3175 1047 sua
3206 991 3441 1052 funclus.

178 1099 391 1155 solitum
420 1098 611 1153 crebro
656 1097 966 1153 exanimata
1004 1097 1275 1151 dicuntur.
1324 1096 1520 1151 Secuta
1564 1106 1645 1152 est
1680 1099 1760 1151 in-

178 1202 307 1258 gens
330 1178 637 1257 pestilentia
662 1195 822 1255 atque
841 1185 1119 1241 hominum
1149 1173 1469 1251 mortalitas,
1500 1202 1638 1255 quae
1664 1202 1761 1255 per

177 1287 343 1335 totam
363 1278 647 1334 Franciam
666 1278 961 1332 inmaniter
983 1292 1371 1347 usquequaque
1390 1287 1633 1349 grassata
1653 1289 1754 1343 est,

177 1376 228 1424 et
255 1369 596 1424 innumeram
623 1369 902 1423 hominum
928 1367 1327 1423 multitudinem
1373 1369 1568 1424 diversi
1599 1384 1758 1423 sexus

175 1468 227 1516 et
247 1461 444 1515 aetatis
470 1461 784 1531 gravissime
812 1460 1096 1514 saeviendo
1118 1461 1471 1529 consumpsit.

243 1552 269 1584 ⁷
290 1549 383 1621 [Et
422 1552 443 1583 ³
471 1552 522 1621 in
555 1551 829 1605 territorio
854 1549 1163 1605 Cumetensi
1188 1552 1207 1582 ⁸
1236 1551 1421 1606 Italiae
1459 1552 1481 1584 ⁸
1518 1553 1758 1607 civitatis

176 1620 225 1674 in
269 1620 391 1675 vico
414 1621 434 1652 ⁸
468 1620 787 1676 Grabadona
826 1622 845 1653 ⁷
871 1632 896 1661 α
930 1620 981 1674 in
1009 1621 1236 1675 ecclesia
1290 1623 1462 1677 sancti
1506 1622 1755 1676 Iohannis

175 1690 644 1771 baptistaeimago
670 1699 889 1744 sanctae
934 1690 1129 1746 Mariae
1169 1706 1399 1771 puerum
1436 1691 1607 1771 Iesum
1638 1708 1756 1771 gre-

176 1761 279 1840 mio
308 1761 610 1840 ‘continens
657 1775 720 1813 ac
749 1774 1024 1840 magorum
1067 1775 1290 1840 munera
1320 1761 1660 1840 offerentium
1700 1762 1752 1815 in

174 1828 355 1882 absida
400 1829 637 1884 eiusdem
668 1828 929 1885 ecclesiae
964 1829 1170 1899 depicta
1209 1839 1264 1884 et
1303 1832 1373 1884 ob
1414 1832 1633 1886 nimiam
1667 1846 1756 1886 ve-

1860 1102 1921 1142 ea
1951 1102 2089 1155 quae
2134 1102 2314 1141 rerum
2354 1087 2648 1141 necessitas
2692 1083 2933 1156 flagitare
2970 1083 3277 1146 videbatur,
3320 1094 3443 1134 cum

1861 1194 1997 1233 novo
2027 1178 2280 1248 pontifice
2318 1178 2619 1247 populoque
2647 1176 2891 1231 Romano
2911 1175 2957 1205 "
2996 1180 3255 1229 statueret
3283 1178 3449 1240 atque

1860 1270 2119 1325 firmaret.
2154 1271 2221 1325 Et
2251 1271 2340 1325 ille
2369 1270 2586 1340 quidem
2615 1253 2755 1324 “ad
2788 1270 2923 1327 haec
2954 1266 3293 1334 exsequenda
3323 1271 3449 1334 post

1860 1361 2095 1414 medium
2134 1360 2430 1428 Augustum
2472 1360 2526 1413 in
2570 1358 2777 1413 Italiam
2818 1356 3092 1428 profectus
3118 1346 3227 1419 est,
3272 1354 3443 1421 impe-

1861 1460 2007 1504 rator
2039 1465 2165 1504 vero
2200 1450 2305 1506 iter
2334 1450 2486 1519 quod
2519 1450 2572 1504 in
2603 1450 2960 1505 Brittanniam
2993 1446 3173 1501 facere
3214 1459 3443 1512 parave-

1860 1548 1943 1592 rat
1965 1541 2033 1603 ⁷⁷,
2076 1548 2297 1608 propter
2330 1539 2531 1595 famem
2558 1555 2696 1608 quae
2732 1540 2906 1594 adhuc
2947 1536 3258 1609 praevalida
3303 1544 3457 1599 erat,

1858 1645 2027 1699 usque
2060 1631 2127 1685 ad
2156 1632 2369 1685 initium
2395 1631 2641 1685 autumni
2672 1629 2893 1701 adgredi
2935 1628 3177 1683 distulit:
3211 1636 3323 1680 tutu
3352 1624 3447 1679 de-

1857 1735 2025 1783 mum,
2051 1720 2302 1775 adunatis
2328 1720 2571 1790 undique,
2588 1720 2838 1775 omnibus
2864 1719 3055 1787 copiis,
3086 1717 3337 1772 Rcdonas
3368 1716 3447 1770 ci-

1859 1809 2079 1864 vitatem
2104 1809 2348 1864 terminis
2367 1808 2703 1864 Brittanniae
2728 1809 3036 1877 contiguam
3060 1805 3300 1871 venit,et
3319 1806 3449 1859 inde

176 1906 428 1971 tustatem
467 1899 751 1971 obscurata
777 1907 849 1971 iet
895 1896 1045 1967 pene
1070 1898 1362 1971 abolita},
1397 1908 1543 1955 tanta
1588 1901 1750 1956 clari-
1785 1904 1827 1961 Β
1855 1901 2025 1956 diviso
2062 1901 2107 1932 ’⁸
2130 1902 2183 1954 in
2216 1910 2326 1956 tres
2355 1910 2535 1971 partes
2559 1900 2826 1963 exercitu,
2853 1899 3167 1967 duabusque
3196 1896 3459 1967 partibus

176 1976 283 2022 tate
322 1968 342 1998 ’
372 1985 469 2037 per
494 1969 720 2021 duorum
758 1970 963 2022 dierum
1012 1969 1186 2037 spatia
1229 1969 1429 2024 effulsit
1454 1972 1519 2035 ‘°,
1554 1981 1611 2024 ut
1638 1987 1754 2024 om-

174 2052 291 2106 nem
324 2038 662 2106 splendorem
696 2053 864 2091 novae
893 2039 933 2067 “
968 2039 1211 2106 picturae
1237 2055 1367 2093 suae
1403 2042 1688 2095 vetustatis
1713 2041 1754 2071 ¹²

173 2105 567 2227 pulchritudine
592 2108 936 2161 cernentibus
962 2105 1175 2175 penitus
1211 2109 1429 2165 vincere
1458 2110 1752 2166 videretur.

201 2174 447 2227 lucorum
473 2176 515 2207 "
547 2185 726 2227 tamen
775 2177 1060 2227 imagines.
1100 2188 1314 2227 nraeter
1357 2195 1577 2227 munem
1620 2195 1752 2227 uuae

201 2174 447 2246 lagorum
473 2176 515 2207 ¹³
547 2185 726 2232 tamen
775 2174 1061 2246 imagines,
1100 2188 1314 2246 praeter
1357 2195 1579 2235 munera

174 2195 447 2245 magorum
474 2195 515 2207 "
547 2195 726 2232 tamen
775 2195 1061 2246 imagines,
1138 2195 1314 2233 raeter
1357 2195 1579 2235 munera
1658 2195 1757 2235 uae

171 2244 497 2387 (ἐπεξῗὺθηι,
530 2247 753 2302 minime
801 2246 1017 2301 claritas
1060 2195 1149 2301 illa
1194 2248 1501 2305 inradiavit.
1549 2197 1676 2306 9.13
1700 2250 1752 2305 5.

784 2425 1145 2483 DCCCXKIV.

240 2536 355 2592 Rex
397 2536 752 2607 Bulgarorum
782 2537 823 2568 “
854 2535 1111 2609 Omortag
1138 2539 1182 2571 "‘
1202 2539 1349 2594 velut
1376 2539 1527 2609 pacis
1554 2540 1759 2595 facien-

171 2628 269 2683 dae
307 2626 481 2698 gratia
510 2628 716 2699 legatos
751 2629 818 2685 ad
857 2629 1237 2699 imperatorem
1272 2646 1396 2686 cum
1430 2631 1627 2687 litteris
1657 2632 1758 2686 mi-

172 2717 274 2783 sit,
306 2731 446 2786 quos
470 2717 560 2772 ille
590 2733 715 2773 eum
736 2719 995 2783 audisset,
1029 2733 1092 2773 ac
1125 2720 1333 2775 litteras
1376 2736 1515 2791 quae
1543 2721 1757 2776 adlatae

171 2803 383 2860 fuerant.
431 2806 679 2877 legisset,
712 2809 787 2862 rei
839 2809 1074 2863 novitate
1101 2809 1143 2839 ¹⁶
1174 2824 1281 2863 non
1329 2810 1584 2866 inmerito
1634 2826 1755 2880 per-

171 2904 377 2961 motus,
423 2898 491 2951 ad
538 2896 922 2968 explorandam
959 2900 1000 2930 ¹⁷
1041 2899 1351 2972 diligentius
1405 2902 1656 2956 insolitae
1698 2910 1755 2956 et

170 3001 462 3055 numquam
484 2987 633 3056 prius
660 2987 712 3041 in
737 2987 1019 3043 Franciatn
1039 2991 1303 3045 venientis
1322 2991 1605 3061 legationis
1625 3008 1753 3047 cau-

171 3091 284 3131 sam
323 3077 681 3134 Machelmum
716 3081 756 3111 ⁷⁸
783 3080 1051 3150 quendam
1085 3082 1150 3136 de
1177 3082 1423 3137 Baioaria
1455 3098 1581 3138 cum
1623 3084 1755 3153 ipsis

170 3166 359 3239 legatis
402 3170 471 3224 ad
515 3180 870 3227 memoratum
909 3185 1087 3242 regem
1125 3172 1480 3244 Bulgarorum
1526 3175 1749 3230 direxit.

1858 1991 1980 2046 filiis
2010 1990 2123 2046 suis
2150 1990 2372 2061 Pippino
2405 1998 2459 2046 et
2495 1989 2808 2045 Hludowico
2830 1987 2874 2020 ¹⁹
2908 1986 3144 2051 traditis,
3176 1985 3451 2053 tertiaque

1856 2098 2039 2139 secum
2063 2090 2289 2147 retenta,
2308 2082 2665 2136 Brittanniam
2698 2082 2992 2152 ingressus,
3023 2086 3193 2133 totam
3216 2076 3363 2130 ferro
3390 2083 3447 2131 et

1858 2175 1965 2247 igni
1993 2176 2292 2239 devastavit
2314 2174 2393 2240 '°;
2426 2175 2868 2244 consumptisque
2892 2173 2945 2227 in
2974 2172 3079 2227 hac
3104 2170 3457 2241 expeditione;

1857 2268 1927 2322 ω
1955 2269 1997 2300 ³⁷
2026 2269 2107 2323 vel
2134 2284 2202 2324 eo
2232 2267 2460 2339 amplius
2489 2267 2702 2331 diebus,
2735 2264 2974 2334 acceptis
3003 2279 3140 2333 quos
3162 2263 3205 2305 ³⁷
3240 2260 3445 2333 perfido

1859 2358 2162 2413 Brittonum
2188 2358 2235 2390 ⁸⁸
2284 2357 2481 2429 populo
2522 2354 3232 2427 imperaverattobsidibus,
3276 2353 3449 2407 Ratu-

1859 2463 2076 2520 magum
2104 2448 2405 2512 civitatem,
2431 2446 2523 2501 ubi
2556 2445 2602 2477 ³⁴
2629 2446 2915 2515 coniugem
2943 2459 3003 2499 se
3028 2443 3231 2513 operiri
3278 2443 3450 2497 iusse-

1859 2548 1965 2604 rat,
1990 2555 2044 2593 a.
2071 2539 2104 2593 d
2137 2524 2183 2570 ³⁷
2230 2537 2316 2593 15.
2346 2537 2391 2569 ⁸⁸
2422 2536 2691 2592 Kalendas
2738 2535 2996 2591 Deceml).
3048 2548 3298 2589 reversus
3339 2540 3446 2586 est.

1858 2628 1993 2683 Nam
2024 2637 2079 2683 et
2126 2628 2253 2698 illuc
2297 2628 2502 2697 legatos
2541 2626 2816 2682 Michaelis
2861 2624 3206 2695 imperatoris
3249 2622 3358 2697 qui.
3379 2621 3445 2676 ad

1856 2735 1980 2775 eum
2006 2719 2359 2788 mittebantur
2381 2718 2424 2751 "
2450 2717 2553 2772 sibi
2582 2732 2870 2773 occurrere
2893 2717 3072 2780 iussit,
3099 2731 3223 2771 cum
3250 2715 3453 2784 quibus

1855 2819 1912 2866 et
1941 2809 2272 2865 Fortunatus
2293 2810 2603 2879 patriarcha
2634 2807 3017 2863 Veneticorum
3058 2805 3103 2837 ³⁸
3142 2819 3451 2876 regressus,

1856 2903 1924 2958 ad
1971 2902 2087 2958 eius
2119 2902 2268 2964 venit
2308 2899 2695 2971 praesentiam.
2741 2896 2849 2956 Sed
2896 2896 3057 2966 legati
3089 2895 3445 2966 imperatoris

1852 2992 2063 3048 litteras
2108 3001 2169 3050 et,
2206 3005 2435 3046 munera
2484 2987 2821 3053 deferentes,
2853 2988 3002 3057 pacis
3036 2984 3445 3041 confirmandae

1856 3096 2020 3137 causa
2058 3096 2118 3137 se
2146 3081 2342 3137 missos
2386 3094 2507 3135 esse
2552 3079 2813 3143 dicentes,
2846 3092 2948 3147 pro
2976 3075 3274 3130 Fortunato
3305 3073 3441 3127 nihil

1858 3171 2031 3237 locuti
2049 3178 2204 3237 sunt;
2234 3171 2378 3227 inter
2396 3178 2609 3223 caetera
2635 3174 2819 3223 tamen
2841 3165 2910 3220 ad
2938 3163 3265 3235 legationem
3288 3176 3443 3217 suam
3520 3166 3523 3175 '

170 3238 380 3313 Interea
428 3259 639 3330 hiemps
677 3275 867 3331 aspera
910 3238 1172 3331 valdeque
1216 3238 1422 3333 prolixa
1470 3264 1615 3319 facta
1649 3274 1753 3329 est,
1784 3238 1827 3300 (ἶ
1858 3262 2187 3332 pertinentia
2222 3260 2489 3330 quaedam
2515 3257 2584 3313 de
2612 3256 2909 3328 imaginum
2936 3254 3288 3310 veneratione
3320 3267 3447 3323 pro-

171 3362 305 3417 qnae
332 3364 441 3403 non
473 3350 645 3405 solum
676 3361 890 3405 caetera
921 3352 1193 3415 animalia,
1221 3368 1412 3409 verum
1450 3355 1615 3409 etiam
1636 3356 1753 3409 .ho-

173 3440 342 3496 mines
380 3443 641 3510 quosdam
682 3444 1000 3498 inmanitate
1043 3443 1259 3514 frigoris
1301 3447 1552 3500 extinxit.
1594 3445 1750 3501 Luna

170 3530 366 3585 defecit
410 3532 461 3585 ὃ.
492 3530 671 3587 Nonas
710 3532 866 3587 Mart.
909 3533 1045 3588 hora
1075 3535 1249 3589 noctis
1280 3536 1537 3590 secunda.
1568 3534 1753 3605 Suppo

171 3621 273 3675 dux
298 3621 596 3691 Spolitinus
624 3623 921 3679 decessisse
957 3625 1257 3680 nuntiatur.
1291 3625 1479 3695 Legati
1516 3626 1749 3681 Romani

170 3712 442 3780 pontificis
476 3711 704 3766 Romam
746 3713 1002 3783 regressi,
1033 3715 1261 3768 eundem
1306 3715 1481 3768 valida
1519 3715 1751 3771 inﬁrmi-

171 3811 279 3859 tate
319 3804 600 3858 detentum
641 3820 707 3860 ac
738 3805 900 3860 morti
948 3806 1057 3859 iam
1099 3806 1141 3837 ¹⁹
1180 3808 1485 3875 proximum
1529 3807 1754 3863 invene—

171 3901 326 3959 runt,
354 3895 446 3963 qui
491 3896 653 3949 etiam
685 3897 871 3964 paucis
901 3905 1023 3966 post
1064 3897 1351 3951 alventum
1381 3897 1596 3951 illorum
1625 3913 1754 3952 exa-

170 3983 270 4038 ctis
293 3984 341 4014 ’°
368 3983 559 4039 diebus
583 3985 693 4038 vita
718 3984 965 4039 decessit.
1008 3984 1067 4038 In
1099 3985 1252 4039 cuius
1282 3985 1456 4039 locum
1497 4000 1620 4040 cum
1649 3988 1754 4041 duo

169 4085 265 4139 per
312 4072 713 4127 contentionem
756 4074 936 4147 populi
984 4073 1214 4128 fuissent
1250 4074 1437 4139 electi,
1480 4075 1755 4145 Eugenius

171 4168 373 4226 tamen,
407 4162 891 4231 arcbipresbiter"
924 4163 1063 4217 tituli
1097 4170 1315 4218 sanctae
1343 4162 1598 4230 Sabinae,
1638 4165 1754 4219 vin-

170 4262 327 4309 cente
377 4256 637 4309 nobilium
686 4262 861 4323 parte,
910 4255 1230 4325 subrogatus
1276 4264 1439 4325 atque
1471 4256 1755 4315 ordinatus

172 4352 270 4397 est.
306 4343 477 4400 Cuius
504 4345 581 4399 rei
623 4344 873 4399 nuntium
904 4358 1028 4399 cum
1069 4344 1325 4411 Quirinus
1366 4345 1749 4413 subdiaconus,

1861 3351 2125 3417 tulerunt,
2153 3356 2375 3421 propter
2395 3362 2535 3417 quae
2566 3362 2625 3402 se
2646 3345 2874 3403 Romam
2904 3345 3002 3410 ire,
3036 3354 3200 3415 atque
3230 3351 3447 3415 aposto-

1859 3441 1997 3495 licae
2046 3440 2189 3505 sedis
2234 3424 2541 3508 praesulem
2590 3438 2872 3509 consulere
2926 3436 3122 3491 debere
3171 3437 3442 3491 dixerunt.

1857 3531 2004 3597 Quos
2034 3544 2178 3595 cum,
2210 3528 2482 3599 legatione
2507 3522 2696 3582 eerum
2735 3528 2919 3582 audita
2945 3544 3009 3582 ac
3038 3541 3299 3597 responso
3328 3527 3447 3581 red-

1857 3622 1991 3686 dito,
2025 3619 2350 3683 absolveret,
2384 3616 2633 3683 Romam,
2658 3627 2718 3672 ut
2743 3632 2801 3672 se
2827 3616 2965 3672 velle
2987 3616 3329 3681 dicebant)”,
3356 3616 3450 3671 du-

1862 3724 1987 3765 cere
2014 3708 2169 3764 iussit
2194 3707 2259 3762 δο.
2300 3702 2655 3769 Fortunatum
2683 3707 2845 3760 etiam
2889 3706 2953 3761 de
2984 3720 3146 3761 causa
3176 3704 3336 3774 fugae
3365 3706 3445 3775 ip-

1863 3801 1976 3855 sius
2022 3807 2402 3870 percontatus,
2449 3797 2518 3851 ad
2562 3795 2980 3853 examinandum
3030 3811 3153 3850 eum
3200 3794 3450 3850 Romano

1859 3893 2102 3963 pontifici
2145 3892 2375 3958 direxit;
2406 3892 2520 3959 ipse
2558 3889 2601 3921 ’⁵⁸
2648 3889 3021 3960 Aquasgrani,
3066 3890 3156 3952 ubi
3201 3890 3445 3946 hiemare

1861 3992 2145 4046 statuerat,
2177 3982 2453 4053 profectus
2496 3991 2598 4037 est.
2649 3981 2766 4047 Quo
2803 3996 2925 4036 cum
2971 3982 3242 4045 venisset,
3283 3988 3337 4034 et
3371 3982 3443 4035 ibi

1862 4074 2097 4129 natalem
2133 4073 2347 4127 Domini
2399 4072 2761 4135 celebrasset,
2799 4071 3159 4126 adlatum‘est
3190 4072 3271 4137 ei,
3300 4072 3444 4140 quod

1861 4166 2024 4237 legati
2056 4165 2199 4235 regis
2236 4165 2592 4235 Bulgarorum
2619 4174 2801 4219 essent
2839 4164 2894 4218 in
2926 4163 3203 4226 Baioaria;
3249 4162 3444 4232 quibus

1859 4256 2075 4311 obviam
2119 4256 2358 4321 mittens,
2408 4256 2553 4325 ipsos
2598 4255 2814 4323 quidem
2840 4254 2884 4286 θ’
2913 4270 3084 4323 usque
3122 4254 3191 4308 ad
3232 4261 3447 4323 tempus

1859 4361 2154 4417 congruum
2188 4345 2383 4401 ibidem
2416 4344 2543 4400 fecit
2586 4344 2788 4413 operiri
2813 4343 2878 4396 ".
2906 4342 3193 4399 Caeterum
3237 4342 3441 4414 legatos

1380 4456 1770 4512 VARIANTES
1805 4458 2205 4514 LECTIONES.

275 4528 293 4559 ¹
323 4527 554 4582 deletal
613 4584 616 4588 λ
652 4592 660 4596 _
714 4530 734 4558 ²
764 4527 970 4596 lapides
1020 4527 1166 4592 iique
1212 4527 1247 4579 i.

169 4664 372 4720 britate
414 4664 513 4719 B6.
618 4666 659 4698 ³ο
696 4664 890 4721 evulsit
934 4664 1031 4718 BG.
1138 4664 1180 4695 ¹¹
1217 4679 1352 4718 nova

170 4736 445 4791 diceretur
494 4734 579 4790 vel
625 4736 932 4789 vinceretur
982 4734 1246 4788 maiorum
1304 4732 1402 4787 BG.

1546 4526 1724 4557 3A9:

275 4528 293 4559 ¹
323 4527 554 4582 deletal
613 4584 616 4588 λ
714 4530 734 4558 ²
764 4527 970 4596 lapides
1020 4527 1166 4592 iique
1212 4527 1247 4579 i.
1378 4526 1429 4580 9.
1485 4596 1494 4606 .
1546 4526 1567 4557 ³
1601 4526 1670 4577 At
1712 4529 1765 4581 in
1798 4530 1847 4581 7.
1957 4528 1979 4559 ‘
2026 4528 2265 4583 comensi
2291 4528 2341 4581 7.
2462 4529 2481 4558 ⁸
2512 4526 2658 4581 italio
2684 4526 2784 4581 BG.
2896 4528 2992 4581 ‘in
3026 4528 3135 4583 vico

168 4596 562 4679 fgrabbad‘ona
716 4603 1035 4679 potestatem
1336 4595 1563 4679 ippoltta
1600 4593 1941 4679 BG..‘obolita_
2131 4604 2457 4679 vetustatem
2505 4598 2612 4651 iam
2661 4598 3035 4679 pene_.abolit__a
3072 4597 3135 4651 7.‘

1382 4612 1555 4717 tgouta
1600 4612 1698 4649 uo.
1739 4612 1941 4652 onouta
1989 4612 2089 4651 ua.
2131 4612 2457 4651 vetusmtem
2505 4613 2612 4651 tam
2661 4613 2797 4666 pene
2839 4612 3035 4652 anouta

1431 4664 1601 4736 5.ίῖζ
1684 4666 1722 4696 ³⁸
1756 4668 2053 4722 venustatis
2094 4667 2549 4736 pulchritudinem
2596 4668 2941 4721 cernentibus
2988 4667 3037 4720 7.

1501 4733 1684 4807 “lter
1727 4733 2240 4807 bulgarorum—Non
2294 4737 2440 4807 velut
2488 4735 2587 4807 B5.
2619 4736 2752 4807 ⁸Ιῖςιι
2792 4736 3140 4807 bulgarorum
3182 4736 3247 4791 N.
3286 4740 3436 4794 velut

170 4803 305 4876 BG.,_
353 4805 398 4876 ⁸⁷
435 4803 693 4876 Omortag
736 4804 875 4876 deest
905 4804 954 4855 7.
985 4804 1017 4858 9
1040 4804 1077 4876 _9
1099 4804 1205 4876 b.__
1229 4802 1271 4833 ⁷⁸
1302 4804 1416 4871 regi
1445 4804 1779 4876 novitate_l.

2462 4529 2481 4558 ⁸
2512 4526 2658 4581 italio
2684 4525 2784 4581 B6.
2896 4528 2915 4558 ‘
2936 4528 2992 4581 in
3026 4528 3143 4583 vico
3168 4530 3310 4584 deest
3334 4528 3434 4584 B6.

3252 4598 3273 4681 ξ
3299 4598 3438 4673 cele-

3138 4669 3180 4699 ¹³
3220 4669 3438 4725 vincere

1957 4528 1979 4559 ‘
2026 4528 2265 4583 comensi
2291 4528 2341 4581 7.

1856 4808 1895 4837 "
1927 4807 2313 4875 explorandum
2356 4806 2410 4859 9.
2439 4808 2491 4860 5.
2522 4806 2573 4859 5.
2606 4805 2659 4859 6.
2692 4805 2742 4859 7.
2775 4806 2827 4861 9.
2902 4805 2946 4837 “
2988 4806 3334 4862 miehelinum
3378 4809 3431 4862 9.

173 4874 536 4929 machelinum
566 4875 617 4927 7.
650 4872 1006 4929 machalmum
1033 4873 1086 4926 2.
1165 4872 1207 4903 ⁷⁷
1230 4886 1297 4945 ac
1318 4874 1480 4945 morti
1503 4873 1665 4945 etiam
1689 4874 1787 4945 BS.
1864 4877 1906 4907 ²⁰
1932 4872 2137 4931 exactis
2164 4876 2303 4929 deest
2331 4877 2382 4931 9.
2459 4877 2500 4906 ²¹
2527 4884 2639 4945 tum
2660 4875 3097 4945 archipresbyter
3119 4877 3181 4933 9..
3247 4878 3290 4907 ”
3318 4878 3432 4931 loco

170 4959 357 4996 vocum
390 4944 747 5011 pronunciato
792 4952 954 5012 atque
982 4942 1301 5011 compendio
1330 4942 1523 5012 habito
1547 4941 1659 5010 ipse
1685 4944 1751 4996 ad
1779 4945 2124 4999 brittanicam
2164 4946 2217 4998 in
2249 4945 2513 4998 codicibus
2542 4944 2594 4997 4.
2622 4954 2670 4997 ει
2699 4944 2750 4997 6.
2784 4941 2951 4997 ηἱεάίο
2979 4941 3175 4998 ’νειίοιο
3195 4947 3198 4949 Α
3222 4947 3433 4999 nonnisi

206 5013 451 5083 ronieam
479 5011 1067 5083 Ιερίτιιᾼτλίη-ὅρβδιιᾼηι
1097 5028 1239 5083 voces
1269 5011 1626 5078 pronunciato
1653 5022 1814 5080 atque
1851 5015 2188 5083 compendio.
2265 5015 2310 5045 ³³
2341 5014 2643 5080 compendii
2674 5014 2726 5067 5.
2761 5014 2810 5066 7.
2840 5014 2892 5083 9.
2970 5013 3016 5044 ”
3050 5014 3431 5069 brittannicam

204 5081 253 5134 ξε
279 5091 331 5134 ει
362 5082 505 5149 infra
534 5082 584 5133 1.
615 5081 674 5134 4.
696 5081 747 5134 5.
780 5081 831 5134 6.
858 5081 959 5134 B5.
990 5080 1040 5134 6.
1121 5081 1165 5111 ⁸⁵
1190 5089 1350 5147 atque
1374 5095 1599 5134 romano

171 5149 215 5181 "
242 5158 299 5204 et
324 5151 395 5204 de
422 5150 596 5205 diviso
626 5151 675 5203 1.
752 5149 796 5181 ³⁵
824 5150 1151 5204 hludeuuiho
1180 5149 1230 5201 I.
1265 5149 1548 5203 ludeuuico
1574 5149 1674 5202 B5.

1697 5082 1822 5151 pulo
1852 5084 1904 5137 9.
1978 5082 2025 5113 “
2056 5084 2187 5135 Et...
2219 5084 2432 5149 quidem
2462 5083 2601 5135 deest
2631 5083 2683 5135 9.
2758 5083 2801 5113 "
2834 5082 3012 5137 facere
3040 5082 3349 5138 instituerat
3374 5087 3425 5139 9.

1752 5152 1795 5183 ³ο
1823 5153 2051 5206 vastavit
2081 5152 2132 5206 9.
2207 5152 2249 5222 ³⁷
2278 5151 2369 5205 LX
2395 5151 2700 5222 typograpjti
2732 5151 2854 5222 vitio
2886 5150 3054 5222 Bouq.
3102 5188 3105 5191 ν
3130 5153 3175 5186 ³⁸
3197 5155 3433 5222 acceptis

2219 5084 2432 5149 quidem
2462 5083 2601 5135 deest
2631 5083 2683 5135 9.
2758 5083 2801 5113 "
2834 5082 3012 5137 facere
3040 5082 3349 5138 instituerat
3374 5087 3425 5139 9.

170 5220 313 5290 quod
346 5218 446 5273 B5.
521 5220 568 5253 ³³
602 5218 1075 5290 Μειιιιοηιξῃιᾼιξϐη
1136 5218 1183 5250 ³⁸
1210 5218 1282 5290 ibi
1307 5220 1359 5290 4.
1390 5218 1491 5290 ἓξ.
1570 5218 1878 5290 "iusserat
1905 5222 1969 5275 ad
1996 5222 2111 5276 XV.
2141 5222 2190 5274 I.
2218 5220 2271 5274 2.
2299 5223 2351 5275 5.
2381 5218 2433 5273 «1.
2452 5218 2719 5290 ’7.’9.ξ85.
2753 5222 2806 5274 6.
2833 5221 2868 5275 9
2918 5222 2984 5275 ad
3013 5218 3154 5275 deest
3179 5222 3233 5275 5.
3262 5218 3429 5290 6.7a-

170 5286 283 5341 cilis
312 5290 614 5342 coniectura
648 5307 667 5341 ι
695 5305 745 5343 a.
770 5289 822 5342 d.
850 5288 966 5342 XV.
991 5288 1098 5341 Ital.
1124 5306 1142 5339 ι
1223 5288 1268 5319 ³⁵
1296 5288 1364 5342 ad
1393 5287 1504 5341 XII.
1540 5288 1655 5340 cod.
1689 5290 1905 5343 Arman.
1997 5291 2039 5321 ⁸⁷

2081 5292 2173 5359 qui
2207 5292 2274 5345 ad
2300 5306 2432 5362 eum,
2449 5289 2966 5362 mittebanturAdmt
2993 5290 3045 5345 9.
3108 5291 3171 5362 7"
3193 5289 3428 5362 patriar-

172 5356 269 5427 cba
298 5358 584 5427 gradensis
610 5359 664 5414 9.
742 5358 787 5389 "
815 5366 873 5412 ut
915 5372 973 5412 se
1000 5358 1135 5412 velle
1166 5357 1441 5427 dicebant.
1484 5372 1691 5411 romam
1732 5358 1783 5412 9.
1861 5360 1908 5390 ⁸ο
1934 5356 2140 5414 romam
2183 5362 2262 5413 ire
2306 5360 2463 5415 iussit
2492 5368 2550 5413 ut
2581 5374 2611 5412 a
2640 5357 2897 5427 pontifice
2941 5356 3345 5418 examinaretur
3370 5362 3422 5416 9.

172 5425 213 5457 “
243 5425 365 5497 ipse
394 5441 521 5481 vero
545 5426 598 5481 9.
674 5429 718 5459 δ’
746 5428 963 5497 quidem
989 5428 1128 5481 deest
1155 5426 1208 5481 9.
1285 5425 1331 5457 “
1356 5426 1555 5481 ibidem
1583 5442 1803 5483 manere
1828 5430 2102 5499 praecepit
2131 5430 2184 5484 9.

1681 5535 1911 5591 ΝΟΤᾸΞ.

175 5626 473 5699 nonmillis,
503 5627 595 5699 qui
625 5626 867 5682 chronici

178 5698 410 5757 Winedi
433 5694 752 5765 sequuntur,
781 5711 879 5765 pro
902 5696 1166 5751 Wolsatia
1194 5694 1286 5765 seu
1314 5694 1588 5765 “[ursatia
1621 5708 1748 5765 vene

179 5770 323 5823 dere.
356 5768 502 5821 Inter
516 5763 797 5837 pagorum
827 5765 1077 5837 Saxonis:
1113 5764 1332 5837 nomina
1358 5763 1609 5837 Fletbibi
1629 5764 1747 5818 voci

184 5846 401 5893 nostrae
427 5832 670 5906 proiitne
703 5834 923 5896 accedit,
955 5834 1122 5890 multo
1152 5834 1323 5905 magis
1353 5842 1528 5888 tamen
1561 5832 1747 5899 distat,

910 5625 1425 5709 Quedlinburgen‘sis
1461 5625 1747 5709 lectionem
1777 5630 1827 5687 D
1854 5642 2013 5709 gnam
2042 5637 2101 5709 ut
2123 5644 2223 5709 pro
2244 5630 2441 5709 eodem
2461 5629 2647 5709 haberi
2674 5630 2862 5709 possit.

1917 5710 1942 5739 ι
1983 5698 2062 5752 Ad
2094 5698 2262 5822 ripam
2290 5698 2569 5754 occiduam
2595 5698 2745 5753 Larii
2757 5739 2771 5765 ,
2797 5714 2965 5772 prope
2990 5700 3225 5761 initium.
3249 5701 3423 5759 Mura-

1917 5769 1981 5822 rii
2011 5766 2109 5822 SS.
2188 5768 2295 5822 .X.
2329 5782 2378 5822 ι).
2403 5783 2583 5822 cam.

1858 5769 1981 5839 torii
2011 5766 2109 5823 SS.
2138 5766 2199 5822 T.
2226 5768 2295 5833 Χ,
2327 5782 2378 5837 p.
2403 5783 2583 5823 cam.
