3928 6312
432 422 539 480 699

1719 429 2099 488 EGINHARDI
2137 432 2430 491 ABBATIS

3623 447 3725 504 500

423 536 813 592 Abodritorum
842 539 935 608 qui
980 539 1138 613 vulgo
1172 540 1598 599 Praedeuecenti
1642 557 1927 611 vocantur,
1965 556 2020 604 et
2049 555 2096 608 Α
2123 548 2598 622 sus,Bulgaricam
2648 552 2970 623 legationem
3018 556 3253 619 audivit;
3307 566 3427 610 erat
3472 559 3617 612 enim
3665 558 3731 615 de

424 628 752 685 contermini
813 630 1064 703 Bulgaria
1107 633 1332 690 Daciam
1375 633 1622 693 Danubio
1686 638 2023 694 adiacentem

425 725 705 794 incolunt,
740 726 833 798 qui
862 736 919 785 et
947 728 1049 801 ipsi
1093 730 1392 787 adventare
1416 732 1811 789 nuntiabantur
1835 735 1876 800 ⁸,
1902 733 2025 791 ilico

426 820 618 876 venire
643 822 914 891 permisit.
938 823 1041 891 Qui
1067 838 1191 879 cum
1216 824 1284 880 de
1321 822 1681 897 Bulgarorum
1714 827 1898 901 iniqua
1944 828 2027 882 in-

427 909 723 968 .“estatione
756 915 777 944 '
824 923 1187 984 quererentur
1227 916 1270 982 ³,
1310 925 1366 971 et
1393 926 1585 973 contra
1623 932 1719 973 eos
1764 918 2025 973 auxilium

425 1002 531 1059 sibi
563 1003 697 1061 ferri
729 1007 1124 1076 deposcerent,
1152 1008 1373 1063 domum
1404 1009 1506 1074 ire,
1537 1019 1701 1080 atque
1730 1011 1929 1066 iterum
1958 1012 2025 1066 ad

425 1105 641 1165 tempus
667 1096 1026 1168 Bulgarorum
1057 1098 1251 1169 legatis
1293 1100 1650 1154 constitutum
1681 1101 1861 1156 redire
1890 1100 2022 1155 iussi

425 1196 575 1243 sunt.
605 1186 865 1259 Suppone
904 1190 1049 1260 apud
1077 1189 1398 1261 Spoletium,
1450 1191 1593 1247 sicut
1624 1192 1830 1247 dictum
1875 1200 2023 1257 erat,

425 1277 706 1345 deﬁmcto,
734 1279 964 1334 eundem
1004 1279 1264 1335 ducatum
1290 1280 1636 1337 Adalhardus
1666 1297 1850 1338 comes
1876 1282 2026 1352 pala-

425 1365 521 1429 tii.
564 1369 659 1440 qui
718 1369 900 1425 iunior
955 1371 1282 1439 vocabatur,
1327 1373 1569 1442 accepit,
1620 1373 1711 1443 qui
1759 1389 1885 1429 cum
1928 1374 2021 1429 vix

423 1462 666 1531 quinque
693 1478 910 1519 menses
956 1464 978 1495 ⁸
1019 1465 1212 1520 eodem
1254 1466 1463 1521 honore
1509 1468 1801 1537 potiretur,
1842 1484 2024 1524 Corre-

422 1562 551 1625 ptus
594 1552 746 1609 febre
780 1554 1036 1611 decessit.
1074 1555 1174 1611 Cui
1206 1573 1328 1612 cum
1366 1557 1644 1628 Moringus
1670 1554 1904 1616 Brixiae
1933 1576 2025 1616 co-

424 1660 543 1701 mes
570 1661 857 1703 successor
886 1656 1033 1704 esset
1060 1650 1286 1715 eiectus,
1318 1650 1508 1705 nuntio
1549 1651 1772 1707 honoris
1801 1652 1901 1707 sibi
1933 1654 2022 1709 de-

421 1739 601 1808 putati
629 1747 854 1808 accepto
875 1739 1156 1808 decubuit,
1179 1750 1239 1796 et.
1260 1743 1449 1812 paucis
1476 1743 1811 1813 interpositis
1833 1746 2024 1801 diebus

422 1837 591 1883 vitam
624 1828 816 1883 finivit.
854 1828 1059 1886 Aeblus
1088 1831 1109 1862 '
1135 1840 1193 1886 et
1214 1832 1499 1888 Asinarius
1526 1836 1756 1891 comites
1791 1852 1913 1897 cum
1939 1853 2026 1892 co-

2128 642 2375 699 terminis
2394 656 2459 697 ac
2480 641 2679 697 ﬁnibus
2708 644 2851 699 inter
2870 645 3139 717 ‘Bttlgaros
3161 661 3225 700 ac
3252 645 3499 703 Francos
3525 649 3733 703 consti-

2127 732 2358 788 tuendis.
2390 732 2692 789 Adfueruut
2720 735 2771 788 in
2802 736 2991 791 eodem
3035 745 3306 792 conventu
3338 738 3381 769 “
3412 752 3586 806 paene
3613 755 3731 794 om-

2127 835 2229 877 nes
2259 820 2561 878 Brittaniae
2598 824 2866 893 primores
2892 866 2907 890 ,
2961 826 3104 882 inter
3138 842 3276 896 quos
3313 836 3369 882 et
3415 826 3726 883 Wihomar-

2125 927 2225 968 cus
2253 913 2323 978 ",
2355 914 2447 983 qui
2473 914 2697 983 perﬁdia
2726 932 2821 971 sua
2858 925 2914 972 et
2934 928 3103 973 totam
3134 919 3458 975 Brittaniam
3510 929 3731 975 contur-

2125 1002 2369 1080 baverat,
2396 1013 2451 1058 et
2478 1005 2842 1063 obstinatione
2881 1009 3200 1064 stultissima
3254 1009 3323 1065 ad
3371 1020 3731 1065 memoratam

2126 1093 2528 1162 expeditionem
2565 1095 2658 1151 illo
2703 1095 3006 1153 faciendam
3037 1099 3082 1129 ³³
3114 1100 3462 1170 imperatoris
3491 1101 3731 1154 animum

2126 1196 2540 1255 provocaverat,
2574 1190 2793 1243 tandem
2826 1190 3043 1244 saniore
3091 1206 3222 1245 usus
3248 1192 3507 1257 consilio,
3562 1193 3629 1245 ad
3668 1191 3729 1244 fi-

2125 1276 2247 1331 dem
2277 1277 2641 1346 impcratoris,
2675 1287 2735 1332 ut
2791 1281 2906 1349 ipse
2942 1281 3177 1345 dicebat,
3214 1283 3399 1335 venire
3427 1299 3533 1336 nou
3572 1283 3729 1337 dubi-

2127 1367 2279 1420 tavit.
2312 1365 2409 1422 Cui
2439 1383 2561 1422 cum
2597 1370 2913 1438 imperator,
2947 1380 3003 1424 et
3047 1371 3377 1442 ignosceret,
3402 1380 3456 1425 et
3496 1371 3732 1425 muneri-

2125 1457 2228 1511 bus
2259 1458 2517 1513 douatum
2545 1475 2651 1512 una
2681 1461 2726 1489 "'
2752 1476 2874 1514 cum
2900 1463 3131 1517 caeteris
3161 1463 3340 1532 gentis
3368 1479 3501 1517 suae
3531 1465 3732 1532 primo-

2132 1549 2284 1602 ribus
2309 1548 2528 1604 domum
2546 1565 2793 1603 remeare
2812 1553 3172 1620 permitteret,
3188 1554 3511 1622 promissam
3544 1553 3727 1617 ﬁdem,

2126 1646 2187 1693 ut
2213 1640 2364 1709 prius
2394 1650 2769 1705 consueverat,
2802 1642 3066 1713 gentilitia
3098 1643 3324 1711 perﬁdia
3354 1646 3729 1708 commutavit,

2125 1744 2189 1785 ac
2220 1731 2267 1761 "
2298 1731 2506 1785 vicinos
2529 1747 2655 1787 suos
2686 1732 2950 1788 incendiis
2970 1742 3025 1788 et
3055 1734 3448 1804 direptionibus
3481 1735 3535 1787 in
3560 1751 3732 1803 quan-

2129 1830 2241 1875 tum
2276 1821 2457 1890 potuit
2484 1822 2743 1879 infestare
2771 1839 2877 1879 non
2917 1840 3161 1891 cessans,
3186 1827 3359 1880 donec
3406 1826 3475 1880 ab
3501 1827 3734 1882 homini-

420 1921 530 1992 piis
573 1920 906 1977 wasconum
948 1908 1027 1977 ad
1048 1923 1422 1995 pampnonam
1461 1926 1482 1957 α
1520 1926 1696 1993 missi,
1731 1943 1857 1984 cum
1900 1944 2023 1998 per-
2052 1926 2099 1985 Β
2126 1913 2227 1967 bus
2250 1913 2526 1968 Lantberti
2563 1914 2608 1945 '°
2630 1915 2850 1969 comitis
2876 1915 2929 1970 in
2953 1916 3114 1969 domo
3148 1916 3363 1985 propria
3388 1916 3732 1971 circumven-

421 2019 545 2065 acto
572 2010 681 2065 iam
708 2012 811 2067 sibi
842 2012 1090 2068 iniuncto
1118 2015 1334 2085 negotio
1364 2023 1789 2084 reverterentur,
1823 2019 1877 2073 in
1910 2021 2027 2088 ipso

420 2103 661 2160 l‘irinaei
711 2104 733 2135 '
786 2104 912 2174 iugo
958 2104 1185 2175 perﬁdia
1243 2114 1634 2163 montanorum
1685 2109 1739 2167 in
1800 2109 2028 2165 insidias

420 2195 637 2251 deducti
667 2209 733 2251 ac
762 2196 1156 2263 circumventi,
1202 2197 1346 2268 capti
1379 2206 1534 2263 sunt,
1563 2206 1619 2253 et
1661 2200 1850 2269 copiae
1894 2215 2029 2270 quas

421 2302 608 2342 secum
640 2287 914 2357 habuere,
942 2302 1119 2358 paene
1146 2304 1322 2360 usque
1365 2290 1432 2345 ad
1480 2290 1903 2346 internicionem
1935 2294 2027 2347 de-

424 2380 605 2435 letae:
636 2390 693 2435 et
735 2379 939 2435 Aehlus
976 2381 1195 2449 quidem
1222 2380 1243 2413 ³
1280 2380 1592 2437 Cordubam
1637 2383 1860 2450 missus,
1904 2383 2028 2439 Asi-

408 2470 611 2526 narius
658 2484 789 2525 vero
820 2470 1190 2528 misericordia
1218 2487 1408 2528 eorum
1454 2475 1549 2544 qui
1576 2488 1701 2529 eum
1733 2486 2024 2545 ceperant,

422 2561 578 2630 quasi
619 2560 715 2632 qui
762 2563 1200 2634 consanguineus
1245 2580 1434 2621 eorum
1476 2574 1651 2632 esset,
1678 2568 1905 2623 domum
1936 2585 2025 2624 re-

424 2654 545 2709 dire
566 2654 869 2723 permissus
892 2665 995 2711 est.
1017 2652 1335 2713 Hlotharius
1356 2672 1489 2713 vero
1514 2658 1663 2713 iuxta
1683 2661 1854 2730 patris
1880 2675 2027 2715 man-

423 2749 616 2809 datum
659 2750 681 2783 ⁹
717 2745 949 2804 Romam
1000 2748 1309 2820 profectus,
1356 2750 1426 2804 ah
1472 2730 1717 2822 Eugenio
1768 2754 2026 2823 pontiﬁce

422 2836 726 2902 honorifice
755 2838 1069 2908 suscipitur.
1096 2836 1196 2893 Cui
1230 2853 1353 2893 cum
1395 2839 1635 2896 iniuncta
1673 2842 1776 2898 sibi
1817 2843 2023 2913 patefa-

426 2936 593 2992 ceret,
626 2937 831 2989 statum
855 2927 1041 3000 p0puli
1066 2927 1300 2985 Romani
1342 2930 1656 2988 iamdudum
1680 2936 2023 3005 quorundam

426 3017 742 3089 praesulum
769 3019 1131 3089 perversitate
1155 3019 1512 3092 depravatum
1530 3065 1544 3090 ,
1575 3028 1861 3082 memorati
1889 3043 2024 3100 pon-

424 3108 590 3165 tiﬁcis
618 3110 868 3166 benivola
899 3110 943 3143 “
967 3111 1293 3168 adsensiOne
1334 3115 1409 3169 ita
1456 3118 1716 3183 correxit,
1744 3127 1805 3173 ut
1830 3134 2022 3177 omnes

423 3199 519 3269 qui
551 3214 733 3255 rerum
763 3216 986 3257 suarum
1025 3200 1334 3273 direptione
1357 3207 1598 3276 graviter
1626 3207 1842 3265 fuerant
1864 3212 2021 3267 deso-

2134 2012 2217 2058 tus
2244 2012 2405 2073 atque
2426 2003 2741 2063 interfectus
2763 2014 2865 2061 est.
2892 2005 3195 2075 imperator
3216 2022 3366 2069 vero,
3396 2006 3581 2060 audita
3605 2005 3731 2058 Bul-

2130 2110 2386 2165 garorum
2424 2095 2722 2165 legatione,
2754 2111 2852 2165 per
2900 2096 3121 2151 eosdem
3152 2096 3241 2164 qui
3288 2096 3355 2149 ad
3403 2112 3528 2149 eum
3579 2096 3732 2149 missi

2130 2184 2345 2246 fuerant
2368 2186 2577 2256 legatos
2614 2188 2726 2258 regi
2754 2202 2942 2243 eorum
2993 2188 3176 2242 missis
3206 2187 3426 2252 litteris,
3462 2200 3626 2258 prout
3653 2188 3733 2241 vi-

2128 2280 2362 2335 debatur
2420 2281 2716 2350 respondit,
2771 2280 3102 2351 dimissoque
3151 2291 3441 2346 conventu,
3477 2277 3531 2334 in
3565 2283 3735 2336 Vose-

2129 2387 2255 2442 gum
2283 2372 2351 2426 ad
2390 2372 2661 2428 Rumerici
2691 2374 2735 2405 ²⁷
2784 2384 3025 2433 montem
3057 2374 3285 2429 venandi
3317 2376 3493 2445 gratia
3546 2373 3731 2445 profe-

2127 2469 2266 2524 ctus,
2296 2461 2467 2516 ﬁlium
2527 2478 2685 2517 suum
2724 2462 3064 2519 Hlotharium
3118 2479 3184 2519 ex
3224 2463 3373 2517 italia
3419 2479 3733 2535 regressum

2128 2550 2311 2621 ibique
2337 2552 2404 2606 ad
2440 2568 2499 2608 se
2536 2554 2844 2608 venientem
2897 2554 3156 2624 suscepit,
3185 2569 3248 2608 ac
3296 2554 3516 2623 peracta
3563 2567 3733 2606 vena-

2130 2645 2272 2699 tione
2290 2644 2628 2716 Aquasgrani
2668 2644 2902 2707 rediens,
2932 2642 3243 2715 generalem
3265 2642 3447 2713 populi
3476 2643 3567 2699 sui
3592 2658 3728 2697 con-

2127 2743 2350 2790 ventum
2387 2749 2540 2790 more
2568 2733 2795 2790 solemni
2844 2749 3033 2787 mense
3058 2733 3105 2763 ²⁸
3131 2733 3377 2804 Augusto
3404 2732 3614 2786 habuit.
3667 2731 3729 2787 In

2126 2841 2236 2895 quo
2264 2834 2534 2893 conventu
2555 2825 2700 2880 inter
2728 2833 2945 2879 ceteras
2974 2822 3271 2895 legationes
3290 2837 3431 2893 quae
3460 2824 3527 2878 de
3552 2824 3733 2878 diver-

2126 2918 2203 2972 sis
2241 2917 2483 2988 partibus
2529 2915 2576 2947 ⁸⁹
2604 2923 2910 2979 venerunt,
2963 2912 3128 2971 etiam
3175 2924 3229 2969 et
3262 2908 3496 2970 filiorum
3548 2912 3734 2969 Codo-
3775 2938 3778 2939 ν

2125 3004 2253 3060 fridi
2282 3005 2327 3037 ³ο
2371 3006 2439 3061 de
2461 3005 2826 3060 Nordmannia
2881 3004 3088 3075 legatos
3119 3005 3323 3059 audivit
3345 3043 3361 3069 ,
3411 3020 3474 3059 ac
3536 3018 3732 3075 pacem

2126 3112 2289 3167 quam
2322 3096 2464 3151 idem
2498 3096 2603 3151 sibi
2648 3096 2765 3150 dari
2798 3095 2841 3127 ³¹
2874 3096 3149 3166 petebant,
3182 3112 3305 3151 cum
3334 3098 3413 3151 eis
3438 3097 3491 3151 in
3544 3112 3731 3152 marca

2124 3204 2314 3245 eorum
2340 3204 2527 3245 mense
2552 3188 2810 3245 Octobrio
2836 3187 3151 3244 confirmari
3186 3188 3343 3243 iussit
3367 3188 3448 3255 ⁸¹;
3495 3189 3735 3259 comple-

427 3288 523 3353 mi
552 3290 617 3357 ιι,
643 3290 710 3346 de
754 3291 1065 3363 receptio“
1090 3292 1136 3324 aa
1163 3293 1432 3350 mm
1464 3312 1710 3367 suorum,
1747 3315 1886 3370 quae
1926 3317 2023 3375 per
2045 3278 2094 3341 C
2128 3282 2303 3352 tisque
2327 3281 2375 3313 ³³
2406 3282 2660 3337 omnibus
2684 3282 2915 3353 negotiis
2964 3296 3103 3351 quae
3131 3282 3199 3336 ad
3234 3281 3375 3335 illius
3429 3291 3734 3337 conventus

428 3377 584 3442 illius
602 3380 896 3436 adventum
925 3381 1037 3449 Deo
1064 3380 1303 3440 donante
1348 3397 1706 3456 provenerat,
1737 3391 2023 3462 magniﬁce

427 3470 540 3537 siut
564 3471 610 3503 ¹⁸
646 3471 933 3527 consolati.
975 3472 1091 3530 Hoc
1127 3489 1294 3543 anno,
1331 3478 1518 3548 paucis
1556 3490 1683 3536 ante
1727 3483 2023 3540 solstitium

429 3563 693 3627 aestivale
712 3562 923 3631 diebus,
946 3564 1001 3619 in
1028 3566 1305 3621 territorio
1323 3568 1811 3640 Augustodunense
1832 3574 1875 3605 ’³
1900 3591 2028 3633 aere

433 3653 487 3705 in
534 3660 911 3722 tempestatem
947 3654 1126 3709 subita
1169 3656 1471 3715 mutatione
1515 3676 1804 3730 converso,
1836 3664 2027 3735 ingens

429 3746 801 3818 fragmentum
841 3761 910 3802 ex
958 3745 1131 3819 glacie
1180 3748 1341 3804 simul
1380 3764 1504 3805 cum
1567 3754 1836 3823 grandine
1882 3756 2031 3812 deci-

430 3838 591 3895 disse
625 3847 903 3906 narratur,
947 3840 1103 3897 cuius
1132 3840 1410 3910 longitudo
1438 3845 1771 3914 quindecim,
1800 3847 2031 3907 latitudo

430 3940 679 4001 septem,
732 3931 1040 3988 crassitudo
1094 3933 1140 3965 ⁸⁵
1199 3933 1336 3991 duos
1395 3937 1562 4007 pedes
1628 3936 1883 3997 habuisse
1942 3942 2029 3999 di-

433 4021 597 4084 citur.

1065 4137 1409 4201 DCCCXXV.

502 4273 678 4329 Sacro
724 4271 969 4344 paschali
1000 4271 1140 4329 festo
1192 4273 1509 4330 solemniter
1531 4277 1862 4349 Aquisgrani
1893 4280 2035 4336 cele-

434 4365 613 4435 brato,
641 4364 919 4419 arridente
961 4364 1130 4420 etiam
1158 4380 1323 4423 verna
1354 4369 1617 4437 temperie
1646 4369 1712 4436 ιθ,
1736 4370 2035 4441 imperator

434 4460 670 4517 venandi
701 4460 879 4532 gratia
908 4456 1302 4532 Noviomagum
1338 4456 1643 4531 profectus,
1673 4464 1879 4535 legatos
1907 4466 2033 4523 Bul-

435 4568 689 4625 garorum
737 4552 883 4607 circa
940 4552 1179 4606 medium
1230 4551 1430 4608 Maium
1453 4553 1792 4626 Aquasgrani
1842 4558 2031 4622 venire

2127 3373 2396 3428 rationem
2428 3374 2703 3442 pertinere
2758 3373 3116 3449 videbantur,
3171 3372 3565 3443 Noviomagum
3600 3388 3728 3428 eum

2128 3463 2238 3518 filio
2266 3462 2473 3532 maiore
2522 3464 2770 3529 secessit,
2802 3464 3067 3517 minorem
3111 3479 3241 3518 vero
3292 3464 3460 3518 filium
3492 3479 3653 3519 suum
3682 3464 3732 3495 “

2127 3553 2501 3609 Hludowicum
2534 3553 2587 3608 in
2616 3553 2920 3608 Baioariam
2950 3554 3168 3608 direxit.
3199 3554 3318 3623 ipse
3341 3553 3391 3587 “
3411 3563 3733 3619 autem,au-

2129 3642 2357 3699 tumnali
2387 3644 2677 3700 venatione
2725 3645 2991 3714 completa
3019 3684 3032 3709 ,
3077 3645 3222 3699 circa
3272 3644 3466 3699 hiemis
3511 3644 3733 3699 initium

2127 3735 2467 3809 Aquasgrani
2514 3752 2763 3793 reversus
2798 3745 2902 3793 est.
2956 3738 3011 3791 in
3064 3738 3341 3792 territorio
3377 3736 3633 3792 Tuiiense
3684 3736 3733 3769 ⁸⁸

2130 3825 2285 3881 iuxta
2335 3826 2796 3882 Commereiacum
2839 3828 3023 3881 villam
3052 3827 3094 3858 ³⁷
3127 3826 3305 3897 puella
3335 3828 3600 3897 quaedam
3633 3841 3735 3882 no-

2131 3919 2277 3975 mine
2301 3918 2345 3951 ³⁸
2374 3954 2388 3973 .
2412 3958 2425 3972 .
2455 3958 2468 3972 .
2508 3934 2769 3973 annorum
2798 3919 3015 3973 circiter
3045 3918 3130 3972 i2.
3174 3927 3296 3987 post
3340 3933 3553 3972 sacram
3579 3932 3735 3974 com-

2132 4010 2469 4075 munionem,
2504 4024 2666 4079 quam
2697 4010 2750 4063 in
2781 4010 2981 4079 pascha
3028 4009 3094 4068 de
3121 4009 3419 4064 sacerdotis
3446 4024 3609 4063 manu
3644 4024 3737 4063 sn-

2134 4101 2332 4161 mendo
2356 4096 2762 4172 perceperat”,
2784 4101 2960 4170 primo
2992 4114 3154 4169 pane,
3188 4100 3382 4155 deinde
3406 4100 3528 4154 aliis
3555 4100 3738 4156 omni-

2135 4196 2237 4249 bus
2262 4194 2399 4247 cibis
2424 4202 2479 4246 et
2519 4193 2735 4262 potihus
2764 4191 3105 4255 abstinendo,
3156 4191 3422 4245 intantum
3456 4189 3738 4246 ieiunasso

2133 4283 2477 4354 perhibetur,
2500 4290 2559 4335 ut
2590 4281 2735 4335 nulla
2763 4280 2979 4350 penitus
2999 4280 3246 4349 corporis
3266 4279 3523 4333 alimenta
3556 4280 3741 4349 perci-

2135 4375 2310 4445 piens,
2350 4374 2466 4428 sine
2516 4373 2666 4428 omni
2729 4373 2907 4426 victus
2964 4370 3235 4425 desiderio
3290 4369 3509 4440 plenum
3566 4370 3740 4424 trien-

2136 4482 2287 4521 nium
2306 4465 2352 4496 ⁸ο
2377 4462 2747 4532 compleverit.
2776 4461 2968 4531 Coepit
2992 4469 3174 4515 autem
3208 4459 3451 4513 ieiunare
3475 4474 3615 4512 anno
3648 4460 3737 4515 in-

2138 4556 2471 4616 cernationis
2498 4555 2803 4609 dominicae
2827 4553 2954 4619 8‘25,
2980 4554 3121 4609 sicut
3170 4553 3224 4606 in
3258 4552 3425 4623 ipsms
3461 4551 3584 4603 anni
3642 4550 3742 4607 de-

434 4617 730 4719 praecepit.
761 4640 899 4698 Nam
925 4640 1006 4697 sic
1048 4640 1142 4695 illo
1170 4642 1210 4673 ιτ
1246 4643 1445 4698 reverti
1485 4617 1677 4699 statuit
1702 4685 1716 4709 ,
1748 4617 2032 4703 habiturus
2058 4617 2113 4677 D
2138 4645 2432 4715 scriptione
2460 4644 2709 4713 superius
2761 4617 3075 4697 adnotatum
3105 4651 3209 4707 est,
3237 4649 3291 4695 et
3320 4642 3423 4695 hoc
3468 4655 3606 4695 anno
3626 4680 3643 4703 ,
3680 4639 3739 4699 id

435 4735 511 4792 ibi
538 4735 581 4767 ⁸⁸
612 4742 961 4799 conventum,
983 4747 1145 4806 quem
1177 4732 1218 4779 ε’
1254 4733 1321 4787 de
1351 4732 1617 4788 Brittania
1649 4750 1947 4805 regressus,
1966 4752 2031 4793 eo

435 4839 495 4881 se
518 4832 763 4895 tempore
788 4822 991 4877 ibidem
1021 4822 1225 4877 habere
1250 4822 1386 4877 velle
1415 4824 1481 4888 ”,
1513 4823 1863 4905 optimatibus
1893 4826 2032 4885 indi-

435 4925 676 4975 caverat.
705 4914 826 4983 Quo
848 4928 973 4970 cum
1018 4923 1239 4985 peracta
1266 4915 1550 4974 venatione
1604 4913 1794 4971 fuisset
1848 4932 2029 4973 rever-

2137 4746 2223 4792 est
2251 4735 2393 4797 825.
2448 4734 2593 4791 circa
2625 4732 2943 4787 Novembris
2992 4732 3196 4786 mensis
3246 4731 3463 4784 initium
3510 4736 3738 4798 peracto

2139 4826 2338 4881 ieiunio
2360 4837 2540 4878 escam
2565 4835 2779 4876 sumere
2795 4835 2859 4874 ac
2887 4835 3039 4875 more
3059 4828 3400 4875 caeterorum
3422 4816 3738 4873 mortalium

2136 4913 2511 4971 manducando
2536 4913 2720 4971 vivere
2745 4914 2941 4982 coepit.

1649 5025 2043 5081 VARIANTES
2086 5024 2491 5081 LECTIONES.

508 5104 526 5145 π
556 5097 950 5153 nuntiabantur
986 5096 1036 5149 1.
1135 5096 1156 5129 '
1181 5093 1588 5150 infestinatione
1612 5096 1663 5150 i.

436 5169 491 5225 5.
522 5168 576 5223 6.
591 5162 601 5213 ξ
653 5167 676 5199 ⁸
707 5166 1075 5237 pampiiouem
1101 5165 1156 5237 2.
1191 5164 1243 5217 7.
1272 5166 1648 5237 pompeionem
1685 5166 1739 5220 9.

434 5180 1075 5305 ῗιςθὲίωξθὲἓοδξῗὲεὲἓ
1091 5180 1243 5288 ἔέεέί
1263 5180 1467 5305 WE

1760 5096 1781 5127 ³
1806 5112 1837 5149 a
1860 5096 2102 5166 bulgaris
2129 5097 2311 5166 inique
2354 5094 2600 5166 infestari
2633 5108 2781 5166 seq.
2837 5094 2891 5148 9.

1836 5167 1855 5196 ⁷
1884 5166 2092 5234 perinei
2121 5166 2173 5219 l.

1443 5235 1612 5303 patris
1631 5244 1983 5304 praeceptum
2016 5235 2069 5289 9.
2094 5251 2148 5305 p.
2166 5234 2455 5305 imperium
2481 5235 2554 5288 5.·

2986 5093 3009 5122 ⁸
3047 5107 3232 5148 mense
3264 5092 3315 5145 i.
3394 5093 3415 5124 ⁸
3441 5093 3603 5148 Eibus
3627 5092 3733 5159 bis,

2268 5165 2290 5197 ⁸
2314 5174 2369 5220 et
2392 5164 2583 5221 aeblus
2617 5164 2834 5271 quidem
2863 5179 3026 5233 usque
3054 5180 3195 5217 anno
3220 5162 3328 5217 825
3358 5164 3564 5218 vicinos
3600 5178 3739 5221 suos

2268 5235 2453 5271 ins-inm
2483 5235 2515 5271 Κ
2549 5241 2554 5246 “
2614 5234 2630 5265 ι
2689 5233 2948 5271 Imnnvnlg
2977 5234 3011 5271 π
3109 5233 3150 5264 Η
3182 5232 3408 5271 dominii
3429 5232 3739 5271 dirmlinnn

2614 5232 2657 5271 ιθ
2689 5232 2951 5289 benevola
2977 5234 3031 5288 3.
3109 5233 3150 5264 “
3182 5232 3410 5288 deselati
3429 5232 3740 5302 direptione

434 5310 490 5381 ε.
512 5310 566 5381 6.
607 5308 663 5381 gi.
695 5308 761 5363 de
782 5302 1163 5381 redempti-one
1190 5304 1329 5381 5_.‘d.
1360 5302 1428 5358 de
1444 5302 1884 5381 ’restituti‘one_9.
1966 5306 2007 5336 ι’
2031 5302 2270 5381 graviter
2284 5304 2323 5359 f.
2354 5304 2835 5381 d;dereoeptione_
2857 5302 3074 5381 deest}.
3131 5302 3198 5381 ,ξ’
3222 5302 3509 5381 magniﬁce
3529 5311 3660 5356 sunt
3674 5304 3733 5358 2.

434 5378 481 5434 Β
511 5378 567 5433 5.
598 5377 653 5433 ti.
685 5392 760 5435 m.
806 5376 915 5433 sint
947 5372 1000 5428 ιζ
1032 5373 1085 5429 5.
1122 5372 1178 5429 6.
1212 5373 1262 5427 7.
1324 5388 1399 5428 m.

1454 5383 1638 5445 essent
1679 5375 1731 5429 9.
1813 5371 2510 5445 ".attgus'tudunenseBb.
2551 5371 3051 5445 _"grossitudo_6.
3131 5371 3173 5401 ¹⁶
3204 5371 3436 5445 verni
3475 5372 3526 5426 6.
3560 5386 3739 5430 verno

438 5442 682 5519 tempore
706 5447 759 5502 9.
840 5445 881 5477 "
909 5458 1033 5497 nam
1063 5452 1194 5509 tunc
1216 5438 1307 5501 illo
1333 5443 1385 5497 9.
1468 5443 1511 5474 ³⁸
1540 5444 1741 5499 ibidem
1777 5445 1831 5499 9.
1912 5438 2143 5513 u'quem
2186 5445 2237 5497 7.
2267 5445 2320 5498 9.
2372 5442 2561 5512 reh’qut’
2584 5438 2729 5512 quod
2802 5444 2848 5477 ³⁸
2871 5442 3181 5496 habiturum
3208 5441 3261 5496 9.
3342 5443 3384 5473 "
3418 5442 3472 5495 in
3500 5455 3567 5495 eo
3590 5456 3731 5497 con-

442 5527 603 5539 ---_.__
628 5518 661 5539 n
757 5516 802 5539 Il
816 5514 1142 5539 ...ἕλη--..ιηυη
1165 5514 1194 5539 ἰ
1238 5513 1639 5539 ...ζιελ-..μηλιιηη
1665 5514 1699 5539 η
1798 5515 1843 5539 υ
1868 5513 2010 5539 ill...u
2038 5515 2083 5539 l‘.
2098 5515 2336 5539 ..ε.....ι.....
2363 5514 2395 5539 ﬂ
2496 5510 2541 5539 Ib
2563 5528 2665 5539 ...ιιι
2700 5512 2836 5539 ΛΑ--.
2859 5512 2892 5539 0
2988 5512 3036 5539 II
3064 5525 3125 5539 an
3154 5512 3291 5539 ᾹΑΑΑΙ
3313 5512 3343 5539 ⁵7
3397 5510 3429 5539 ο
3526 5509 3570 5539 16
3594 5509 3703 5539 In..-

442 5509 606 5575 veniu
628 5518 681 5572 9.
757 5514 1145 5579 "wiromarcus
1165 5514 1221 5576 5,
1238 5513 1642 5568 wihomarchus
1665 5514 1719 5568 9.
1798 5515 1843 5546 ”
1868 5509 2017 5569 iliaui
2038 5515 2338 5570 faciendam
2363 5514 2415 5568 9.
2484 5509 2541 5542 ’³³
2563 5509 2669 5566 una
2696 5512 2836 5566 deest
2859 5512 2911 5567 9.
2988 5512 3036 5542 ”
3062 5525 3127 5565 ac
3151 5512 3291 5564 deest
3313 5512 3363 5565 7.
3397 5510 3448 5564 9.
3526 5509 3570 5540 “
3592 5509 3731 5567 lam-

442 5590 579 5645 berti
607 5587 660 5641 4.
684 5585 737 5639 5.
765 5585 819 5639 6.
896 5584 940 5614 "
972 5582 1228 5650 rumerici
1255 5598 1433 5637 arcem
1459 5582 1511 5637 9.
1563 5584 1891 5639 rumericum
1925 5583 1975 5637 7.
2053 5586 2109 5641 ³⁸,
2129 5598 2314 5638 mense
2364 5580 2574 5636 deeslB
2599 5582 2652 5636 5.
2729 5581 2775 5613 "
2806 5581 3035 5637 diversis
3086 5580 3396 5650 regionibus
3425 5580 3479 5633 9.
3555 5578 3731 5650 “Ago-

436 5590 579 5645 berti
607 5587 660 5641 4.
684 5585 737 5639 5.
765 5585 819 5639 6.
896 5585 940 5614 ’⁷
972 5585 1228 5655 rumerici
1255 5598 1433 5637 arcem
1459 5585 1511 5637 9.
1563 5585 1891 5653 rumericum
1925 5585 1975 5637 7.
2053 5586 2109 5641 ³⁸,
2129 5598 2314 5638 mense
2364 5585 2504 5636 deest
2528 5585 2574 5633 Β
2599 5585 2652 5636 5.
2729 5585 2775 5613 "
2806 5585 3035 5637 diversis
3086 5585 3396 5651 regionibus
3425 5585 3479 5633 9.
3555 5585 3600 5610 ³⁸
3629 5596 3731 5650 go-

437 5657 631 5713 dcfridi
658 5657 703 5709 l.
731 5651 985 5725 godifridi
1008 5651 1052 5704 Β
1073 5652 1125 5705 6.
1204 5652 1248 5683 “
1279 5652 1399 5725 dari
1418 5652 1565 5725 deest
1585 5653 1638 5707 9.
1716 5654 1763 5691 "
1784 5653 2096 5725 conﬁrmari
2122 5653 2247 5725 fecit
2266 5654 2319 5725 9.
2397 5652 2442 5683 ³⁸
2465 5652 2749 5725 completis
2778 5650 3073 5725 itaque9.__
3112 5650 3159 5681 ³⁸
3187 5649 3563 5725 ﬁlium-suum
3582 5648 3731 5705 deest

438 5727 493 5783 9.
568 5728 615 5759 ³⁸
644 5720 762 5795 ipse
795 5739 964 5795 usque
980 5731 1344 5795 reversu_s_est
1364 5720 1505 5775 deest
1541 5722 1595 5795 2.
1627 5732 1810 5795 autem
1836 5724 1981 5795 deest
2003 5725 2055 5777 9.

2153 5724 2197 5754 ³⁸
2227 5722 2434 5777 tulense
2463 5721 2508 5775 Β
2552 5718 2605 5776 5.
2652 5721 2707 5775 6.
2736 5718 2932 5777 tulensi
2959 5720 3012 5774 ι.
3042 5719 3094 5773 5.
3196 5718 3241 5757 ³⁷
3270 5718 3731 5775 cummarciacnm

442 5798 567 5853 villa
594 5787 1130 5852 2.'cummertiacum
1172 5789 1214 5844 Β
1246 5791 1309 5861 5.
1331 5794 1726 5861 comerciacum
1756 5792 1800 5847 Β
1836 5793 1889 5847 6.
1968 5793 2012 5825 ³⁸
2044 5794 2260 5847 nomine
2296 5794 2363 5846 de
2393 5790 2866 5861 tricnnio,puellae
2896 5790 3095 5861 ieiunio
3146 5803 3425 5861 annorum
3455 5787 3629 5861 glossa
3674 5793 3733 5845 in

442 5878 641 5923 textum
702 5873 907 5937 recepta
936 5862 984 5917 1.
1019 5862 1238 5918 nomine
1268 5860 1330 5918 Ν.
1364 5854 1417 5917 2.
1441 5859 1485 5917 Β
1514 5860 1567 5920 6.
1644 5864 1688 5895 "
1717 5879 1880 5920 manu
1913 5863 2209 5920 christiano
2264 5877 2414 5919 more
2477 5854 2792 5938 susceperat
2821 5861 2875 5918 9.

2980 5860 3025 5906 ἕο
3049 5868 3319 5932 integrum
3361 5859 3651 5915 triennium
3674 5861 3713 5918 9
