3928 6350
179 489 278 544 501

790 595 1150 653 DCCCXXVI.

244 692 384 746 Cum
414 691 524 759 regi
557 687 907 757 Bnlgarorum
957 685 1116 755 legati
1166 683 1245 738 sui
1277 682 1404 752 quid
1449 681 1656 750 egerint
1685 694 1768 732 re-

177 782 532 838 uuuciassent
561 780 602 842 ι,
631 779 825 832 iterum
855 790 997 838 eum,
1023 773 1182 843 que’m
1213 773 1388 842 primo
1423 771 1663 832 miserat,
1699 768 1766 821 ad

177 872 565 942 imperatorem
585 883 707 923 cum
737 867 932 920 litteris
951 864 1176 927 remisit,
1202 875 1400 932 rogans
1423 868 1482 913 ut
1511 859 1626 912 sine
1653 871 1767 910 mo-

177 978 370 1019 rarum
408 959 814 1028 interpositione
857 955 1211 1009 terminorum
1247 955 1265 981 ¹
1308 949 1550 1004 definitio
1580 948 1763 1011 fieret,

177 1057 265 1112 vel
292 1056 340 1111 si
368 1055 470 1109 hoc
516 1068 622 1107 non
652 1051 910 1121 placeret,
935 1063 1062 1102 suos
1087 1046 1314 1116 quisque
1363 1043 1622 1096 terminos
1651 1041 1769 1094 sine

177 1149 335 1219 pacis
365 1145 581 1201 foedere
616 1150 856 1197 tueretur
896 1141 936 1193 ³.
974 1139 1071 1194 Cui
1114 1139 1428 1206 imperator,
1460 1134 1586 1203 quia
1625 1130 1768 1185 fama

179 1248 304 1294 erat
329 1239 680 1308 Bulgarorum
707 1249 885 1306 regem
931 1248 963 1287 a
1004 1247 1103 1288 suo
1132 1231 1364 1302 quodam
1391 1229 1648 1298 optimate
1677 1234 1769 1278 aut

181 1343 354 1400 regno
379 1327 592 1397 pulsum
615 1333 706 1379 aut
732 1323 1073 1379 interfectum
1093 1362 1107 1387 ,
1164 1319 1489 1390 respondere
1520 1316 1767 1380 distulit;

182 1416 382 1486 illoque
403 1415 423 1446 ⁸
447 1425 731 1485 expectare
759 1415 925 1476 iusso,
961 1420 1180 1482 propter
1201 1409 1375 1464 famae
1389 1407 1768 1463 ccrtitudinem

180 1508 621 1578 comperiendam
655 1505 953 1560 Bertricum
982 1503 1165 1572 palatii
1194 1501 1447 1556 comitem
1475 1499 1540 1553 ad
1564 1497 1770 1552 Baldrio

181 1613 310 1652 eum
363 1599 384 1629 '
425 1605 480 1672 et
505 1596 797 1651 Geroldum
832 1593 851 1624 ‘
887 1595 1112 1648 comites
1136 1602 1186 1647 et
1215 1591 1427 1645 Avarici
1456 1590 1641 1644 limitis
1671 1603 1766 1642 cu-

180 1687 367 1742 stodes
403 1687 458 1743 in
499 1685 931 1741 Carantanorum
985 1682 1318 1752 provinciam
1363 1681 1383 1712 ⁷
1431 1679 1622 1744 misit,
1676 1679 1768 1747 qui

181 1797 309 1838 cum
343 1796 592 1836 reversus
627 1780 759 1833 nihil
790 1779 922 1832 certi
948 1791 1111 1845 super
1166 1775 1250 1829 his
1289 1789 1428 1844 quae
1460 1773 1600 1826 fama
1653 1771 1769 1825 vul-

180 1884 410 1946 gaverat
439 1881 788 1943 reportasset,
821 1872 1114 1940 imperator
1139 1867 1373 1937 legatum
1399 1865 1466 1919 ad
1491 1879 1550 1918 se
1577 1877 1769 1919 evoca-

1639 473 1980 532 ANNALES.

1797 592 1846 647 Α
1873 585 2128 641 Oetobrio
2158 586 2222 639 ad
2285 587 2624 655 imperatoris
2658 586 2964 657 generalem
3016 593 3331 640 conventum
3365 603 3449 640 ve-

3346 473 3453 528 5οΞ

1871 682 1987 734 nire
2009 681 2303 735 distulisset
2333 682 2378 713 ³¹
2398 722 2412 744 ,
2445 683 2736 750 condignas
2763 680 3019 750 perﬁdiae
3067 695 3195 734 suae
3249 695 3458 749 poenas

1868 784 1988 824 esse
2017 769 2264 823 daturum
2290 769 2355 821 ”.
2393 767 2668 822 Venerunt
2695 782 2749 824 et
2774 786 2838 823 ex
2874 768 3177 822 Brittonum
3205 770 3455 838 primori-

1868 858 1987 920 bus,
2017 871 2152 925 quos
2181 855 2323 910 illius
2352 856 2535 910 limitis
2561 857 2810 912 custodes
2847 857 3116 912 adducere
3142 856 3445 911 voluerunt.

1870 948 2070 1004 Eodem
2095 956 2335 1018 tempore
2364 946 2646 1002 Herioldus
2675 963 2797 1002 cum
2841 961 3009 1002 uxore
3041 955 3097 1000 et
3125 961 3316 1017 magna
3346 945 3452 1000 Da-

1869 1054 2058 1093 norum
2094 1037 2434 1091 multitudine
2471 1037 2694 1091 veniens
2718 1077 2732 1100 ,
2794 1035 3110 1106 Mogontiaci
3147 1038 3286 1107 apud
3329 1051 3467 1092 sana

1867 1143 2011 1189 ctum
2043 1132 2307 1186 Albanum
2333 1145 2455 1185 cum
2478 1130 2563 1184 his
2592 1145 2728 1198 quos
2751 1143 2934 1183 secum
2963 1129 3184 1184 adduxit
3208 1129 3459 1198 baptiza-.

1870 1231 1955 1276 tus
1976 1229 2081 1283 est,
2109 1219 2401 1287 multisque
2423 1218 2738 1273 muneribus
2761 1219 2829 1273 ab
2851 1218 3172 1287 imperatore
3195 1219 3464 1281 donatus,

1867 1329 1965 1383 per
1989 1312 2240 1377 Frisiam,
2273 1326 2378 1380 qua
2425 1319 2645 1366 venerat
2672 1311 2782 1375 via,
2814 1324 3063 1365 reversus
3114 1319 3213 1364 est.
3247 1310 3305 1365 in
3349 1327 3464 1380 qua

1869 1404 2143 1472 provincia
2185 1418 2323 1457 unus
2361 1402 2408 1433 “
2441 1403 2728 1457 comitatus
2752 1402 2843 1471 qui
2873 1401 3109 1456 Hriustri
3138 1402 3182 1439 ‘l‘
3206 1412 3463 1466 vocatur,

1868 1494 2044 1549 eidem
2074 1493 2232 1547 datus
2249 1503 2333 1548 est
2357 1493 2422 1558 ",
2440 1500 2498 1546 ut
2522 1493 2572 1546 in
2597 1508 2718 1547 eum
2748 1508 2803 1547 se
2820 1509 2940 1548 eum
2967 1495 3127 1551 rebus
3140 1494 3337 1557 suis,si
3363 1510 3456 1548 ne-

1867 1583 2095 1638 cessitas
2121 1584 2386 1654 exigeret,
2418 1584 2661 1653 recipere
2693 1585 2976 1652 potuisset.
3011 1583 3291 1638 Baldrieus
3321 1599 3453 1638 vero

1870 1672 2227 1737 etGeroldus,
2245 1675 2471 1728 comites
2488 1689 2551 1728 ac
2579 1673 2870 1728 Pannonici
2899 1675 3086 1729 limitis
3100 1674 3378 1744 praefecti,
3402 1675 3455 1729 in

1868 1764 2057 1818 eodem
2093 1773 2358 1818 conventu
2381 1763 2670 1819 adfuerunt
2697 1765 2765 1830 ’⁷,
2795 1772 2848 1818 et
2874 1765 3049 1819 adhuc
3071 1766 3134 1820 de
3158 1775 3306 1820 motu
3325 1766 3456 1820 Bul-

1869 1871 2122 1928 garorum
2153 1857 2439 1910 adversum
2466 1871 2565 1911 nos
2593 1856 2724 1910 nihil
2751 1871 2809 1911 se
2831 1857 3036 1917 sentire
3084 1873 3244 1926 posse
3270 1859 3465 1912 testati:

182 1943 295 2018 tum
327 1965 346 1995 ⁶
397 1964 513 2018 sine
538 1962 734 2016 litteris
780 1974 1024 2014 remeare
1071 1956 1220 2012 fecit.
1255 1957 1462 2010 Interea
1514 1954 1771 2024 Pippiuus
1800 1943 1848 2002 Β
1873 1954 2017 2000 sunt.
2056 1944 2210 2000 Venit
2234 1960 2356 2000 cum
2385 1944 2632 2000 Baldrico
2655 1947 2924 2017 presbiter-
2949 1947 3165 2016 quidam
3198 1948 3264 2002 de
3287 1947 3458 2004 Vene-

182 2070 298 2118 rex,
331 2053 472 2107 ﬁlius
499 2050 861 2121 imperatoris,
891 2055 950 2102 ut
982 2049 1160 2102 iussus
1183 2058 1320 2112 erat,
1351 2061 1473 2100 cum
1497 2045 1609 2099 suis
1635 2044 1773 2112 opti-

182 2144 421 2198 matibus
449 2151 504 2196 et
534 2140 806 2209 Hispanici
841 2138 1027 2194 limitis
1051 2137 1365 2192 custodibus
1395 2137 1540 2191 circa
1577 2134 1773 2189 Kalen-

181 2234 279 2288 das
306 2231 634 2287 Fcbruarias
667 2228 1004 2299 Aquasgrani
1031 2256 1102 2268 —-
1131 2241 1254 2280 nam
1295 2226 1367 2279 ibi
1423 2235 1551 2279 tunc
1603 2225 1770 2292 impe—

181 2335 333 2379 rator
376 2324 707 2378 hiemaverat
735 2321 1001 2385 --venit,
1054 2334 1175 2374 cum
1231 2319 1428 2388 quibus
1480 2332 1603 2372 cum
1650 2319 1716 2371 de
1749 2315 1769 2347 '

182 2415 398 2470 tuendis
422 2424 610 2470 contra
638 2411 970 2466 Sarracenos
999 2410 1415 2465 occidentalium
1445 2409 1681 2478 partium
1711 2407 1772 2461 fi-

181 2505 342 2559 nibus
371 2512 517 2560 esset
547 2510 835 2558 tractatum
879 2510 1039 2571 atque
1063 2501 1383 2570 dispositum
1429 2499 1493 2564 ¹⁰,
1515 2499 1774 2568 Pippinus

183 2593 235 2647 iu
261 2592 609 2662 Aquitaniam
639 2607 938 2662 regressus,
969 2598 1226 2645 aestatem
1273 2590 1327 2643 in
1376 2590 1630 2658 deportato
1671 2589 1774 2643 sibi

183 2679 302 2736 loco
333 2682 672 2752 transegit“.
704 2682 1002 2751 imperator
1029 2695 1154 2734 vero
1176 2679 1352 2734 medio
1368 2680 1612 2733 mense"
1635 2677 1775 2732 Maio

184 2773 358 2846 Aquis
391 2774 731 2843 "egressus,
761 2773 906 2826 circa
958 2771 1225 2826 Kalendas
1253 2770 1386 2824 Iunii
1418 2770 1486 2824 ad
1539 2769 1775 2840 lugilun-

184 2866 325 2937 geim
352 2865 396 2895 “
425 2863 592 2927 venit,
618 2861 909 2932 habitoque
952 2863 1024 2916 ibi
1051 2871 1322 2917 conventu
1368 2875 1475 2918 non
1521 2861 1730 2916 modico
1756 2903 1772 2926 ,

187 2953 388 3008 multas
411 2962 463 3007 et
490 2968 555 3007 ex
585 2952 815 3006 diversis
837 2960 1100 3006 terrarum
1139 2952 1382 3021 partibus
1407 2951 1601 3005 missas
1629 2950 1775 3021 lega-

185 3043 362 3097 tiones
407 3041 612 3095 audivit
657 3051 710 3096 et
742 3042 787 3073 ¹⁵
821 3040 1068 3096 absolvit.
1116 3041 1260 3095 inter
1310 3055 1443 3110 quas
1486 3041 1774 3112 praecipua

185 3134 523 3203 caeterisque
563 3133 906 3202 praeminens
932 3132 974 3164 “
997 3141 1118 3188 erat
1154 3134 1351 3203 legatio
1375 3134 1417 3164 ”
1440 3142 1664 3188 sanctae
1692 3148 1778 3189 se-

184 3223 268 3278 dis
296 3223 643 3294 apostolicae,
678 3222 954 3277 Romanae
997 3221 1246 3278 videlicet
1285 3221 1581 3278 aecclesiae
1603 3263 1618 3288 ,
1669 3238 1775 3292 qua

1874 2037 1972 2100 tia,
2009 2037 2224 2090 nomine
2258 2034 2538 2106 Georgius,
2568 2038 2658 2106 qui
2689 2053 2746 2091 se
2795 2053 3059 2108 organum
3091 2037 3270 2094 facere
3298 2054 3459 2110 posse

1875 2131 2150 2186 asserebat
2177 2131 2251 2195 ²⁸;
2292 2145 2450 2199 quem
2480 2131 2775 2200 imperator
2794 2130 3264 2200 Aquasgranieum
3283 2131 3458 2187 Thau-

1871 2223 2012 2278 eolfo
2036 2223 2078 2254 "
2105 2223 2421 2279 saceellario
2446 2223 2612 2288 misit,
2646 2231 2721 2288 et,
2755 2233 2810 2278 ut
2860 2223 2906 2277 ei
2947 2225 3126 2278 omnia
3156 2225 3222 2278 ad
3259 2225 3462 2278 instru-

1874 2323 2112 2370 mentum
2167 2315 2210 2346 '°
2261 2313 2596 2370 efﬁciendum
2666 2317 2971 2370 necessaria
3012 2316 3415 2385 praeberentur
3442 2356 3456 2379 ,

1873 2407 2160 2476 imperavit
2199 2419 2244 2459 α.
2272 2407 2639 2476 Condictoqne
2668 2421 2732 2460 ac
2754 2408 3102 2476 pronuntiato
3127 2408 3193 2462 ad
3225 2408 3459 2472 medium

1875 2497 2186 2554 Octobrium
2210 2499 2448 2569 generali
2473 2508 2756 2563 conventu,
2781 2500 3012 2555 caeteris
3034 2501 3282 2554 omnibus
3308 2514 3460 2554 more

1875 2590 2100 2646 solemni
2133 2589 2412 2656 absolutis,
2435 2589 2549 2659 ipse
2571 2597 2721 2645 trans
2756 2589 3000 2644 Rhenum
3024 2589 3090 2644 ad
3117 2591 3297 2644 villam
3320 2603 3462 2659 quae

1876 2681 2022 2737 Saltz
2059 2683 2101 2715 "
2131 2691 2356 2737 vocatur
2377 2697 2499 2736 eum
2529 2697 2626 2736 suo
2655 2682 2916 2736 comitatu
2947 2680 3224 2750 profectus
3251 2690 3354 2736 est.
3383 2680 3462 2736 lbi

1875 2775 1943 2829 ad
1969 2790 2091 2830 eum
2121 2774 2280 2845 legati
2309 2771 2786 2843 Neapolitanme
2813 2780 3096 2838 venerunt,
3125 2781 3288 2841 atque
3314 2772 3461 2838 inde,

1876 2874 2098 2935 accepto
2134 2879 2412 2936 responso,
2443 2866 2511 2920 ad
2548 2879 2644 2920 sua
2685 2865 2912 2936 regressi
2937 2872 3102 2918 sunt:
3129 2864 3202 2919 ibi
3231 2864 3298 2918 ad
3344 2863 3470 2918 eius

1877 2959 2123 3014 notitiam
2153 2957 2420 3028 perlatum
2442 2966 2526 3012 est
2545 2957 2612 3011 de
2637 2955 2759 3027 fuga
2790 2971 2855 3011 ac
2896 2955 3119 3025 perfidia
3146 2954 3368 3011 Aizonis
3391 2954 3460 3019 “.

1877 3049 2146 3119 quomodo
2169 3047 2540 3102 fraudulenter
2572 3047 2845 3102 Ausonam
2868 3045 2913 3076 ⁸³
2940 3044 2965 3084 δ
2990 3045 3294 3114 ingressus,
3335 3053 3391 3099 et
3429 3059 3463 3098 ι

1879 3139 2072 3211 populo
2103 3137 2192 3192 illo
2213 3151 2371 3207 quem
2399 3137 2518 3193 dolo
2542 3137 2826 3207 deceperat
2847 3146 3115 3207 receptus,
3134 3137 3165 3187 Γ
3179 3144 3362 3190 οιεωε
3383 3135 3460 3190 ci-

1878 3233 2098 3286 vitatem
2124 3231 2170 3262 “
2198 3230 2485 3294 destruxit,
2509 3229 2729 3284 easteila
2760 3228 3002 3284 eiusdem
3051 3227 3286 3297 regionis
3319 3240 3464 3296 quae

187 3290 548 3383 fungebantur
569 3313 678 3367 Leo
698 3311 1187 3368 Centumcellensis
1220 3312 1503 3382 episcopus
1527 3321 1584 3367 et
1607 3290 1777 3368 Τῦἐθ-
1803 3290 1847 3352 C
1881 3319 2119 3374 firmiora
2151 3290 2839 3374 videbanturveommunivit
2867 3317 2931 3382 ³⁸,
2957 3290 3228 3386 missoque
3258 3317 3324 3371 ad
3337 3290 3463 3371 Ἀδ-

187 3404 399 3460 ﬂlactus
427 3404 814 3468 nomenclator,
841 3412 894 3457 et
922 3402 988 3456 de
1043 3402 1288 3471 partibus
1329 3401 1704 3456 transmarinis
1729 3403 1772 3434 “

187 3496 498 3551 Dominicus
537 3495 704 3548 abbas
757 3495 822 3548 de
855 3502 1037 3547 monte
1062 3491 1237 3556 'Olivi,
1270 3491 1430 3560 legati
1474 3506 1689 3560 quoque
1714 3491 1772 3545 fi-

187 3587 383 3642 liorum
417 3583 715 3649 Godofridi,
744 3584 885 3654 regis
915 3582 1209 3645 Danorum,
1245 3583 1394 3651 pacis
1441 3597 1506 3636 ac
1537 3581 1769 3636 foederis

185 3690 345 3730 causa
374 3675 562 3729 directi
596 3673 659 3740 “,
689 3682 743 3728 et
781 3674 847 3728 de
871 3671 1184 3727 Sclavorum
1215 3673 1520 3743 regionibus
1550 3673 1767 3742 quidam

184 3768 564 3823 Abodritorum
579 3767 901 3836 primores"
917 3766 1251 3835 Ceadragum
1271 3767 1463 3819 ducem
1492 3780 1646 3819 suum
1677 3779 1770 3820 ac-

185 3866 456 3913 cusantes.
485 3858 855 3912 Aeeusabatur
882 3869 937 3912 et
957 3857 1164 3927 Tunglo
1186 3859 1251 3921 ",
1282 3872 1423 3910 unus
1445 3856 1510 3910 de
1537 3854 1773 3910 Sorabo-

187 3961 304 4000 rum
355 3946 704 4014 primoribus,
731 3947 876 4015 quod
903 3954 957 4000 et
987 3947 1102 4015 ipse
1129 3945 1530 4000 dietoaudiens
1556 3960 1661 3999 non
1690 3959 1775 3999 es-

186 4047 284 4093 set.
314 4037 557 4104 Quorum
576 4039 792 4107 utrique
817 4038 1192 4093 denuntiatum
1214 4049 1317 4101 est,
1349 4036 1492 4106 quod
1521 4037 1564 4092 si
1596 4037 1773 4092 medio

1879 3409 2122 3462 diraman
2147 3408 2193 3438 ⁸⁶
2209 3423 2387 3478 regem
2415 3407 2837 3462 Sarracenorum
2869 3406 3034 3460 fratre
3051 3420 3175 3470 suo,
3201 3404 3460 3460 auxilium

1879 3499 2019 3566 quod
2053 3498 2286 3566 petebat,
2322 3499 2469 3552 iussu
2494 3497 2734 3552 eiusdem
2759 3498 2904 3568 regis
2931 3497 2974 3528 ⁸⁷
3006 3505 3193 3551 contra
3243 3503 3458 3551 nostros

1877 3587 2102 3654 accepit.
2133 3581 2238 3641 Sed
2271 3587 2559 3656 imperator
2597 3585 2722 3651 licet
2744 3585 2904 3639 huius
2957 3585 3032 3640 rei
3061 3585 3304 3640 nuntium
3335 3599 3460 3654 gra-

1875 3679 2016 3732 viter
2052 3677 2236 3740 ferret,
2262 3677 2394 3731 nihil
2423 3687 2599 3732 tamen
2648 3675 2949 3731 inconsulte
2978 3675 3271 3744 gerendum
3326 3674 3456 3728 iudi-

1878 3785 2026 3834 cans,
2052 3769 2483 3824 consiliariorum
2529 3784 2749 3822 suorum
2783 3767 3073 3821 adventum
3127 3767 3317 3820 statuit
3361 3775 3455 3834 op-

1881 3863 2064 3931 periri,
2101 3870 2482 3930 transactaque
2511 3858 2804 3912 autumnali
2837 3859 3140 3919 venatione,
3168 3859 3313 3913 circa
3337 3857 3453 3913 Kal.

1881 3951 2069 4007 Octob.
2128 3966 2224 4020 per
2273 3949 2519 4003 Moenum
2565 3947 2781 4000 fluvium
2827 3962 2996 4015 usque
3049 3947 3114 3998 ad
3151 3945 3459 4002 Francouo—

1880 4042 2015 4096 vurd
2032 4043 2076 4073 ³⁸
2091 4043 2324 4097 secunda
2338 4056 2475 4109 aqua
2503 4040 2792 4110 navigavit.
2810 4039 2936 4093 inde
2961 4039 3027 4092 ad
3041 4037 3394 4109 lngilunhaim
3411 4038 3463 4071 ⁸⁸

1407 4147 1793 4204 VARIANTES
1832 4151 2123 4207 LECTION
2130 4152 2232 4207 ES.

257 4243 270 4273 ¹
303 4241 544 4311 egissent
570 4243 949 4295 renunciarent
970 4241 1022 4295 9.
1099 4242 1120 4271 ¹
1150 4241 1265 4296 sine
1312 4255 1462 4294 mora
1514 4242 1866 4311 terminorum
1890 4243 1942 4297 9.
2021 4245 2041 4276 ³
2068 4252 2350 4298 tuerentur
2376 4245 2427 4299 9.

187 4310 206 4342 ‘
233 4309 539 4381 gerholtum
595 4312 648 4365 9.
723 4312 742 4342 '
777 4311 1053 4381 provincia
1085 4311 1134 4363 1.
1213 4311 1234 4340 ⁸
1261 4319 1511 4364 vocatum
1561 4311 1612 4364 7.
1645 4309 1696 4365 9.

2523 4245 2544 4275 ⁸
2567 4244 2658 4300 illo
2681 4259 2808 4298 vero
2847 4244 2899 4298 9.
2997 4243 3018 4274 '
3043 4242 3371 4297 baldericum
3400 4243 3454 4298 9.

685 4382 698 4391 _
723 4312 742 4342 ⁷
777 4311 1053 4391 provincia
1085 4311 1134 4363 1.
1213 4311 1511 4391 8vocatum
1561 4311 1612 4364 7.
1645 4311 1696 4365 9.
1793 4312 1813 4342 ⁹
1848 4329 1911 4391 c._
1947 4316 2166 4391 quibus
2195 4317 2285 4369 ubi
2316 4315 2380 4368 de
2407 4315 2467 4391 9..
2540 4315 2580 4345 ¹⁰
2599 4321 2995 4391 Διτειομξιιληῐῃεξι
3050 4311 3453 4391 οοηᾴυευληβ.

187 4381 227 4413 ¹¹
265 4396 544 4451 regressus
593 4381 788 4452 ibidem
843 4390 1008 4452 totam
1044 4390 1355 4452 sequentem
1385 4389 1646 4452 aestatem
1667 4383 1941 4452 transegit
1971 4384 2021 4438 9.

2127 4385 2380 4464 "_mense
2434 4384 2661 4464 deﬁnita.
2728 4383 3132 4464 "naquis‘grano
3167 4381 3218 4434 9.
3298 4381 3456 4464 “nin-

185 4449 447 4534 geleheim
491 4452 544 4505 5.
590 4449 920 4534 ingilinheim
953 4449 1330 4534 4._g_ilenheim
1372 4449 1425 4534 6.
1460 4449 1886 4534 ingilenheitnn7i
1918 4451 2048 4534 6..
2086 4452 2522 4534 ingiienhaim‘B
2552 4454 2604 4508 5.
2647 4449 2933 4534 ingelheim
2957 4449 3013 4534 ἐξ.
3090 4452 3132 4483 ⁸⁸
3161 4459 3213 4505 et
3253 4451 3456 4534 audivit

185 4530 232 4573 et
260 4522 312 4574 9.

396 4521 438 4552 ³⁸
468 4519 838 4592 praeeminens
858 4521 910 4574 9.
948 4589 962 4592 Α
992 4521 1030 4550 ⁸⁷
1066 4519 1259 4592 iegatio
1276 4519 1484 4592 romani
1502 4519 1784 4592 pontificis
1809 4521 1860 4574 9.
1939 4523 1984 4553 "
2010 4524 2075 4578 de
2101 4519 2409 4592 regionibus
2442 4519 2818 4577 transmarinis
2840 4522 2893 4592 9.
2974 4522 3014 4552 ¹⁹
3038 4536 3199 4575 causa
3227 4520 3377 4574 missi
3399 4521 3451 4592 9.

185 4591 228 4620 ¹⁹
248 4588 619 4644 abodritorum
641 4591 911 4658 principes
939 4589 991 4642 9.
1069 4590 1110 4619 “
1145 4599 1308 4655 tungo
1343 4589 1392 4640 7.
1469 4589 1514 4617 ¹¹
1541 4588 1848 4643 distulerint
1872 4592 1924 4646 9.
1955 4588 2286 4648 distulissent
2310 4593 2362 4645 7.
2440 4593 2484 4624 ”
2513 4593 2733 4647 daturos
2761 4594 2810 4645 7.
2836 4591 2887 4646 9.
2968 4593 3013 4623 “
3043 4606 3180 4644 unus
3227 4598 3368 4644 deest
3397 4589 3450 4643 9.

184 4658 229 4732 '_'
257 4660 443 4732 riustri
472 4659 525 4712 9.
600 4660 646 4732 ξ’
674 4659 892 4732 Veritus
919 4667 1103 4732 autem
1145 4658 1418 4732 piissimus
1462 4658 1794 4732 imperator,_
1829 4676 1895 4715 ne
1937 4663 2005 4715 ob
2057 4664 2161 4718 tale
2207 4663 2404 4718 factum
2446 4672 2736 4732 negaretur
2783 4663 2830 4714 ei
2874 4661 3133 4732 habitatio
3165 4660 3449 4723 naturalis,

186 4727 332 4798 dedit
365 4729 414 4782 ei
444 4729 712 4798 quendam
746 4729 1064 4782 comitatum
1092 4728 1145 4798 in
1172 4726 1341 4798 frisia,
1391 4727 1544 4781 cuius
1574 4729 1892 4783 vocabulum
1919 4739 2001 4785 est
2033 4734 2216 4788 ruislri
2243 4734 2293 4786 7.

184 4796 484 4853 hidericus
509 4806 563 4852 et
588 4798 862 4867 gerhoitus
885 4813 933 4852 c.
971 4813 1036 4851 ac
1058 4813 1109 4866 p.
1135 4797 1170 4850 l.
1203 4812 1256 4865 p.
1283 4797 1334 4850 9.

2370 4734 2412 4762 ‘-'
2446 4731 2714 4793 affuerunt
2764 4740 2817 4784 et
2862 4732 2916 4785 in
2967 4731 3152 4784 eodem
3185 4738 3452 4785 conventu

1442 4797 1485 4827 ³⁸
1525 4812 1786 4874 organum
1821 4815 1971 4874 more
2000 4817 2160 4871 posse
2208 4817 2525 4874 graecorum
2577 4816 2934 4874 componere.
2957 4799 3127 4874 Quem
3158 4801 3452 4874 imperator

183 4875 465 4950 gratanter
505 4868 763 4950 suscepit,
805 4875 862 4950 et
904 4868 1038 4950 quia
1066 4867 1197 4922 deus
1231 4867 1303 4920 illi
1335 4881 1474 4934 quae
1516 4877 1641 4948 ante
1676 4882 1734 4921 se
1767 4867 2020 4950 inusitata
2051 4867 2400 4950 erant'regno
2429 4867 2759 4950 Francorum
2793 4867 3454 4950 attribuebatzgratiarum

184 4939 426 5010 actiones
455 4936 704 4999 reddidit,
739 4952 803 5010 ac
830 4936 1067 5010 tanculfo
1117 4951 1394 5010 sacrorum
1429 4937 1752 5010 s‘criniorum
1795 4941 2039 5008 praelato
2081 4936 2492 5004 commendavit,
2542 4941 2880 5010 publicisque
2925 4936 3208 5010 stipendiis
3254 4953 3448 5010 curare

186 5006 364 5068 iussit,
396 5015 451 5061 et
479 5020 542 5060 ea
585 5020 722 5106 quae
753 5003 878 5060 huic
906 5022 937 5061 ο

186 5090 295 5129 cu.
344 5074 435 5129 40.
567 5076 586 5106 ⁸
660 5075 896 5129 tancolfo
936 5114 937 5117 η

185 5090 295 5145 cap.
344 5090 435 5129 ω.
567 5090 611 5106 "
660 5090 896 5130 tancono
936 5090 991 5129 4.
1026 5090 1076 5130 o.
1123 5090 1416 5129 tnameouo
1452 5090 1505 5128 κ.
1554 5090 1561 5127 ι

189 5143 228 5175 ⁸⁸
260 5145 470 5199 saltzuo
503 5143 546 5197 Β
573 5145 625 5197 5.
653 5145 762 5198 salz
789 5145 841 5197 2.
876 5147 928 5200 3.
963 5145 1016 5198 4.
1049 5155 1163 5200 satz
1202 5145 1254 5198 5.
1284 5144 1334 5196 6.
1383 5145 1489 5199 seis
1511 5146 1561 5199 9.

187 5228 447 5270 auzonam
489 5214 542 5268 6.
571 5214 829 5268 ausoilam
857 5215 902 5268 Β
925 5215 975 5268 6.

1405 5146 1561 5225 521.379.
1665 5146 1708 5225 '3
1735 5146 2254 5225 perfidia‘uuizonis
2277 5151 2320 5204 Β
2363 5150 2415 5202 5.
2447 5165 2498 5217 p.
2531 5149 2736 5225 iaCOnis
2773 5147 2816 5200 Β
2846 5148 2898 5225 6.

1081 5213 1127 5286 ξδ’
1154 5216 1643 5286 totam_civitatem
1675 5213 1749 5268 ΞΣ
1778 5215 1830 5269 5.
1879 5217 1927 5272 7.
1965 5219 2019 5282 9,
2073 5227 2246 5272 rotam
2301 5213 2463 5272 σοῖν-ί
2493 5227 2658 5272 totam
2707 5219 2758 5271 5.
2804 5218 2990 5272 rodant
3027 5218 3194 5286 Bouq.
3240 5217 3447 5286 exptvita

187 5281 484 5340 Hludouict'.
520 5293 694 5339 rotam
743 5285 793 5337 1.
839 5284 892 5337 4.
919 5283 971 5337 6.
1017 5283 1062 5336 Β
1087 5283 1141 5337 5.
1174 5281 1208 5336 6
1303 5283 1348 5314 ³⁸
1376 5285 1697 5338 munivisset
1729 5324 1740 5338 .
1777 5325 1791 5338 .

189 5291 484 5340 Βιααουίσὶ.
520 5293 694 5339 rotam
743 5291 793 5337 1.
839 5291 892 5337 4.
919 5291 971 5337 6.
1017 5291 1062 5336 Β
1087 5291 1141 5337 5.
1174 5291 1208 5336 6
1303 5291 1348 5314 ³⁸
1376 5291 1697 5338 munivisset
1729 5324 1740 5338 .
1777 5325 1791 5338 .
1833 5325 1845 5339 .
1885 5291 2224 5358 .accepisset
2275 5291 2326 5343 9.

189 5353 228 5424 Ἴ
261 5356 409 5424 iussu
442 5370 492 5408 ο.
527 5353 677 5424 regis
697 5353 838 5424 deest
860 5353 913 5408 9.
992 5353 1036 5424 f‘
1059 5352 1442 5424 franconofurd
1479 5355 1530 5406 5.
1575 5354 1626 5407 6.
1661 5354 1704 5406 Β
1740 5355 1792 5424 5.
1820 5355 2232 5412 franchonefurt
2273 5359 2318 5412 Β
2362 5358 2415 5412 6.

1011 5007 1054 5078 ri
1100 5007 1406 5078 necessaria
1441 5005 1616 5078 forent
1650 5005 1974 5078 praeparare
2005 5013 2277 5066 mandavit
2304 5012 2353 5063 7.
2388 5005 2716 5078 interp'olatio
2761 5005 2825 5062 ei:
2885 5005 3012 5060 vita’
3040 5007 3334 5061 Hludowici
3377 5009 3450 5078 pii

660 5075 906 5162 tancglfo
936 5075 991 5162 ι.
1026 5077 1076 5130 6.
1115 5075 1416 5162 Διιιεινιιὶεοιΐο
1445 5075 1794 5162 '2.ntane.ulfo
1981 5080 2034 5134 5.
2086 5080 2441 5162 thangol‘fozB
2480 5075 2532 5133 6.

2652 5078 2699 5110 ⁸⁸
2731 5080 2795 5131 ad
2834 5078 2886 5132 id
2927 5078 3346 5135 instrumentum
3394 5077 3446 5130 9.

2656 5149 2735 5200 nis
2773 5147 2816 5200 Β
2846 5148 2898 5200 6.
2998 5147 3042 5177 ³³
3077 5147 3355 5200 ausoniam
3392 5147 3442 5200 6.

3077 5162 3355 5201 ausoniam
3392 5162 3442 5200 4.

2433 5288 2477 5319 ³⁸
2511 5288 2897 5341 abdirachman
2935 5287 2986 5342 9.
3028 5284 3275 5340 thraman
3313 5284 3357 5337 Β
3393 5285 3444 5337 6.

2514 5357 2558 5389 ⁸⁸
2599 5357 2973 5427 ingilumbaim
2996 5357 3048 5410 2.
3089 5355 3455 5425 ingclenheim

189 5423 239 5478 5.
276 5421 614 5495 ingilinheiui
653 5423 705 5477 ι.
749 5423 804 5478 5.
830 5423 883 5476 7.
933 5421 1226 5491 gilenheim
1258 5421 1631 5493 6.'ingelheim
1663 5424 1716 5479 9.
1746 5423 2122 5494 inginlinhaim
2146 5426 2190 5480 Β
2226 5428 2278 5483 5.
2313 5421 2683 5499 ἱιιευιυηιιείυἶ
2720 5425 2840 5480 Β’·6.

1698 5534 1929 5591 NOTAE.

257 5632 281 5662 ι
321 5619 403 5676 Cf.
444 5621 703 5677 Einhardi
747 5621 1040 5678 Historiam
1084 5622 1452 5676 translationis
1497 5621 1595 5676 SS.
1636 5622 1775 5680 Mar-
1804 5629 1852 5686 D
1881 5631 2192 5683 monasterii
2235 5630 2291 5684 S.
2339 5629 2502 5685 Salvii
2533 5629 2584 5683 in
2616 5628 2732 5682 vico
2761 5628 3093 5682 Valcntianis
3128 5627 3453 5682 constitutus

193 5690 363 5747 ccliini
395 5701 448 5746 et
478 5691 624 5746 Petri
670 5691 762 5746 lib.
796 5708 870 5756 IV,
917 5708 1062 5747 num.
1103 5692 1189 5745 75.
1217 5691 1459 5746 Bolland.
1494 5692 1609 5745 Act.
1666 5690 1766 5745 SS.

194 5759 310 5832 Jun.
371 5761 424 5826 3,
481 5776 621 5832 pag.
658 5760 782 5814 20L
853 5762 927 5816 ibi
977 5762 1249 5832 Georgius;
1291 5761 1379 5816 hic
1425 5779 1465 5832 «Α
1494 5763 1585 5832 qui
1620 5800 1631 5814 .
1668 5801 1681 5832 _.
1717 5763 1770 5814 in

196 5828 421 5899 Aquensi
461 5828 659 5900 palatio
695 5846 983 5901 organum,
1026 5828 1168 5900 quo'd
1219 5829 1405 5885 Graece
1455 5828 1769 5899 hydraulica

199 5910 430 5968 vocatur,
480 5901 704 5956 mirifica
756 5909 872 5960 arte
918 5901 1288 5971 composuit,»
1348 5910 1535 5970 postea
1594 5909 1772 5955 rector

1879 5712 1998 5752 esse.
2027 5699 2275 5754 traditur.

1955 5769 1980 5807 δ
2022 5767 2186 5823 Vicus
2209 5769 2560 5831 Ausonensis,
2612 5766 2733 5820 Vich
2773 5767 2962 5822 dictus.

1955 5849 1974 5876 ε
2017 5837 2163 5892 Roda
2203 5839 2266 5893 ad
2295 5836 2511 5892 fluvium
2550 5837 2675 5902 Ter,
2701 5837 2765 5891 ah
2791 5837 3067 5891 occidente
3094 5835 3380 5890 Gerunda.
