3928 6352
407 408 513 466 505

1693 407 1777 464 EG
1787 406 2070 463 lNll.\RDl
2106 406 2403 465 ABBATIS

3594 406 3712 465 503

406 527 586 583 medio
610 523 863 581 Octobrio
913 522 1168 589 veniens,
1216 522 1525 594 generalem
1579 523 1684 586 ibi,
1722 529 1785 575 ut
1811 520 1997 576 condi-
2029 521 2075 578 A
2102 528 2209 586 tus,
2240 522 2407 577 multa
2440 523 2684 579 eiusdem
2727 524 2914 579 limitis
2947 522 3262 579 custodibus
3291 523 3519 578 adversa
3554 525 3716 578 intu-

405 626 553 672 ctum
576 623 694 670 erat
715 614 757 679 ³,
782 612 962 683 populi
989 613 1073 668 sui
1097 620 1425 668 conventum
1454 612 1665 677 habuit,
1698 611 1751 665 in
1788 625 1896 680 quo
1946 617 2002 664 et

405 702 745 773 Ceadragum
766 701 1152 757 Abodritorum
1182 702 1371 757 ducem
1392 743 1408 767 ,
1449 717 1661 757 necnon
1690 711 1747 757 et
1769 700 2002 771 Tunglo—

407 811 550 861 nem,
574 794 665 864 qui
704 794 846 864 apud
869 808 996 848 eum
1047 792 1309 865 perﬁdiae
1347 792 1747 849 accusabantur
1782 834 1796 857 ,
1850 792 2004 846 audi-

405 890 483 942 vit
509 905 523 941 :
550 890 605 941 et
640 886 977 958 Tungldnem
1008 887 1258 957 quidem,
1296 896 1523 957 accepto
1550 886 1619 940 ab
1645 902 1711 940 eo
1738 885 1847 941 tilio
1882 886 2001 941 eius

405 978 615 1042 obside,
648 978 871 1033 domum
918 977 1097 1032 redire
1136 976 1413 1047 permisit,
1457 975 1801 1046 Ceadragum
1845 990 1999 1039 vero,

404 1070 605 1127 ceteris
630 1069 908 1125 Abodritis
952 1069 1230 1135 dimissis,
1278 1084 1465 1126 secum
1503 1068 1733 1125 retinuit
1782 1068 1825 1131 ’,
1874 1068 2002 1123 mis—

407 1162 588 1231 sisque
641 1160 708 1215 a‘d
760 1159 1017 1230 populum
1069 1158 1456 1214 Abodritorum
1489 1158 1716 1227 legatis,
1776 1158 1824 1213 si
1878 1172 2004 1212 eum

405 1252 510 1307 sibi
541 1250 728 1322 vulgus
778 1264 1009 1321 regnare
1036 1248 1239 1315 vellet,
1282 1250 1601 1320 perquirere
1636 1248 1834 1313 iussit;
1889 1246 2005 1318 ipse

407 1354 591 1398 autem
617 1340 986 1412 Aquasgrani,
1016 1340 1106 1395 ubi
1147 1339 1391 1395 hiemare
1426 1339 1806 1402 constituerat,
1826 1333 2006 1407 profe-

408 1442 527 1489 ctns
551 1442 655 1489 est.
696 1433 942 1503 Cumque
977 1432 1141 1504 legati
1191 1446 1328 1502 quos
1372 1431 1392 1463 ³
1419 1432 1486 1486 ad
1527 1431 1816 1485 Abodritos
1844 1432 2005 1485 mise-

410 1531 513 1587 rat,
540 1523 748 1578 reversi
797 1523 1163 1588 nuntiassent,
1185 1521 1393 1575 variam
1444 1520 1620 1592 gentis
1655 1519 1800 1574 illius
1843 1534 2006 1589 super

409 1628 538 1684 rege
557 1628 657 1668 suo
694 1612 1011 1682 recipiendo
1054 1613 1400 1675 sententiam,
1428 1612 1684 1667 meliores
1712 1618 1893 1665 tamen
1939 1626 2006 1667 ac

409 1707 837 1777 praestantiores
874 1706 896 1738 δ
925 1721 1170 1777 quosque
1223 1706 1289 1761 de
1331 1706 1475 1761 illius
1524 1705 1832 1775 receptione
1872 1719 2005 1760 con-

409 1796 660 1861 cordare,
677 1797 917 1866 acceptis
938 1798 1008 1852 ab
1033 1812 1098 1853 eo
1115 1812 1250 1867 quos
1264 1795 1932 1867 imperaveratobsidihus,
1950 1794 2004 1849 in

2102 610 2185 675 lit,
2227 627 2432 682 eosque
2459 614 2699 669 adsiduis
2734 613 3143 669 incursionibus
3173 615 3228 668 in
3258 621 3467 671 tantum
3502 613 3716 684 fatiga—

2102 701 2179 754 vit
2208 701 2274 767 ιθ,
2305 712 2365 756 ιιι
2405 703 2627 773 quidam
2658 703 2891 768 illorum,
2928 704 3151 759 -relictis
3180 718 3321 773 quae
3363 704 3500 758 tueri
3525 703 3715 759 debe—

2102 792 2234 847 bant
2278 793 2534 859 castellis,
2583 794 2921 849 recederent.
2967 794 3176 849 Defecit
3210 794 3275 848 ad
3318 809 3439 849 eum
3468 802 3526 849 et
3550 791 3718 848 illius

2105 883 2296 937 Berani
2342 884 2405 949 ⁸⁷,
2448 884 2668 939 nomine
2715 883 3114 939 Willemundus
3162 883 3228 949 ⁸⁸,
3266 898 3365 938 nec
3404 898 3510 937 non
3543 882 3591 914 "
3652 891 3718 937 et

2103 974 2193 1029 alii
2221 974 2510 1045 conplures
2525 990 2795 1031 novarum
2823 991 3005 1031 rerum
3045 974 3321 1045 gentilicia
3352 975 3571 1029 levitate
3607 989 3716 1029 cu-

2103 1065 2235 1137 pidi,
2266 1066 2548 1136 iunctique
2566 1066 2889 1122 Sarracenis
2923 1082 2988 1121 ac
3010 1065 3213 1121 Mauris
3233 1066 3278 1096 ‘°
3308 1065 3656 1137 Ceritaniam
3684 1075 3715 1103 ⁸

2104 1166 2158 1213 et
2189 1157 2493 1212 Vallensem
2524 1158 2553 1198 ι)
2590 1158 2798 1228 rapinis
2825 1166 2990 1226 atque
3022 1156 3290 1211 incendiis
3329 1155 3541 1210 cotidie.
3555 1152 3716 1209 infe-

2104 1248 2341 1303 stabant.
2373 1247 2618 1317 Cumque
2649 1249 2718 1303 ad
2745 1248 3013 1303 sedandos
3034 1262 3098 1302 ac
3127 1247 3451 1317 mitigandos
3485 1245 3713 1301 Gotho-

2104 1354 2224 1393 rum
2250 1347 2413 1408 atque
2451 1323 2815 1408 Hispanorum
2848 1338 2903 1391 in
2945 1338 3049 1391 illis
3097 1335 3295 1392 ﬁnibus
3335 1336 3715 1391 habitantium

2105 1431 2315 1485 animos
2358 1430 2675 1485 llelisachar
2724 1430 2893 1485 abbas
2919 1444 3042 1484 cum
3082 1428 3205 1483 aliis
3254 1430 3323 1483 ab
3370 1429 3716 1499 imperatore

2108 1525 2306 1578 missus
2334 1523 2401 1590 “,
2433 1524 2600 1577 multa
2648 1532 2705 1579 et
2744 1524 2964 1594 propria
3009 1522 3277 1578 industria
3318 1530 3373 1577 et
3424 1521 3713 1575 sociorum

2106 1614 2336 1670 consilio
2387 1614 2687 1684 prudenter
2739 1615 3183 1670 administrasset
3240 1614 3286 1644 “
3349 1611 3715 1668 Bernbardus

2108 1721 2344 1776 quoque,
2390 1706 2727 1762 Barcinonae
2752 1722 2954 1772 comes,
3001 1706 3226 1762 Aizonis
3270 1706 3481 1761 insidiis
3515 1713 3571 1759 et
3608 1720 3713 1759 eo-

2109 1811 2228 1850 rum
2254 1796 2347 1866 qui
2377 1797 2444 1851 ad
2465 1812 2591 1851 eum
2631 1796 2942 1853 defecerant
2985 1798 3031 1828 "
3072 1797 3357 1852 calliditati
3394 1812 3460 1851 ac
3482 1794 3717 1851 fraudu-

411 1902 635 1957 i-egnnm
665 1901 823 1942 suum
858 1902 981 1941 eum
1009 1886 1140 1942 fecit
1159 1886 1394 1942 restitui.
1424 1885 1563 1939 Dum
1594 1886 1727 1939 haec
1748 1892 2000 1953 aguntur,
2032 1880 2080 1939 B
2109 1886 2267 1941 lentis
2297 1886 2788 1942 machinationibus
2812 1887 3249 1958 pertinacissime
3289 1886 3591 1951 resisteret,
3622 1895 3717 1940 at-

410 1977 693 2033 llildoinus
718 1978 758 2042 ',
805 1977 974 2033 abbas
1012 1978 1327 2033 monasterii
1355 1978 1376 2010 ⁸
1407 1977 1578 2031 sancti
1605 1975 1833 2031 Dionisii
1861 1991 2004 2031 mar-

411 2071 553 2135 tiris,
592 2070 823 2126 Romam
873 2072 1093 2126 mittens
1115 2112 1131 2136 ,
1185 2072 1455 2130 adnuente
1486 2071 1738 2141 precibus
1762 2071 1880 2127 eius
1904 2071 2008 2126 Eu-

412 2160 570 2231 genio
610 2168 832 2215 sanctae
854 2160 999 2215 sedis
1020 2159 1350 2229 apostolicae
1372 2169 1499 2214 tunc
1523 2160 1771 2229 praesule
1801 2161 1848 2227 ⁷,
1880 2176 2004 2216 ossa

410 2250 711 2305 beatissimi
738 2250 980 2305 martiris
1010 2248 1213 2305 Christi
1230 2248 1536 2305 Sebastiani
1566 2249 1809 2320 accepit,
1857 2258 1913 2306 et
1942 2266 2005 2307 ea

412 2339 554 2408 apud
598 2338 926 2394 Suessonam
957 2338 978 2371 ⁸
1016 2339 1293 2395 civitatem
1345 2339 1399 2393 in
1426 2339 1650 2395 basilica
1689 2340 1865 2395 sancti
1894 2339 2006 2394 Me-

414 2430 567 2485 dardi
588 2429 894 2493 collocavit,
909 2428 999 2483 ubi
1014 2430 1139 2483 dum
1163 2429 1340 2483 adhuc
1356 2430 1634 2483 inhumata
1649 2430 1704 2483 in
1731 2429 1923 2492 loculo,
1954 2430 2007 2484 in

415 2536 524 2592 quo
549 2521 729 2576 adlata
758 2519 971 2575 fuerant
1000 2519 1043 2584 ’,
1074 2520 1221 2574 iuxta
1264 2520 1527 2576 tumulum
1556 2521 1731 2576 sancti
1770 2520 2008 2575 Medardi

417 2612 680 2676 iacerent,
704 2618 854 2665 tanta
907 2610 1183 2680 signorum
1220 2624 1285 2665 ac
1318 2610 1689 2681 prodigiorum
1719 2609 2008 2664 multitudo

417 2703 631 2768 claruit,
665 2710 817 2757 tanta
849 2702 1109 2756 virtutum
1146 2702 1229 2757 vis
1256 2701 1309 2754 in
1334 2701 1482 2755 omni
1509 2700 1551 2732 ¹⁰
1594 2700 1792 2771 genere
1813 2699 2012 2755 sanita~

420 2805 533 2851 tum
559 2810 657 2864 per
682 2793 917 2849 divinam
945 2793 1175 2863 gratiam
1204 2792 1260 2847 in
1286 2791 1503 2847 nomine
1529 2791 1772 2847 eiusdem
1801 2791 2009 2847 beatis-

419 2884 541 2941 simi
571 2883 813 2939 martlris
833 2883 1030 2938 enituit
1063 2884 1128 2949 “,
1158 2892 1219 2937 ut
1238 2898 1270 2937 a
1288 2882 1440 2937 nullo
1463 2881 1777 2937 mortalium
1797 2896 2011 2937 eorum-

418 2974 540 3029 dem
565 2972 949 3028 miraculorum
974 2980 1067 3025 aut
1094 2987 1355 3027 numerus
1391 2970 1780 3042 conprehendi,
1802 2980 1895 3025 aut
1918 2986 2012 3025 va-

422 3068 586 3122 rietas
636 3065 818 3120 verbis
871 3063 1048 3119 valeat
1095 3062 1405 3128 enuntiari;
1466 3075 1696 3133 quorum
1745 3061 2010 3130 quaedam

420 3158 554 3212 tanti
580 3155 818 3228 stuporis
841 3170 964 3211 esse
993 3160 1312 3218 narrantur,
1341 3162 1402 3208 ut
1424 3153 1695 3207 humanae
1726 3150 2011 3214 imbecilli-

2105 1990 2210 2045 que
2232 1983 2420 2031 eorum
2456 1976 2777 2030 temerarios
2807 1984 3033 2030 conatus
3049 1975 3235 2030 irritos
3256 1973 3519 2040 efficeret,
3544 1988 3714 2029 exer.

2105 2068 2247 2123 citus
2286 2083 2317 2122 a
2344 2081 2471 2138 rege
2510 2068 2940 2122 Sarracenorum
2967 2066 3301 2123 Abdiraman
3345 2067 3414 2122 ad
3442 2066 3714 2121 auxilium

2106 2158 2299 2213 Aizoni
2348 2157 2630 2212 ferendum
2684 2159 2883 2212 missus
2944 2156 3436 2228 Caesaraugustam
3488 2156 3714 2211 venisse

2108 2250 2417 2314 nunciatur,
2442 2262 2607 2319 supra
2632 2264 2794 2318 quem
2814 2246 2861 2279 "
2910 2248 3277 2311 Abumarvan,
3306 2250 3452 2319 regis
3479 2247 3709 2317 propin-

2109 2356 2269 2410 quus,
2305 2340 2415 2393 dux
2441 2339 2791 2403 constitutus,
2823 2354 2891 2393 ex
2920 2339 3365 2409 persuasionibus
3402 2339 3450 2370 "
3479 2336 3717 2392 Aizonis

2111 2432 2257 2487 haud
2302 2431 2521 2486 dubiam
2578 2431 2683 2486 sibi
2729 2431 3017 2485 victoriam
3076 2429 3449 2501 pollicebatur.
3503 2428 3714 2484 Contra

2111 2538 2271 2593 quem
2316 2522 2614 2590 imperator
2644 2521 2814 2577 tilium
2847 2538 3005 2577 suum
3032 2521 3345 2592 Pippinum,
3377 2520 3715 2591 Aquitaniae

2111 2628 2314 2685 regem,
2364 2628 2487 2668 cum
2510 2614 2799 2670 inmodicis
2848 2614 3185 2669 Francorum
3236 2612 3410 2683 copiis
3453 2613 3710 2675 mittens.

2111 2703 2261 2774 regni
2294 2703 2377 2759 sui
2407 2704 2670 2758 terminos
2697 2703 2837 2758 tueri
2867 2703 3167 2772 praecepit.
3198 2700 3352 2769 Quod
3392 2701 3469 2758 ita
3500 2699 3709 2755 factum

2112 2802 2277 2859 esset,
2308 2795 2365 2849 ni
2391 2795 2587 2849 ducum
2632 2795 2840 2851 desidia
2872 2812 3010 2866 quos
3048 2794 3387 2851 Francorum
3433 2793 3709 2849 exercitui

2112 2883 2464 2955 praefecerat,
2491 2884 2700 2942 tardius
2727 2901 2891 2956 quam
2914 2901 3099 2941 rerum
3136 2884 3435 2941 necessitas
3462 2882 3711 2953 postula-

2113 2974 2226 3041 bat,
2254 2974 2302 3031 is
2327 2990 2490 3048 quem
2522 2976 2795 3033 ducebant
2825 2976 2872 3007 "
2902 2976 2970 3031 ad
2994 2990 3235 3030 marcam
3267 2975 3507 3030 venisset
3536 2988 3702 3030 exer-

2113 3067 2280 3125 citus.
2313 3069 2465 3137 Quae
2494 3068 2725 3124 tarditas
2756 3068 2810 3123 in
2840 3077 3051 3123 tantum
3091 3067 3255 3122 noxia
3306 3064 3431 3130 fuit,
3473 3073 3534 3119 ut
3561 3063 3715 3118 Ab!!-

2116 3175 2341 3215 msrvan
2390 3159 2458 3225 '7,
2505 3160 2733 3215 vastatis
2766 3158 3252 3214 Barcinonensium
3285 3171 3351 3212 ac
3394 3155 3716 3211 Gerunden-

421 3246 550 3301 tatis
581 3244 739 3299 ﬁdem
770 3244 1115 3306 excederent.
1142 3241 1246 3296 nisi
1287 3250 1495 3296 cerium
1532 3248 1699 3315 8888!,
1734 3247 2017 3304 dominum
2040 3246 2083 3307 C
2116 3251 2256 3306 sium
2310 3251 2455 3319 agris
2483 3249 2733 3319 villisque
2780 3249 3040 3314 incensis,
3086 3248 3299 3303 cunctis
3352 3247 3517 3301 etiam
3572 3260 3717 3315 quae

420 3343 669 3391 nostrum
698 3334 873 3389 Iesum
903 3332 1207 3397 Christum,
1234 3348 1332 3402 pro
1355 3347 1463 3401 quo
1483 3330 1626 3385 idem
1664 3339 2012 3396 beatissimus

424 3427 617 3480 martir
644 3426 686 3457 "
717 3440 909 3496 passus
936 3439 1059 3479 esse
1105 3423 1425 3487 dinoscitur,
1447 3427 1636 3483 omnia
1664 3430 1703 3462 η
1733 3445 1874 3499 quae
1899 3428 2015 3484 vult

426 3514 602 3571 facere
631 3528 788 3584 posse
811 3529 899 3583 pet
929 3514 1167 3568 divinam
1186 3511 1783 3586 omnipotentiamﬁjn
1805 3534 1911 3590 qua
1936 3519 2013 3573 illi

425 3604 603 3661 Omnis
624 3613 873 3658 creatura
898 3603 952 3657 in
978 3602 1130 3658 coelo
1153 3609 1206 3658 et
1250 3602 1302 3658 in
1323 3619 1465 3665 terra
1498 3611 1737 3667 subiecta
1766 3620 1869 3667 est.

1038 3754 1425 3810 DCCCXXVII.

498 3888 798 3958 imperator
828 3888 1143 3944 Helisachar
1170 3888 1529 3956 presbiterum
1571 3897 1625 3943 et
1667 3890 1920 3944 abbatem
1961 3898 2018 3944 et

429 3994 552 4035 cum
574 3994 642 4035 eo
679 3977 1087 4034 Hildibranduui
1114 3978 1159 4009 ¹⁸
1181 3986 1343 4047 atque
1388 3979 1652 4033 Denatum
1694 3980 1924 4034 comites
1951 3979 2018 4033 ad

427 4077 611 4122 motus
648 4066 973 4137 Hispanicae
1001 4080 1213 4119 marcae
1236 4067 1638 4135 componendos
1668 4068 1834 4121 misit.
1875 4068 2017 4124 Ante

432 4173 661 4231 quorum
699 4158 985 4214 adventum
1017 4154 1171 4219 Aizo,
1211 4153 1641 4209 Sarracenorum
1669 4155 1871 4210 auxilio
1902 4155 2013 4211 fre-

2119 3349 2275 3396 extra
2303 3340 2466 3395 urbes
2492 3340 2776 3394 invenerat
2816 3338 3063 3407 direptis,
3096 3352 3220 3392 cum
3263 3335 3515 3391 incolomi
3555 3350 3717 3390 exer-

2119 3434 2229 3489 citu
2259 3430 2749 3501 Caesaraugustam
2776 3447 2835 3487 se
2864 3432 3017 3502 prius
3037 3432 3326 3501 reciperet,
3358 3444 3521 3499 quam
3557 3444 3589 3483 a
3618 3444 3714 3484 no-

2120 3530 2234 3578 stro
2253 3522 2498 3577 exercitu
2524 3522 2609 3576 vel
2635 3523 2803 3577 videri
2834 3522 3119 3592 potuisset.
3152 3520 3324 3575 Huius
3344 3519 3517 3574 cladis
3555 3533 3714 3589 prae-

2120 3608 2267 3680 sagia
2295 3609 2502 3665 credita
2531 3617 2655 3664 sunt
2676 3610 2825 3665 visae
2852 3610 3130 3666 multoties
3157 3611 3211 3664 in
3256 3608 3412 3664 coelo
3457 3608 3626 3673 acies,
3656 3616 3714 3661 et

2119 3700 2209 3756 ille
2245 3701 2500 3756 terribilis
2523 3709 2819 3756 nocturnae
2845 3701 3239 3756 cornscationis
3267 3700 3322 3754 in
3343 3715 3473 3755 aere
3502 3699 3712 3753 dis.ch

2116 3794 2566 3864 sus.,lmperator
2602 3804 2803 3858 autem,
2834 3794 3046 3849 duobus
3084 3792 3445 3849 conventibus
3481 3789 3702 3853 habitis,

2115 3899 2225 3939 uno
2246 3884 2388 3953 apud
2411 3883 2735 3953 Niumagum
2764 3884 2808 3915 ’³
2836 3893 3060 3953 propter
3084 3883 3247 3938 falsas
3272 3881 3497 3937 Hohrici
3525 3880 3593 3943 ”,
3614 3877 3707 3933 filii

2120 3974 2401 4031 Godofrini
2424 3976 2567 4045 regis
2596 3975 2890 4039 Danorum,
2932 3973 3370 4044 pollicitationes,
3421 3972 3621 4041 quibus
3654 3983 3710 4023 se

2124 4065 2216 4121 illo
2242 4065 2311 4119 ad
2358 4066 2706 4135 imperatoris
2733 4065 3097 4133 praesentiam
3126 4064 3412 4118 venturum
3452 4060 3712 4131 promise-

2123 4161 2228 4220 rat,
2256 4154 2429 4209 altero
2480 4154 2622 4224 apud
2677 4152 3092 4222 Compendium,
3124 4153 3177 4207 in
3227 4167 3335 4222 quo
3364 4158 3423 4206 et
3462 4148 3710 4204 annualia

1678 4280 2071 4336 VARIANTES
2094 4281 2509 4339 LECTIONES.

509 4402 524 4430 ¹
568 4400 829 4456 indictum
856 4398 908 4452 9.
987 4397 1008 4426 ⁸
1050 4394 1281 4448 retenuit
1320 4394 1367 4447 l.
1402 4392 1589 4463 reliqui
1620 4393 1861 4447 retinnit.
1939 4393 1961 4424 ⁸
1998 4408 2133 4463 quos
2189 4392 2466 4449 abodritos
2522 4394 2573 4447 1.

510 4471 677 4519 simos
729 4468 782 4519 9.
884 4468 905 4498 ⁸
958 4464 1232 4519 bilduinus
1269 4464 1323 4518 9.
1428 4462 1449 4493 °
1488 4463 1802 4517 monasterii
1882 4464 2022 4517 deest
2069 4464 2123 4519 9.
2235 4464 2255 4497 ⁷
2296 4472 2568 4519 annuente

439 4471 677 4525 tissimos
729 4470 782 4523 9.
884 4470 905 4498 '
958 4470 1232 4521 bilduinus
1269 4470 1323 4518 9.
1428 4470 1449 4493 °
1488 4470 1802 4517 monasterii
1882 4470 2022 4517 deest
2069 4470 2123 4519 9.
2235 4470 2254 4497 ⁷
2296 4472 2568 4519 annuente

438 4542 460 4572 ⁸
496 4553 784 4593 uessonam
834 4538 885 4590 i.
918 4537 970 4590 4.
1000 4548 1289 4588 uessonem
1325 4533 1379 4587 2.
1418 4546 1677 4587 uesonam
1724 4532 1778 4585 5.
1812 4547 2131 4589 suessonam
2165 4532 2219 4587 5.
2262 4533 2313 4588 6.
2332 4533 2394 4587 '7.
2448 4533 2493 4588 Β
2536 4533 2589 4588 5.

439 4471 677 4525 tissimos
729 4468 782 4523 9.
884 4468 905 4498 '
958 4464 1232 4521 bilduinus
1269 4464 1323 4518 9.

2688 4395 2710 4424 ⁸
2763 4394 3000 4463 optimos
3052 4403 3233 4463 tamen
3296 4406 3377 4463 ac
3428 4402 3711 4463 praestari.

2676 4460 2887 4519 raesule
2939 4462 3133 4532 (media
3178 4461 3389 4532 desunt)
3434 4460 3487 4514 4.
3556 4461 3610 4515 5.
3660 4464 3708 4519 6.

2673 4575 2684 4587 .
2724 4529 3063 4589 suessionam
3116 4532 3167 4586 9.
3224 4529 3323 4586 B9.
3357 4529 3709 4589 Suessioniam

2235 4464 2255 4497 ⁷
2296 4472 2568 4519 annuente

437 4609 628 4662 Chesn.
664 4607 831 4674 Bouq.
906 4606 927 4637 ’
948 4619 1085 4675 cum
1108 4602 1284 4657 loculo
1310 4601 1604 4675 vectatoriu
1627 4602 1908 4675 ut_al_latac
1932 4614 2059 4675 sunt
2094 4603 2147 4656 7.
2185 4603 2337 4658 lectio
2366 4620 2431 4675 ea:
2456 4603 2717 4675 Anonymi
2729 4604 2845 4675 inita
2874 4602 3171 4656 Hludowici
3194 4617 3310 4675 eap_.
3339 4600 3429 4675 40.
3457 4600 3710 4675 derivata.

441 4679 679 4733 Semen.
785 4670 827 4709 ίο
865 4690 1027 4730 omne
1060 4672 1113 4726 4.
1215 4674 1255 4704 ¹¹
1293 4672 1513 4727 emicuit
1539 4670 1592 4725 9.

1694 4672 1735 4702 “
1761 4672 2107 4728 beatissimus
2134 4675 2327 4728 martir
2370 4673 2510 4727 deest
2537 4674 2592 4727 9.
2614 4672 2630 4675 ⁷
2702 4674 2744 4705 ι’

2782 4687 2973 4742 passus
3000 4681 3123 4742 est,_
3152 4671 3337 4742 omnia
3369 4670 3424 4725 9.
3536 4670 3583 4742 If
3624 4686 3715 4740 ρει-

441 4749 547 4802 div.
589 4748 885 4867 potentiam
917 4746 954 4799 f.
988 4761 1042 4815 p.
1088 4743 1141 4796 9.
1176 4750 1280 4797 est.
1314 4742 1431 4811 ipse
1457 4749 1637 4795 autem
1667 4742 1990 4797 venerabilis
2019 4743 2187 4797 abbas
2230 4742 2508 4813 praefatus
2552 4740 2837 4798 Hilduinus
2888 4742 3030 4796 inter
3075 4740 3326 4811 plurima,
3357 4754 3502 4810 quae
3538 4740 3589 4794 ei
3619 4755 3710 4795 au-

442 4817 636 4869 unstai
666 4817 996 4869 benianitate
1042 4813 1332 4867 commissa
1361 4811 1605 4869 fuerant.
1650 4813 2003 4869 monasteria.
2037 4813 2269 4868 habebat
2316 4815 2756 4869 procurationem
2793 4811 3035 4865 coenobii
3088 4809 3281 4864 nobilis
3320 4810 3375 4863 in
3424 4820 3709 4869 prospectu

442 4824 566 4887 gust

666 4809 1005 4886 benignitate
1042 4809 1605 4886 commissafuerant,
1650 4809 2269 4886 monast.eria_,_babebat
2316 4815 2756 4886 procurationem
2783 4811 3035 4886 coenobii
3080 4809 3281 4886 nobilis
3320 4809 3389 4863 in
3424 4820 3709 4886 prospectu

444 4879 591 4940 urbis
614 4879 959 4949 Suessorum,
996 4882 1140 4953 (ιιιοεὶ
1175 4881 1499 4953 Clotharius,
1545 4882 1815 4953 quondam
1866 4898 1959 4937 rex
1984 4879 2334 4945 Francorum,
2364 4882 2612 4953 illiusque
2634 4884 2751 4936 eius
2779 4879 3110 4953 Sygebertus
3136 4880 3485 4953 inhonorem
3517 4879 3708 4953 beatis-

444 4956 565 5010 simi
601 4955 838 5009 Medardi
882 4948 1209 5009 confessoris
1256 4951 1458 5007 Christi
1508 4948 1721 5021 magnis
1752 4962 2173 5007 construxerant
2201 4948 2610 5021 sumptibusfin
2638 4968 2746 5020 quo
2772 4948 2832 5005 et
2847 4948 2967 5004 eius
3006 4949 3397 5021 sacratissima
3421 4948 3713 5021 tumulare:

448 5034 568 5077 rant
606 5025 867 5078 membra.
927 5023 1100 5078 Simili
1147 5022 1305 5075 mirio

1354 5017 1666 5091 praedictus
1710 5021 1879 5075 abbas
1925 5030 2047 5091 post
2092 5017 2374 5077 decessum
2419 5017 2707 5077 lrminonis
2742 5021 2963 5091 regebat
3003 5019 3182 5091 locum
3225 5017 3402 5072 sancti
3453 5018 3707 5091 Vincentii

447 5094 1009 5163 levitaegetmartyris
1038 5093 1090 5146 in
1130 5086 1439 5163 suburbano
1466 5090 1614 5163 urbis
1637 5086 2041 5163 Parrhisiaéae,
2070 5092 2159 5146 ubi
2186 5092 2465 5163 preciosus
2488 5091 2689 5163 Christi
2712 5086 3018 5163 confessor
3044 5086 3347 5163 Germanus
3368 5157 3380 5163 _
3390 5087 3705 5163 requiescit;

447 5164 597 5240 quod
631 5154 1050 5240 Childebertus,
1077 5176 1197 5240 “res
1240 5160 1530 5240 quondam_
1558 5159 1892 5240 Fnranconrum
1941 5154 2203 5240 inclytus,
2236 5160 2405 5240 frater
2433 5154 2723 5240 Apr’aedjcti
2776 5160 2921 5240 regis
2960 5157 3255 5240 Clotharii;
3285 5155 3608 5240 δεὰἰῧξεννίε.

454 5228 500 5315 ξ’
528 5232 898 5315 “delirantium
949 5231 1016 5315 2;
1038 5228 1473 5315 hildﬁbraniluin
1572 5229 1638 5315 79.

447 5303 670 5360 boronis
697 5301 749 5355 9.
780 5302 943 5356 herae
986 5302 1037 5354 7.

451 5374 498 5402 ”
533 5372 936 5426 administraret
964 5370 1017 5425 9.

455 5442 499 5522 ’ξ
540 5440 908 5562 aliumaruam
937 5441 993 5495 ‘2.

459 5525 553 5566 l‘lCl
615 5547 634 5565 .

1143 5299 1186 5331 ¹⁸
1227 5298 1588 5353 willimundus
1638 5298 1682 5350 Β
1712 5298 1765 5352 6.

1118 5368 1163 5401 ’³
1202 5383 1325 5423 eum
1372 5367 1610 5421 fecerant
1658 5368 1708 5422 5.
1750 5367 1794 5421 Β
1835 5368 1887 5423 5.

1738 5230 1779 5260 ⁸⁸
1823 5230 1928 5284 inc.
1975 5230 2109 5286 adeo
2159 5231 2409 5300 fatigavit
2430 5230 2485 5286 9.

1879 5300 1919 5331 ¹⁹
1960 5315 2168 5355 necnon
2199 5301 2341 5354 deest
2385 5300 2439 5355 9.
2532 5302 2547 5332 ‘

1879 5410 1887 5423 .
2012 5369 2059 5401 “
2095 5385 2259 5423 super
2298 5385 2458 5423 quem
2514 5370 2547 5423 9

1120 5385 1163 5401 η
1202 5385 1325 5423 eum
1372 5385 1610 5421 lecel'alll
1658 5385 1708 5422 ο.
1750 5385 1793 5421 u
1835 5385 1887 5423 δ.
2013 5385 2059 5401 ι’
2095 5385 2259 5437 super
2298 5385 2458 5438 quem
2514 5385 2567 5423 ν.
2669 5385 2715 5401 ³·
2749 5385 3026 5438 persuasio

1086 5440 1132 5471 "
1169 5438 1475 5509 niumagam
1508 5435 1560 5489 ἓ.
1613 5436 1664 5491 5.
1695 5440 1744 5492 7.
1776 5437 1820 5490 B
1854 5439 1907 5494 5.
1947 5440 1999 5493 6.
2054 5440 2358 5511 mogiogam
2384 5439 2437 5493 6.
2488 5440 2866 5508 noviomagum
2888 5439 2940 5492 5.
2973 5436 3026 5491 9.

2595 5231 2634 5262 "
2677 5224 2865 5284 berani
2895 5229 2945 5281 l.
2975 5227 3027 5280 2.
3053 5228 3107 5281 5.
3139 5226 3194 5279 ι.
3223 5226 3277 5280 5.
3326 5226 3377 5279 6.
3424 5224 3470 5277 Β
3497 5225 3549 5278 5.
3578 5225 3626 5279 6.
3654 5225 3702 5279 9.

2532 5300 2578 5332 ’θ
2618 5314 2683 5354 ac
2732 5298 2936 5353 inauris
2992 5297 3135 5350 deest
3179 5296 3233 5349 9.
3332 5296 3377 5327 ἰ
3433 5294 3610 5350 missis
3651 5293 3701 5347 9.

2667 5370 2715 5401 "
2749 5366 3100 5422 persuasione
3140 5365 3193 5419 9.
3294 5365 3340 5395 "
3376 5363 3607 5420 ducebat
3651 5362 3703 5417 5.

2749 5384 3100 5438 persuasnone
3140 5384 3193 5419 υ.
3295 5384 3340 5395 ··
3376 5384 3607 5420 ducena:
3651 5384 3702 5417 ο.

2749 5454 2866 5489 mm
2888 5439 2940 5489 5.
2973 5436 3026 5489 9.
3127 5435 3171 5465 ²⁹
3212 5434 3385 5489 horici
3418 5432 3472 5487 6.
3502 5434 3554 5489 9.
3578 5435 3702 5489 hon-

1982 5596 2190 5652 NOTE
2201 5639 2215 5653 .

536 5703 557 5729 η
596 5687 884 5761 ςίετᾴαθηε.

533 5761 559 5799 b
604 5754 801 5823 Valles',
832 5761 986 5815 vallis
1020 5757 1349 5813 fertilissima
1386 5754 1585 5818 28,000

463 5830 719 5901 gitndinis
752 5830 945 5899 l6,000
985 5842 1239 5901 passuum
1284 5826 1600 5893 latitudinis,
1648 5826 1713 5881 ad
1765 5827 2030 5882 orientem

1626 5771 1878 5825 passuum
1920 5757 2034 5811 lon-

2063 5710 2115 5769 Ι)
2142 5688 2375 5769 fluminis
2404 5688 2710 5769 Llobregat,
2742 5683 3163 5769 e‘septentrione
3197 5682 3533 5769 Barcinonm.
3570 5680 3703 5738 Pelr.

2141 5759 2207 5814 de
2230 5758 2279 5814 la
2314 5759 2514 5824 Marca,
2547 5753 2723 5811 Marca
2748 5753 3056 5825 Hispanica,
3086 5768 3191 5825 pag
3245 5753 3365 5810 166.
