3928 6318
161 427 266 481 505

1620 427 1943 485 ANNALES

3323 444 3428 500 506

159 543 304 595 dona
348 540 609 609 suscepit,
648 548 701 594 et
733 539 817 594 his
845 539 936 609 qui
979 538 1043 593 ad
1076 553 1312 592 marcam
1342 538 1687 608 llispanicam
1720 542 1735 570 ¹
1766 542 1817 602 Α
1841 547 1896 593 et
1941 538 2227 596 Ansfridus
2272 542 2439 597 abbas
2464 543 2510 574 “
2540 546 2857 601 monasterii
2906 547 3241 608 Nonantulae
3286 555 3431 611 Con-

161 629 411 683 mittendi
434 639 611 695 erant,
640 631 765 699 quid
789 630 875 683 vel
901 628 1133 699 qualiter
1160 645 1321 699 agere
1343 630 1621 696 deberem,
1647 632 1747 684 im-

163 724 400 793 peravit,
434 722 550 791 ipse
578 723 717 776 inter
745 720 1131 791 Gompendium
1162 730 1218 777 et
1242 721 1576 777 Carisiaeum
1602 731 1746 776 cete—

164 828 335 880 raque
360 813 446 867 his
472 813 649 866 vicina
697 810 891 881 palatia
923 826 1092 881 usque
1117 812 1185 866 ad
1231 810 1442 865 hiberni
1489 811 1746 880 temporis

164 905 381 957 initium
425 914 775 959 conversatus
815 910 919 957 est.
977 903 1188 957 Interea
1240 917 1396 973 reges
1450 903 1743 969 Danorum,

165 994 263 1047 ﬁlii
296 993 545 1049 videlicet
592 993 612 1023 ²
655 991 953 1057 Godofridi,
996 992 1308 1047 Herioldum
1354 992 1422 1047 de
1471 994 1747 1048 consortio

165 1084 322 1153 regni
358 1084 636 1147 eicientes,
682 1081 1150 1136 Nordmannorum
1205 1084 1225 1114 ⁸
1260 1082 1455 1136 ﬁnibus
1483 1083 1747 1137 excedere

164 1174 565 1243 compulerunt.
606 1173 823 1244 Bulgari
850 1187 1065 1242 quoque
1094 1172 1318 1227 Sclavos
1344 1173 1398 1227 in
1424 1172 1699 1227 Pannonia
1726 1173 1744 1203 "

164 1266 444 1328 sedentes,
475 1265 639 1319 misso
666 1278 765 1332 per
797 1263 1032 1317 Dravum
1059 1262 1235 1316 navali
1285 1262 1550 1327 exercitu,
1603 1261 1748 1316 ferro

163 1366 223 1410 et
252 1356 364 1427 igni
394 1363 760 1419 vastaverunt,
785 1364 841 1409 et
867 1354 1104 1423 expulsis
1131 1369 1316 1408 eorum
1342 1352 1588 1417 ducibus,
1620 1351 1746 1405 Bul-

164 1449 384 1519 garicos
432 1448 454 1479 ⁸
498 1461 661 1516 super
714 1461 809 1501 cos
857 1447 879 1476 ⁸
924 1456 1163 1501 rectores
1193 1446 1607 1501 constituerunt.
1642 1445 1750 1498 Eu-

162 1541 359 1609 genius
390 1555 527 1608 papa
561 1553 747 1599 mense
768 1538 1008 1609 Augusto
1033 1539 1284 1603 decessit,
1314 1538 1368 1591 in
1396 1538 1548 1592 cuius
1573 1538 1748 1591 locum

164 1632 493 1688 Valentinus
528 1631 801 1697 diaconus
823 1646 854 1685 a
888 1630 1145 1685 Romanis
1172 1638 1227 1684 et
1254 1629 1459 1685 electus
1500 1630 1541 1693 ",
1568 1638 1625 1683 et
1658 1644 1751 1684 or-

164 1724 409 1787 dinatus,
447 1722 536 1776 vix
568 1737 735 1776 unum
777 1721 799 1752 '
842 1735 1085 1776 mensem
1141 1721 1195 1774 in
1233 1720 1552 1790 pontiﬁcatu
1595 1735 1748 1775 com-

162 1813 359 1882 plevit,
405 1828 512 1882 quo
564 1811 841 1878 defuncto,
881 1810 1176 1881 Gregorius
1224 1811 1492 1882 presbiter
1542 1810 1685 1865 tituli
1726 1810 1746 1841 ⁸

164 1905 346 1960 sancti
374 1904 539 1959 Marci
586 1904 811 1970 electus,
860 1905 955 1960 sed
1001 1919 1106 1959 non
1139 1905 1291 1975 prius
1334 1904 1615 1959 ordinatus
1644 1912 1751 1970 est,
1780 1887 1827 1945 Β

162 2013 333 2068 quam
378 1999 585 2069 legatus
616 1998 962 2067 imperatoris
1002 1996 1229 2051 Romam
1262 1997 1412 2051 venit
1449 1996 1513 2061 1°,
1559 2006 1613 2050 et
1646 1997 1755 2051 ele-

160 2090 406 2144 ctionem
433 2087 635 2157 pnpttli,
674 2086 851 2155 qualis
893 2092 1040 2141 esset
1073 2086 1138 2151 “,
1172 2086 1524 2140 examinavit.
1564 2086 1752 2156 Legati

162 2178 485 2234 Michahelis
522 2177 867 2246 imperatoris
896 2177 964 2231 de
1001 2175 1463 2245 Constantinopoli
1492 2179 1534 2208 “
1563 2178 1631 2233 ad
1654 2180 1753 2233 lm-

160 2278 477 2339 peratorem
536 2269 581 2301 "
619 2268 774 2337 quasi
809 2276 1030 2338 propter
1083 2267 1272 2323 foedus
1319 2270 1751 2325 conﬁrmandum

160 2359 345 2423 missi,
406 2356 744 2428 Septembrio
804 2372 987 2411 mense
1033 2357 1420 2429 Compendium
1464 2368 1751 2425 venerunt,

158 2465 307 2519 quos
344 2448 432 2503 ille
466 2449 538 2503 ibi
564 2449 795 2518 benigne
828 2448 870 2479 “
895 2458 1140 2518 receptos
1170 2457 1225 2503 et
1252 2450 1458 2503 audivit
1483 2456 1539 2502 et
1569 2448 1747 2503 absol-

157 2541 245 2593 vit
270 2541 338 2593 ¹⁸.
375 2540 614 2609 Corpora
650 2540 1088 2593 beatissimorum
1126 2541 1413 2593 martirum
1452 2539 1751 2594 IrIarcellini

156 2641 220 2685 et
272 2630 421 2685 Petri
454 2631 519 2684 de
548 2628 720 2683 Roma
787 2628 1022 2693 sublata,
1067 2636 1123 2683 et
1162 2628 1419 2685 Octobrio
1463 2645 1649 2685 mense
1696 2630 1751 2683 in

157 2720 455 2775 Frant-iam
482 2732 511 2762 ι
545 2720 828 2784 translata,
875 2728 931 2774 et
960 2720 1035 2774 ibi
1080 2720 1119 2751 “
1159 2720 1342 2776 multis
1382 2721 1554 2792 signis
1588 2730 1753 2792 atque

156 2811 463 2867 virtutibus
498 2810 794 2867 clariﬁcata
832 2819 958 2866 sunt
988 2811 1038 2865 δ.

756 2900 1163 2957 DCCCXXVIII.

234 2995 547 3049 Conventus
579 2993 917 3063 Aquasgrani
951 2994 991 3025 "
1024 3008 1207 3049 mense
1236 2992 1536 3050 Februario
1576 2994 1751 3049 factus

152 3093 272 3149 est,
309 3085 363 3138 in
404 3099 511 3153 quo
540 3099 661 3138 cum
693 3083 757 3138 de
783 3082 966 3137 multis
1009 3083 1131 3139 aliis
1156 3085 1355 3149 causis,
1401 3093 1513 3138 tum
1542 3084 1753 3153 praeci-

151 3189 270 3245 pue
312 3174 380 3229 de
432 3174 517 3228 his
565 3187 703 3243 quae
743 3171 804 3229 in
852 3188 1034 3228 marca
1062 3172 1347 3243 Hispanica
1386 3175 1749 3245 contigerunt,

1850 630 2255 701 stantinopolim
2282 633 2452 698 missi,
2483 644 2540 689 et
2561 650 2592 689 a
2621 635 2879 693 Michaele
2907 639 3257 710 imperatore,
3289 648 3432 703 sicut

1849 720 1948 788 ipsi
1990 721 2114 776 inde
2146 723 2349 777 reversi
2391 724 2690 781 retulerunt
2717 728 2799 792 ’⁵,
2842 729 3139 786 honoriﬁce
3191 737 3430 804 suscepti

1848 818 1993 865 sunt.
2019 809 2317 881 Imperator
2335 812 2486 872 Iunio
2508 828 2692 871 mense
2716 816 2782 871 ad
2806 818 3155 890 lngilunbeim
3179 823 3361 878 villam
3384 825 3430 858 “

1847 901 2015 964 venit,
2034 901 2213 970 ibique
2234 917 2332 972 per
2357 902 2558 972 aliquot
2580 905 2696 959 dies
2720 907 2973 973 placitum
2994 911 3201 978 habuit,
3227 914 3279 966 in
3298 930 3428 984 quo.

1849 1007 1970 1047 cum
1998 993 2063 1047 de
2093 992 2215 1048 ﬁliis
2240 994 2353 1049 suis
2380 993 2662 1052 Hlothario
2685 1008 2740 1053 et
2768 997 2993 1069 Pippino
3021 1018 3142 1058 cum
3188 1007 3432 1064 exercitu

1850 1086 1915 1138 ad
1945 1102 2185 1141 marcam
2213 1087 2559 1156 Hispanicam
2585 1090 2862 1147 mittendis
2891 1096 3170 1150 consilium
3217 1099 3430 1165 inisset,

1848 1183 1901 1229 et
1931 1176 1984 1229 id
2015 1180 2284 1246 quomodo
2310 1179 2467 1233 ﬁeret
2491 1180 2814 1247 ordinasset,
2846 1185 3039 1242 missos
3062 1188 3104 1219 "’
3129 1190 3291 1244 etiam
3325 1192 3435 1247 Ro-

1850 1268 1993 1320 mani
2016 1270 2309 1337 pontiﬁcis,
2351 1272 2632 1336 Quirinum
2658 1274 3029 1343 primicerium
3072 1294 3136 1335 ac
3173 1282 3435 1338 Theoﬁla-

1850 1367 1998 1411 ctum
2026 1358 2069 1390 ’⁸
2096 1360 2573 1426 nomenclatorem,
2612 1364 2703 1431 qui
2746 1365 2815 1419 ad
2859 1381 2983 1421 eum
3024 1367 3116 1422 illo
3153 1380 3432 1436 venerant,

1851 1449 2034 1504 audita
2087 1450 2297 1506 illorum
2338 1452 2382 1482 "
2417 1452 2683 1523 legatione
2716 1457 3083 1529 dimisisset,
3136 1462 3202 1515 ad
3252 1462 3434 1525 villain

1852 1540 2256 1597 Franconofurd
2279 1542 2323 1575 "
2347 1543 2621 1612 profectus
2653 1553 2756 1610 est,
2775 1546 2955 1616 ibique
2976 1548 3284 1618 aiiqnandiu
3325 1564 3453 1607 mo-

1852 1638 2021 1695 ratus,
2054 1630 2417 1687 Wormaciam
2469 1634 2634 1698 venit,
2670 1644 2830 1704 atque
2878 1637 3003 1693 inde
3048 1638 3091 1669 “
3128 1640 3437 1697 Theodonis

1853 1719 2031 1774 villam
2054 1722 2323 1790 perrexit;
2351 1721 2418 1777 de
2438 1739 2544 1793 quo
2567 1724 2685 1780 loco
2711 1725 3048 1783 Hlotharium
3080 1728 3247 1795 ﬁlium
3273 1746 3434 1786 suum

1853 1825 1975 1865 cum
2023 1811 2067 1841 "
2116 1812 2326 1882 magnis
2368 1811 2701 1868 Francorum
2759 1817 2931 1886 COpiis
2979 1818 3046 1872 ad
3091 1818 3435 1888 Hispanicam

1855 1920 2096 1960 marcam
2125 1906 2341 1961 direxit.
2382 1904 2484 1973 Qui
2523 1922 2646 1962 cum
2672 1907 2990 1979 Lugdunum
3022 1911 3279 1978 venisset,
3308 1927 3437 1967 con-

1855 1996 2013 2061 sedit,
2038 1996 2294 2050 nunrium
2325 1999 2632 2067 opperiens,
2681 1999 2772 2068 qui
2811 2014 2871 2054 se
2907 2000 2974 2055 de
3012 1999 3436 2057 Sarracenorum

1854 2088 2083 2142 adventu
2147 2086 2349 2143 faceret
2391 2089 2719 2153 certiorem;
2773 2090 2829 2143 in
2900 2105 3007 2159 qua
3060 2093 3439 2161 expectatione

1853 2193 1975 2232 cum
2006 2177 2229 2248 Pippino
2273 2177 2443 2233 fratre
2483 2179 2850 2249 conloquitur,
2900 2188 2954 2235 et
2982 2190 3259 2250 comperto
3291 2183 3438 2251 quod

1854 2266 2143 2322 Sarraceni
2173 2268 2238 2322 ad
2278 2282 2518 2321 marcam
2545 2269 2731 2323 venire
2766 2278 2861 2323 aut
2895 2269 3150 2325 timerent
3195 2281 3288 2325 aut
3323 2272 3441 2326 nol-

1854 2356 1986 2421 lent,
2012 2358 2273 2412 redeunte
2300 2358 2353 2411 in
2392 2357 2739 2426 Aquitaniam
2768 2357 2959 2423 fratre,
2989 2359 3103 2428 ipse
3132 2359 3197 2413 ad
3226 2369 3438 2430 patrem

1853 2445 2193 2517 Aquasgrani
2244 2448 2555 2502 revertitur.
2595 2447 2812 2503 interea
2863 2465 2985 2504 cum
3032 2450 3087 2504 in
3134 2451 3440 2509 conﬁnibus

1854 2537 2322 2593 Nordmannorum
2351 2548 2460 2593 tam
2506 2540 2572 2594 de
2600 2538 2813 2595 foedere
2858 2541 3000 2596 inter
3035 2542 3158 2598 illos
3185 2551 3240 2597 et
3269 2543 3438 2599 Fran-

1852 2647 1947 2686 cos
1982 2631 2373 2697 conﬁrmando,
2416 2647 2577 2701 quam
2617 2633 2683 2686 de
2724 2633 2961 2689 Herioldi
3010 2636 3172 2690 rebus
3206 2646 3437 2692 tractan-

1854 2724 1981 2778 dum
2011 2721 2055 2753 ”
2083 2730 2243 2801 esset,
2277 2732 2333 2777 et
2369 2723 2435 2776 ad
2464 2723 2569 2777 hoc
2595 2724 2761 2779 totius
2788 2739 2958 2795 paene
2984 2724 3031 2756 “
3058 2723 3329 2783 Saxoniae
3347 2744 3440 2784 co-

1854 2814 2013 2867 mites
2038 2812 2198 2867 simul
2216 2828 2338 2868 cum
2361 2812 2890 2879 markionibus"illo
2915 2817 3313 2883 convenissent,
3337 2804 3439 2875 ué-

1852 2905 2076 2968 rioldus,
2102 2920 2284 2959 rerum
2309 2904 2665 2976 gerendarum
2688 2906 2849 2960 nimis
2866 2907 3107 2976 cupidus,
3134 2907 3438 2965 condictam

1851 3003 1907 3047 et
1928 3008 2023 3062 per
2047 2992 2261 3048 obsides
2280 2993 2547 3048 ﬁrmatam
2571 3008 2779 3064 pacem,
2804 2996 3039 3051 incensis
3060 3012 3125 3051 ac
3147 2997 3372 3066 direptis
3394 2998 3440 3031 "

1854 3083 2063 3152 aliquot
2107 3082 2576 3137 Nordmannorum
2615 3083 2835 3149 villulis,
2878 3085 3101 3154 inrupit.
3152 3084 3306 3153 Quod
3343 3103 3441 3141 au-

1855 3171 2065 3227 dientes
2092 3171 2185 3225 ﬁlii
2214 3170 2513 3238 Godofridi,
2564 3173 2861 3227 contractis
2907 3173 3087 3228 subito
3130 3176 3319 3244 copiis,
3366 3176 3440 3245 al

155 3238 310 3319 ratio
342 3260 548 3330 habita,
574 3238 626 3318 et
654 3262 815 3334 legati
845 3264 935 3334 qui
963 3238 1224 3319 exercitui
1254 3238 1753 3334 praeerant'culpm
1779 3238 1823 3299 (ἶ
1856 3277 2094 3316 marcam
2116 3262 2357 3326 veniunt,
2389 3270 2442 3316 et
2465 3270 2681 3316 nostros
2706 3263 2761 3315 in
2788 3263 2904 3331 ripa
2932 3238 3235 3333 Acgidorae
3264 3238 3441 3319 ﬁumi-

152 3357 306 3413 biles
358 3358 579 3420 inventi,
632 3365 688 3411 et
730 3357 881 3410 iuxta
932 3357 977 3388 ³⁸
1006 3359 1200 3411 merita
1260 3373 1357 3412 sua
1410 3360 1675 3413 honorum
1705 3360 1749 3391 ¹⁹

151 3447 456 3503 amissione
477 3446 683 3501 multati
712 3453 853 3501 sunt.
884 3444 1146 3501 Similiter
1171 3457 1226 3501 et
1252 3448 1526 3503 Baldricus
1554 3450 1615 3513 ⁸⁸,
1639 3450 1749 3504 dux

152 3539 574 3603 Foroiuliensis,
611 3553 732 3592 cum
770 3546 992 3607 propter
1024 3537 1140 3592 eius
1186 3540 1455 3609 ignaviam
1493 3540 1753 3610 Bulgaro—

153 3649 286 3687 rum
316 3632 587 3686 exercitus
632 3630 890 3685 terminos
926 3630 1233 3685 Pannoniae
1269 3633 1312 3662 ²¹
1345 3634 1641 3701 superioris
1671 3635 1752 3688 in-

150 3736 308 3791 pune
337 3728 624 3786 vastasset,
658 3720 1117 3793 honoribusquos
1154 3721 1388 3775 habebat
1417 3723 1460 3752 ²¹
1485 3724 1747 3791 privatus,

152 3821 216 3869 et
241 3826 430 3867 marca
460 3827 622 3881 quam
650 3811 795 3866 solus
821 3813 1038 3866 tenebat
1064 3813 1128 3877 ³³,
1165 3813 1305 3867 inter
1334 3822 1565 3883 quatuor
1584 3815 1751 3870 comi-

152 3914 247 3959 tcs
277 3902 451 3959 divisa
492 3912 594 3957 est.
647 3900 974 3972 Halitgarius
1014 3901 1422 3959 Camaracensis
1469 3905 1751 3973 episcopus

1852 3354 1937 3407 nis
1959 3352 2207 3408 sedentes
2246 3367 2311 3406 ac
2358 3352 2489 3405 nihil
2514 3351 2618 3406 tale
2641 3352 2925 3421 opinantes
2964 3354 3190 3408 transito
3219 3354 3441 3412 flumine

1853 3442 2049 3508 adorti,
2074 3443 2267 3497 castris
2295 3452 2499 3498 exuunt
2540 3443 2607 3507 ³⁷,
2635 3444 2821 3513 eisque
2848 3444 2901 3497 in
2928 3442 3107 3514 fugam
3147 3447 3283 3500 actis
3309 3462 3440 3502 cun-

1852 3542 1938 3589 cta
1970 3535 2244 3603 diripiunt,
2285 3550 2349 3590 ac
2387 3550 2443 3589 se
2469 3550 2592 3589 cum
2624 3537 2873 3590 omnibus
2903 3537 3071 3606 copiis
3097 3539 3210 3593 suis
3250 3539 3303 3592 in
3340 3556 3437 3596 sua

1853 3633 2034 3680 castra
2074 3626 2368 3695 recipiunt;
2402 3627 2593 3681 deinde
2638 3626 2772 3681 inito
2809 3627 3051 3691 consilio,
3084 3638 3138 3682 ut
3177 3630 3437 3687 ultionem

1854 3716 2016 3769 huius
2037 3714 2163 3770 facti
2188 3717 2580 3785 praevenirent,
2616 3718 2779 3771 missa
2810 3718 3075 3786 legatione
3110 3721 3175 3775 ad
3205 3722 3438 3791 impera-

1859 3822 2051 3876 torem,
2084 3828 2244 3882 quam
2273 3812 2421 3866 inviti
2469 3820 2522 3865 et
2562 3821 2762 3881 quanta
2796 3815 3119 3869 necessitate
3164 3817 3335 3869 coacti
3384 3818 3436 3872 id

1857 3902 2083 3956 fecerint
2109 3901 2173 3965 ³⁸,
2204 3911 2588 3970 exposuerunt,
2620 3918 2679 3957 se
2712 3911 2890 3956 tamen
2925 3903 2991 3956 ad
3019 3902 3435 3959 satisfactionem

1378 3993 1770 4047 VARIANTES
1810 3990 2209 4046 LECTIONES.

235 4064 251 4092 ¹
292 4062 575 4117 marcham
622 4061 923 4131 hispaniam
954 4060 1025 4131 Β
1069 4061 1121 4115 5.
1163 4060 1214 4114 6.

147 4148 309 4185 omn.
420 4131 442 4162 ⁸
496 4132 693 4201 pannia
737 4131 787 4183 1.
890 4130 911 4161 ⁸
948 4130 1221 4201 bulgarios
1267 4131 1312 4184 Β
1362 4133 1412 4187 5.

148 4202 212 4256 9.
291 4202 313 4233 ’
355 4200 507 4255 tituli
544 4201 684 4254 deest
714 4201 746 4255 9
847 4200 887 4231 ⁸⁸
932 4200 1226 4255 veniret....
1259 4204 1597 4257 examinaret
1641 4200 1693 4257 9'.

149 4272 619 4341 constantinopoli
668 4270 807 4324 deest
852 4270 897 4323 Β
949 4270 1001 4323 5.

1321 4063 1339 4092 ²
1382 4063 1474 4117 ﬁlii
1520 4062 1725 4118 sciiicct
1771 4064 1822 4117 9.

1516 4134 1535 4163 θ
1574 4134 1879 4204 bulgaricos
1928 4132 2006 4204 eis
2046 4131 2097 4184 9.

1796 4201 2033 4272 “qualis
2086 4207 2232 4272 esset
2278 4199 2428 4254 deest
2480 4202 2533 4255 9.

1082 4272 1124 4301 ⁸³
1157 4272 1222 4325 ad
1252 4272 1631 4327 imperatorem
1658 4274 1798 4326 deest
1839 4273 1891 4326 9.

1930 4062 2510 4133 ’rnordusmannorum
2554 4060 2619 4133 2;
2682 4062 2845 4133 igitur
2884 4072 2943 4133 ut
2995 4063 3049 4115 in
3093 4072 3233 4116 textu
3263 4063 3437 4131 legen-

2196 4131 2215 4160 ⁷
2260 4132 2496 4185 romanis
2543 4131 2756 4185 electus
2778 4131 2829 4183 7.
2872 4132 2922 4185 9.
3022 4133 3043 4163 ⁸
3079 4148 3244 4185 unum
3293 4132 3435 4188 deest

2630 4202 2671 4231 “
2714 4201 3011 4255 examinar.
3045 4200 3079 4253 l.
3114 4209 3169 4255 et
3196 4218 3269 4255 m.
3297 4203 3333 4255 i.
3368 4203 3435 4259 de

1972 4270 2015 4301 ίδ
2052 4286 2188 4339 quos
2216 4271 2510 4340 imperator
2538 4271 2768 4339 benigne
2810 4271 2862 4325 9.
2944 4272 2987 4301 ¹⁵
3026 4270 3274 4340 absolvit.
3315 4271 3437 4340 Ipso

151 4354 413 4410 tempore
443 4338 764 4404 Heinardus,
793 4341 875 4395 sui
913 4342 1171 4410 temporis
1200 4338 1651 4409 prudentissimus
1692 4343 1955 4405 virorum,
1986 4338 2207 4410 sanctae
2237 4339 2540 4410 devotionis
2570 4338 2827 4410 incitatus
2856 4340 3049 4394 ardore
3074 4338 3303 4393 Romam
3334 4338 3434 4394 ini-

148 4408 347 4491 s_it,_et
388 4426 616 4491 corpora
663 4420 978 4491 sanctorum
1027 4408 1321 4491 Marcellini
1350 4420 1421 4491 .et
1477 4412 1620 4467 Petri
1677 4420 1946 4491 annuente
1994 4409 2248 4491 papa-in
2292 4408 2591 4491 franciam
2645 4408 2773 4491 fecit
2828 4410 3231 4491 _transvehi,__et
3257 4410 3433 4491 “valde

148 4482 423 4537 decenter
475 4477 527 4533 in
573 4481 791 4549 proprio
850 4481 1125 4534 territorio
1180 4482 1519 4550 propriisque
1564 4482 1867 4550 sumptibus
1916 4477 2526 4550 recondiditLQuorum
2578 4480 2786 4550 meritis
2828 4479 3088 4550 hactenus
3134 4480 3206 4550 ibi
3254 4480 3434 4533 Domi-

146 4567 265 4617 nus
324 4550 490 4602 multa
539 4547 794 4619 operatur
830 4550 1092 4619 virtutum
1132 4547 1390 4604 miracula
1430 4547 1479 4604 7.
1537 4547 1871 4619 interpolatio
1914 4566 1975 4603 ex
2035 4550 2138 4601 vita
2192 4547 2489 4619 [Iludowici
2547 4566 2662 4617 cap.
2724 4549 2814 4619 41.

1548 4622 1591 4652 ⁸⁸
1622 4621 1823 4674 inventi
1846 4621 1990 4673 iuxta
2018 4620 2070 4673 9.

1702 4706 1836 4759 quos
1887 4690 2117 4744 habebat
2161 4687 2393 4759 deest
2485 4688 2530 4759 ﬁt

1747 4760 1792 4790 “
1815 4759 1993 4813 villam
2019 4763 2164 4814 deest
2194 4758 2245 4812 9.

606 4827 650 4859 ”
679 4827 857 4881 audita
880 4842 1066 4882 eorum
1116 4829 1167 4883 9.
1247 4830 1291 4859 ’°
1318 4829 1715 4885 franconouurd
1756 4829 1808 4881 4.
1852 4828 2299 4883 franchonofurth
2344 4826 2389 4879 Β
2433 4827 2484 4880 6.
2527 4826 2898 4882 franconofurt
2932 4828 2983 4882 9.
3062 4827 3104 4857 “
3135 4836 3190 4882 et
3230 4829 3353 4881 inde
3376 4828 3430 4881 9.

1764 4899 1810 4932 ⁸⁸
1836 4899 2202 4953 markionibus
2229 4897 2275 4949 ι.
2306 4896 2358 4949 2.
2389 4896 2441 4950 5.
2475 4896 2518 4949 Β
2540 4896 2591 4949 5.
2623 4898 2988 4952 marcionibus
3015 4894 3058 4948 Β
3082 4896 3132 4950 6.
3166 4897 3431 4950 marchio-

600 4967 643 4999 ⁸⁸
666 4981 853 5036 pacem
904 4970 1050 5037 rupit
1094 4968 1348 5024 incensis.
1377 4965 1436 5025 ,ζ
1462 5008 1477 5022 .
1502 4971 1644 5024 villis
1673 4970 1725 5023 9.
1803 4969 1845 5000 ³⁷
1874 4968 2068 5024 castris
2110 4968 2328 5022 exciunt
2366 4968 2416 5019 1.
2460 4966 2653 5020 castris
2682 4966 2953 5020 exeunt‘.
3030 4966 3074 4997 ³⁸
3101 4965 3343 5021 facerent
3373 4968 3427 5022 9.

150 4622 204 4653 ³⁷
230 4618 558 4689 aquasgrani
598 4618 801 4689 1.375.
829 4617 880 4671 6.
912 4617 1095 4689 reliqui
1118 4620 1450 4689 aquisgrani.

146 4705 261 4746 cus
287 4687 566 4758 letia‘mr9.
631 4688 684 4758 ⁸⁸
716 4687 924 4758 bulgari
970 4687 1107 4743 ﬁnes
1150 4687 1453 4758 pannoniae
1485 4690 1537 4744 9.
1616 4692 1661 4719 ”

144 4760 207 4817 ξι
240 4760 379 4814 abba
406 4758 452 4811 Β
473 4757 527 4812 5.
627 4756 674 4790 ’⁸
695 4756 895 4812 sicuti.
940 4758 976 4811 i.
1014 4774 1056 4811 r.
1082 4756 1387 4814 retulerunt
1422 4761 1560 4814 deest
1590 4760 1644 4815 9.

145 4830 556 4953 37933323.}.
576 4830 628 4952 9'.

144 4970 326 5024 uibus
344 4970 521 5022 ceteri.

726 4898 779 4940 ³⁸.
800 4897 1161 4969 tractatumB
1187 4898 1239 4951 5.
1340 4901 1384 4931 ⁸⁸
1411 4915 1579 4969 poene
1606 4901 1655 4954 1.

2896 4549 2936 4579 ¹⁶
2980 4549 3241 4603 translata
3275 4550 3344 4603 ibi
3378 4550 3430 4604 9.

2928 4619 2972 4649 ’°
3011 4626 3153 4672 sunt.
3198 4619 3437 4673 Balderi—

2556 4703 2716 4757 quam
2762 4688 2906 4742 solus
2952 4689 3169 4742 tenebat
3210 4688 3349 4741 deest
3376 4688 3431 4743 9.

2556 4767 2747 4812 inasset
2794 4759 2999 4812 legatos
3045 4758 3096 4811 9.
3146 4779 3150 4781 Α
3199 4759 3244 4790 ³⁸
3272 4759 3429 4812 theo-

2170 4617 2211 4648 ⁸⁸
2246 4618 2438 4670 merita
2483 4618 2745 4673 honorum
2773 4618 2827 4673 9.

2352 4757 2393 4827 ⁸⁷
2441 4757 2747 4827 ordinasset
2794 4759 2999 4827 legatos
3045 4758 3096 4811 9.
3146 4779 3150 4781 Α

1672 5056 1879 5115 NOTAE
1890 5096 1902 5109 .

235 5163 265 5223 ξ
300 5152 363 5223 lu
386 5150 649 5223 Franciaeg
676 5159 893 5223 partem
936 5148 1332 5223 Germanicam.

236 5221 269 5261 δ
292 5220 989 5277 Τιἐιιειθιίοηίέὶιίδιονίθω
1018 5220 1159 5289 ipse,
1194 5220 1283 5287 qui
1319 5234 1544 5289 corpora
1570 5227 1747 5289 trans-

143 5292 299 5351 ferri
321 5301 626 5354 curaverat,
651 5288 1192 5361 Eginhardusn’oster
1219 5289 1453 5357 scrip’sit.
1495 5288 1596 5361 (Cf.
1613 5288 1745 5361 Acta

144 5364 272 5421 SS.
289 5361 527 5415 Bolland.
547 5361 632 5415 die
646 5358 788 5414 Junii
802 5361 836 5413 2
862 5360 879 5429 )
898 5359 1083 5413 Refert
1102 5361 1153 5412 in
1168 5374 1252 5422 ea,
1268 5368 1477 5429 partem
1495 5358 1749 5429 reliquia-

142 5432 411 5501 rumjam
433 5430 534 5485 sub
563 5429 723 5501 ﬁaem
740 5426 1633 5501 anni'praeteritiMichilinstadum,
1660 5426 1746 5480 in-

140 5497 344 5571 deque
392 5515 533 5554 anno
578 5499 681 5571 827
697 5501 784 5553 die
820 5497 1601 5571 17—JanuariiAMulinheimum
1629 5511 1749 5571 a__se

143 5566 506 5633 translatam,
524 5569 780 5637 reliquam
795 5584 924 5622 vero
937 5569 1004 5623 ab
1021 5567 1266 5621 Hildoino
1280 5566 1472 5620 abbate
1489 5574 1612 5637 octo
1633 5566 1747 5637 die-

144 5646 275 5699 bus
302 5650 422 5721 post
458 5635 667 5721 Pascha
692 5638 778 5721 ibi.
803 5638 1064 5721 redditam
1095 5646 1146 5692 et
1166 5653 1263 5718 per
1289 5635 1746 5721 aestatetnAquisf

142 5705 329 5785 grani
348 5718 637 5785 servatam,
655 5707 887 5785 tandem,
906 5705 1189 5785 postquam
1207 5708 1318 5785 ipse
1335 5705 1745 5785 abimperatone

147 5774 214 5838 ἷιι
254 5780 592 5833 venationem
620 5778 913 5831 solemnem
939 5774 1177 5845 profecto
1207 5774 1435 5831 abeundi
1471 5774 1742 5845 licentiam

1770 5153 1822 5210 D
1848 5148 2165 5217 corporibus
2212 5146 2409 5199 iterum
2461 5145 2907 5217 sociatamesse.
2943 5143 3191 5217 Perfecta
3240 5144 3425 5217 igitur,

1849 5229 1906 5272 ut
1933 5214 2100 5286 supra,
2127 5216 2340 5283 legitur,
2383 5229 2563 5286 mense
2588 5214 2837 5286 Octobri,
2871 5214 3240 5279 translatione,
3265 5214 3430 5284 Egin-

1848 5284 2049 5342 hardus
2080 5285 2498 5354 Aquisgranum,
2530 5284 2725 5337 ibidem
2760 5284 3117 5354 hiematurus,
3141 5297 3432 5354 regressus

1849 5366 1952 5413 est.
1998 5352 2445 5421 Hinc’rei'gestae
2483 5354 2867 5417 narrationem,
2900 5353 3113 5421 qualem
3138 5352 3191 5405 in
3220 5353 3427 5406 annali-

1848 5428 1948 5481 bus
1972 5425 2099 5479 etin
2127 5421 2498 5478 translationis
2534 5422 2759 5492 historia
2787 5421 3030 5492 legimus,
3064 5422 3263 5492 optime
3285 5422 3429 5492 inter

1848 5512 1906 5551 se
1936 5497 2211 5550 cohzerere
2238 5493 2466 5561 quisque
2506 5490 2785 5561 intelligit;
2830 5489 2884 5545 ét
2916 5490 3097 5561 mirari
3124 5491 3296 5561 subit,
3325 5489 3421 5561 do-

1844 5576 1961 5621 ctos
1991 5565 2043 5619 id
2086 5565 2231 5632 viros
2256 5558 2346 5632 qui
2375 5558 2594 5615 annales
2623 5558 2837 5632 nostros
2872 5558 3175 5632 Eginhardo
3212 5558 3420 5632 abiudi-

1847 5643 2125 5698 caverunt,
2170 5628 2290 5687 eam
2334 5638 2541 5685 tantum
2586 5631 2655 5684 ob
2698 5645 2921 5686 causam
2952 5628 3135 5698 fugere
3161 5629 3417 5697 potuisse,

1847 5645 2125 5698 caverunt,
2170 5648 2290 5687 eam
2334 5645 2541 5685 tantum
2586 5645 2655 5684 on
2698 5645 2921 5686 causam
2952 5645 3135 5749 urgere
3161 5645 3417 5697 petuisse,

1846 5705 1986 5773 quod
2038 5705 2091 5758 in
2126 5702 2349 5773 historia
2393 5699 2762 5773 translationis
2792 5701 2930 5773 dies
2958 5698 2979 5751 l
3013 5695 3313 5773 _Januarii,
3367 5699 3425 5773 in

1845 5766 2128 5829 annalibus
2167 5772 2398 5830 October
2441 5769 2641 5825 mensis
2689 5768 3057 5825 translationis
3092 5767 3295 5837 epocha
3346 5766 3427 5822 si-

148 5849 473 5919 acccpcrit,
538 5844 950 5904 Mulinheimum
1006 5848 1281 5902 alvcctam
1344 5855 1504 5914 atque
1572 5844 1743 5898 sacris
1842 5852 2041 5899 statur.
