3928 6386
1627 492 1988 553 EPISTOLE
1998 533 2012 547 .

3324 490 3433 546 5l0

186 645 3445 688 __________..______________________.___—.__—__————————

816 776 1698 910 EGINHARDI
1770 763 1801 804 ³

1778 1049 1825 1107 Α
1925 1041 2118 1096 Nescio
2147 1039 2269 1109 quis
2312 1038 2574 1109 prmvenit
2624 1038 2911 1094 adventum
2940 1040 3094 1105 pueri
3122 1043 3311 1108 vestri,
3339 1043 3433 1113 qui

648 1059 985 1117 EPISTOLA
1023 1055 1257 1111 PRIMA.

728 1168 798 1207 Αυ
836 1163 1092 1205 usuusu:
1125 1147 1173 1200 ι’.

247 1246 598 1306 Dilectissimo
639 1246 691 1299 in
722 1242 942 1300 Christo
970 1239 1149 1304 fratri,
1178 1235 1407 1307 Ansgiso
1429 1230 1745 1294 venerabili,
1794 1248 1795 1251 η

183 1339 548 1409 sempiternam
586 1336 640 1390 in
668 1333 899 1389 Domino
927 1330 1177 1386 salutem.

244 1428 469 1484 Obsecro
517 1426 859 1480 dilectionem
894 1432 1041 1476 tuam
1078 1427 1159 1485 ut,
1186 1434 1294 1473 non
1341 1415 1615 1488 graviter,
1654 1412 1749 1467 sed

182 1521 342 1591 potius
380 1517 807 1573 misericorditer
847 1504 1327 1575 et'amicabiliter,
1377 1509 1622 1577 accipere
1669 1504 1749 1558 di-

181 1610 345 1683 gneris
378 1609 522 1678 quod
558 1608 698 1677 apud
726 1615 778 1660 te
807 1617 829 1645 ο
864 1620 960 1676 pro
989 1603 1313 1659 necessitate
1347 1599 1618 1668 quondam
1655 1596 1749 1649 bo-

182 1700 327 1754 minis
358 1700 547 1762 nostri,
578 1710 723 1750 nunc
757 1704 937 1749 autem
980 1693 1215 1747 hominis
1246 1690 1427 1745 domui
1457 1686 1743 1748 Hlotharii,

181 1789 309 1859 apud
338 1798 389 1843 te
421 1785 721 1849 intercedo,
750 1794 808 1839 ut
842 1800 963 1838 eum
993 1781 1339 1843 beneficium,
1369 1779 1511 1849 quod
1534 1792 1635 1847 ego
1670 1775 1749 1830 illi

181 1880 311 1945 dedi,
342 1881 439 1935 sub
474 1878 837 1949 qualicunque
867 1878 1003 1946 lege,
1034 1876 1177 1930 sicut
1206 1874 1301 1928 tibi
1329 1870 1612 1943 placuerit,
1648 1869 1747 1923 ha-

179 1972 295 2026 bere
320 1971 620 2043 permittas,
650 1984 825 2039 usque
854 1970 981 2023 dum
1018 1982 1116 2021 nos
1148 1965 1223 2019 illi
1253 1965 1319 2019 de
1347 1963 1519 2017 altero
1550 1960 1751 2015 benefi-

180 2062 284 2127 cio,
330 2078 393 2117 ex
430 2061 679 2131 largitate
718 2060 1061 2115 dominorum
1111 2066 1457 2118 nostrorum,
1513 2052 1751 2119 aliquam

180 2153 613 2216 consolationem,
648 2151 874 2205 Domino
919 2150 1228 2219 adjuvante,
1280 2146 1463 2201 facere
1511 2142 1751 2215 potueri-

180 2262 305 2302 mus.
338 2244 616 2300 Habebitis
644 2258 731 2298 me
756 2242 930 2314 magis
965 2248 1271 2311 promptum
1303 2246 1468 2308 atque
1498 2237 1751 2292 devotum

178 2335 237 2391 ad
250 2344 483 2389 vestram
500 2334 833 2388 voluntatem
854 2340 1015 2401 atque
1036 2330 1319 2385 utilitatem
1339 2328 1748 2399 perﬁciendam,

178 2427 218 2481 si
258 2442 401 2481 meas
443 2426 735 2497 petitiones
785 2425 839 2479 in
868 2423 1172 2479 bac'causa
1219 2419 1514 2489 adimplere
1560 2419 1750 2489 digna-

176 2516 318 2571 mini.
349 2515 489 2587 Opto
518 2529 730 2585 semper
762 2516 901 2569 bene
927 2512 1154 2566 valeatis
1195 2510 1250 2565 in
1275 2508 1523 2566 Domino.

710 2623 1043 2680 EPISTOLA
1105 2622 1166 2677 11.

552 2712 619 2749 ΑΙ)
660 2710 978 2750 cozsenvun
1019 2707 1286 2747 ABBATEI.
1318 2690 1345 2730 δ

239 2787 514 2859 Religioso
538 2786 751 2841 Christi
785 2784 988 2840 famulo
1015 2783 1308 2849 Gozberto,
1337 2780 1631 2837 venerabili
1661 2780 1755 2835 ab-

173 2876 298 2942 bati,
336 2876 682 2947 Eginhardus
709 2883 983 2944 peccator.

238 2969 438 3024 Precor
491 2975 553 3022 ut
601 2967 862 3023 sanctitas
909 2975 1086 3021 vestra
1132 2979 1459 3035 cognoscere
1502 2964 1755 3034 dignetur

175 3061 236 3116 de
268 3074 433 3116 causa
462 3058 701 3113 hominis
742 3057 920 3118 istius,
948 3056 1167 3111 nomine
1198 3055 1450 3119 Bebonis,
1480 3038 1623 3124 quod
1651 3067 1751 3123 ego

174 3151 488 3208 beneﬁcium
525 3152 601 3206 illi
631 3152 751 3206 dedi
783 3151 861 3206 de-
876 3150 1207 3205 monasterio
1236 3161 1259 3189 ε
1298 3148 1355 3204 S.
1380 3148 1751 3204 Chlodovvaldi

173 3253 387 3315 propter
414 3244 522 3299 hoc
546 3242 639 3312 qui
668 3241 803 3297 mihi
832 3243 971 3296 bene
1005 3240 1295 3295 serviebat.
1330 3238 1437 3294 Sed
1464 3246 1751 3309 postquam

172 3349 287 3390 eum
316 3335 521 3390 domno
546 3332 826 3388 Hlothario
862 3330 1254 3393 commendavi,
1284 3329 1567 3398 impetravi
1596 3344 1625 3382 a
1658 3328 1753 3382 do-

174 3440 293 3482 mno
339 3426 666 3495 imperatore
716 3432 777 3477 ut
806 3422 874 3476 ei
918 3421 1391 3476 confirmationem
1444 3419 1649 3473 faceret
1686 3419 1753 3473 de

171 3517 354 3572 eodem
377 3514 646 3572 beneﬁcio
675 3513 741 3567 ad
768 3514 882 3567 dies
908 3512 1034 3567 vita:
1063 3526 1193 3566 suae.
1237 3512 1465 3579 Propter
1491 3508 1595 3563 hoc
1620 3521 1752 3577 rogo

171 3611 225 3657 et
258 3603 487 3657 obsecro
534 3598 875 3654 dilectionem
919 3604 1155 3651 vestram
1205 3608 1273 3648 ne
1303 3594 1377 3648 illi
1421 3592 1751 3662 permittatis

172 3694 366 3763 aliquid
409 3691 853 3763 impedimentum
880 3688 993 3742 ﬁeri
1023 3686 1089 3741 de
1122 3686 1237 3756 ipso
1264 3683 1548 3743 beneﬁcio,
1580 3682 1751 3735 donec

171 3798 283 3846 nos,
313 3782 548 3838 Domino
579 3780 805 3845 volente,
837 3778 1115 3833 vobiscum
1147 3777 1452 3845 loquamur.
1480 3772 1608 3827 Haec
1632 3772 1752 3825 ideo

171 3861 318 3929 vobis
345 3871 583 3935 mando,
614 3870 740 3939 quia
774 3881 1042 3939 cognosco
1076 3864 1433 3934 quorumdam
1474 3861 1750 3916 hominum

170 3979 388 4036 pravam
415 3962 749 4017 voluntatem
782 3968 835 4013 et
866 3957 1132 4013 inﬁnitam
1164 3954 1534 4024 cupiditatem,
1565 3951 1657 4019 qui
1688 3951 1753 4003 de

174 4054 547 4129 proximorum
596 4050 807 4105 damnis
855 4046 1056 4101 nullam
1100 4046 1305 4099 habent
1350 4056 1559 4105 miram,
1590 4042 1643 4093 in
1687 4054 1753 4093 eo

170 4128 308 4214 quod
339 4158 456 4198 suae
487 4139 811 4198 avidissima:
848 4134 1129 4206 cupiditati
1173 4130 1489 4187 satisfacere
1514 4128 1749 4183 valeant.

170 4235 305 4315 Opto
333 4244 398 4290 ut
434 4247 651 4304 semper
678 4229 903 4286 valeatis
933 4225 1010 4299 [in
1034 4221 1310 4297 Domino].

730 4324 1065 4383 EPISTOLA
1114 4322 1201 4379 Ill.

700 4415 768 4454 AD
817 4410 1164 4452 AMALHARIUII
1208 4393 1227 4431 τ

238 4494 705 4554 Reverentissimo
743 4490 942 4547 Christi
991 4487 1193 4542 famulo
1220 4484 1549 4547 Amalhario,
1587 4482 1749 4553 Egin—

172 4590 375 4648 bardus
396 4593 673 4657 peccator.

238 4736 265 4763 ι
294 4722 410 4776 Has
439 4715 694 4787 epistolas
721 4728 787 4787 ex
808 4706 1235 4787 vetustoncodiee
1264 4721 1364 4759 ms.
1403 4703 1550 4787 Laud
1577 4702 1752 4787 mensi

208 4771 407 4848 ﬁnium
450 4771 963 4856 Vulgav‘ithndreas
1006 4777 1435 4856 Chesniustom.
1491 4773 1531 4826 ll
1551 4771 1748 4856 script.

191 4845 367 4917 irino.
390 4900 407 4921 .
439 4845 576 4929 pag?
597 4854 720 4929 6g5.
752 4851 808 4929 lu
837 4850 941 4929 illis
969 4847 1191 4929 edendis
1217 4845 1362 4929 nulla
1387 4850 1638 4929 servatur
1651 4856 1754 4929 Ira-

164 4911 991 4998 ξιξῗιέξξέιίκῖιἰῖὶιι..Εείηιιεπιιῆιιει
1016 4916 1286 4998 caelibatu
1296 4929 1438 4998 cum
1461 4911 1753 4998 uxorein)-

170 4979 253 5059 Et;
271 4979 529 5060 servato,
575 4979 757 5064 plures
786 4990 924 5043 rexit
945 4979 1222 5042 abbatias.
1245 4983 1469 5039 Obiisse
1492 4979 1744 5037 creditur

170 5086 313 5127 anno
339 5068 471 5125 839.

237 5118 701 5208 it''Avn'svegisus_e_v.
728 5127 893 5208 nobili
922 5127 1255 5208 Francorum
1296 5122 1560 5208 prosapia.
1585 5118 1751 5202 origi-

167 5224 291 5266 nem
304 5190 579 5269 'Eiéé’ns,
612 5190 960 5269 Fluviaeense
988 5195 1045 5250 S.
1076 5190 1357 5269 Gerema‘ri
1380 5190 1751 5269 coenobiuma

167 5258 594 5345 ESRtJﬁitgnb
632 5285 775 5329 anno
803 5268 906 5345 8_0'l
934 5263 1180 5345 precario
1210 5263 1438 5344 accepit.
1466 5261 1626 5345 Anno

168 5332 518 5404 Lusovienae
550 5332 1005 5397 monasterium-ei
1031 5332 1377 5404 commissum
1400 5338 1585 5404 estnet
1610 5342 1753 5382 anno

168 5398 281 5475 ἦέ
306 5398 758 5474 Γόῂιθηειιθιιεε,
799 5408 1025 5465 cedente
1065 5401 1390 5473 Eginhardo.
1424 5398 1572 5455 Obiit
1613 5412 1755 5452 anno

168 5488 404 5612 833.5%.
442 5552 613 5609 codex
650 5558 706 5606 et
748 5548 901 5612 edit.;
942 5548 1035 5601 sed
1069 5542 1220 5612 juxta
1260 5539 1535 5612 dominum
1554 5538 1759 5612 .Teulet

172 5607 483 5683 redundant
503 5624 586 5677 hze
608 5633 788 5682 voces,
814 5607 954 5688 apud
970 5625 1041 5681 te,
1062 5607 1191 5685 quia
1213 5612 1400 5682 paucis
1427 5607 1760 5677 interpositis

174 5697 405 5752 vocibus
432 5701 557 5749 sunt
584 5688 827 5759 repetita.

240 5748 607 5821 {Coslmrtus
642 5748 827 5812 'abbas
875 5755 931 5810 S.
985 5754 1119 5810 Galli
1169 5748 1472 5807 anno.8l6
1516 5748 1757 5811 electus,

175 5852 318 5898 anno
351 5833 459 5889 837
497 5831 580 5885 vel
610 5830 922 5898 insequente
944 5832 1206 5898 mortuus
1231 5832 1332 5898 est.

251 5888 278 5945 ἶ
314 5888 433 5967 lloc
460 5903 526 5957 de
565 5888 894 5956 monasterio
938 5894 996 5950 S.
1029 5892 1305 5951 Clozloaldi
1332 5904 1497 5962 prope
1528 5888 1760 5943 Parisios

1872 754 2727 898 EPISTOLfE.

1850 1132 1984 1186 mihi
2015 1132 2226 1185 litteras
2263 1138 2474 1185 vestras
2518 1129 2719 1195 attulit,
2752 1139 2808 1184 et
2843 1129 3019 1185 etl‘ecit
3059 1140 3118 1187 ut
3156 1132 3252 1187 tibi
3285 1148 3437 1188 man-

1849 1221 2003 1275 daret
2033 1223 2173 1274 κ.....
2195 1230 2471 1289 quatenus
2497 1221 2746 1289 proximo
2770 1220 3083 1276 Palmarum
3114 1224 3199 1278 die
3232 1224 3298 1278 ad
3336 1226 3436 1278 im-

1848 1322 2158 1381 peratorem
2182 1312 2444 1366 venisses.
2482 1311 2589 1366 Sed
2620 1321 2904 1383 postquam
2931 1314 2958 1353 h
2987 1313 3196 1369 litteras
3224 1326 3437 1372 vestras

1849 1401 2051 1469 accepi,
2085 1408 2141 1455 et
2178 1401 2577 1469 imperatorem,
2622 1402 2689 1457 de
2727 1403 2813 1458 his
2840 1419 2960 1473 quae
2992 1404 3230 1469 voluisti,
3264 1407 3437 1462 inter-

1850 1492 2052 1560 rogavi,
2101 1491 2359 1560 praecepit
2410 1491 2539 1545 mihi
2586 1493 2737 1548 vobis
2783 1495 3024 1549 scribere
3078 1504 3137 1548 ut
3187 1505 3435 1550 sanctum

1850 1583 2071 1638 Pascbae
2100 1583 2242 1637 diem
2274 1584 2428 1637 domi
2456 1583 2858 1649 celebrassetis,
2890 1594 2943 1639 et
2976 1595 3230 1641 cmterum
3268 1589 3436 1643 comi-

1851 1683 2021 1729 tatum
2049 1685 2289 1730 vestrum
2319 1684 2442 1744 post
2469 1691 2567 1732 vos
2598 1677 2784 1730 venire
2822 1676 3118 1744 juberetis,
3162 1694 3227 1733 eo
3275 1679 3437 1734 modo

1850 1774 1924 1827 ut,
1956 1766 2169 1834 quando
2197 1764 2285 1819 ille
2312 1765 2379 1818 ad
2421 1781 2517 1819 vos
2558 1766 2610 1819 in
2638 1766 2842 1835 palatio
2872 1769 3127 1833 venisset,
3166 1769 3437 1824 mandatis

1850 1863 2109 1930 acceptis,
2148 1872 2205 1915 et
2243 1860 2453 1914 ratione
2499 1863 2515 1900 ί
2566 1860 2851 1930 legationis
2878 1871 3070 1916 vestra:
3107 1863 3259 1917 vobis
3306 1862 3438 1916 insi-

1852 1962 2049 2015 nuata,
2113 1953 2230 2007 sine
2277 1966 2428 2005 mora
2484 1952 2586 2006 iter
2631 1946 2871 2007 vestrum
2921 1955 3139 2025 aggredi
3189 1955 3433 2010 valeatis.

1850 2045 1990 2118 Opto
2017 2055 2076 2101 ut
2105 2062 2319 2118 semper
2342 2048 2481 2101 bene
2512 2047 2742 2103 valeatis
2784 2049 2839 2103 in
2864 2050 3119 2117 Domino,

2408 2183 2745 2239 EPISTOLA
2782 2184 2870 2239 IV.

2180 2297 2248 2334 AD
2287 2294 2559 2335 OTGABIUII
2600 2292 2613 2329 l
2660 2295 3131 2335 ARCHIEPISCOPUI.

1779 2386 1827 2446 Β
1925 2372 2153 2427 Domino
2194 2378 2382 2425 saneto
2419 2378 2473 2423 et
2514 2371 2709 2433 merito
2738 2370 3033 2425 venerabili
3058 2369 3300 2441 Otgario,
3346 2385 3439 2446 rei

1856 2462 2093 2517 verendo
2118 2462 2545 2530 archiepiscopo,
2578 2460 2921 2531 Eginhardus
2947 2470 3218 2531 peccator.

1925 2551 2119 2607 Frater
2146 2553 2271 2617 iste,
2303 2551 2522 2605 nomine
2548 2549 2884 2616 Werdricus,
2915 2554 2981 2606 de
3017 2553 3439 2623 congregatione

1856 2641 1913 2696 S.
1930 2640 2202 2696 Bonifacii
2221 2642 2245 2681 ιι
2271 2649 2375 2705 est,
2404 2648 2829 2695 etconversatur
2852 2642 2993 2712 apud
3023 2658 3121 2697 nos
3146 2660 3244 2713 per
3267 2643 3436 2698 licen-

1854 2733 1983 2785 tiam
2009 2732 2218 2786 abbatis
2244 2732 2348 2795 sui,
2378 2746 2478 2799 pro
2498 2745 2567 2785 eo
2594 2733 2744 2799 quod
2763 2741 2949 2786 noster
2972 2734 3309 2804 propinquus
3333 2744 3437 2790 est.

1854 2820 2026 2888 Quem
2063 2821 2186 2876 ideo
2214 2836 2359 2875 nunc
2384 2822 2450 2876 ad
2477 2834 2573 2876 vos
2602 2821 2886 2887 mittimus,
2916 2829 2977 2875 ut
3000 2836 3124 2876 eum
3161 2824 3227 2878 ad
3254 2824 3438 2880 diaco-

1855 2922 2016 2967 natus
2070 2910 2305 2967 olllcium
2346 2912 2601 2966 ordinare
2637 2910 2912 2979 iubeatis,
2954 2913 2999 2967 si
3046 2912 3291 2969 videritis
3336 2914 3442 2971 hoc

1854 3003 2112 3058 canonice
2139 3001 2256 3057 ﬁeri
2285 3016 2443 3071 posse
2467 3016 2564 3071 per
2594 3001 2754 3056 talem
2785 3003 3077 3069 rationem,
3110 3018 3231 3073 qua:
3260 3004 3439 3060 conti-

1854 3105 2014 3151 netur
2052 3096 2106 3149 in
2140 3094 2365 3164 epistola
2408 3092 2622 3147 abbatis
2654 3093 2793 3160 ejus,
2823 3108 2987 3163 quam
3021 3108 3195 3163 nuper
3226 3096 3297 3150 ad
3329 3112 3440 3163 me,

1854 3201 1977 3241 cum
2009 3199 2133 3238 eum
2163 3183 2229 3238 de
2258 3184 2446 3237 eadem
2490 3198 2653 3238 causa
2692 3183 3030 3238 consulerem
3066 3191 3229 3255 atque
3275 3200 3435 3257 roga-

1856 3290 1991 3340 rem,
2025 3273 2249 3339 direxit‘;
2294 3288 2454 3342 quam
2492 3273 2657 3327 etiam
2705 3273 2858 3327 vobis
2889 3288 2988 3343 per
3032 3275 3281 3329 eumdem
3327 3274 3440 3331 fra-

1856 3372 1994 3418 trem
2026 3363 2093 3417 ad
2132 3362 2419 3432 legendum
2454 3362 2596 3428 misi,
2628 3363 2681 3416 in
2713 3377 2840 3431 qua,
2875 3372 2934 3416 ut
2960 3362 3216 3429 arbitror,
3249 3365 3436 3420 statim

1853 3454 2157 3524 intelligere
2184 3455 2411 3523 potestis
2436 3462 2617 3507 utrum
2646 3452 2737 3507 illa
2764 3454 3102 3509 consecratio
3129 3457 3290 3510 modo
3322 3454 3441 3513 ﬁeri

1851 3544 2043 3613 possit,
2090 3558 2157 3596 an
2203 3542 2259 3596 in
2305 3541 2450 3596 aliud
2502 3550 2714 3612 tempus
2749 3540 3041 3616 differenda
3092 3526 3185 3598 sit.
3238 3530 3348 3599 Oro
3386 3552 3442 3599 et

1854 3641 1981 3702 opto
2018 3641 2077 3687 ut
2116 3634 2459 3701 sanctitatem
2496 3641 2761 3699 vestram,
2812 3633 2913 3688 sibi
2960 3632 3154 3690 devote
3203 3637 3442 3691 servien-

1778 3732 1822 3792 (ζ
1852 3730 1993 3787 tem,
2037 3736 2268 3791 superna
2317 3722 2491 3793 gratia
2537 3738 2751 3792 semper
2798 3733 2855 3779 et
2898 3724 3097 3793 ubique
3142 3726 3438 3795 custodiat,

1855 3814 2195 3870 sanctissime
2228 3828 2293 3869 ac
2322 3814 2760 3870 reverentissime
2788 3824 2963 3886 pater.

2403 3927 2739 3984 EPISTOLA
2778 3930 2845 3984 γ.

2283 4035 2351 4074 AD
2384 4034 2615 4075 ucoeuu
2654 4033 2941 4075 EPISCOPUI
2978 4019 3017 4075 ι.

1927 4109 2233 4165 Venerabili
2264 4108 2320 4163 in
2353 4107 2572 4165 Christo
2604 4108 2828 4175 Iacobo,
2858 4110 3299 4167 reverentissimo
3326 4114 3443 4183 epi-

1855 4215 2041 4270 scopo,
2065 4199 2408 4272 Eginhardus
2434 4212 2707 4270 peccator.

1926 4289 2032 4345 lste
2048 4288 2301 4354 clericus,
2327 4288 2545 4343 nomine
2580 4287 2856 4355 Otmarus,
2894 4291 3085 4347 detulit
3126 4292 3259 4346 mihi
3306 4293 3443 4350 litte-

1858 4396 1948 4434 ras
1962 4376 2267 4434 sanctitatis
2296 4387 2508 4443 vestrze,
2528 4378 2581 4432 in
2596 4378 2791 4447 quibus
2808 4395 2893 4434 me
2915 4380 3149 4448 rogastis
3188 4389 3247 4437 ut
3264 4381 3441 4437 eidem

1857 4473 2057 4527 clerico
2092 4471 2365 4527 licentiam
2394 4471 2581 4526 darem
2624 4473 2902 4527 vobiscum
2937 4476 3215 4541 manendi,
3243 4477 3334 4545 qui
3385 4478 3440 4533 in

1857 4563 1957 4618 hac
1987 4563 2209 4634 regione
2248 4572 2303 4618 et
2334 4571 2494 4618 natus
2518 4571 2572 4617 et
2606 4564 2843 4619 nutritus
2871 4572 2973 4619 est.
3008 4564 3075 4618 Et
3121 4580 3221 4636 ego
3262 4567 3439 4637 quali-

1856 4703 1962 4757 sito
1986 4701 2077 4755 vix
2102 4709 2283 4770 potest
2304 4699 2551 4769 intelligi.
2619 4768 2627 4770 >
2654 4768 2663 4770 _
2824 4766 2871 4770 __
3017 4743 3021 4746 .

1934 4773 1953 4812 ί
1987 4771 2085 4842 llic
2105 4766 2410 4825 Amalarius
2436 4766 2793 4842 essevidemr
2823 4766 3099 4842 Mettensis
3127 4769 3440 4842 prestyter,

1858 4842 1947 4912 qui
1990 4841 2156 4912 libros
2190 4846 2423 4912 quatuor
2450 4838 2761 4912 de‘_divinis_
2778 4851 2873 4891 seu
2901 4838 3440 4912 ecclesiasticis'Olli-

1858 4906 1978 4995 ciis,
2009 4918 2065 4993 et
2090 4906 2322 4992 alterum
2351 4910 2416 4963 de
2436 4908 2625 4963 ordine
2646 4906 2979 4976 psalmorum
3000 4923 3096 4964 seu
3118 4909 3444 4979 antiphona-

1858 4988 2312 5119 mgcaflmpotius
2360 5048 2685 5101 mandarem.
2741 5046 2848 5101 Pro
2896 5046 3112 5116 punctis
3171 5048 3443 5117 supplevit

1933 5084 1957 5092 -
2002 5084 2084 5104 τε.
2169 5084 2312 5103 um...
2362 5084 2637 5101 ...............

1778 5084 1831 5142 Β
1857 5120 2002 5175 dom.
2036 5084 2239 5181 Tetilet,
2270 5124 2479 5180 vocem,
2511 5118 2637 5170 cito.

1934 5191 1957 5229 ιι
1982 5189 2119 5312 ﬁgite
2144 5188 2243 5243 has
2263 5202 2446 5251 voces,
2467 5185 2666 5240 litteras
2691 5195 2907 5250 vestras,
2934 5185 3081 5240 addit
3102 5185 3290 5241 Teulet
3313 5188 3443 5255 ista:

1952 5275 1981 5312 c
2056 5274 2157 5311 lCc.

1858 5274 1925 5315 ex
1952 5274 2157 5314 COGlCc.
2696 5310 2709 5317 ,

1938 5332 1953 5370 i
1992 5327 2298 5382 Amalarius
2328 5343 2471 5381 anno
2501 5327 2600 5383 827
2630 5328 2694 5382 ad
2712 5325 3029 5396 Gregorium
3061 5340 3253 5394 papam
3272 5342 3440 5396 quar-

1861 5407 1974 5452 tum
2002 5413 2032 5451 a
2069 5397 2340 5452 Ludovico
2387 5396 2485 5452 Pio
2514 5398 2713 5452 missus
2748 5395 2852 5461 est,
2900 5402 2959 5448 ut
3006 5395 3123 5464 ipse
3163 5396 3353 5450 scribit
3390 5397 3441 5451 in

1860 5468 2081 5592 prologo
2111 5467 2682 5549 adAntiphonariuma

1936 5550 1949 5587 ι
2052 5545 2256 5592 uarius
2296 5551 2391 5591 seu
2416 5535 2682 5591 Autcanu:

1936 5538 1949 5587 i
2004 5534 2256 5591 Otuarius
2296 5534 2391 5591 séu
2416 5535 2705 5591 Autcarius
2746 5551 2810 5590 ex
2845 5534 3041 5590 abbate
3088 5535 3442 5591 Veissenbur-

1860 5608 2008 5679 gensi
2051 5604 2391 5679 Moguntinus
2424 5606 2880 5679 archiepiscopus
2902 5620 3046 5661 anno
3096 5604 3202 5661 836
3250 5620 3442 5663 consc-

1861 5670 2042 5732 Eratus
2064 5670 2165 5731 est'.
2208 5677 2398 5732 Vivere
2427 5670 2589 5729 desiit
2608 5670 2901 5735 annos“.

1936 5747 1959 5786 ι
1993 5747 2047 5801 ld
2084 5755 2186 5810 est,
2220 5747 2287 5800 de
2316 5745 2563 5801 ccenobio
2592 5743 2863 5800 Fuldensi.
3222 5788 3225 5789 ν

1942 5814 2662 5896 1.Es_codicel:audur_tensi
2704 5815 2911 5896 quintae
2954 5816 3193 5886 epistola:
3242 5814 3443 5885 adjecit

1860 5886 2048 5943 Teulet
2071 5887 2217 5941 hunc
2243 5884 2478 5952 titulum,
2504 5883 2581 5939 De
2619 5883 2973 5941 ordinatione.
