3928 6316
476 431 575 486 5η

476 554 649 598 tatem
666 557 844 597 causae
866 539 1240 603 considerans,
1262 536 1479 593 decrevi
1510 552 1793 594 assensum
1830 540 2072 609 praebere
2101 544 2153 602 Α

483 632 727 697 petitioni
755 641 967 696 vestras,
994 646 1059 686 eo
1072 630 1326 685 videlicet
1351 629 1533 695 modo,
1558 638 1616 684 ut
1646 629 1787 683 idem
1811 629 2063 693 clericus,

484 736 604 775 cum
636 722 746 776 suis
777 722 1035 781 fratribus
1077 728 1133 775 et
1178 728 1374 785 matre,
1426 719 1586 774 sicut.
1613 718 2069 789 rogastis,‘lieen-

482 814 611 869 tia‘m
650 812 887 867 habeant
923 811 1200 865 vobiscum
1233 808 1509 871 manendi,
1539 817 1593 864 et
1636 822 1862 864 censum
1910 813 2068 863 suum

480 904 639 958 annis
666 902 893 969 singulis
919 901 1233 971 persolvant
1280 902 1347 955 ad
1396 914 1421 941 ει
1468 900 1525 956 S.
1562 899 1892 963 Servatium,
1928 900 2069 954 sicut

477 993 900 1050 eisafratribus
941 993 1143 1048 nostris
1185 992 1541 1047 constitutum
1572 998 1674 1045 est.
1726 990 1803 1046 De
1846 991 2068 1046 Ordina-

480 1083 626 1138 tione
656 1097 784 1137 vero
811 1083 1052 1152 ejusdem
1084 1081 1273 1136 clerici
1306 1081 1361 1134 in
1389 1088 1569 1134 vestra
1591 1079 1663 1134 sit
1690 1087 1981 1148 potestate,
2011 1086 2072 1133 ut

485 1173 609 1227 inde
631 1170 844 1226 faciatis
862 1172 1120 1240 quicquid
1144 1171 1299 1225 vobis
1323 1164 1589 1239 optimum
1607 1185 1727 1224 esse
1749 1169 2023 1223 videbitur
2052 1186 2065 1222 :

481 1256 607 1333 quia
626 1278 721 1316 vos
744 1273 799 1316 et
814 1277 996 1317 mores
1010 1271 1067 1316 et
1076 1261 1547 1316 conversationem
1565 1259 1705 1314 illius
1720 1260 2066 1329 cognoscitis,

487 1363 541 1421 et
564 1354 716 1411 scitis
738 1363 919 1408 utrum
957 1354 1024 1407 ad
1067 1354 1302 1422 aliquem
1346 1352 1591 1407 ordinem
1631 1367 1847 1407 sacrum
1896 1351 2071 1406 susei-

480 1445 735 1515 piendum
790 1446 817 1484 b
842 1445 1069 1517 idoneus
1096 1445 1189 1499 sit.
1236 1443 1376 1514 Opto
1423 1445 1765 1498 sanctitatem
1794 1451 2027 1498 vestram
2052 1483 2065 1508 ,

489 1536 661 1589 nostri
688 1551 1007 1601 memorem,
1044 1551 1259 1605 semper
1284 1538 1337 1590 in
1364 1535 1582 1591 Christo
1608 1536 1747 1590 bene
1768 1535 1971 1589 valere.

1046 1666 1377 1722 EPISTOLA
1427 1667 1509 1723 VI.

801 1772 868 1810 an
904 1762 1203 1812 estnomen
1241 1768 1260 1796 ε
1296 1774 1364 1811 ετ
1404 1774 1749 1813 ΗυΝΒΕΚΤυΜ.

555 1846 929 1939 Dilectissimis
947 1849 1001 1902 in
1024 1848 1242 1904 Christo
1269 1850 1529 1905 fratribus
1552 1860 1608 1904 et
1632 1851 1842 1906 devotis
1864 1852 2068 1906 Christi
2100 1882 2145 1939 Β

482 1936 719 2003 famulis,
752 1939 980 2011 Egilolfo
1010 1948 1065 1993 et
1106 1940 1405 2005 Hunberto,
1434 1948 1693 1995 aeternam
1739 1940 1792 1994 in
1842 1942 2071 1997 Domino

481 2027 731 2083 salutem.

555 2116 680 2174 Scio
709 2134 804 2174 vos
832 2134 940 2174 non
970 2120 1142 2175 latere
1169 2119 1312 2189 quod
1341 2120 1495 2174 bona:
1525 2119 1804 2173 memoriae
1833 2117 2075 2190 Wolfga-

485 2213 599 2267 rius
620 2213 908 2282 episcopus
936 2212 986 2275 ά,
1011 2229 1097 2268 me
1122 2222 1359 2283 petente,
1380 2212 1721 2267 beneficiavit
1747 2212 1954 2265 homini
1978 2227 2076 2266 no-

488 2308 604 2355 stro
633 2299 921 2366 Gerherto,
949 2300 1002 2355 in
1034 2316 1171 2372 pago
1202 2301 1561 2372 Dubargavve,
1590 2301 1644 2355 in
1667 2301 1785 2355 loco
1815 2300 1908 2370 qui
1937 2300 2074 2356 dici-

489 2402 576 2448 tur
596 2394 836 2466 Asgbah,
864 2396 931 2450 de
955 2395 1167 2450 ratione
1182 2393 1240 2451 S.
1272 2394 1496 2461 Kiliani,
1520 2409 1738 2450 mansos
1762 2410 1824 2449 in
1847 2401 1907 2449 et
1928 2409 2080 2448 mane

489 2488 631 2557 cipia
655 2502 752 2553 xu.
780 2485 887 2540 Sed
915 2486 1041 2555 quia
1069 2484 1124 2539 in
1157 2486 1258 2539 hoc
1289 2485 1489 2539 diutius
1514 2499 1736 2539 manere
1757 2499 1864 2539 non
1876 2484 2073 2553 potuit,

491 2581 597 2637 nisi
628 2579 755 2634 dum
785 2578 876 2633 ille
902 2579 955 2633 in
990 2592 1218 2647 corpore
1256 2577 1409 2642 vixit,
1447 2591 1642 2646 precor
1688 2575 2076 2647 benignitatem

492 2678 731 2726 vestram
761 2677 822 2722 ut
854 2675 1213 2724 memoratum
1234 2664 1560 2721 Gerbertum
1586 2666 1717 2720 illud
1751 2664 2078 2721 beneﬁcium

492 2764 695 2818 habere
716 2760 1061 2831 permittatis,
1109 2760 1250 2817 sicut
1284 2762 1460 2815 modo
1491 2761 1704 2825 habuit,
1726 2738 1911 2830 'usque
1950 2760 2077 2814 dum

496 2856 550 2909 in
578 2854 684 2909 hac
716 2853 841 2909 sede
869 2851 1155 2922 episcOpns
1183 2850 1346 2905 fuerit
1373 2850 1694 2916 ordinatus;
1730 2862 1786 2908 et
1818 2850 1960 2906 inter
1992 2865 2082 2907 me

494 2956 553 3002 et
585 2944 735 2999 illum
766 2944 1081 3006 convenerit
1105 2943 1235 3015 quid
1271 2942 1337 3000 de
1383 2946 1501 3015 ipso
1526 2944 1789 3000 beneflcio
1818 2944 1939 3000 ﬁeri
1987 2946 2080 3001 de-

495 3038 622 3094 beat
653 3039 710 3093 in
735 3037 996 3091 futurum.
1041 3035 1181 3106 Opto
1212 3043 1272 3090 ut
1313 3048 1530 3105 semper
1572 3034 1711 3089 bene
1758 3034 1985 3090 valeatis
2025 3036 2079 3089 in

495 3128 740 3185 Domino.

1049 3216 1386 3274 EPISTOLA
1426 3216 1536 3273 Vll.

940 3347 1006 3383 AD
1043 3338 1316 3384 POPPONEM
1353 3344 1616 3384 COIITEM.

569 3440 853 3513 Magniﬁce
880 3446 935 3494 et
963 3438 1268 3494 honorabili
1292 3449 1455 3509 atque
1485 3439 1680 3503 illustri
1703 3441 1821 3495 viro
1840 3440 2083 3512 Popponi

500 3531 735 3603 glorioso
771 3541 795 3570 ο
824 3530 1032 3595 comiti,
1070 3528 1408 3600 Eginhardus
1446 3530 1499 3583 in
1532 3529 1762 3585 Domino
1792 3530 2043 3585 salutem.

563 3622 832 3679 Homines
866 3621 884 3659 ί
912 3620 1270 3691 confugerunt
1300 3622 1367 3676 ad
1394 3622 1589 3677 limina‘
1622 3622 1908 3679 beatorum
1931 3624 2087 3680 Chri-

500 3716 573 3772 sti
600 3722 900 3786 martyrum
924 3712 1225 3767 Marcellini
1260 3722 1315 3769 et
1339 3713 1507 3780 Petri,
1536 3712 1768 3769 fatentes
1803 3730 1861 3777 se
1904 3715 2087 3786 culpa-

502 3807 638 3862 biles
658 3821 800 3869 esse,
825 3805 916 3874 qui
950 3805 1003 3858 in
1042 3803 1331 3873 praesentia
1366 3810 1549 3858 vestra
1593 3804 1827 3859 convicti
1869 3803 2090 3860 fuerunt

500 3900 736 3971 quodam
762 3900 787 3939 ι
810 3896 955 3959 furto
986 3898 1130 3965 quod
1155 3897 1541 3951 commiserunt
1568 3895 1798 3952 furando
1823 3896 2087 3953 feramina

503 3993 557 4047 in
586 3991 856 4046 dominica
887 3989 1087 4045 foreste
1134 3989 1161 4028 ιι
1195 4006 1207 4041 :
1244 3988 1398 4058 cujus
1439 3996 1648 4057 partem
1683 3990 2088 4060 compositionis

495 4083 609 4152 jam
631 4081 928 4145 solverunt,
957 4089 1011 4135 et
1038 4081 1215 4135 adhuc
1253 4080 1461 4136 solvere
1492 4081 1535 4143 ἱ,
1565 4080 1679 4145 sed,
1713 4088 1773 4133 ut
1811 4089 2087 4147 asserunt,

505 4189 611 4228 non
643 4174 843 4228 habent
868 4174 1010 4228 unde
1035 4174 1245 4227 solvere
1272 4179 1492 4242 propter
1512 4178 1889 4241 paupertatem
1912 4188 2085 4226 suam.

507 4264 738 4319 Proinde
761 4279 1048 4332 precamur
1073 4263 1460 4332 benignitatem
1492 4269 1730 4315 vestram
1763 4270 1822 4316 ut
1842 4264 1941 4327 eis,
1967 4278 2093 4333 pro-

508 4364 627 4427 pter
649 4370 889 4412 amorem
918 4356 1119 4412 Christi
1145 4366 1439 4426 martyrum
1464 4356 1531 4409 ad
1553 4370 1687 4424 quos
1708 4356 2086 4427 confugerunt,

511 4451 562 4504 in
596 4458 853 4518 qnantum
882 4450 1139 4520 possibile
1168 4456 1272 4513 est,
1304 4461 1526 4517 parcere
1552 4447 1869 4516 dignemini,
1906 4462 1971 4501 ne
2001 4462 2093 4516 pe-

1770 423 2147 482 EGINHARDI
2188 424 2481 483 ABBATIS
3653 431 3744 486 5i!

2685 539 3021 598 EPISTOLA
3056 541 3185 597 Vill.

2523 645 2589 682 AD
2620 645 2894 686 OTGARIUI
2919 647 3392 690 ARCHIEPISCOPUI.

2241 715 2471 773 Domino
2498 722 2687 773 saneto
2707 722 2767 773 'et
2788 720 2990 775 merito
3023 722 3319 779 venerabili
3350 720 3573 795 Otgario
3604 722 3649 791 i,
3678 741 3745 781 re-

2172 806 2566 862 verendissitno
2595 808 2869 878 episcopo.

2242 892 2534 964 Presbyter
2562 894 2800 964 quidam,
2836 897 3055 951 nomine
3105 898 3480 966 Hruodradus,
3511 904 3659 956 venit
3686 904 3745 959 ad

2171 999 2259 1037 me
2285 984 2472 1039 dicens
2499 1000 2555 1040 se
2578 1000 2699 1040 esse
2724 985 2791 1040 de
2821 986 2953 1042 ﬁsco
2979 986 3165 1043 vestro
3193 989 3495 1057 Manniaco,
3525 1001 3581 1047 et
3608 1008 3748 1048 acce-

2170 1070 2317 1142 pisse
2369 1074 2647 1129 licentiam
2697 1092 2727 1128 a
2770 1077 3164 1146 chorepiscopo
3218 1088 3399 1135 vestro
3445 1089 3499 1135 et
3550 1082 3749 1138 caeteris

2173 1162 2437 1220 fratribus
2464 1166 2690 1220 Romam
2721 1168 3003 1238 pergendi,
3033 1177 3088 1223 et
3114 1170 3216 1225 hoe
3232 1171 3285 1224 in
3315 1188 3499 1229 mense
3519 1176 3743 1241 martio;

2172 1254 2265 1309 sed
2296 1264 2440 1324 post,
2494 1271 2617 1311 eum
2671 1258 2910 1314 venisset
2938 1260 3007 1314 ad
3056 1260 3478 1331 Mogontiacum,
3530 1283 3639 1321 non
3665 1282 3751 1337 po-

2174 1345 2341 1400 tuisse
2372 1345 2614 1401 invenire
2645 1347 2895 1403 homines
2944 1364 3066 1404 cum
3108 1351 3304 1420 quibus
3330 1351 3460 1408 illud
3507 1356 3615 1409 iter
3640 1372 3751 1427 per-

2171 1450 2332 1506 agere
2360 1436 2630 1504 potuisset
2663 1452 2677 1490 :
2712 1454 2775 1492 ac
2804 1448 3029 1510 propter
3056 1441 3160 1495 hoc
3202 1442 3442 1498 ‘divertit
3472 1447 3539 1501 ad
3568 1462 3750 1516 quem-

2172 1528 2295 1581 dam
2321 1542 2608 1595 pagensem
2638 1538 2908 1597 nostrum,
2936 1533 3028 1600 qui
3054 1535 3105 1587 ei
3135 1536 3386 1606 cognitus
3418 1538 3616 1605 fuerat,
3658 1556 3745 1595 no-

2172 1620 2317 1672 mine
2339 1617 2696 1683 Hildebertus,
2736 1630 2789 1675 et
2818 1623 3018 1677 mansit
3037 1626 3178 1693 apud
3199 1641 3320 1681 eum
3343 1628 3514 1685 donec
3547 1632 3750 1687 inveni-

2173 1721 2255 1766 ret
2282 1712 2531 1774 homines
2558 1712 2789 1767 Romam
2819 1723 3011 1770 euntes
3031 1722 3049 1781 ';
3090 1731 3229 1786 quos
3260 1734 3318 1774 se
3342 1736 3489 1775 nunc
3515 1722 3755 1778 inventos

2172 1803 2375 1857 habere
2402 1802 2556 1868 dicit,
2588 1812 2642 1857 et
2668 1806 2878 1874 rogavit
2903 1820 2989 1861 me
3014 1815 3071 1861 ut
3101 1809 3242 1876 apud
3271 1823 3368 1864 vos
3402 1811 3749 1881 impetrarem

2174 1893 2223 1946 ei
2253 1892 2533 1947 licentiam
2566 1893 2697 1947 illud
2760 1894 2866 1949 iter
2918 1899 3232 1967 peragendi.
3280 1899 3404 1954 Vult
3428 1902 3596 1963 enim,
3627 1904 3756 1958 sicut

2174 1984 2289 2054 ipse
2325 1985 2541 2048 asserit,
2567 1985 2696 2040 illud
2719 1986 2824 2040 iter
2849 2002 3015 2056 quam
3046 1989 3327 2044 celerrime
3358 1994 3615 2060 potuerit,
3645 2010 3756 2064 per-

2174 2088 2356 2143 agere,
2387 2082 2443 2129 et
2472 2076 2540 2129 ad
2570 2075 2747 2130 locum
2782 2092 2941 2131 suum
2989 2079 3209 2133 reverti.
3259 2080 3491 2150 Propter.
3514 2083 3617 2137 hoc
3640 2097 3755 2151 pres

2175 2180 2276 2220 cor
2304 2166 2653 2221 sanctitatem
2708 2175 2945 2221 vestram
2974 2176 3035 2222 ut
3063 2169 3136 2233 ei,
3173 2170 3313 2224 sicut
3350 2171 3465 2239 ipse
3498 2184 3672 2243 rogat,
3704 2173 3757 2227 li-

2174 2255 2411 2311 centiam
2473 2256 2679 2331 donare
2732 2257 3049 2327 dignemini,
3088 2268 3154 2313 et
3207 2268 3267 2313 ut
3307 2244 3382 2313 illi
3414 2264 3521 2315 non
3574 2273 3759 2316 noceat

2176 2348 2320 2417 quod
2348 2348 2550 2403 tamdiu
2578 2348 2723 2403 inter
2741 2348 2859 2403 vias
2887 2358 3129 2405 moratus
3157 2359 3261 2415 est,
3290 2352 3436 2420 quia,
3469 2352 3652 2408 multis
3675 2355 3761 2408 im-

2177 2438 2513 2506 pedimentis
2559 2439 2955 2505 aceidentibus,
2984 2439 3186 2494 invitus
3223 2439 3353 2495 fecit
3396 2442 3539 2511 quod
3583 2459 3761 2498 enica-

2180 2531 2311 2586 dare
2349 2546 2457 2585 non
2495 2532 2690 2601 potuit.
2725 2528 2988 2600 Optamus
3013 2531 3359 2586 sanctitatem
3392 2541 3648 2599 vestram,
3678 2549 3763 2589 no-

2180 2629 2310 2675 stra:
2362 2620 2761 2674 imbecillitatis
2792 2634 3114 2686 memorem,
3170 2635 3387 2689 semper
3447 2623 3502 2676 in
3554 2622 3763 2678 Christo

2180 2709 2319 2765 bene
2346 2710 2552 2777 valere,
2593 2706 2936 2765 sanctissime
2961 2725 3026 2765 ac
3054 2712 3496 2768 reverentissime
3532 2723 3706 2784 pater.

2726 2819 3059 2877 EPISTOLA
3087 2821 3178 2875 IX.

2491 2907 2559 2948 an
2586 2906 2850 2948 essetnon
2894 2891 2917 2931 ιι
2949 2906 3164 2947 suam
3192 2907 3455 2948 COIlTl-Zl.

2254 2983 2621 3038 Dilectissimo
2675 2982 2831 3037 fratri
2864 2980 3132 3048 Goboino,
3187 2983 3424 3051 glorioso
3455 2984 3643 3040 comiti
3681 2999 3766 3055 pa-

2182 3077 2322 3142 latii,
2350 3077 2693 3149 Eginbardus
2724 3076 2779 3129 in
2807 3075 3038 3130 Domino
3067 3074 3319 3130 salutem.

2255 3168 2408 3238 Rogo
2473 3167 2816 3224 dilectionem
2868 3175 3119 3221 vestram
3173 3174 3234 3221 ut
3290 3167 3434 3222 hunc
3474 3182 3759 3238 pagcnsent

2179 3259 2698 3325 nostrum-nomine
2751 3249 2943 3323 David,
2979 3259 3335 3314 necessitates
3390 3275 3518 3315 suas
3549 3261 3649 3316 tibi
3683 3276 3761 3315 re-

2180 3348 2325 3404 ferre
2376 3349 2671 3415 volentem,
2710 3348 2973 3403 exaudire
3018 3348 3292 3419 digneris;
3346 3356 3419 3413 et,
3453 3350 3499 3403 si
3551 3365 3765 3405 causam

2182 3441 2303 3510 ejus
2355 3439 2732 3494 rationabilem
2759 3453 2879 3493 esse
2905 3438 3245 3508 cognoveris,
3294 3437 3471 3491 locum
3521 3438 3572 3492 ei
3603 3438 3765 3492 facias

2184 3533 2251 3587 ad
2278 3534 2537 3586 domuum
2592 3533 2975 3601 imperatorem
3008 3546 3067 3585 se
3119 3531 3438 3586 reclamare.
3494 3532 3591 3586 Est
3633 3533 3767 3586 enim

2186 3624 2328 3678 idem
2360 3624 2522 3678 homo
2553 3624 2737 3678 domui
2766 3623 3033 3677 Hiutharii
3070 3622 3088 3661 ι
3123 3639 3138 3688 ;
3172 3630 3226 3677 et
3252 3624 3394 3688 ideo,
3427 3638 3534 3677 non
3564 3632 3766 3677 tantum

2184 3720 2409 3783 propter
2461 3715 2781 3782 petitionem
2813 3729 3010 3777 meam,
3046 3714 3141 3767 sed
3176 3723 3402 3783 propter
3429 3714 3692 3768 honorem
3719 3724 3767 3767 et

2188 3818 2429 3857 amorem
2453 3804 2684 3859 senioris
2715 3804 2817 3868 sui,
2856 3803 3020 3858 debes
3070 3802 3220 3856 illum
3250 3798 3525 3870 adjuvare.
3560 3804 3697 3873 Opto
3720 3813 3768 3856 ut

2190 3902 2242 3947 te
2272 3908 2463 3947 sanum
2496 3902 2550 3948 et
2578 3892 2907 3949 incolumem
2934 3892 3047 3948 cito
3071 3894 3254 3947 videre
3280 3907 3514 3948 merear.

2758 4004 3085 4061 EPISTOLA
3134 4004 3203 4058 Χ.

2569 4114 2635 4151 ΔΙ)
2664 4112 2830 4151 ΙΙΕΤΤΙ
2860 4106 2900 4133 ω
2923 4109 3391 4149 ARCHIEPISCOPUM.

2260 4186 2491 4241 Domino
2520 4184 2709 4241 sancto
2739 4194 2793 4240 et
2836 4184 3030 4261 merito
3058 4183 3353 4239 venerabili
3407 4182 3573 4244 Hetti.
3628 4199 3769 4239 reve-

2197 4274 2509 4328 rentissimo
2544 4275 2975 4343 archiepiscopo,
3008 4274 3350 4345 Eginhardus
3375 4283 3649 4343 peccator.

2264 4365 2415 4419 Sicut
2443 4382 2509 4420 ex
2559 4365 2755 4421 litteris
2810 4366 3118 4420 sanctitatis
3154 4375 3346 4421 vestrm
3372 4382 3470 4421 vos
3526 4367 3663 4421 velle
3689 4382 3770 4421 co-

2192 4458 2495 4525 gnovimus,
2522 4458 2600 4510 ita
2624 4456 2742 4511 sine
2771 4456 3026 4511 dilatione
3078 4455 3257 4511 facere
3294 4457 3627 4520 curavimus,
3656 4460 3772 4511 init-

511 4543 657 4597 nitus
679 4552 905 4612 pereant
929 4558 1025 4612 per
1050 4540 1355 4608 hujusmodi
1387 4539 1624 4608 culpam,
1653 4540 1746 4593 sed
1777 4541 1954 4608 potius
1976 4554 2094 4594 scn-
2119 4564 2172 4622 D
2201 4547 2361 4600 tendo
2415 4546 2664 4601 videlicet
2698 4545 2853 4601 vobis
2910 4545 3184 4615 reliquias,
3244 4562 3379 4614 quas
3436 4563 3533 4602 vos
3578 4548 3771 4602 habere

512 4634 652 4689 tiant
698 4634 800 4688 sibi
845 4632 985 4702 apud
1030 4649 1124 4687 vos
1162 4632 1430 4702 profuisse
1477 4630 1621 4700 quod
1666 4628 1734 4684 ad
1779 4636 2089 4684 sanctorum

512 4732 818 4794 martyrum
854 4723 1104 4791 sepulcra
1150 4723 1528 4795 confugerunt.
1583 4723 1721 4793 Opto
1767 4729 1830 4776 ut
1878 4736 2094 4790 semper

513 4812 652 4867 bene
673 4812 901 4867 valeatis
928 4813 980 4866 in
1007 4812 1255 4868 Domino.

584 4959 608 4987 ι
632 4944 689 4999 Id
718 4954 821 5011 est,
845 4946 903 5001 S.
927 4946 1158 5002 Servatii
1177 4948 1506 5003 monasterio
1534 4946 1867 5018 Trajectensi
1892 4946 1959 4999 ad
1986 4944 2097 4999 Mo-

516 5031 655 5071 sam.

589 5087 616 5126 b
643 5084 706 5139 D.
738 5084 927 5158 Teulet
967 5086 1163 5158 habet:
1190 5086 1260 5139 ad
1310 5087 1543 5158 aliquam
1576 5087 1963 5144 ordinationem
2007 5102 2097 5138 sa-

516 5171 663 5210 cram
686 5155 1093 5224 suscipiendam.

592 5235 613 5263 ο
656 5222 1125 5297 Fortelegendum
1173 5222 1560 5297 Heiuolphttm,
1591 5225 1682 5296 qui
1722 5232 1841 5297 erat
1878 5224 2097 5297 archie—

517 5293 770 5372 piscopus
796 5293 1157 5416 Mvtz'guntinus,
1185 5295 1338 5365 cujus
1362 5293 1735 5366 suffraganeus
1768 5294 2098 5350 Humbertus

518 5374 802 5416 emseonus
895 5365 1299 5416 trziburaensis.

518 5365 802 5434 episcopus
824 5365 1299 5434 Wirziburgensis.

586 5432 613 5472 ἀ
644 5432 1328 5506 ls’erarWirzihurgensis
1352 5435 1656 5506 episcopus,
1680 5433 1767 5490 cui
1797 5433 1937 5489 forte
1966 5448 2093 5489 sue-

523 5502 691 5558 cessit
712 5501 1057 5559 ﬂumbertus.

595 5581 619 5639 9
642 5569 709 5625 Ι).
737 5570 925 5627 Teulet
947 5573 1109 5627 habet
1135 5588 1201 5626 ex
1223 5574 1432 5639 mdice,
1457 5573 1709 5639 gratioso.

595 5638 619 5681 ι
657 5639 797 5694 Ante
843 5642 1075 5697 homines
1112 5642 1316 5698 addidit
1354 5638 1543 5699 rana
1586 5644 1702 5699 hanc
1743 5642 1906 5699 verba
1943 5662 1953 5696 :
1990 5660 2094 5698 auo

521 5723 1065 5859 “mximam,
1088 5779 1228 5859 idem
1255 5782 1447 5859 doctus
1469 5782 1619 5838 addit
1647 5782 1728 5836 de.

592 5852 618 5891 ιι
645 5847 737 5904 Sic
758 5850 945 5917 codex,
976 5850 1069 5906 sed
1091 5850 1279 5908 Teulet
1301 5851 1519 5923 ferula.

2199 4635 2335 4689 velle
2365 4636 2432 4690 ad
2483 4636 2877 4690 dedicationem
2936 4650 3091 4690 novae
3135 4636 3370 4690 basilicae
3418 4645 3614 4691 vestra:
3650 4639 3772 4691 scri-

2198 4725 2403 4793 psistis.
2441 4724 2510 4779 Et
2568 4725 2785 4793 quidem
2838 4724 3070 4779 libenter
3120 4724 3175 4777 id
3213 4724 3461 4784 fecimus,
3490 4726 3583 4794 qui
3621 4726 3772 4779 talem

2202 4815 2456 4869 ﬁduciam
2484 4816 2537 4869 in
2570 4816 2721 4871 vobis
2748 4816 3029 4882 habemus,
3067 4823 3126 4869 ut
3155 4830 3491 4885 quascunque
3516 4816 3770 4886 particula

2280 4947 2296 4986 ί
2325 4944 2580 4998 Deberem
2611 4945 2823 5014 supplet
2847 4945 3057 5009 Teulet,
3076 4951 3129 5001 et
3152 4945 3324 5000 codex
3348 4942 3455 4997 fert
3479 4945 3751 4999 debbemu

2205 5015 2345 5070 Editi
2371 5016 2512 5069 hanc
2535 5031 2722 5070 vocem
2750 5015 3066 5069 omiserunt.

2278 5084 2290 5135 i
2340 5083 2469 5139 Post
2498 5086 2560 5139 Ι).
2619 5084 2981 5154 Bouquetium
3041 5093 3095 5139 et
3144 5082 3335 5138 Teulet
3384 5085 3451 5138 ad
3500 5082 3771 5154 Otgarium

2202 5155 2465 5210 directam
2517 5154 2687 5211 fuisse
2736 5154 2876 5209 hanc
2910 5154 3208 5224 epistolam
3240 5154 3573 5224 putavimus.
3626 5154 3771 5224 Prior

2201 5226 2370 5279 edidit
2418 5232 2476 5277 ut
2528 5225 2697 5279 codex
2756 5239 2858 5279 ms.
2895 5221 3123 5278 Domino
3187 5221 3369 5278 sancto
3406 5222 3474 5277 Β.
3508 5221 3575 5277 G.
3610 5222 3679 5277 Β.
3713 5222 3769 5275 0.

2200 5310 2362 5347 rever.

2252 5364 2300 5429 ηιι
2328 5363 2579 5417 Fortasse
2627 5362 2717 5417 ille
2745 5369 2829 5417 est
2866 5361 3153 5424 Gibuinus,
3201 5362 3292 5430 qui
3320 5377 3389 5415 ex
3423 5362 3626 5417 comite
3667 5377 3771 5416 mo-

2201 5434 2434 5486 nachum
2460 5433 2634 5486 induit
2658 5434 2708 5485 in
2739 5432 3033 5487 Rhemensi
3061 5431 3118 5485 S.
3148 5431 3382 5489 Remittii
3410 5431 3683 5488 emnobio.

2275 5501 2293 5541 ι
2336 5501 2514 5571 Ῑιιιθῐ,
2542 5501 2834 5571 Hlotharii.

2272 5583 2310 5611 In
2334 5570 2477 5625 Hetti
2499 5586 2563 5625 ex
2587 5568 2782 5627 abbate
2813 5566 3191 5625 Mediolanensi
3216 5568 3391 5627 factus
3417 5579 3503 5626 est
3532 5570 3774 5626 Treviro.

2202 5656 2321 5695 rum
2349 5642 2574 5710 antistes
2611 5655 2755 5695 anno
2785 5639 3276 5710 SurMablllonius
3312 5641 3404 5710 qui
3445 5640 3587 5695 libro
3610 5654 3772 5710 prin

2198 5709 2394 5765 Annal.
2435 5710 2656 5773 Bened.,
2688 5725 2837 5763 num.
2869 5709 2961 5775 60,
3012 5710 3063 5764 in
3105 5724 3247 5764 anno
3297 5695 3409 5767 εἴτ
3428 5709 3549 5778 ejus
3575 5695 3774 5765 obitum

2200 5779 2446 5906 colloegts,
2470 5780 2621 5835 illum
2640 5779 2819 5835 differt
2842 5794 3013 5850 usque
3029 5779 3093 5835 ad
3109 5795 3311 5836 annum
3326 5782 3449 5846 851,
3477 5780 3569 5835 lib.
3590 5794 3771 5847 xxxiv,

2201 5864 2351 5904 num.
2451 5889 2462 5903 .

2201 5864 2351 5904 num.
2376 5864 2462 5904 δῖ).
