3928 6320
185 280 298 342 613

1640 276 2024 334 EPISTOLIE.

3344 280 3444 339 δτι

184 399 259 454 de
287 397 459 453 sacris
495 399 777 455 beatorum
802 408 1101 471 martyrum
1137 395 1411 455 cineribus
1435 396 1503 452 ad
1522 411 1619 451 vos
1647 408 1770 465 per-
1798 394 1849 453 A
1876 392 2180 449 faciendum
2220 394 2288 450 de
2313 408 2420 449 uno
2450 393 2663 449 illorum
2692 392 2906 448 dimcile
2935 403 3037 459 est,
3070 395 3123 450 id
3153 404 3254 461 cst,
3288 397 3447 452 femi-

184 490 419 555 venerit,
450 489 572 544 talis
604 489 653 544 ei
683 490 858 545 honor
901 490 1239 554 exhibentur,
1276 488 1491 557 qualem
1521 486 1650 541 totis
1676 499 1767 539 eo-

184 592 311 632 rum
339 576 655 647 corporibus
684 577 943 633 exhibere
985 576 1365 638 debueramus,
1418 575 1520 629 nisi
1562 572 1768 629 desidia

180 677 242 723 et
269 670 594 741 negligentia
617 684 648 724 a
680 669 860 725 debito
888 669 992 723 illis
1020 668 1224 723 honore
1253 666 1576 721 retardaret.
1615 663 1768 731 Quod

179 771 370 817 autem
405 777 504 831 per
530 776 630 816 nos
662 775 988 830 cognoscere
1036 758 1303 823 voluistis,
1332 756 1551 811 minime
1581 771 1675 809 vos
1700 753 1768 809 de

178 851 271 907 his
296 853 563 907 certiores
609 850 832 906 reddere
862 851 1125 912 valemus,
1167 849 1293 918 quia
1321 862 1459 919 pene
1482 847 1617 902 nihil
1643 845 1767 901 inde

177 941 248 994 ad
276 952 519 996 nostram
561 940 809 995 notitiam
862 940 1047 995 scietis
1085 938 1398 1009 pervenire;
1456 952 1631 1005 neque
1667 951 1767 990 nos

175 1029 249 1084 de
278 1030 365 1085 his
413 1044 735 1100 magnopere
765 1030 976 1093 curiosi,
1008 1044 1196 1083 sumus
1237 1028 1303 1082 de
1331 1043 1559 1097 quorum
1585 1026 1765 1098 cogni-

174 1119 332 1174 tione
360 1121 558 1175 nullam
588 1122 873 1175 utilitatem
920 1131 973 1174 et
1014 1135 1235 1188 parvam
1264 1118 1589 1189 percipimus
1618 1118 1764 1171 Volu-

171 1219 404 1278 ptatem.
437 1211 697 1279 Optamus
718 1211 1060 1265 sanctitatem
1085 1219 1342 1274 vestram,
1378 1218 1575 1264 nostrze
1605 1210 1765 1263 imbe-

169 1300 417 1374 cillitath
442 1292 754 1365 memorem,
790 1302 842 1356 in
872 1300 1090 1357 Christo
1149 1316 1365 1371 semper
1399 1300 1536 1356 bene
1562 1300 1760 1366 valere,

169 1392 521 1447 sanctiSsime
554 1400 608 1446 et
637 1391 1077 1448 reverentissime
1106 1399 1281 1461 pater.

744 1501 1075 1558 EPISTOLA
1100 1502 1195 1557 XI.

570 1612 634 1650 ΔΙ)
663 1611 1059 1650 ΗἎΠΟΪΒΕΒΤΗΠ
1102 1610 1362 1650 COHITEI.

246 1685 534 1755 Magniﬁce
559 1693 612 1739 et
639 1684 943 1740 honorabili
997 1692 1160 1752 atque
1192 1683 1383 1738 illustri
1419 1684 1535 1736 viro
1563 1682 1761 1737 llruot-

162 1775 353 1840 herto,
395 1772 626 1844 glorioso
686 1774 893 1832 comiti.
934 1781 1195 1828 aeternam
1226 1774 1280 1827 in
1338 1772 1563 1827 Domino
1615 1772 1758 1827 salu-

165 1873 303 1919 tem.

241 1955 395 2027 Rogo
421 1955 812 2025 benignitatem
837 1961 1074 2007 vestram
1121 1961 1181 2006 ut
1207 1952 1337 2006 mihi
1394 1952 1651 2006 mandare
1678 1951 1758 2005 di-

162 2048 411 2119 gnemini
458 2047 587 2117 quid
620 2046 776 2101 vobis
814 2045 1025 2115 placeat
1051 2032 1219 2112 vel'a,
1244 2053 1301 2098 ut
1337 2043 1497 2098 modo
1522 2042 1636 2098 ﬁeri
1665 2043 1758 2097 de-

162 2137 301 2191 beat
329 2135 395 2191 de
428 2150 592 2191 causa
647 2132 931 2199 Alahfridi,
962 2131 1198 2188 hominis
1250 2131 1445 2195 nostri,
1483 2138 1661 2184 utrum
1689 2145 1755 2185 ex

165 2236 285 2283 toto
320 2226 637 2282 dimittenda
668 2226 756 2290 sit,
817 2239 885 2279 an
923 2223 1010 2278 ille
1053 2223 1228 2277 adhuc
1288 2235 1510 2292 sperare
1562 2221 1757 2275 debeat

161 2315 315 2385 quod
347 2317 373 2355 δ
405 2316 470 2368 ad
501 2329 654 2368 suam
681 2314 966 2384 justitiam,
1002 2328 1102 2384 per
1127 2320 1374 2388 vestrum
1401 2311 1752 2382 adjutorium,

161 2406 452 2476 pervenire
503 2406 793 2461 mereatur.
854 2402 988 2456 Nam
1052 2415 1152 2471 ego
1216 2410 1383 2457 totam
1425 2416 1671 2466 causam,
1700 2409 1756 2456 et

159 2496 402 2567 qualiter
427 2510 456 2549 a
482 2494 635 2550 vobis
662 2509 757 2565 per
785 2508 1006 2548 veraces
1059 2492 1307 2547 homines
1360 2492 1619 2563 inquisita
1647 2500 1750 2557 est,

158 2590 327 2646 simul
357 2605 478 2644 cum
505 2579 810 2643 Adalliardo
835 2595 889 2641 et
915 2585 1159 2641 Gebuino
1209 2584 1499 2640 comitibus
1542 2584 1749 2655 palatii,

157 2683 367 2737 domno
388 2678 699 2749 imperatori
746 2677 975 2732 iudicavi
1015 2694 1028 2729 :
1063 2686 1118 2731 et
1147 2676 1235 2730 ille
1264 2676 1544 2746 responzfit
1595 2676 1749 2743 mihi,

157 2773 363 2827 mirum
422 2769 522 2832 sibi
578 2768 749 2823 videri
778 2783 904 2846 ‘cur
960 2765 1050 2820 illa
1085 2780 1249 2820 causa
1299 2763 1415 2832 jam
1460 2764 1613 2819 ﬁnita
1642 2780 1751 2820 nou

155 2860 378 2916 fuisset.
418 2860 542 2915 Ideo
593 2873 787 2928 precor
835 2856 1178 2913 dilectionem
1230 2863 1472 2911 vestram
1530 2865 1590 2909 ut
1642 2871 1750 2911 non

155 2952 297 3007 mihi
326 2949 584 3005 mandare
608 2947 972 3018 dedignemini
1007 2957 1053 3013 ο,
1084 2945 1216 3016 quid
1244 2945 1542 3016 rprtedictus
1587 2946 1752 3001 homo

153 3053 352 3098 noster
416 3042 481 3097 de
514 3043 631 3111 ipsa
687 3055 785 3096 sua
838 3054 1002 3095 causa
1062 3036 1245 3093 facere
1273 3037 1485 3094 debeat.
1520 3035 1660 3108 Opto
1689 3045 1751 3093 ut

152 3144 381 3207 semper
404 3135 540 3189 bene
564 3133 792 3189 valeatis
815 3133 869 3187 in
900 3132 1148 3188 Domino.

713 3242 1048 3299 EPISTOLA
1078 3242 1191 3298 XII.

195 3356 268 3393 Αι)
298 3352 642 3393 ιιυτιιΑιωυδι
671 3349 1051 3391 ΡΒΕΒΒΥΤΕΒΙΙΙ
1079 3350 1150 3390 ΕΤ
1171 3348 1536 3390 EREIBERTUI
1567 3348 1716 3389 VICE-

822 3420 1084 3460 DOIIINUI.

232 3501 292 3552 lu
323 3496 524 3553 Christi
556 3496 797 3561 nomine,
838 3495 1182 3566 Eginbardus
1215 3495 1407 3561 abbas,
1445 3494 1747 3551 Liuthardo

151 3589 483 3659 presbytero
523 3597 578 3642 et
606 3587 925 3642 Eremberto
964 3586 1328 3653 vicedomino,
1362 3587 1610 3644 ﬁdelibus
1650 3604 1747 3644 no—

151 3682 320 3743 stris,
346 3679 401 3733 in
428 3678 657 3733 Domino
680 3677 933 3732 salutem.

230 3768 429 3823 Notum
459 3768 533 3823 sit
565 3768 718 3822 vobis
748 3767 890 3837 quod
925 3782 1024 3821 nos
1050 3765 1363 3822 Willibaldo
1394 3767 1741 3838 presbytero,

153 3859 308 3916 ﬁdeli
342 3900 356 3924 ,
388 3868 448 3913 ut
476 3860 768 3923 credimus,
818 3867 1029 3922 nostro,
1074 3856 1375 3925 iniunctum
1402 3859 1663 3913 habemus
1684 3867 1745 3912 ut

149 3965 388 4007 censum
411 3960 657 4004 nostrum
686 3948 913 4018 recipiat
940 3949 1009 4003 ab
1037 3949 1353 4003 hominibus
1378 3949 1603 4014 nostris,
1632 3956 1742 4002 tam

151 4041 300 4112 apud
345 4040 403 4095 S.
450 4041 723 4095 Bavonem
768 4056 930 4109 quam
961 4040 1015 4093 in
1056 4038 1344 4093 Blandinio
1386 4040 1739 4094 monasterio.

150 4131 390 4200 Propter
418 4130 521 4185 hoc
548 4130 812 4184 mittimus
841 4129 994 4183 illum
1019 4129 1087 4182 ad
1108 4143 1227 4193 vos,
1252 4127 1378 4197 quia
1409 4128 1659 4182 volumus
1684 4136 1739 4182 ut

148 4222 208 4277 ei
226 4220 552 4289 adjutorium
584 4219 795 4274 faciatis
815 4230 875 4274 ut
903 4220 1151 4274 eumdem
1176 4234 1398 4273 censum
1428 4226 1483 4273 et
1509 4218 1741 4287 pleniter

148 4320 213 4364 et
244 4312 300 4365 in
328 4310 470 4364 bono
500 4317 724 4378 argento
764 4308 993 4377 recipiat
1018 4306 1067 4360 ἀ.
1097 4305 1237 4376 Opto
1276 4316 1336 4362 ut
1361 4323 1577 4376 semper
1600 4308 1740 4363 bene

150 4401 386 4457 valeatis
415 4400 468 4455 in
496 4399 745 4454 Domino.

689 4484 1026 4541 EPISTOLA
1058 4484 1193 4539 XIII.

604 4595 672 4632 Αῐ)
709 4592 979 4634 ΡΟΡΡΟΝΕΙΙ
1019 4591 1283 4632 COHITEM.

226 4669 514 4741 Magniﬁco
562 4677 618 4723 et
670 4668 976 4722 honorabili
1007 4675 1168 4737 atque
1197 4668 1394 4721 illustri
1426 4667 1541 4721 viro
1592 4667 1735 4737 Pop-

146 4763 285 4834 poni
313 4760 588 4832 ,‘glorioso
625 4759 850 4824 comiti,
880 4757 1222 4829 Eginhardus
1268 4759 1653 4827 sempiternam
1680 4759 1736 4812 in

147 4851 389 4907 Domino
418 4850 668 4904 salutem.

224 4940 440 4995 Dictum
469 4946 554 4992 est
602 4936 732 4990 mihi
763 4935 904 5005 quod
950 4951 1035 4990 me
1068 4950 1318 5006 rogasses
1347 4944 1405 4988 ut
1449 4935 1515 4989 de
1563 4935 1735 4990 tribus

144 5028 411 5100 capitulis
440 5035 492 5082 te
520 5036 727 5081 certum
754 5026 988 5081 facerem
1024 5044 1034 5078 :
1086 5025 1231 5096 quod
1277 5025 1463 5093 utique
1490 5026 1623 5079 mihi
1668 5026 1735 5080 ad

227 5184 451 5297 ;C'?delx
469 5190 527 5239 et
539 5181 731 5236 Teulct
746 5194 955 5235 comma
981 5188 1037 5234 et
1058 5193 1244 5233 vocem
1276 5177 1355 5232 vel
1380 5193 1485 5232 non
1510 5178 1728 5231 habent.

345 5268 410 5297 ριι
434 5262 489 5297 ΩΙ.
515 5262 591 5297 ut-

229 5256 263 5366 ἲ
512 5262 674 5377 ﬂabet
698 5320 904 5384 Teulct,
945 5318 1015 5374 Ut
1044 5336 1182 5373 nunc
1210 5318 1339 5371 mihi
1369 5316 1620 5369 mandare
1652 5316 1737 5369 di-

146 5410 587 5517 gnmfuﬁ‘eulet
628 5462 773 5517 hunc
807 5460 986 5523 locum
1027 5459 1080 5512 in
1107 5458 1267 5512 editis
1311 5457 1586 5511 turbatum
1617 5463 1672 5508 et
1702 5470 1732 5508 a

149 5535 310 5588 Dom.
341 5533 639 5601 Bouquetio
656 5533 921 5601 omissum
974 5528 1372 5601 sicurestituit;
1407 5525 1475 5578 Et
1502 5541 1619 5601 cum
1652 5542 1732 5601 re-

147 5615 331 5673 ceptus
371 5594 553 5671 fuerit,
580 5600 816 5673 volumus
844 5610 898 5653 ιιι
924 5616 1014 5673 pos
1058 5598 1207 5651 illum
1246 5598 1313 5649 ad
1345 5598 1439 5648 hoc
1468 5594 1729 5663 adjuvetis

153 5668 219 5728 ut
237 5690 355 5729 eum
371 5668 451 5725 'ad
475 5688 569 5726 nos
597 5672 828 5742 perferre
849 5668 1034 5724 valeat.

1873 497 1966 547 na,
1994 498 2156 553 quam
2188 489 2243 536 tu
2273 482 2467 537 melius
2513 498 2677 553 quam
2703 496 2801 553 ego
2831 485 2995 548 nosti,
3046 486 3090 540 si
3137 501 3167 539 a
3207 492 3293 552 te,
3331 489 3451 544 sine

1869 569 2049 639 culpa,
2083 572 2135 625 in
2162 570 2473 642 coniugium
2520 572 2690 640 possit
2710 573 2932 626 assumi.
2968 571 3102 627 Nam
3133 574 3200 629 de
3228 576 3449 644 dispen—

1869 674 1951 725 sa,
1982 676 2143 729 quam
2170 662 2223 716 in
2251 661 2421 731 Aquis
2456 663 2987 730 accepistis,_aullam
3014 665 3137 719 volo
3167 665 3329 719 aliam
3358 683 3442 721 re—

1868 750 2219 805 tributionem
2250 752 2355 806 nisi
2402 752 2696 806 amicitiam
2727 761 2891 805 tuam.
2942 753 3018 809 De
3060 753 3232 825 Jopila
3286 773 3440 824 vero,

1866 840 2085 909 quando
2139 840 2357 895 insimul
2408 841 2668 895 fuerimus
2706 842 2890 905 locuti,
2939 840 3091 909 juxta
3120 847 3263 913 quod
3312 854 3443 901 tunc

1867 930 2010 984 inter
2038 946 2137 985 nos
2178 932 2515 995 convenerit,
2567 930 2744 985 facere
2772 941 2995 1001 paratus
3023 950 3141 989 sum
3172 954 3185 989 :
3235 946 3292 992 et
3322 938 3453 994 ideo

1866 1020 1963 1074 tibi
1992 1019 2149 1074 modo
2176 1021 2328 1090 plura
2357 1037 2454 1091 per
2493 1022 2702 1075 litteras
2732 1036 2881 1091 meas
2915 1024 3156 1081 iudicare
3181 1042 3287 1082 non
3314 1042 3441 1097 pos—

1865 1125 2004 1163 sum.
2029 1109 2164 1179 Opto
2191 1120 2252 1164 ut
2276 1126 2487 1181 semper
2511 1113 2648 1167 bene
2672 1112 2855 1167 valeas
2882 1114 2937 1167 in
2967 1114 3211 1171 Domino.

2399 1224 2732 1282 EPISTOLA
2770 1226 2909 1280 XIV.

2144 1351 2216 1404 ‘AD
2244 1351 2581 1390 CERWABDUM
2609 1348 2630 1375 ε
2644 1353 3151 1393 ιιιῐιιιοτιιεολιιιυιι.

1935 1422 2297 1479 Dilectissimo
2318 1424 2471 1479 fratri
2513 1425 2827 1484 Ceru'ardo.
2860 1426 3201 1496 Eginhardus
3240 1432 3437 1501 sempi—

1862 1518 2073 1564 ternam
2099 1511 2152 1565 in
2177 1511 2408 1566 Domino
2437 1513 2686 1567 salutem.

1934 1602 2162 1655 Dubium
2200 1602 2327 1656 mihi
2366 1610 2450 1657 est
2494 1611 2675 1655 utrum
2730 1602 2793 1656 de
2831 1612 2883 1657 te
2933 1605 3133 1659 sentire
3184 1606 3431 1671 debeam,

1863 1691 2004 1759 quod
2037 1698 2129 1744 aut
2176 1691 2385 1745 iitteras
2433 1706 2581 1745 meas
2619 1707 2723 1745 non
2780 1691 3174 1757 intellexisses,
3234 1705 3327 1750 aut
3368 1699 3435 1752 de

1859 1777 2099 1845 periculo
2122 1793 2242 1833 meo
2262 1794 2367 1833 non
2400 1795 2649 1835 curasses
2672 1781 2693 1832 ?
2717 1778 2820 1835 Sed
2849 1780 3055 1836 facilius
3084 1784 3136 1837 in
3160 1799 3280 1838 eum
3310 1798 3434 1840 sen-

1858 1883 1978 1922 sum
2005 1868 2241 1923 adducar
2279 1870 2297 1908 τ
2331 1878 2389 1925 ut
2429 1871 2662 1925 arbitrer
2686 1879 2908 1940 propter
2955 1872 3161 1943 aliquas
3201 1884 3434 1946 occupa-

1860 1959 2033 2013 tiones
2054 1960 2255 2030 scripta
2286 1976 2401 2015 mea
2424 1976 2454 2015 a
2482 1970 2533 2016 te
2560 1977 2748 2031 parum
2780 1963 3065 2033 diligenter
3090 1964 3225 2019 lecta
3272 1977 3325 2021 et
3352 1970 3436 2023 in-

1857 2048 2075 2103 tellecta
2120 2049 2319 2113 fuisse,
2369 2066 2530 2120 quam
2579 2061 2638 2105 ut
2675 2054 2889 2107 credam
2937 2055 3257 2109 charitatem
3291 2066 3435 2112 lnam

1856 2140 2167 2195 comminati
2198 2142 2330 2196 mihi
2358 2142 2582 2212 periculi
2630 2160 2814 2197 curam
2845 2161 2949 2200 non
2985 2146 3237 2203 habuisse
3301 2150 3435 2204 llor-

1859 2230 1990 2283 taris
2012 2231 2180 2296 enim,
2222 2233 2331 2286 imo
2379 2232 2662 2288 consilium
2692 2234 2787 2289 das
2814 2275 2829 2299 ,
2866 2244 2941 2298 ut,
2980 2237 3197 2291 omissis
3231 2248 3430 2309 marty-

1856 2333 1977 2371 rum
2006 2321 2270 2385 excubiis,
2298 2321 2491 2390 quibus
2520 2322 2885 2378 indesinenter
2909 2324 3098 2379 a.le755e
3123 2334 3177 2379 et
3202 2325 3430 2381 interes-

1855 2422 1913 2462 se
1936 2407 2121 2476 jussus
2160 2424 2279 2464 sum
2306 2451 2320 2475 ,
2349 2410 2604 2480 palatium
2634 2420 2852 2480 petam;
2898 2428 3017 2467 cum
3063 2414 3193 2468 mihi
3224 2424 3433 2484 septem

1855 2498 2066 2554 dierum
2093 2502 2337 2556 absentia
2372 2503 2602 2571 poenalis
2631 2503 2809 2558 futura
2832 2505 3149 2560 denuntiata
3175 2507 3245 2562 sit
3278 2525 3290 2559 :
3317 2524 3437 2577 qua

1852 2606 1958 2645 non
1988 2591 2158 2647 solum
2190 2593 2243 2646 in
2268 2607 2419 2648 mora
2463 2593 2516 2647 in
2568 2593 2771 2663 palatio
2808 2594 3056 2651 facienda
3086 2637 3101 2662 ,
3131 2598 3227 2652 sed
3276 2613 3344 2653 ne
3380 2600 3451 2673 in.

1852 2681 2046 2737 itinere
2071 2724 2086 2749 ,
2116 2684 2259 2752 quod
2305 2684 2373 2738 ad
2398 2683 2657 2753 palatium
2712 2687 3046 2756 pergendum
3076 2696 3200 2752 est,
3251 2690 3435 2742 caveri

1850 2782 2050 2842 potest,
2081 2776 2382 2846 praesertim
2411 2791 2442 2830 a
2465 2791 2551 2832 me
2573 2778 2685 2847 qui,
2705 2787 2814 2832 tam
2832 2790 3054 2849 propter
3082 2780 3183 2835 via:
3211 2780 3436 2836 diﬁicul-

1854 2871 2019 2920 tatem
2046 2880 2208 2935 quam
2253 2866 2495 2936 corporis
2524 2867 2848 2923 imbecillam
2889 2868 3267 2934 valetudinem,
3304 2886 3431 2925 raro

1850 2955 2081 3011 celerius
2117 2970 2280 3026 quam
2329 2965 2537 3027 septem
2582 2958 2790 3014 dierum
2824 2960 3000 3029 spatio
3046 2960 3111 3015 de
3164 2961 3335 3030 Aquis
3358 2961 3427 3016 ad

1776 3074 1821 3137 ρ
1854 3052 2153 3115 martyrum
2169 3045 2353 3100 limina
2380 3047 2847 3117 potuipervenire.
2872 3047 2977 3104 Sed
3003 3049 3115 3120 jam
3134 3065 3433 3122 nunc-rogo

1854 3146 2016 3205 atque
2044 3136 2245 3191 oLnixe
2289 3136 2552 3206 deprecor
2581 3144 2641 3191 ut
2659 3138 2919 3208 scriptum
2948 3179 2961 3201 ,
2992 3140 3136 3208 quod
3163 3139 3259 3193 tibi
3286 3140 3430 3204 misi,

1850 3229 2046 3283 iterum
2091 3228 2329 3298 relegere
2371 3237 2534 3298 atque
2584 3228 2881 3301 intelligere
2935 3233 2982 3294 ⁸,
3028 3231 3291 3301 mihique,
3324 3230 3441 3286 sic-

1846 3326 1902 3372 ut
1951 3329 2003 3372 te
2046 3318 2162 3387 jam
2191 3319 2391 3375 dudum
2436 3335 2535 3390 per
2563 3319 2774 3376 litteras
2826 3335 2977 3376 meas
3021 3336 3203 3393 rogavr
3238 3362 3252 3387 ,
3297 3323 3427 3391 quid

1848 3410 1943 3463 tibi
1974 3410 2039 3465 de
2066 3410 2153 3464 illa
2188 3411 2517 3466 revelatione
2546 3412 2712 3483 atque
2758 3412 3050 3474 mandatis,
3105 3413 3302 3483 quibus
3324 3414 3425 3468 ob-

1845 3501 2069 3554 strictus
2095 3514 2237 3564 sum,
2271 3501 2538 3566 videatur,
2566 3502 2867 3558 rescribere
2890 3518 2997 3557 non
3020 3504 3283 3573 graveris.
3308 3502 3428 3559 Non

1846 3590 2074 3645 deerunt
2109 3590 2430 3660 perlatores,
2462 3592 2507 3647 si
2553 3593 2658 3648 hoc
2685 3593 2829 3663 quod
2851 3593 3139 3666 scripseris
3168 3593 3419 3656 Bonotto.

1846 3681 2182 3749 vicedomino
2222 3690 2411 3738 nostro
2432 3722 2447 3749 ,
2478 3682 2695 3738 mittere
2731 3684 2982 3739 volueris.
3014 3681 3152 3755 Opto
3179 3701 3276 3739 vos
3293 3700 3428 3739 sem-

1844 3787 1941 3843 per
1967 3772 2105 3827 bene
2136 3774 2188 3826 in
2204 3772 2434 3827 Domino
2456 3773 2637 3828 valere
2651 3771 2701 3838 ιι,
2727 3774 3048 3830 charissime
3061 3783 3221 3846 atque
3241 3791 3429 3829 amanv

1845 3861 2057 3916 tissime
2086 3862 2258 3917 frater
2284 3870 2340 3918 et
2366 3863 2605 3918 domine.

2390 3974 2725 4032 EPISTULA
2766 3975 2878 4031 XV.

2162 4103 2216 4141 IN
2239 4102 2468 4142 PERSONA
2499 4103 2652 4142 BONA-2
2683 4102 2749 4141 ΑΙ)
2773 4104 3098 4144 BLIDTIIRUT.

1913 4201 2289 4257 Dilectissimzc
2338 4200 2509 4256 sorori
2555 4201 2862 4265 Blidthrut,
2888 4200 3053 4254 Boma
3090 4202 3101 4241 ί
3139 4202 3311 4256 amica
3366 4212 3423 4257 ct

1842 4293 1980 4349 bene
2005 4295 2225 4361 cupiens
2252 4300 2365 4356 tua,
2398 4301 2656 4346 aeternam
2685 4292 2737 4345 in
2767 4292 2995 4347 Domino
3034 4292 3281 4346 salutem.

1913 4382 2139 4450 Quidam
2170 4398 2359 4437 servus
2387 4392 2570 4438 vester
2609 4383 2675 4437 de
2705 4382 3014 4445 Makesbah,
3049 4384 3265 4438 nomine
3292 4384 3420 4439 We-

1844 4476 1974 4541 nilo,
1999 4475 2289 4545 quamdam
2329 4474 2557 4529 liberam
2584 4472 2838 4528 feminam
2861 4473 3185 4541 accepitsibi
3216 4472 3266 4527 in
3295 4490 3423 4529 con-

1836 4566 2063 4636 jugium,
2116 4573 2171 4618 et
2219 4564 2377 4618 modo
2422 4564 2659 4631 timendo
2698 4563 2833 4616 iram
2865 4571 3122 4628 vestram,
3177 4562 3334 4617 simul
3367 4572 3424 4617 et

1841 4656 2042 4711 domini
2073 4656 2153 4709 sui
2206 4654 2427 4718 Albini,
2461 4653 2703 4725 confugit
2751 4654 2819 4707 ad
2868 4653 3053 4706 limina
3103 4662 3420 4709 sanctorum

1844 4746 2134 4799 Marcellini
2155 4754 2210 4799 et
2234 4746 2400 4798 Petri.
2430 4744 2534 4798 Pro
2557 4760 2665 4814 quo
2693 4760 2822 4814 rogo
2838 4744 3162 4798 charitatem
3190 4753 3333 4797 tuam
3360 4753 3421 4796 ut

1841 4853 1957 4891 mea
1990 4836 2107 4890 vice
2134 4837 2273 4904 apud
2306 4836 2455 4889 illum
2487 4836 2827 4889 intercedere
2856 4835 3116 4904 digneris,
3149 4844 3420 4903 quatenus

1841 4929 1889 4983 ei
1921 4928 2100 4989 liceat,
2128 4942 2250 4981 cum
2272 4942 2368 4981 sua
2392 4935 2550 4981 et‘tua
2571 4928 2767 4996 gratia,
2795 4920 3049 4981 feminam
3078 4926 3226 4979 illam
3256 4940 3419 4994 quam

1841 5020 2070 5087 accepit,
2101 5019 2319 5073 habere.
2346 5017 2482 5087 Opto
2506 5026 2565 5070 ut
2586 5032 2799 5086 semper
2826 5016 2962 5071 bene
2985 5016 3208 5071 valeatis
3234 5014 3279 5067 ι.

1930 5169 2294 5225 °Cervvardus
2334 5170 2436 5224 iste
2465 5166 2908 5223 bibliothecarius
2938 5174 3058 5221 erat
3077 5165 3283 5235 palatii.

1916 5243 1935 5279 ί
1966 5240 2143 5294 Codex
2156 5280 2169 5302 ,
2197 5239 2453 5293 adducor.

1914 5313 1938 5351 Β
1966 5309 2027 5361 Ῐ).
2059 5310 2267 5363 Teulct.
2295 5309 2441 5362 addit
2460 5306 2606 5361 velis.

1909 5381 1934 5419 ιι
1962 5378 2151 5432 Teulct
2182 5380 2343 5432 habet
2369 5392 2433 5431 ex
2464 5378 2668 5441 codice,
2710 5386 2828 5447 opto
2854 5385 2911 5428 ut
2937 5390 3137 5444 semper
3177 5377 3303 5427 bene
3325 5390 3387 5427 va

1837 5448 2206 5575 Iwisfetzins.
2226 5517 2313 5570 hic
2342 5529 2437 5583 pro
2465 5514 2865 5580 Boma,Imma,
2897 5528 3091 5570 nomen
3120 5512 3413 5584 Eginhardl

1832 5588 2037 5648 uxoris,
2066 5586 2343 5655 legendum
2374 5592 2543 5655 putat.

1907 5657 1919 5705 ι
1974 5654 2160 5710 Teulct
2196 5655 2364 5719 addit,
2398 5656 2452 5708 in
2481 5654 2723 5708 Domino.
