3928 6314
1042 371 1380 430 Εριδτοω.
1416 369 1554 425 XVI.

947 481 1014 518 AD
1044 478 1334 519 ΒΔΤΤΟῌΕΙ
1371 476 1628 519 οοιιιτειι.

570 560 938 616 Dilectissimo
969 557 1144 612 amico
1183 565 1372 611 nostro
1414 553 1635 608 Ilattoni
1658 593 1673 618 ,
1701 553 1936 624 glorioso
1985 567 2078 607 co-

499 653 663 717 miti,
701 648 1044 722 Eginbardus
1080 657 1340 703 aeternam
1373 644 1426 697 in
1472 644 1700 699 Domino
1730 643 1982 696 salutem.

570 743 803 812 Quidam
850 742 1014 797 homo
1040 748 1243 803 vester,
1281 738 1500 792 nomine
1543 735 1771 799 Hunno,
1824 735 1972 790 venit
2016 733 2084 787 ad

500 835 690 891 limina
721 840 1034 888 sanctorum
1062 827 1360 882 Marcellini
1383 833 1438 880 et
1465 825 1637 889 Petri,
1662 825 1876 879 veniam
1899 831 2084 893 postu-

501 924 624 978 lans
639 936 740 993 pro
754 936 820 976 eo
838 919 985 990 quod
1004 931 1327 973 conservam
1347 930 1520 978 suam,
1552 913 1802 967 ancillam
1821 920 2082 975 vestram,

502 1013 605 1068 sibi
631 1012 689 1065 in
709 1007 1026 1078 coniugium
1043 1006 1306 1061 sociasset
1329 1005 1445 1057 sine
1473 1011 1653 1060 vestra
1671 1001 1934 1071 iussione.
1953 999 2087 1053 Pro-

503 1113 625 1175 pter
647 1104 750 1157 hoc
779 1114 1069 1169 precamur
1099 1095 1488 1164 benignitatem
1517 1099 1756 1146 vestram
1785 1099 1897 1145 uta
1929 1089 2085 1144 vobis

508 1191 898 1263 indulgentiam
922 1189 988 1243 de
1013 1189 1119 1242 hoc
1135 1185 1282 1239 facto
1299 1184 1579 1253 percipere
1601 1189 1897 1243 mereatur,
1924 1180 1968 1232 si
1994 1179 2088 1233 de-

506 1284 695 1338 lictum
724 1282 842 1350 ejus
872 1278 1030 1332 venia
1065 1276 1286 1346 dignum
1318 1272 1483 1326 fuerit
1508 1272 1809 1324 inventum.
1856 1267 1996 1336 Opto
2028 1274 2089 1320 ut

507 1392 720 1446 semper
739 1376 878 1430 bene
903 1370 1131 1425 valeatis
1160 1369 1213 1423 in
1243 1367 1486 1421 Domino.

1032 1473 1370 1536 EPISTOLA
1404 1476 1546 1531 XVII

936 1595 1002 1634 AD
1033 1591 1317 1632 BBABANUII
1344 1587 1368 1615 α
1395 1588 1658 1628 ΑΒΒΔΤΕἎΙ.

578 1673 1038 1733 Reverentissimo
1052 1670 1252 1726 Christi
1278 1667 1480 1723 famulo
1499 1665 1771 1730 Hrabano,
1790 1662 2085 1719 venerabili

507 1769 707 1832 abbati,
740 1763 1079 1837 Eginhardus
1107 1767 1392 1857 peccator:
1487 1848 1520 1857 Α
1622 1849 1654 1857 ﬂ
1747 1852 1759 1857 ᾗ
2050 1844 2061 1857 ⁸

581 1858 812 1928 Quidam
835 1856 997 1910 homo
1018 1860 1218 1915 vester,
1249 1849 1467 1905 nomine
1479 1848 1850 1910 Gundhartus,
1880 1848 2090 1915 rogavit

514 1965 614 2005 nos
652 1963 754 2018 pro
798 1961 856 2000 se
895 1943 1036 2014 apud
1066 1950 1303 1996 vestram
1346 1940 1689 1994 sanctitatem
1730 1937 2087 2001 intercedere,

513 2048 598 2104 ut,
635 2039 755 2094 sine
779 2033 1078 2091 oﬁ‘ensione
1102 2043 1306 2096 vestra,
1337 2032 1504 2086 immo
1531 2045 1651 2084 cum
1683 2029 1857 2101 gratia
1884 2036 2087 2089 vestra,

512 2129 618 2184 sibi
671 2126 832 2180 liceat
890 2124 994 2178 iter
1029 2121 1344 2185 exercitale,
1376 2121 1518 2189 quod
1565 2120 1818 2190 presenti
1849 2127 2090 2188 tempore

513 2217 778 2289 agendum
808 2225 912 2280 est,
940 2213 1208 2274 omittere,
1235 2226 1299 2266 ac
1327 2211 1470 2265 domi
1499 2225 1720 2265 manere
1750 2211 1812 2274 b;
1842 2223 2092 2268 asserens

515 2327 574 2367 se
598 2310 665 2365 ad
687 2311 828 2364 hanc
851 2309 1248 2363 remansionem
1264 2320 1458 2376 magna
1485 2305 1601 2374 cogi
1625 2304 1967 2367 necessitate,
1994 2318 2092 2373 pro

515 2417 579 2458 eo
613 2401 756 2470 quod
790 2397 1031 2453 faidosus
1061 2397 1149 2458 sit,
1203 2404 1259 2450 et
1307 2409 1431 2449 cum
1471 2394 1706 2448 inimicis
1757 2393 1870 2447 suis
1898 2400 1952 2447 et
1983 2392 2089 2458 his,

514 2493 606 2563 qui
638 2491 765 2547 vitm
797 2490 915 2559 ejus
962 2487 1323 2548 insidiantur,
1364 2485 1468 2538 hoc
1506 2485 1608 2537 iter
1661 2497 1823 2553 agere
1859 2497 1963 2536 non
1995 2497 2092 2535 au-

513 2584 668 2647 deat,
703 2581 1003 2651 pracsertim
1032 2592 1155 2631 cum
1187 2576 1280 2630 illo
1304 2575 1534 2636 comite,
1561 2588 1684 2629 cum
1708 2586 1814 2642 quo
1843 2573 1920 2626 ire
1938 2571 2094 2639 iube-

516 2685 625 2738 tur,
658 2688 818 2743 quem
845 2671 946 2725 sibi
978 2669 1110 2724 dicit
1139 2683 1257 2724 esse
1296 2666 1749 2722 inimicissimum.
1784 2665 1908 2720 Ideo
1939 2672 2094 2749 rogat

514 2773 576 2819 ut
599 2779 723 2820 eum
753 2764 810 2818 in
840 2769 1047 2816 tantum
1075 2758 1374 2829 periculum
1400 2767 1597 2812 vestra:
1612 2757 1873 2827 jussionis
1907 2763 2094 2811 aucto~

514 2853 649 2908 ritas
691 2866 798 2906 non
846 2849 1084 2919 impellat
1133 2867 1144 2903 :
1181 2847 1283 2902 sibi
1335 2862 1480 2901 cum
1508 2861 1663 2911 esse,
1723 2861 1889 2916 seque
1912 2846 2094 2915 provi-

515 2943 645 3006 dere
677 2950 734 2995 ut
757 2956 877 2995 cum
905 2946 1161 2994 exactore
1203 2937 1513 3001 lieribanni,
1534 2938 1590 2992 si
1616 2937 1847 3000 venerit,
1880 2945 1936 2991 et
1963 2950 2090 2991 eum

514 3033 953 3104 compellaverit,
986 3033 1104 3085 sine
1137 3037 1319 3085 vestro
1355 3029 1537 3085 labore
1584 3045 1640 3084 se
1671 3027 1941 3100 paciﬂcet.
1972 3029 2091 3086 Non
2119 3035 2162 3096 C
2195 3057 2420 3125 ebria“,

516 3142 615 3180 vos
645 3136 893 3194 regarem
930 3124 995 3178 de
1025 3124 1128 3178 hac
1156 3138 1353 3187 causa,
1391 3123 1494 3186 nisi
1538 3124 1816 3193 angustias
1845 3122 1962 3192 eius
2007 3131 2092 3177 at-

515 3233 622 3288 que
640 3216 877 3287 pericula
896 3225 1171 3285 comperta
1195 3215 1470 3270 haberem.
1486 3211 1625 3285 Opto
1647 3221 1708 3268 ut
1722 3228 1937 3283 semper
1956 3215 2092 3270 bene

517 3309 768 3364 valeatis.

1022 3417 1356 3473 EPISTOLA
1383 3416 1566 3474 XVIII.

868 3525 935 3562 Αῡ
966 3523 1324 3563 IABCEBLDUI
1351 3522 1737 3562 VICEDOIIINUM.

591 3622 795 3676 Dilecto
853 3621 1030 3674 amico
1088 3629 1275 3674 nostro
1338 3619 1691 3683 Marchrado,
1737 3630 1759 3658 ε
1802 3618 2094 3674 vicedomi-

521 3730 609 3775 no,
643 3711 983 3782 Eginhardus
1006 3719 1266 3764 aternam
1291 3710 1342 3763 in
1370 3710 1598 3764 Domino
1620 3709 1868 3764 salutem.

594 3803 703 3855 Duo
733 3801 874 3855 servi
904 3800 963 3854 S.
993 3799 1206 3852 Martini
1235 3839 1249 3864 ,
1281 3801 1347 3854 de
1375 3799 1501 3852 villa
1530 3799 1842 3863 Hedabach,
1877 3798 2095 3856 nomine

522 3894 875 3948 Willirannus
913 3901 970 3945 et
1001 3891 1290 3954 Otbertus,
1313 3889 1570 3959 fugerunt
1595 3888 1622 3929 ἀ
1654 3890 1720 3943 ad
1750 3889 1933 3943 limina
1964 3889 2097 3943 bea-v

520 3997 699 4040 torum
734 3982 934 4037 Christi
965 3990 1276 4051 martyrum
1304 3979 1600 4034 Marcellini
1620 3989 1675 4032 et
1705 3978 1876 4042 Petri,
1906 3993 2005 4049 pro
2031 3992 2098 4032 eo

519 4073 663 4142 quod
685 4071 854 4125 frater
889 4085 1077 4125 eorum
1108 4069 1392 4138 quemdam
1425 4069 1632 4122 socium
1663 4084 1818 4123 suum
1867 4069 2097 4123 occidis-

520 4169 644 4218 set:
684 4169 937 4231 rogantes
965 4167 1024 4214 ut
1071 4159 1152 4214 eis
1205 4157 1367 4214 liceat
1403 4158 1612 4212 solvere
1638 4158 1787 4212 illum
1831 4159 2094 4230 weregel-

521 4254 648 4308 dum
675 4268 772 4324 pro
796 4251 967 4306 fratre
995 4266 1114 4312 suo,
1164 4258 1220 4304 et
1249 4259 1308 4303 ut
1333 4249 1383 4303 ei
1430 4250 1673 4304 membra
1703 4252 2092 4320 perdonentnr.

518 4343 750 4401 Proinde
786 4355 1035 4412 rogamus
1062 4339 1406 4395 dilectionem
1435 4347 1582 4392 tuam
1624 4347 1712 4402 ut,
1744 4340 1798 4393 in
1831 4347 2090 4408 quantum
2118 4371 2171 4428 D

519 4432 774 4508 possibile
796 4439 904 4496 est,
920 4430 968 4484 ei
993 4443 1219 4498 parcere
1243 4428 1482 4499 digneris
1502 4437 1721 4499 propter
1741 4442 1978 4484 amorem
1997 4429 2093 4484 Dei

519 4509 576 4580 et
594 4530 907 4585 sanctorum
937 4519 1076 4589 ejus,
1103 4521 1171 4574 ad
1217 4535 1447 4587 quorum
1494 4519 1677 4573 limina
1715 4520 2092 4589 confugerunt.
2131 4587 2134 4590 ῃ

519 4613 659 4683 Opto
685 4620 745 4666 ut
775 4624 988 4679 semper
1009 4611 1148 4664 bene
1177 4608 1360 4663 valeas
1388 4610 1440 4662 in
1468 4609 1715 4664 Domino.

1051 4717 1385 4774 EPISTOLA
1424 4718 1566 4773 XIX.

523 4850 574 4889 IN
612 4846 846 4888 PBISONA
882 4844 1185 4885 ILUDOWICI
1226 4843 1602 4893 ιιιρειιλτοιιιε,
1644 4844 1711 4882 ΑΙ)
1749 4841 1802 4880 6.
1831 4842 2092 4883 COMI‘I'IZI.

589 4947 650 5000 In
675 4945 893 5000 nomine
933 4943 1146 4997 Domini
1184 4942 1279 4996 Dei
1324 4953 1380 4995 et
1425 4940 1720 4996 Salvatoris
1759 4943 1928 4996 nostri
1968 4940 2094 4996 Jesu

522 5037 744 5100 Christi,
776 5035 1122 5094 Hludovicus,
1171 5033 1353 5086 divina
1401 5033 1686 5086 ordinante
1732 5033 2092 5102 providentia,

523 5127 818 5197 imperator
841 5130 1121 5193 angustus,
1151 5120 1218 5175 G.
1242 5121 1451 5176 comiti.

593 5277 620 5305 ι
657 5263 912 5316 Ral-anus
951 5260 1118 5314 abbas
1145 5257 1426 5312 Fuldensis
1455 5259 1630 5313 factus
1657 5274 1800 5314 anno
1835 5260 1961 5324 822,
2008 5259 2102 5315 0t-

524 5334 673 5459 girio
710 5335 764 5386 in
803 5332 1116 5401 episcopatu
1165 5328 1588 5399 Moguntiacensi
1647 5333 1906 5387 successit
1955 5348 2096 5386 anno

596 5404 645 5456 7.

599 5477 622 5511 ιι
660 5471 867 5536 'I'eulet,
894 5489 1179 5528 remanere.

595 5554 615 5580 ε
661 5542 850 5612 Teulet
871 5543 1017 5596 addit
1039 5543 1285 5612 glorioso.

592 5613 617 5651 ἀ
661 5611 865 5676 Tculct,
905 5613 1267 5681 confugerunt.

1777 251 2154 311 εριΝιιΑῐωι
2190 251 2481 309 ΑΒΒΑΤ18

1961 359 1964 362 ’
2105 365 2154 424 Α
2248 362 2446 417 Notum
2473 365 2542 418 sit
2579 365 2672 420 tibi
2703 366 2828 436 quia
2862 366 3109 423 volumus
3132 375 3213 433 ut,
3241 369 3463 438 quando
3496 370 3612 423 hac
3651 373 3759 440 epi-

3664 254 3760 311 516

2183 452 2316 507 stola
2347 465 2531 508 nostra
2559 456 2624 507 ad
2655 466 2705 508 te
2735 457 2962 522 venerit,
2992 466 3179 512 statim
3200 459 3318 512 sine
3343 457 3450 512 ulla
3481 459 3756 520 dilatione,

2181 557 2454 612 praepares
2486 552 2538 597 te
2569 544 2634 598 ad
2665 529 2770 599 hoc
2798 554 2877 610 ut,
2928 562 2997 599 xv
3026 545 3141 602 kal.
3182 546 3422 616 jahuarii
3446 590 3460 613 ,
3496 549 3549 603 id
3588 558 3673 604 est
3714 566 3759 602 vi

2183 632 2374 687 diebus
2406 642 2532 687 ante
2561 633 2750 688 Natale
2783 634 3017 702 Domini,
3053 639 3265 692 obviam
3293 639 3460 693 misso
3483 649 3669 694 nostro
3699 639 3761 693 II.

2182 725 2370 779 venias
2400 725 2455 779 in
2483 725 2608 779 villa
2641 735 2827 780 nostra
2845 743 2962 796 quae
3000 729 3197 782 dicitur
3219 729 3671 787 Heilambrunno:
3713 741 3766 785 et

2184 815 2444 884 quidquid
2481 815 2565 870 ille
2596 817 2694 871 tibi
2717 818 2783 871 de
2809 818 2974 872 verbo
3002 827 3189 873 nostro
3213 862 3228 882 ,
3278 821 3436 874 simul
3490 837 3615 876 cum
3649 822 3768 876 aliis

2184 906 2470 961 comitibus
2497 915 2550 961 et
2586 907 2830 963 ﬁdelibus
2861 911 3082 973 nostris,
3142 913 3209 966 ad
3243 911 3547 967 faciendum
3586 913 3767 982 injun-

2186 997 2344 1060 xerit,
2392 996 2571 1052 facere
2619 1001 2860 1065 studeas,
2915 1010 2969 1055 et
2999 1001 3178 1056 taliter
3199 1001 3394 1058 exinde
3437 1021 3581 1075 agas,
3640 1022 3770 1076 qua-

2185 1081 2308 1140 liter
2329 1084 2383 1139 in
2415 1094 2507 1140 tua
2529 1087 2789 1144 ﬁdelitate
2813 1090 3008 1144 bonam
3035 1091 3297 1146 habemus
3328 1092 3592 1148 fiduciam.
3628 1095 3773 1151 Bene

2186 1176 2324 1231 vale.

2751 1271 3084 1328 EPISTOLA
3115 1273 3235 1329 XX.

2261 1381 2311 1418 IN
2341 1379 2569 1418 PERSONA
2620 1378 2920 1419 HLUDOWICI
2970 1377 3348 1433 IMPERATORIS,
3387 1384 3455 1422 AD
3493 1386 3544 1424 II.
3581 1387 3706 1426 EJL'S

2869 1449 3116 1489 FIDELEI.

2261 1523 2317 1578 In
2344 1525 2564 1580 nomine
2611 1523 2821 1579 Domini
2862 1525 2957 1578 Dei
2988 1536 3042 1580 et
3076 1528 3374 1585 Salvatoris
3431 1535 3601 1587 nostri
3648 1534 3776 1588 Iesu

2189 1614 2417 1679 Christi,
2448 1613 2815 1679 Illndowicus,
2853 1615 3138 1671 ordinante
3186 1618 3368 1673 divina
3412 1625 3776 1691 providentia,

2115 1698 2162 1758 B
2191 1697 2484 1772 imperator
2515 1710 2794 1773 angustus,
2827 1702 2892 1755 II.
2920 1703 3060 1758 fideli
3093 1713 3297 1762 nostro.

2267 1794 2465 1849 Notum
2490 1796 2562 1849 sit
2610 1794 2708 1848 tibi
2762 1795 2907 1864 quod
2951 1796 3200 1855 volumus
3225 1810 3284 1854 ut
3340 1818 3506 1858 unum
3534 1805 3600 1859 de
3655 1805 3780 1862 ﬁliis

2192 1888 2320 1953 tuis,
2359 1888 2574 1945 vasallis
2601 1893 2821 1951 nostris,
2859 1904 3022 1962 quem
3046 1902 3101 1946 tu
3126 1895 3341 1949 noveris
3367 1898 3512 1966 quod
3537 1900 3640 1954 hoc
3668 1916 3780 1954 me-

2190 1981 2294 2036 lius
2316 1981 2496 2037 facere
2512 1985 2704 2053 possit,
2727 1996 3088 2057 praeparatum
3109 2002 3229 2042 esse
3237 1986 3449 2056 iubeas,
3468 1996 3544 2053 ut,
3561 1993 3780 2058 quando

2194 2071 2258 2124 Il.
2289 2084 2469 2127 comes
2487 2082 2544 2127 et
2580 2075 2644 2128 li.
2672 2077 2868 2130 missus
2889 2086 3074 2130 noster
3091 2093 3190 2148 per
3217 2077 3366 2133 illum
3389 2079 3543 2133 nobis
3572 2081 3779 2151 aliquid

2193 2164 2451 2220 mandare
2479 2166 2767 2230 voluerint,
2825 2169 2943 2224 sine
2971 2185 3124 2224 mora
3153 2171 3236 2225 vel
3265 2171 3541 2236 tarditate,
3571 2174 3638 2227 ad
3671 2172 3780 2228 Τιι-

2194 2271 2356 2310 rones
2389 2272 2616 2327 pergere
2643 2260 2848 2329 possit;
2896 2263 3022 2331 quia
3051 2263 3232 2316 ibiaut
3260 2279 3358 2318 nos
3380 2265 3546 2334 ipsos,
3576 2275 3675 2320 aut
3701 2267 3781 2323 di-

2193 2343 2388 2400 lectam
2414 2346 2695 2419 coniugem
2721 2360 2984 2417 nostram,
3012 2353 3237 2409 Domino
3257 2354 3492 2420 volente,
3524 2357 3779 2412 inventu—

2195 2451 2287 2490 rus
2317 2445 2418 2490 est.
2465 2435 2599 2494 Vide
2627 2448 2684 2493 ut
2712 2441 2913 2496 nullam
2939 2446 3133 2499 exinde
3155 2446 3780 2518 habeasnegligentiam,

2195 2525 2240 2578 si
2284 2527 2512 2594 gratiam
2547 2539 2790 2584 nostram
2826 2533 2961 2587 velis
2996 2535 3214 2590 habere.
3293 2536 3431 2607 Opto
3469 2548 3527 2593 ut
3565 2554 3782 2609 semper

2195 2615 2330 2670 bene
2354 2617 2534 2673 valeas
2560 2620 2610 2672 in
2643 2620 2889 2676 Domino.

2720 2740 3054 2796 EPISTOLA
3088 2741 3228 2797 XXI.

2197 2817 2250 2855 IN
2289 2817 2525 2859 reasons
2557 2822 2857 2864 HLUDOWICI
2913 2827 3291 2876 rursnaronis,
3336 2829 3403 2867 an
3445 2831 3498 2868 τ.
3541 2830 3665 2870 uss
3707 2833 3785 2872 rt-

2884 2895 3077 2935 θείη.

2272 2967 2329 3022 In
2361 2968 2579 3024 nomine
2605 2970 2817 3028 Domini
2845 2973 2938 3029 Dei
2983 2983 3036 3029 et
3073 2974 3373 3031 Salvatoris
3411 2979 3580 3032 nostri
3610 2977 3783 3032 Jeshu

2475 3059 2840 3129 lliudowicus,
2897 3064 3079 3119 divina
3109 3067 3394 3121 ordinante
3415 3068 3786 3136 providentia,

2194 3151 2490 3220 imperator
2517 3163 2796 3223 angustus,
2831 3155 2895 3210 Τ.
2921 3156 3063 3211 fideli
3090 3166 3297 3212 nostro.

2263 3240 2460 3296 Notum
2490 3244 2560 3297 sit
2584 3244 2680 3300 tibi
2702 3246 2845 3314 quod
2865 3247 3112 3302 volumus
3134 3255 3193 3302 ut
3211 3249 3277 3302 ad
3305 3249 3409 3303 hoc
3434 3255 3484 3302 te
3506 3265 3786 3319 prmpares

2193 3339 2272 3396 ut,
2313 3333 2764 3404 quandocumque
2790 3334 2952 3389 ΒΚΤ.
2993 3347 3015 3375 ο
3044 3352 3227 3392 comes
3255 3346 3311 3392 et
3341 3338 3408 3392 ll.
3438 3340 3635 3394 missus
3687 3357 3786 3396 no.

2193 3429 2308 3476 ster
2332 3436 2431 3491 per
2460 3433 2513 3477 te
2544 3425 2698 3479 nobis
2723 3425 2923 3494 aliquid
2947 3428 3204 3482 mandare
3231 3428 3517 3491 voluerint,
3569 3432 3782 3495 statim,

2195 3511 2312 3564 sine
2340 3527 2492 3566 mora
2518 3513 2602 3566 vel
2625 3513 2803 3584 aliqua
2830 3517 3102 3582 tarditate,
3128 3532 3250 3570 cum
3272 3517 3390 3587 ipso
3412 3520 3690 3583 mandato,
3721 3523 3788 3575 ad

2197 3601 2442 3656 Turonos
2476 3603 2496 3642 ί
2528 3619 2753 3674 pergere
2774 3608 2978 3674 possis:
3011 3608 3135 3676 quia
3162 3609 3236 3662 ibi
3256 3618 3351 3662 aut
3378 3625 3476 3664 nos
3498 3610 3663 3679 ipsos,
3692 3623 3788 3666 aut

2197 3691 2448 3746 dilectam
2476 3695 2757 3764 coniugem
2789 3706 3051 3763 nostram,
3081 3699 3309 3753 Domino
3334 3699 3564 3763 volente,
3585 3701 3784 3755 inven-

2197 3790 2351 3834 turus
2369 3795 2448 3834 es.
2477 3783 2618 3837 Vide‘
2629 3791 2688 3838 ut
2705 3785 2904 3839 nullam
2929 3787 3124 3840 exinde
3150 3789 3350 3844 habeas
3375 3790 3782 3860 negligentiam,

2195 3870 2241 3924 si
2272 3872 2503 3937 gratiam
2526 3883 2767 3930 nostram
2800 3877 2930 3932 velis
2950 3879 3167 3933 habere.

2715 3986 3049 4074 EPIS’IOLA
3081 3991 3246 4074 'xxu.

2625 4072 2691 4109 ΑΒ
2725 4074 2778 4109 Δ.
2818 4073 3007 4113 IISSUII
3040 4072 3353 4117 DOIINICUI.

2269 4143 2476 4198 Dilecto
2502 4143 2655 4199 fratri
2686 4157 2741 4201 et
2767 4149 2941 4204 amico
2965 4149 3029 4202 A.
3063 4151 3227 4207 misso
3257 4154 3528 4210 dominico
3549 4197 3564 4221 ,
3617 4156 3782 4228 Egin-

2198 4233 2402 4288 bardus
2429 4236 2808 4305 sempiternam
2831 4239 2887 4293 in
2908 4239 3137 4297 Domino
3166 4244 3416 4299 salutem.

2266 4323 2528 4380 Putabam
2581 4330 2678 4384 tibi
2721 4331 2858 4386 bene
2886 4335 3160 4403 cognitum
3189 4352 3309 4393 esse
3360 4340 3506 4411 quod
3532 4340 3786 4400 homines

2201 4418 2397 4483 nostri,
2450 4434 2586 4488 quos
2635 4421 2689 4475 in
2721 4422 2837 4477 istis
2865 4427 3109 4492 partibus
3152 4429 3434 4494 habemtts,
3480 4435 3784 4490 secundum

2201 4508 2598 4565 ordinationem
2651 4519 2706 4565 et
2739 4510 3038 4579 iussionem
3063 4515 3247 4572 domni
3288 4520 3652 4589 imperatoris,
3717 4539 3786 4580 ad

2202 4596 2499 4650 custodiam
2549 4600 2877 4655 maritimam
2908 4603 3126 4659 fuerunt
3167 4623 3274 4662 non
3323 4609 3495 4664 solum
3525 4627 3594 4667 eo
3645 4625 3778 4669 tem

2202 4699 2354 4754 pore,
2383 4690 2596 4755 quando
2626 4684 2715 4744 ille
2737 4730 2749 4744 .
2785 4733 2795 4744 .
2826 4733 2839 4744 .
2871 4731 2885 4745 .
2937 4694 3109 4748 oriam
3144 4696 3168 4735 ε
3214 4696 3493 4766 profectus
3520 4711 3625 4765 est,
3685 4706 3786 4758 sed

2203 4776 2364 4830 etiam
2390 4779 2604 4845 quando
2623 4779 2941 4837 Aurelianos
2960 4786 3217 4852 perrexit.
3260 4787 3326 4841 Et
3350 4789 3471 4844 ideo
3492 4807 3600 4846 non
3633 4793 3786 4848 vide—

2203 4877 2290 4921 tur
2318 4869 2448 4922 mihi
2466 4869 2674 4936 justum
2698 4887 2820 4927 esse
2845 4883 2898 4927 ut
2920 4876 3274 4931 heribannum
3298 4880 3509 4935 solvere
3523 4883 3782 4947 debeant,

2201 4962 2293 5028 qui
2319 4977 2426 5015 non
2449 4963 2611 5018 aliubi
2639 4963 2876 5046 fuerunt,
2929 4968 3031 5022 nisi
3055 4970 3146 5023 ubi
3181 4971 3296 5040 ipse
3321 4971 3621 5041 imperator
3642 4991 3786 5046 prze-

2199 5053 2360 5119 cepit.
2398 5054 2468 5106 Et
2495 5054 2612 5109 ideo
2640 5039 2836 5124 precor
2873 5039 3215 5114 dilectionem
3231 5070 3375 5115 tuam
3399 5039 3457 5117 ut
3475 5039 3785 5137 nobis—spa-

2202 5140 2331 5194 tium
2360 5143 2481 5198 inde
2504 5144 2690 5210 dones,
2707 5147 2878 5202 donec
2900 5148 3129 5204 domnus
3153 5149 3447 5218 imperator
3469 5155 3710 5218 venerit,
3732 5164 3788 5209 et

2276 5286 2296 5312 ε
2339 5276 2431 5330 Sic
2452 5277 2650 5342 codex;
2676 5288 2732 5332 at
2757 5277 2944 5333 Teulet
2970 5281 3131 5336 habet
3152 5282 3487 5338 Hrotbertus.

2280 5345 2295 5381 ί
2341 5346 2549 5409 Melius,
2581 5348 2791 5413 Teulet,
2826 5349 3079 5403 Turonos.

2275 5415 2706 5486 3_Teuletputat
2731 5419 2829 5470 bas
2869 5419 3076 5473 litteras
3122 5421 3287 5473 ariam
3317 5437 3438 5477 esse
3484 5424 3649 5479 ﬁnem
3680 5444 3780 5482 no-

2198 5483 2377 5563 minis“
2395 5483 2623 5563 alicujus
2650 5488 2898 5563 civitatis
2916 5489 2998 5542 vel
3030 5489 3288 5563 regionis
3310 5502 3363 5546 et
3415 5495 3778 5563 supplendum

2194 5568 2313 5606 esse
2339 5554 2491 5624 Bajo,
2530 5565 2583 5608 et
2611 5557 2682 5609 ita
2712 5556 2994 5625 legendum
3024 5554 3163 5612 foret
3189 5554 3522 5629 Baioariani.
