3928 6330
196 283 306 339 81⁵1

193 493 524 562 praceperit
563 493 796 564 Qualiter
838 496 914 550 illi
945 498 1227 566 placuerit.
1290 503 1429 571 Opto
1467 514 1526 559 ut
1565 521 1781 577 semper

196 579 343 637 bene
369 582 593 638 valeatis
621 584 674 639 in
713 586 961 642 Domino.

723 699 1054 758 EPISTOLA
1088 706 1268 760 XXIII.

667 829 732 866 Αι)
765 829 1125 871 ὝΙΟΕΒΟΜΙΝΙἯ
1158 835 1314 874 ευιῖκ.

275 917 332 972 In
370 917 570 975 Christi
597 924 830 988 nomine,
867 926 1034 981 abbas
1067 928 1408 998 Eginhardus
1448 936 1778 993 vicedomiuo

193 1015 258 1061 et
290 1006 432 1063 ﬁdeli
461 1020 642 1066 nostro
669 1013 916 1070 salutem.

274 1097 470 1154 Notum
493 1103 564 1158 sit
583 1106 709 1172 quia
730 1106 974 1163 volumus
996 1118 1056 1164 ut
1079 1111 1322 1168 homines
1363 1115 1572 1186 aliquos
1598 1121 1780 1175 mittas

197 1187 274 1242 ad
296 1189 497 1259 Aquas,
555 1194 645 1262 qui
697 1197 1003 1252 mansiones
1049 1211 1262 1257 nostras
1289 1208 1578 1261 cmendeut
1620 1220 1780 1279 atque

197 1288 534 1346 restaureut,
573 1291 628 1337 et
659 1299 741 1348 ea,
785 1301 905 1355 quae
928 1288 1083 1343 nobis
1116 1291 1188 1345 ibi
1225 1297 1527 1349 necessaria
1562 1308 1685 1352 sunt
1711 1301 1778 1353 ad

196 1370 534 1438 habendum,
571 1375 623 1427 id
649 1383 730 1429 est
757 1374 1006 1444 farinam,
1052 1381 1288 1449 bracem,
1319 1387 1519 1449 vinum,
1572 1388 1775 1444 forma-

198 1470 338 1527 tem,
369 1471 424 1516 et
443 1472 660 1530 caetera,
687 1470 980 1522 secundum
1018 1475 1482 1541 consuetudinem,
1535 1487 1778 1548 tempore

191 1562 504 1622 opportuno
527 1555 654 1611 illuc
683 1560 866 1615 venire
891 1560 1076 1616 faciast
1126 1563 1296 1620 Boves
1319 1583 1466 1631 vero,
1512 1571 1601 1638 qui
1627 1573 1774 1626 occi-

193 1642 364 1696 dendi
390 1653 537 1710 sunt,
568 1647 812 1704 volumus
846 1662 904 1704 ut
927 1652 1094 1708 facias
1123 1657 1187 1708 ad
1213 1656 1541 1714 Ludiuacam
1569 1663 1776 1727 venire,

192 1743 254 1788 et
281 1735 354 1790 ibi
378 1737 656 1794 occidere:
709 1758 872 1796 unum
896 1759 962 1798 ex
985 1746 1069 1801 his
1092 1747 1340 1804 volumus
1390 1759 1448 1804 ut
1471 1753 1584 1806 dari
1609 1753 1776 1810 facias

193 1822 550 1898 Hruotlouge,
605 1838 658 1884 et
684 1832 772 1885 illa
804 1835 1080 1890 minutalia
1104 1847 1266 1908 atque
1315 1841 1613 1908 interanea,
1656 1861 1775 1914 qua:

194 1917 270 1970 ad
294 1927 536 1972 nostrum
581 1936 713 1992 opus
762 1925 966 1979 servari
1020 1943 1127 1983 non
1159 1942 1401 1999 possunt,
1448 1935 1693 1990 volumus
1717 1947 1776 1990 ut

195 2008 398 2062 dentur
426 2011 490 2065 ad
515 2011 660 2066 illam
690 2011 948 2071 familiam
972 2035 1091 2088 quae
1117 2021 1314 2077 ibidem
1337 2031 1438 2078 est.
1484 2025 1591 2080 Nos
1622 2043 1771 2090 vero,

194 2097 431 2154 Domino
480 2100 783 2170 adjuvante,
832 2107 875 2161 si
919 2109 1027 2165 vita
1055 2126 1235 2167 comes
1283 2106 1464 2179 fuerit,
1508 2117 1772 2182 volumus,

191 2191 347 2245 circa
375 2193 594 2248 missam
621 2197 1051 2264 sanctiMartini,
1084 2203 1151 2256 ad
1189 2205 1443 2274 palatium
1473 2207 1690 2262 venire:
1721 2218 1776 2264 et

193 2280 324 2334 ideo
349 2283 594 2339 volumus
615 2287 813 2342 ut'hrec
838 2291 1018 2344 omnia
1043 2291 1350 2361 junioribus
1369 2283 1531 2350 etiam
1554 2306 1679 2353 nota
1696 2299 1775 2352 fa-

191 2373 335 2437 cias,
361 2374 545 2444 eisque
572 2392 638 2432 ex
659 2379 825 2434 verbo
840 2392 1026 2436 nostro
1047 2386 1331 2456 praecipias
1359 2396 1416 2441 ut
1445 2390 1694 2444 similiter
1709 2393 1774 2446 de

191 2477 435 2532 expensa
461 2476 644 2522 nostra
673 2468 893 2538 faciant,
943 2472 1084 2528 sicut
1106 2483 1158 2528 te
1185 2475 1364 2530 facere
1409 2479 1768 2548 przecipimus.

191 2552 348 2609 Bene
369 2555 505 2611 vale.

709 2651 1041 2710 EPISTOLA
1068 2656 1253 2713 XXIV.

553 2779 621 2817 AD
650 2779 901 2827 QUEIIDAI
932 2783 1225 2823 IINISTRUI
1261 2786 1416 2826 SUUI.

267 2869 328 2924 In
358 2869 559 2927 Christi
575 2875 810 2942 nomine,
837 2876 1195 2947 Eginhardus,
1219 2880 1392 2938 dictus
1413 2883 1596 2948 abbas,
1625 2884 1689 2939 N.
1717 2885 1769 2939 in

192 2959 432 3015 Domino
462 2963 707 3018 salutem.

266 3045 464 3101 Notum
487 3047 582 3103 tibi
609 3047 837 3106 facimus
865 3053 1008 3121 quod
1032 3068 1159 3110 cera
1185 3056 1485 3128 indigemus
1504 3060 1571 3115 ad
1600 3063 1772 3117 servi-

1647 303 2003 363 EPISTOLE
2016 354 2026 364 .

196 414 312 455 nos
331 399 479 459 illum
508 401 916 484 admonebimus
941 406 1006 462 de
1030 405 1271 476 iussione
1298 426 1416 477 sua,
1448 422 1501 468 et
1537 415 1628 469 ille
1651 426 1781 471 tunc
1807 421 1857 480 Α

3362 325 3463 381 1518

2391 427 2721 486 EPISTOLA
2759 431 2948 487 XXVI.

2346 533 2412 571 AD
2475 536 2676 575 AIICUI
2735 537 2871 577 SUUII
2934 541 2986 578 υ.

1956 597 2051 652 Ev.
2093 599 2192 654 SS.
2228 603 2276 655 δ.

1955 691 2275 750 Frumoldus
2315 696 2456 752 illius
2503 698 2567 752 N.
2620 704 2868 768 comitis,
2913 705 3067 773 cujus
3113 706 3177 760 N.
3214 722 3460 764 sororem

1883 779 2073 845 habet,
2119 785 2292 854 magis
2328 785 2642 842 inﬁrmitate
2670 807 2831 859 quam
2871 804 3147 850 senectute
3183 797 3461 853 confectus

1890 901 1948 909 —
1975 887 2097 925 nam
2125 876 2382 931 continuo
2423 891 2486 931 ac
2511 880 2660 947 gravi
2690 883 2883 948 pedum
2920 884 3102 939 dolore
3131 896 3361 942 vexatur
3388 919 3460 929 —

1883 962 2044 1015 habet
2072 965 2394 1020 beneficium
2422 983 2527 1021 non
2559 970 2760 1037 grande
2792 973 2845 1026 in
2876 974 3200 1044 Burgundia,
3237 978 3289 1031 in
3321 995 3462 1048 pago

1881 1052 2235 1117 chawense,
2262 1057 2351 1110 ubi
2377 1066 2530 1127 pater
2559 1061 2674 1129 ejus
2700 1077 2881 1115 comes
2911 1063 3031 1128 fuit,
3062 1075 3117 1118 et
3149 1070 3303 1121 timet
3330 1069 3461 1122 illud

1880 1143 2124 1209 perdere,
2179 1145 2278 1198 nisi
2327 1155 2505 1200 vestra
2563 1150 2866 1220 benignitas
2911 1153 2983 1206 illi
3032 1156 3348 1223 opituletur,
3390 1175 3459 1214 eo

1881 1231 2023 1299 quod
2065 1247 2173 1299 prae
2225 1233 2536 1291 inﬁrmitate
2573 1249 2593 1276 ο
2627 1256 2732 1308 qua
2774 1243 3058 1310 premitur,
3094 1246 3159 1299 ad
3197 1248 3455 1316 palatium

1881 1324 2068 1376 venire
2096 1340 2201 1378 non
2231 1337 2425 1394 potest.
2450 1329 2654 1384 Idcirco
2680 1341 2933 1401 precatur
2956 1343 3034 1399 ut,
3061 1337 3115 1389 in
3141 1338 3239 1392 ista
3269 1354 3456 1393 neces-

1881 1412 2060 1474 sitate,
2098 1414 2349 1469 domuum
2392 1402 2774 1487 imperatorem
2825 1433 3015 1494 rogare
3047 1427 3362 1496 dignemini,
3399 1439 3458 1481 ut

1880 1506 2156 1571 permittat
2191 1521 2248 1560 se
2278 1507 2477 1561 habere
2505 1509 2850 1575 beneficium,
2891 1516 3032 1582 quod
3060 1531 3192 1571 avus
3220 1517 3336 1583 ejus
3376 1518 3456 1572 illi

1881 1595 2178 1659 concessit,
2219 1602 2274 1648 et
2307 1605 2461 1664 pater
2490 1597 2688 1653 habere
2726 1603 2993 1668 permisit,
3031 1619 3342 1675 quousque,
3375 1607 3454 1661 vi-

1883 1686 2031 1740 ribus
2072 1688 2322 1756 receptis,
2369 1689 2436 1742 ad
2485 1688 2600 1756 ejus
2646 1695 2987 1760 praesentiam
3036 1697 3241 1750 venerit
3288 1712 3352 1753 ac
3396 1703 3458 1752 se

1806 1769 1851 1828 Β
1881 1777 2106 1836 solemni
2165 1794 2315 1832 more
2355 1782 2839 1837 commendaverit.
2889 1785 3033 1841 Bene
3080 1789 3233 1852 vale,
3285 1790 3456 1860 igulo-

1878 1883 1994 1922 rum
2024 1871 2393 1924 amantissime
2412 1911 2428 1934 ,
2461 1873 2539 1926 sic
2565 1881 2714 1941 optet
2743 1873 2765 1913 δ
2807 1875 2981 1938 igulus
3009 1884 3130 1932 tuus
3163 1879 3374 1935 vetulus
3397 1889 3454 1936 et

1877 1957 2144 2012 inﬁrmus.

2363 2051 2696 2108 EPISTOLA
2737 2055 2829 2108 XX
2841 2057 2946 2110 VII.

2442 2159 2508 2197 AD
2547 2161 2599 2197 Ν.
2639 2159 2898 2218 ςοωιτευ.

1944 2227 2226 2299 Magniﬁce
2259 2240 2312 2285 et
2343 2233 2641 2289 honorabili
2674 2246 2836 2305 atque
2864 2238 3056 2293 illustri
3086 2241 3200 2295 viro
3231 2241 3292 2295 N.
3326 2245 3442 2313 glo-

1875 2318 2019 2372 rioso
2050 2321 2230 2375 comiti
2257 2362 2271 2383 .
2313 2321 2650 2392 Eginhardus
2689 2327 3072 2395 sempiternam
3116 2334 3168 2383 in
3218 2332 3454 2388 Domino

1875 2409 2124 2464 salutem.

1945 2498 2008 2552 N.
2057 2515 2253 2555 vassus
2283 2502 2606 2570 dominicus,
2655 2506 2823 2562 frater
2867 2512 3052 2565 uxoris
3103 2511 3166 2565 Ν.
3213 2515 3451 2578 comitis,

1873 2590 2061 2645 morbo
2109 2591 2302 2659 pedum
2348 2601 2404 2647 et
2442 2604 2717 2652 senectute
2751 2599 2962 2668 gravis,
3008 2602 3221 2657 volebat
3263 2606 3451 2660 venire

1873 2681 1940 2734 ad
1970 2681 2224 2737 damnum
2265 2685 2647 2767 imperatorem
2695 2706 2708 2740 :
2755 2691 2850 2744 sed
2878 2706 2982 2746 non
3024 2694 3200 2761 potuit
3225 2703 3446 2765 propter

1874 2768 2243 2824 inﬁrmitatem
2275 2788 2448 2826 suam.
2481 2773 2613 2828 Cum
2638 2777 2869 2843 primum
2893 2783 3149 2849 potuerit,
3177 2786 3353 2838 veniet
3380 2784 3447 2838 ad

1872 2859 2150 2912 servitium
2186 2859 2318 2927 ejus.
2355 2861 2572 2917 Interim
2612 2867 2848 2932 postulat
2875 2877 2935 2921 ut
2963 2871 3064 2924 sibi
3104 2872 3259 2927 liceat
3286 2874 3446 2930 bene-

1873 2945 2054 3000 ﬁcium
2078 2963 2232 3001 suum
2263 2951 2485 3017 habere,
2510 2955 2652 3022 quod
2689 2957 2737 3009 ei
2768 2958 2996 3014 domnus
3025 2961 3251 3018 Karolus
3280 2965 3450 3036 impe-

1875 3045 2023 3090 rator
2054 3037 2202 3093 dedit
2230 3040 2282 3094 in
2312 3041 2644 3113 Burgundia,
2671 3047 2723 3098 in
2745 3062 2880 3117 pago
2898 3048 3249 3118 Genawense,
3276 3071 3447 3125 usque

188 3136 334 3190 tium
370 3147 636 3204 nostrum,
689 3148 744 3195 et
772 3111 956 3197 hoc'm
989 3144 1107 3200 istis
1147 3145 1278 3201 locis
1299 3111 1767 3218 ςῲυρθέτξῆἆη
1797 3111 1843 3172 C
1876 3124 2001 3178 dum
2029 3126 2114 3181 ille
2141 3128 2204 3182 ad
2224 3132 2565 3198 prmsentiam
2594 3134 2711 3201 ejus
2734 3140 2962 3206 venerit,
2995 3157 3059 3194 ac
3084 3157 3141 3196 se
3169 3143 3223 3197 in
3253 3161 3448 3201 manus

187 3240 502 3297 possumus,
549 3229 677 3296 quia
715 3245 913 3299 parvus
966 3243 1264 3301 proventus
1311 3238 1483 3291 mellis
1532 3238 1635 3293 fuit
1674 3254 1771 3308 per

191 3316 299 3370 hos
334 3316 466 3372 duos
495 3332 665 3373 annos
694 3320 745 3373 in
767 3320 888 3375 istis
923 3324 1249 3394 regionibus.
1297 3327 1422 3382 ideo
1440 3328 1686 3384 volumus
1709 3338 1769 3383 ut

187 3415 399 3461 tractes
443 3417 605 3478 atque
653 3412 960 3468 consideres
990 3427 1111 3467 cum
1160 3414 1224 3468 Ν.
1255 3417 1505 3484 qualiter,
1559 3419 1603 3473 si
1651 3417 1768 3473 ﬁeri

185 3507 394 3568 potest,
429 3517 587 3555 uuam
612 3512 910 3556 saumatam
941 3516 965 3544 ι
1009 3503 1220 3560 faciatis
1250 3507 1409 3561 simul
1436 3523 1558 3562 cum
1585 3510 1765 3563 vasal-

187 3590 260 3645 lis
291 3591 508 3656 nostris,
553 3592 725 3660 quiad
753 3609 853 3648 nos
876 3596 940 3649 de
963 3595 1080 3651 istis
1107 3599 1368 3667 partibus,
1394 3609 1518 3668 post
1545 3601 1766 3656 missam

186 3681 369 3735 sancti
417 3681 669 3747 Bavonis,
715 3693 1078 3741 revertuntur.
1150 3689 1291 3743 Bene
1325 3691 1441 3744 vale
1464 3699 1518 3745 et
1545 3707 1638 3746 ora
1669 3707 1767 3761 pro

186 3771 371 3825 nobis.

708 3865 1040 3925 EPISTOLA
1077 3870 1239 3924 XXV.

723 3995 791 4032 AD
829 3994 880 4031 Ν.
920 3995 1228 4034 EPISCOFUM.

1873 3213 1989 3280 ejus
2031 3220 2505 3274 commendaverit.
2556 3223 2682 3278 Mihi
2711 3242 2924 3296 quoque
2968 3239 3173 3286 rectum
3220 3242 3275 3289 et
3316 3238 3446 3290 utile

1872 3305 2084 3359 videtur
2125 3317 2183 3361 ut
2223 3309 2294 3362 ita
2344 3311 2468 3376 ﬁat,
2507 3314 2645 3368 sicut
2687 3316 2799 3386 ipse
2847 3320 3151 3387 desiderat,
3195 3326 3318 3394 quia
3364 3327 3447 3381 vir

1871 3395 2043 3450 bonus
2082 3413 2144 3452 ac
2182 3399 2416 3467 prudens
2459 3412 2562 3468 est,
2608 3415 2661 3459 et
2687 3408 2840 3464 bonae
2884 3410 3037 3466 fama:
3079 3400 3218 3469 inter
3240 3417 3447 3473 vicinos

1871 3501 2020 3553 suos,
2055 3498 2107 3542 et
2137 3505 2232 3544 vos
2258 3492 2396 3547 bene
2422 3492 2652 3561 facietis,
2684 3499 2729 3552 si
2774 3516 2897 3555 eum
2947 3504 2999 3556 in
3046 3504 3148 3558 hac
3193 3524 3251 3562 re
3288 3509 3443 3578 adju-

1870 3594 1998 3633 vare
2045 3581 2357 3652 dignemini.
2403 3585 2542 3656 Opto
2585 3599 2644 3643 ut
2687 3605 2901 3661 semper
2943 3594 3080 3652 bene
3129 3599 3352 3656 valeatis
3391 3604 3443 3656 iu

1872 3667 2115 3723 Domino.

2350 3783 2684 3842 EPISTOLA
2703 3790 2943 3848 XXVIII.

2427 3916 2498 3954 AD
2534 3915 2586 3954 κ.
2626 3917 2886 3962 εοιιιτει.

1939 4001 2221 4074 Magniﬁce
2253 4013 2308 4062 et
2347 4008 2647 4066 honorabili
2680 4023 2843 4083 atque
2875 4017 3067 4074 illustri
3103 4021 3164 4074 Ν.
3204 4023 3443 4092 glorioso

265 4088 492 4144 Domino
509 4100 697 4145 sancto
724 4102 777 4146 et
803 4093 995 4148 merito
1019 4096 1312 4150 venerabili
1347 4097 1436 4163 N.,
1471 4101 1792 4166 reverenda,
1868 4097 2074 4160 comiti,
2107 4098 2446 4167 Eginhardus
2472 4111 2727 4158 aeternam
2760 4108 2812 4160 in
2853 4109 3078 4166 Domino
3103 4114 3350 4173 saiutem.

190 4179 537 4249 Eginhardus
563 4192 835 4252 peccator.

261 4270 492 4337 Quidam
519 4288 706 4329 servus
740 4272 951 4332 Sanctae
976 4279 1177 4342 Mariae,
1218 4283 1435 4337 nomine
1454 4283 1540 4348 N.,
1582 4285 1647 4339 ad
1674 4301 1763 4341 ve-

187 4370 324 4417 stra:
347 4366 646 4421 sanctitatis
669 4369 939 4436 pertinens
964 4379 1304 4438 potestatem,
1324 4377 1469 4428 venit
1494 4378 1559 4430 ad
1580 4377 1762 4431 limina

1937 4185 2086 4254 Rogo
2113 4188 2498 4258 benignitatem
2537 4203 2772 4250 vestram
2808 4207 2866 4251 ut
2910 4201 3053 4256 hunc
3081 4202 3336 4270 juvenem
3371 4207 3434 4260 Ν.

1866 4274 2005 4342 apud
2039 4274 2295 4332 domuum
2336 4279 2711 4349 imperatorem
2745 4287 3000 4355 adjuvare
3037 4292 3350 4362 dignemini,
3378 4309 3438 4366 ut
3462 4313 3476 4328 ο

1865 4362 2218 4431 beneﬁcium,
2268 4371 2416 4438 quod
2456 4373 2570 4440 ipse
2609 4383 2662 4427 et
2696 4374 2863 4430 frater
2888 4394 3016 4433 suus
3052 4382 3284 4448 habent,
3325 4362 3437 4440 non

189 4453 472 4508 beatorum
500 4455 696 4510 Christi
721 4467 1017 4529 martyrum
1047 4460 1340 4516 Marcellini
1387 4473 1442 4519 et
1464 4465 1632 4530 Petri,
1663 4483 1762 4536 pro
1788 4457 1840 4515 D
1866 4455 2110 4521 Ρθτάδηίο
2145 4456 2353 4512 “abem
2386 4461 2532 4514 enim
2576 4463 2629 4516 in
2674 4480 2809 4534 P380
2839 4467 3183 4526 Tumacense
3224 4484 3248 4511 ⁸
3283 4490 3434 4528 mil"-

190 4543 400 4599 scelere
444 4547 585 4615 quod
622 4550 890 4602 commisit
943 4548 1309 4608 interficiendo
1347 4556 1551 4609 socium
1609 4571 1764 4611 suum

192 4643 416 4702 propter
462 4639 771 4691 scandalum
819 4639 963 4707 quod
1017 4641 1161 4695 inter
1215 4658 1308 4697 eos
1351 4645 1450 4698 fuit
1491 4657 1760 4700 exortum.

189 4720 425 4776 Proinde
449 4729 1084 4793 precamursanctitatem
1114 4741 1351 4787 vestram
1383 4745 1460 4800 ut,
1492 4737 1560 4794 ob
1607 4755 1761 4793 reve-

191 4814 426 4868 rentiam
468 4820 776 4874 eorumdem
816 4832 1133 4890 martyrum,
1181 4827 1247 4878 ad
1302 4842 1531 4895 quorum
1580 4830 1761 4884 limina

186 4901 508 4972 confugit,ei
534 4923 756 4976 parcere
784 4911 1099 4981 dignemini,
1139 4925 1219 4978 ut,
1253 4917 1460 4972 indulta
1493 4923 1762 4975 membro-

183 5010 314 5048 rum
340 4993 667 5068 integritate,
696 5004 1088 5072 verberumque
1113 5020 1293 5073 pinna,
1332 5009 1489 5063 liceat
1516 5012 1586 5064 illi
1616 5013 1760 5065 solu-

186 5081 340 5139 tione
359 5088 596 5153 pecunia:
620 5103 939 5158 componcrc
969 5101 1129 5162 atque
1148 5098 1434 5150 emendare
1455 5100 1595 5166 quod
1617 5100 1756 5154 mala

181 5175 464 5231 voluntate
512 5181 798 5234 commisit.
871 5181 1128 5252 Optamus
1151 5189 1488 5243 sanctitatem
1521 5200 1755 5245 vestram

179 5280 402 5334 semper
427 5267 478 5319 in
505 5267 721 5324 Christo
746 5272 881 5326 bene
906 5273 1103 5339 valere,
1156 5278 1493 5333 sanctissime
1517 5296 1577 5334 ac
1605 5296 1756 5335 reve—

179 5355 493 5412 rentissime
521 5368 696 5427 pater.

251 5565 275 5592 °
314 5557 500 5616 Teulct
524 5561 691 5627 addit,
714 5565 870 5628 nobis
898 5583 1086 5620 ventre.

165 5704 187 5757 Ι
248 5630 278 5667 δ
319 5629 408 5685 Sic
457 5632 520 5685 Ι).
561 5631 769 5704 Bouq.;
812 5644 866 5689 at
906 5635 1091 5690 Teulct
1117 5637 1419 5694 Eia/tardus
1447 5639 1511 5693 (λ’.
1541 5660 1634 5696 suo
1664 5661 1749 5697 sa-

198 5709 356 5756 vtem.

198 5709 356 5756 vtem.

1861 4559 1949 4598 sos
1992 4562 2091 4609 xv,
2129 4557 2183 4602 et
2217 4549 2357 4603 ultra
2399 4550 2638 4629 Hrenum
2669 4571 2884 4612 mansos
2924 4575 2974 4612 v.
3018 4560 3134 4629 Ipse
3173 4565 3286 4618 vult
3309 4566 3431 4620 eum

1860 4636 2121 4691 beneﬁcio
2161 4640 2304 4706 quod
2349 4641 2402 4695 in
2452 4641 2796 4701 Tornacense
2832 4657 2935 4712 est,
2979 4653 3184 4707 servire
3233 4655 3431 4711 domno

1861 4723 2191 4794 imperatori,
2226 4736 2279 4782 et
2323 4737 2382 4783 ut
2417 4730 2580 4786 irater
2615 4749 2764 4800 suus,
2807 4751 2931 4790 cum
2982 4739 3070 4793 illo
3109 4743 3252 4809 quod
3292 4744 3430 4798 ultra

1860 4813 2096 4869 Hrenum
2126 4827 2230 4882 est,
2259 4833 2317 4873 se
2356 4821 2424 4874 ad
2467 4819 2530 4874 N.
2576 4825 2932 4889 commendet,
2967 4835 3021 4881 et
3066 4837 3241 4884 tamen
3280 4847 3431 4886 com-

1859 4904 2094 4958 muniter
2131 4906 2260 4961 illud
2302 4908 2619 4964 beneﬁcium
2675 4920 2844 4966 totum
2885 4915 3173 4971 habeantz‘
3201 4922 3293 4974 sed
3340 4922 3430 4975 ille

1863 5007 1967 5046 non
1990 4994 2104 5046 vult
2126 4996 2172 5050 ei
2200 4997 2266 5050 ad
2302 4998 2403 5052 hoc
2431 5001 2761 5067 consentire,
2795 5004 2896 5058 nisi
2933 5005 3162 5061 domnus
3190 5009 3424 5078 impera—

1862 5090 1946 5135 tor
1973 5084 2047 5137 illi
2074 5087 2368 5155 praacipiat.
2403 5087 2538 5143 Nam
2569 5092 2669 5145 nisi
2701 5093 2802 5148 hoc
2839 5092 3038 5150 factum
3084 5097 3263 5163 fuerit,
3301 5117 3397 5170 per

1859 5174 1994 5228 dunt
2042 5175 2171 5228 illud
2208 5175 2528 5234 beneﬁcium
2571 5180 2714 5251 quod
2746 5183 2887 5237 ultra
2923 5183 3159 5240 Hrenum
3205 5190 3403 5244 habent

1856 5263 1980 5318 Ideo
2023 5274 2278 5333 precatur
2311 5266 2602 5323 bonitatem
2651 5279 2885 5326 vestram
2925 5283 2984 5326 ut
3019 5276 3143 5329 inde
3169 5277 3423 5331 domuum

1858 5353 2234 5421 imperatorem
2265 5372 2457 5424 rogare
2485 5358 2800 5428 dignemini,
2847 5371 2908 5416 ut
2951 5362 3173 5419 fratrem
3202 5367 3318 5434 ejus
3347 5369 3424 5421 sic

1860 5442 2036 5496 facere
2056 5442 2278 5510 jubeat:
2308 5459 2363 5500 et
2393 5447 2506 5515 ipse
2531 5457 2752 5516 paratus
2775 5459 2859 5505 est
2886 5451 3062 5507 facere
3091 5453 3424 5519 ﬁrmitatem,

1930 5587 1951 5652 ξ
1992 5576 2169 5652 Codex
2194 5579 2477 5652 et‘Teulet,
2505 5593 2714 5652 propter
2741 5584 3092 5652 inﬁmitatem
3117 5621 3130 5634 ο

1925 5644 1949 5683 δ
1991 5645 2197 5718 Teulct,
2233 5647 2407 5718 Optat.

1929 5727 1952 5756 ο
1993 5715 2082 5772 Sic
2111 5715 2306 5785 codex';
2338 5719 2542 5786 Teulet,
2574 5721 2911 5782 Tornaceme.
