3928 6324
1825 276 2201 337 EGINHARDI
2234 276 2529 337 ABBATIS

3691 278 3795 334 520

529 388 749 462 qualem
791 390 990 448 domno
1029 390 1346 464 imperatori
1381 390 1670 465 placuerit,
1720 392 1867 464 quod
1914 393 2114 455 benefi-
2139 399 2193 454 Α
2216 408 2408 449 noctva
2452 392 2624 448 servis
2669 391 2786 456 Dei,
2820 391 2921 446 nisi
2950 394 3056 463 'pcr
3099 392 3329 463 gratiam
3374 393 3616 448 divinam
3643 392 3794 449 bonis

530 481 676 539 cium
701 498 858 539 suum
884 484 1247 540 communiter
1268 500 1392 540 cum
1434 484 1605 541 fratre
1630 500 1729 541 suo
1769 484 1970 541 habere
2007 501 2115 541 non

532 571 649 628 vult
692 589 906 644 semper
954 586 1003 629 ι.
1056 573 1195 645 Opto
1229 584 1293 631 ut
1336 588 1552 647 semper
1601 576 1741 632 bene
1788 574 2018 632 valeatis
2060 575 2117 630 in

533 660 781 723 Domino.

1048 754 1387 812 EPISTOLA
1419 753 1614 817 XXIX.

1036 860 1104 901 ΔΒ
1160 862 1215 901 Ν.
1274 861 1643 903 ΒΔΩΕΒΒΟΊΕΙ.

604 934 832 989 Domino
857 944 1046 993 sancto
1080 944 1147 991 et
1164 938 1358 993 merito
1382 937 1675 995 venerabili
1705 935 1770 991 N.
1798 938 1994 993 summi
2022 937 2119 995 Del

532 1021 820 1093 sacerdoti,
852 1023 1193 1093 Eginhardus
1216 1034 1491 1093 peccator.-

602 1107 922 1167 Venientem
944 1112 1021 1167 ad
1042 1128 1141 1169 nos
1164 1114 1493 1181 Eburonem,
1521 1116 1880 1187 propinquum
1907 1125 1961 1171 et
1990 1116 2121 1172 lide-

534 1198 644 1255 lem
663 1210 904 1273 vestrum
934 1206 1172 1274 gratanti
1202 1207 1384 1261 animo
1413 1209 1777 1279 suscepimus,
1806 1210 2121 1265 existiman-

532 1299 618 1348 tes
641 1286 767 1359 eum
793 1294 993 1351 diutius
1020 1297 1160 1366 apud
1191 1312 1289 1352 nos
1318 1313 1438 1353 esse
1470 1314 1809 1353 mansurum.
1850 1299 1960 1355 Sed
1992 1301 2121 1370 quia

530 1381 621 1438 ille
648 1384 719 1440 ad
737 1399 836 1441 vos
861 1384 1042 1443 redire
1070 1386 1311 1455 festinat,
1349 1389 1619 1445 noluimus
1642 1390 1791 1444 illum
1822 1391 1941 1445 sine
1971 1391 2120 1446 litte-

531 1474 610 1529 ris
650 1475 855 1535 nostris
879 1476 1175 1541 dimittere,
1207 1492 1276 1533 ne
1316 1479 1362 1533 si
1398 1479 1584 1533 vaenis
1618 1480 1867 1534 manibus
1896 1482 2119 1547 rediret,

533 1562 602 1619 ad
626 1578 725 1619 nos
748 1580 858 1619 non
899 1567 1114 1623 venisse
1138 1576 1443 1638 putaretur.
1480 1570 1555 1625 De
1594 1571 1680 1627 his
1708 1579 1885 1626 tamen
1917 1573 2118 1639 causis,

531 1655 759 1712 undese
788 1656 922 1711 certi
968 1658 1169 1729 aliquid
1214 1661 1283 1715 ad
1315 1676 1411 1716 vos
1448 1662 1745 1720 allaturum
1767 1664 2119 1728 existimavit,

2222 484 2466 538 moribus
2486 484 2705 539 subesse
2727 492 3050 536 noscantur:
3070 482 3195 552 quia
3225 481 3451 537 scientia
3474 479 3650 545 inﬂat,
3673 482 3793 537 clla-

2218 573 2357 628 ritas
2401 587 2531 627 vero
2572 570 2825 627 :edificat.
2892 570 3079 625 Melius
3118 570 3253 625 mihi
3300 570 3520 639 quidem
3552 581 3641 627 est
3665 582 3794 626 utte

2219 672 2493 718 mortuum
2540 661 2724 717 videre
2772 661 3070 731 contingat,
3117 676 3279 732 quam
3319 659 3565 717 inflatum
3598 669 3654 715 et
3685 676 3792 715 sca-

2220 757 2424 807 tentem
2449 752 2617 806 vitiis.
2641 750 2758 806 Non
2799 751 2943 806 enim
2985 750 3235 805 Salvator
3260 765 3290 803 a
3321 765 3376 805 se
3406 749 3791 805 miraculorum

2220 841 2385 907 facta,
2417 842 2511 896 sed
2547 841 3014 895 mansuetudinem
3037 850 3090 893 et
3121 841 3301 895 cordis
3329 840 3694 895 humilitatem
3719 840 3793 893 di-

2221 946 2375 987 scere
2396 931 2670 1001 prmccpit.
2703 929 2841 996 Quid
2871 930 3059 998 plura?
3085 927 3239 999 Saepe
3272 929 3387 983 hzec
3413 937 3468 982 et
3488 929 3593 982 alia
3614 923 3796 998 hujus-

2222 1020 2421 1075 modia
2454 1034 2539 1074 me
2566 1019 2782 1073 audisti.
2817 1018 3031 1074 Utinam
3056 1018 3341 1087 aliquando
3373 1018 3655 1089 contingat
3688 1017 3793 1071 istis

2221 1109 2475 1165 delectari
2485 1148 2499 1174 ,
2517 1108 2712 1177 quibus
2726 1107 2989 1161 munditia
3000 1107 3179 1162 cordis
3194 1107 3568 1175 corporisque,
3587 1121 3689 1175 per
3701 1101 3788 1161 Dei

2223 1201 2503 1265 auxilium,
2533 1199 2859 1268 assequitur.
2893 1198 3010 1252 Misi
3028 1198 3191 1268 igitur
3207 1198 3300 1252 tibi
3323 1197 3484 1250 verba
3511 1203 3567 1250 et
3584 1197 3791 1249 nomina

2222 1290 2453 1347 obscura
2496 1305 2563 1344 ex
2612 1290 2764 1343 libris
2808 1288 3059 1353 Vitruvii,
3095 1302 3216 1356 qua:
3247 1289 3313 1341 ad
3336 1301 3576 1355 prmsens
3611 1300 3793 1340 occur-

2224 1398 2346 1439 rere
2392 1388 2665 1451 poterant,
2707 1388 2768 1434 nt
2800 1396 2988 1435 eorum
3022 1380 3269 1434 notitiam
3298 1380 3493 1433 ibidem
3520 1373 3793 1448 perquire-

2225 1488 2333 1527 res.
2375 1472 2441 1526 Et
2479 1471 2642 1525 credo
2688 1469 2831 1539 quod
2874 1484 3060 1524 eorum
3110 1468 3342 1522 maxima
3381 1483 3507 1536 pars
3562 1469 3657 1522 tibi
3702 1468 3789 1522 de—

2224 1562 2516 1616 monstrari
2567 1560 2738 1629 possit
2785 1560 2839 1613 in
2884 1558 3137 1627 capsella,
3168 1574 3331 1629 quam
3362 1559 3592 1613 domnus
3618 1557 3677 1611 E.
3706 1574 3793 1612 co-

2224 1653 2425 1709 lumnis
2451 1653 2726 1717 eburneis,
2760 1651 2826 1705 ad
2854 1651 3028 1705 instar
3049 1651 3394 1720 antiquorum
3431 1648 3673 1719 operum,
3716 1651 3791 1705 fa-

530 1746 669 1802 nibil
707 1748 1024 1804 vobiscerﬁ
1054 1749 1382 1821 signiﬁcare,
1427 1762 1523 1806 aut
1559 1768 1657 1823 per
1686 1753 1834 1808 illum
1878 1748 2120 1809 indicare
2148 1740 2194 1799 Β
2223 1747 2472 1802 bricavit.
2520 1746 2587 1800 Et
2631 1752 2853 1816 propter
2892 1744 3023 1800 illud
3066 1745 3209 1813 quod
3254 1744 3530 1799 Vitruvius
3560 1745 3793 1798 nominat

532 1850 771 1906 possum,
824 1840 958 1909 quia.
996 1839 1227 1894 mutatio
1264 1843 1488 1906 rerum,
1521 1857 1642 1911 qu:e
1684 1858 1857 1912 nuper
1908 1842 1962 1897 in
2016 1843 2122 1899 hoc

533 1941 703 1997 regno
730 1927 871 1984 facta
896 1918 1002 1995 est,
1040 1930 1095 1984 in
1122 1938 1329 1985 tantum
1360 1946 1459 1986 nos
1484 1933 1845 1999 conturbavit,
1883 1943 1943 1989 ut
1964 1934 2121 2004 peni-

533 2027 622 2075 tus
648 2022 962 2092 ignoremus
992 2023 1121 2092 quid
1153 2038 1314 2095 agere
1345 2024 1656 2089 debeamus,
1685 2026 1787 2080 nisi
1820 2032 1896 2090 ut,
1926 2041 2122 2080 secun-

534 2111 662 2166 dum
712 2112 877 2165 verba
925 2111 1205 2182 Josapbat,
1248 2113 1435 2169 oculos
1476 2122 1690 2170 nostros
1728 2116 1793 2170 ad
1834 2115 2122 2171 Dominum

535 2201 867 2272 dirigamus;
896 2210 973 2268 et,
995 2200 1152 2271 juxta
1176 2202 1344 2263 verba
1373 2203 1646 2270 Philonis,
1689 2205 2010 2274 imploretur
2036 2204 2123 2259 di-

534 2294 752 2359 vinum,
798 2295 1015 2364 quando
1063 2296 1360 2351 humanum
1395 2306 1573 2353 cessat
1614 2298 1897 2353 auxilium.
1940 2297 2124 2367 Ipsum

536 2394 715 2441 autem
766 2385 992 2440 latorem
1055 2387 1405 2456 praesentium
1464 2386 1811 2450 Eburonem,
1875 2387 2128 2457 quamvis

538 2476 693 2532 nobis
718 2476 748 2517 ι)
784 2476 1120 2547 propinquus
1156 2478 1249 2545 sit,
1293 2474 1693 2545 charissimam,
1739 2485 1935 2533 vestrae
1989 2478 2127 2534 dile—

537 2568 703 2623 ctioni
755 2578 777 2606 α
824 2567 1285 2624 commendamus.
1323 2567 1656 2625 Conﬁdimus
1703 2564 1848 2625 enim
1895 2570 1950 2625 in
1996 2570 2124 2637 Deo,

538 2656 667 2713 licet
688 2674 834 2714 nunc
873 2658 992 2715 ﬁeri
1036 2674 1143 2714 non
1172 2669 1378 2730 posset,
1407 2660 1553 2730 quod
1596 2676 1720 2716 eum
1765 2662 1985 2726 iterum,
2017 2661 2132 2733 opi-

536 2748 744 2803 tulante
777 2748 962 2804 divina
1001 2748 1305 2812 clementia,
1336 2748 1516 2805 laetum
1544 2758 1600 2805 et
1635 2750 1898 2816 hilarem,
1929 2766 2130 2823 oppor-

542 2847 674 2897 tuno
698 2845 943 2909 tempore
963 2879 977 2904 ,
1018 2839 1087 2894 ad
1114 2853 1210 2893 vos
1236 2840 1512 2895 remittere
1551 2840 1831 2897 debemus.
1863 2839 2129 2912 Optamus

539 2942 601 2988 ut
640 2932 995 2988 sanctitatem
1031 2941 1306 2995 vestram,
1349 2931 1487 2987 bene
1536 2933 1803 2989 valentem
1845 2943 1902 2990 et
1953 2932 2137 2990 nostri

541 3037 875 3089 memorem,
926 3022 1108 3077 divina
1174 3022 1351 3094 gratia
1404 3038 1624 3097 semper
1671 3032 1746 3097 et_
1773 3025 1975 3096 ubique
2026 3040 2128 3082 eu-

542 3111 762 3171 atodiat.
1182 3092 1197 3094 ⁷
1522 3092 1541 3097 ⁷
1730 3092 1747 3116 ⁸

1064 3223 1399 3285 EPISTOLA
1434 3227 1605 3284 XXX.

944 3356 1011 3395 AD
1060 3354 1317 3396 VUSSINUI
1355 3354 1541 3395 FILIUI
1578 3354 1739 3396 ευωι.

617 3446 953 3506 Charissimo
990 3448 1099 3504 tilio
1129 3448 1157 3489 ἀ
1188 3448 1423 3504 Vussino
1454 3450 1511 3503 in
1540 3448 1775 3505 Domino
1801 3448 2056 3506 salutem.

622 3539 829 3595 Vereor
853 3553 1109 3609 namque,
1133 3538 1229 3603 illi,
1262 3545 1317 3591 et
1336 3536 1495 3593 valde
1521 3545 1704 3602 metuo
1733 3539 1900 3607 quod,
1937 3538 2131 3594 relicto

546 3629 701 3697 ovili,
732 3646 835 3688 nec
858 3631 935 3687 tui
964 3644 1066 3685 nec
1090 3628 1195 3683 mci
1231 3643 1441 3684 memor
1473 3643 1595 3684 esse
1628 3629 1829 3685 debeas
1854 3646 1867 3682 :
1893 3628 2019 3698 quia
2038 3631 2130 3698 ju-

550 3730 743 3779 ventus
795 3724 1119 3787 immatura,
1168 3721 1272 3776 nisi
1318 3708 1487 3776 frenis
1522 3720 1823 3791 disciplina:
1873 3722 2131 3786 coercita,

553 3813 696 3870 haud
743 3813 898 3869 facile
938 3828 1035 3884 per
1073 3812 1298 3883 justitia:
1331 3810 1532 3866 incedit
1568 3811 1706 3867 vias.
1744 3812 2128 3879 Quamobrem,

556 3903 627 3958 mi
662 3910 810 3967 nate,
841 3903 1011 3973 stude
1038 3902 1248 3973 probos
1282 3899 1526 3955 :emulari
1558 3908 1857 3965 mores,,et
1884 3916 2045 3969 quem
2082 3909 2135 3956 te

553 4009 767 4065 semper
799 3995 952 4064 sequi
983 3994 1259 4057 hortabar,
1311 4007 1379 4048 ne
1417 3992 1527 4048 ullo
1555 4000 1716 4062 pacto
1747 3991 2011 4048 offensum
2038 3993 2135 4047 ha-

555 4086 686 4142 bere
738 4084 912 4140 velis:
960 4084 1056 4140 sed
1097 4082 1452 4153 professionis
1483 4093 1507 4122 ο
1532 4089 1637 4137 tuae
1681 4097 1911 4147 memor,
1960 4097 2136 4152 quan-

556 4187 671 4233 tum
716 4179 833 4249 ipse
875 4178 1150 4243 annuerit,
1194 4177 1284 4232 cui
1328 4186 1381 4232 te
1430 4178 1602 4232 totum
1636 4175 1980 4240 commisisti,
2016 4175 2135 4246 ejus

556 4267 826 4324 mandatis
857 4268 1046 4323 insiste
1070 4266 1361 4322 discendis.
1403 4266 1500 4322 His
1526 4267 1772 4332 edoctus,
1807 4275 1863 4321 et
1886 4267 1940 4321 in
1969 4282 2135 4336 opere

552 4374 742 4415 eorum
783 4367 1052 4424 assuetus,
1082 4358 1233 4414 nullo
1259 4357 1706 4413 vitalis-scientia:
1736 4359 2020 4412 commodo
2043 4373 2135 4412 ca-

2224 1835 2670 1905 scenographiam
2701 1875 2715 1899 ,
2780 1834 3054 1905 interroga
3112 1832 3245 1907 quid
3300 1833 3371 1886 sit
3423 1833 3565 1901 quod
3620 1832 3787 1900 Virgi-

2223 1924 2329 1980 lius
2372 1926 2427 1979 in
2457 1924 2523 1979 lll
2572 1924 2963 1995 Georgicorum
3011 1923 3152 1978 libro
3192 1938 3409 1977 scenam
3446 1930 3619 1977 vocat.
3661 1921 3791 1976 Dicit

2224 2017 2371 2072 enim
2402 2034 2415 2070 :

2353 2102 2375 2146 9
2403 2105 2473 2154 Ad
2494 2104 2697 2156 delubra
2723 2104 2872 2166 juvat,
2903 2116 3155 2166 caasosque
3177 2103 3349 2153 videre
3362 2105 3525 2164 juven'
3545 2117 3615 2162 ος,

2349 2167 2443 2229 γει
2464 2180 2611 2216 scena
2629 2176 2683 2216 ut
2709 2167 2864 2216 versis
2880 2166 3100 2229 discedat
3124 2166 3369 2215 frontibus
3385 2204 3399 2226 ,
3427 2178 3579 2229 utque

2350 2227 2607 2291 Purpurea
2626 2230 2801 2278 intexti
2824 2228 2996 2277 tollant
3019 2228 3177 2277 antea
3203 2229 3443 2277 Britanni.

2227 2306 2383 2367 Vale.

2724 2377 3056 2435 EPISTOLA
3113 2378 3304 2433 XXXI.

2763 2485 2832 2524 AD
2869 2485 2922 2524 Ν.
2959 2483 3269 2524 EPISCOPUII.

2299 2560 2529 2615 Domino
2574 2566 2763 2615 sancto
2791 2567 2848 2613 et
2869 2560 3065 2615 merito
3089 2557 3384 2613 venerabili
3422 2557 3488 2612 N.
3524 2559 3784 2629 episeopo,

2230 2651 2573 2723 Eginhardus
2597 2651 2981 2720 sempiternam
3007 2650 3060 2704 in
3089 2649 3318 2705 Domino
3339 2650 3586 2704 salutem.

2301 2742 2559 2810 Quamvis
2581 2758 2667 2797 me
2700 2741 2926 2798 multum
2951 2742 3236 2797 contristet
3254 2742 3399 2810 quod
3428 2750 3504 2805 te,
3535 2741 3782 2795 amantis-

2230 2833 2369 2889 sime
2434 2832 2678 2894 domine,
2732 2847 2832 2902 per
2858 2871 2871 2885 .
2899 2871 2913 2884 .
2940 2871 2954 2884 .
2984 2871 2997 2883 .
3026 2870 3039 2883 .
3079 2833 3128 2897 ε,
3164 2831 3219 2884 ἱη
3270 2830 3373 2886 hoc
3420 2831 3787 2885 molestissimo

2230 2924 2477 2995 corporis
2528 2924 2698 2980 vestri
2739 2923 2926 2979 labore
2963 2924 3196 2995 positum
3233 2924 3427 2989 audio;
3466 2932 3645 2978 tamen
3690 2938 3784 2977 non

2231 3016 2515 3071 minimam
2562 3014 2719 3085 capio
2744 3013 3189 3078 consolationem,
3224 3013 3367 3084 quod
3395 3015 3537 3070 hunc
3565 3013 3783 3069 laborem

2156 3083 2202 3148 (ἶ
2234 3104 2337 3161 tibi
2365 3083 2651 3176 prolicere,
2698 3112 2753 3158 et
2792 3104 2861 3159 ad
2906 3083 3279 3174 purgationem
3311 3104 3505 3159 animm
3535 3103 3784 3173 pertinere

2231 3210 2341 3257 non
2368 3196 2581 3270 ignoro.
2612 3193 2787 3250 Credo
2811 3194 2955 3249 enim
2982 3194 3125 3264 quod
3155 3195 3275 3249 ideo
3305 3202 3357 3248 te
3384 3194 3567 3248 divina
3596 3195 3785 3249 miseri-

2232 3288 2417 3347 cordia
2464 3287 2674 3344 tamdiu
2717 3286 2773 3341 in
2814 3286 2920 3341 hoc
2969 3287 3157 3341 morbo
3207 3286 3478 3357 corporali
3535 3286 3782 3341 macerari

2230 3385 2528 3455 permittat,
2577 3382 2720 3454 quod
2765 3389 2839 3448 te,
2874 3381 2977 3436 hoc
3004 3395 3229 3451 corpore
3257 3381 3597 3451 migrantem,
3627 3396 3785 3435 emen-

2233 3475 2419 3530 datum
2436 3473 2686 3543 recipiat.
2715 3472 2792 3527 De
2812 3471 3150 3527 orationibus
3168 3486 3301 3526 vero
3320 3486 3421 3540 pro
3445 3480 3497 3525 te
3522 3469 3781 3528 faciendis.

2234 3574 2443 3621 certam
2488 3564 2628 3619 facio
2672 3564 2994 3619 charitatem
3036 3571 3185 3617 tuam
3227 3564 3393 3632 quod,
3441 3562 3496 3616 in
3545 3571 3783 3632 quantum

2234 3656 2367 3713 mihi
2408 3657 2552 3711 Deus
2584 3655 2729 3710 vires
2754 3663 2811 3709 et
2833 3654 3244 3723 possibilitatem
3284 3655 3581 3709 concedere
3621 3653 3783 3722 digna-

2234 3756 2320 3803 tus
2347 3746 2514 3802 fuerit
2538 3761 2638 3816 per
2663 3760 2781 3811 eos,
2812 3760 2950 3815 quos
2990 3744 3263 3799 auditione
3304 3744 3493 3813 dignos
3536 3744 3781 3801 aestimare

2232 3853 2473 3909 possum,
2517 3846 2732 3893 certare
2766 3836 2987 3902 curabo,
3030 3836 3482 3905 quemadmodum
3511 3844 3566 3889 et
3603 3843 3650 3889 te
3677 3848 3781 3902 erga

2234 3950 2408 3990 meam
2452 3933 2952 4004 pusillanimitatem
3002 3931 3251 3985 fiduciam
3290 3929 3489 3984 habere
3521 3943 3778 3999 cognosco.

2235 4025 2312 4079 De
2352 4024 2719 4093 recuperanda
2770 4022 3013 4091 corporis
3061 4022 3233 4075 salute
3272 4021 3398 4075 licet
3431 4034 3697 4089 nunquam
3726 4018 3782 4071 sit

2235 4112 2657 4183 desperandum,
2685 4113 2809 4180 quia
2838 4119 3031 4181 potens
3058 4118 3141 4164 est
3171 4110 3315 4164 Deus
3344 4108 3411 4163 de
3434 4118 3676 4163 creatura
3701 4121 3777 4159 sua

2236 4201 2419 4258 facere
2446 4202 2709 4271 quidquid
2744 4201 2992 4265 voluerit,
3034 4210 3214 4254 tamen
3251 4199 3443 4254 melius
3479 4208 3565 4253 est
3595 4195 3776 4252 unicui—

2236 4307 2343 4361 que
2369 4300 2616 4345 nostrum
2648 4290 2715 4345 ad
2744 4297 2893 4344 certa
2920 4305 2977 4344 se
3003 4303 3332 4359 praeparare,
3361 4303 3544 4358 quam,
3582 4295 3776 4357 propter

2238 4380 2468 4445 incerta,
2493 4381 2635 4450 quod
2672 4379 3035 4435 necessarium
3087 4386 3190 4443 est,
3240 4378 3383 4433 velut
3429 4378 3645 4432 meliora
3682 4388 3779 4444 spe-

555 4451 721 4505 rebis.
751 4450 904 4505 Sicut
928 4456 983 4503 te
1011 4464 1249 4519 praesens
1275 4448 1479 4513 monui,
1515 4448 1569 4502 in
1602 4448 1780 4502 studio
1812 4448 2053 4503 discendi
2081 4455 2133 4502 te
2159 4441 2210 4499 D
2239 4470 2407 4524 rando
2438 4441 2489 4533 ιζ,
2509 4441 2791 4540 “negligere
2856 4469 3082 4538 Opto,"
3110 4441 3324 4536 semper
3360 4468 3500 4523 bene
3542 4441 3718 4521 valeas;
3737 4464 3775 4516 ίη

554 4555 769 4607 exerce,
798 4550 855 4595 et
877 4540 1139 4612 quidquid
1167 4555 1234 4595 ex
1265 4540 1381 4609 ipso
1406 4538 1738 4594 lucidissima
1767 4549 1823 4593 et
1850 4540 2130 4594 abundan-

466 4678 483 4697 ,
557 4634 768 4690 tissimo
794 4632 975 4703 magni
998 4632 1233 4686 oratoris
1260 4631 1474 4701 ingenio
1497 4630 1710 4700 assequi
1742 4630 1938 4685 nobilis
1958 4630 2134 4686 scien-

557 4728 645 4780 tiae
669 4725 933 4794 potueris,
978 4723 1113 4777 nihil
1153 4723 1416 4776 intactum
1439 4721 1683 4790 relinque
1711 4735 1726 4773 :
1762 4720 1997 4774 maxime
2031 4735 2131 4773 au-

559 4825 668 4871 tem
694 4816 892 4885 probos
914 4827 1093 4869 mores
1120 4811 1286 4875 illius,
1312 4811 1508 4880 quibus
1533 4810 1770 4874 excellit,
1796 4810 1997 4863 imitari
2021 4824 2132 4863 me-

561 4914 777 4969 mento;
806 4904 1065 4973 quoniam
1106 4900 1456 4972 grammatica
1492 4907 1549 4954 et
1584 4899 1873 4962 rhetorica,
1910 4907 2136 4954 caetera-

557 5010 667 5066 que
702 4994 1004 5048 liberalium
1047 4993 1246 5045 artium
1283 4989 1485 5053 studia,
1533 5004 1673 5043 vana
1720 4997 1866 5054 sunt,
1902 4997 1958 5044 et
1983 4989 2138 5044 valde

634 5135 660 5162 ι
702 5121 890 5176 Teulet
912 5120 1101 5174 habere
1126 5119 1233 5174 vult
1254 5135 1486 5188 semper;

564 5209 689 5247 non.

640 5263 667 5300 ι)
699 5259 907 5325 Teulet,
937 5257 1101 5314 vobis.

641 5341 660 5366 α
688 5330 856 5395 ldem,
880 5328 1124 5383 electioni

1644 5118 1903 5189 expungit
1951 5133 2138 5174 vocem

636 5423 663 5463 ά
696 5422 986 5478 Vussinum
1033 5420 1375 5493 Eginhardus
1400 5434 1469 5475 ex
1498 5418 1665 5475 Imma
1698 5421 1924 5491 conjuge
1959 5436 2141 5477 susce—

636 5502 744 5545 rat.

571 5508 744 5564 perat.

650 5595 671 5623 ε
704 5583 779 5637 Ex
805 5584 892 5639 his
919 5583 1099 5638 verbis
1127 5581 1330 5653 colligit
1358 5579 1693 5653 Mabillonius
1713 5579 2001 5653 Yussinum
2029 5594 2145 5653 mo-

575 5654 805 5709 nachum
829 5653 1011 5721 fuisse,
1043 5653 1178 5709 forte
1213 5649 1277 5706 inv
1294 5651 1621 5706 monasterio
1648 5649 2140 5719 Selingestadieusi,

2236 4562 2486 4617 Domino.

2731 4628 3062 4684 EPISTOLA
3101 4628 3315 4684 XXXII.

2864 4736 2931 4774 AD
2966 4736 3187 4775 AIICUI.

2303 4812 2636 4868 Charissimo
2682 4826 2803 4865 meo
2860 4810 3202 4882 Eginhardus
3252 4818 3540 4880 peccator,
3580 4810 3683 4879 jam
3734 4808 3773 4858 in

2238 4914 2481 4959 extremo
2536 4903 2745 4972 positus
2769 4943 2788 4967 ,
2830 4911 2957 4958 tuus
3014 4912 3190 4957 tamen
3250 4910 3589 4970 tuorumque,
3633 4899 3774 4954 donec

2242 5004 2487 5063 superest
2509 4991 2688 5056 ﬂatus,
2716 4991 2827 5047 Deo
2856 4999 3017 5056 teste,
3047 4989 3239 5045 fidelis.

2244 5137 2309 5176 ex
2336 5136 2462 5191 quo,
2485 5122 2671 5191 relicto
2693 5122 2842 5187 ovili,
2862 5120 3085 5191 Fuldam
3104 5120 3395 5175 accesserit
3414 5117 3771 5191 adllatanum;

2246 5184 2497 5261 magnum
2528 5190 2675 5244 illum
2708 5184 2849 5261 haud
2884 5190 3043 5244 dubie
3071 5198 3363 5261 oratorem,
3412 5188 3569 5255 cujus
3611 5184 3775 5254 probos

2245 5259 2427 5315 mores
2449 5259 2557 5314 lilio
2580 5260 2866 5313 imitandos
2894 5259 3165 5328 proponit.

2324 5329 2343 5368 ί
2375 5328 2537 5383 Addit
2565 5328 2751 5383 Teulet
2780 5343 2993 5382 versum
3019 5333 3329 5395 sequentem
3360 5344 3372 5378 :

2375 5463 2385 5474 .
2417 5462 2430 5475 .
2454 5460 2467 5475 .
2499 5460 2513 5476 .
2538 5425 2644 5475 Jam
2670 5437 2800 5474 nunc
2820 5424 3068 5474 solemnes
3091 5423 3277 5472 ducere
3309 5436 3524 5485 pompas.

2326 5511 2351 5550 ³
2394 5509 2630 5579 δυβριθιγ
2663 5508 2865 5561 litteras
2910 5506 2973 5560 D.
3020 5505 3229 5579 'l‘eulet,
3280 5505 3505 5577 ejusque
3554 5512 3776 5579 punctua-

2253 5580 2455 5634 tionem
2474 5575 2763 5646 sequimur
2782 5586 2842 5629 ut
2872 5575 3054 5631 sensui
3084 5576 3367 5645 aptiorem.

2322 5650 2349 5689 ιι
2380 5648 2585 5712 Teulet,
2612 5646 2888 5707 speranda.
