3928 6310
151 378 258 432 5‘21

1619 379 1995 436 EPiSTOLIE.

3313 376 3419 431 5‘22

225 491 562 547 Commendo
584 533 597 555 ,
646 492 995 548 dilectissime
1039 493 1134 559 mi,
1182 502 1287 548 tua:
1331 493 1581 548 charitati
1628 493 1744 545 ani-
1773 498 1819 555 Α
1848 506 2037 561 gruam
2070 489 2225 544 factis
2256 490 2451 543 vestris
2491 489 2794 544 mercedem
2824 489 3121 543 retribuere
3150 488 3416 558 dignetur.

151 596 326 647 mam,
355 597 387 635 e
424 598 648 651 corpore
676 583 891 636 suh.lito
918 583 1156 651 peccatis
1180 598 1455 654 egressam
1476 624 1490 647 ,
1529 595 1588 636 ut
1622 597 1741 636 eam

151 674 211 727 in
234 686 329 727 tuo
364 683 683 743 tuorumque
713 674 953 729 fidelium
979 676 1256 729 consortio
1293 674 1529 730 adscribi
1558 674 1743 743 digne-

150 767 235 821 ris
273 785 286 820 :
320 778 619 836 quatenus,
651 776 963 821 sanctarum
1006 767 1200 821 studiis
1240 768 1581 831 orationum,
1626 767 1743 836 pio-

152 871 391 927 rumqne
420 860 673 928 precibus
719 858 971 924 fratrum,
1022 860 1221 914 misera
1255 858 1504 927 adjuvata
1537 860 1738 922 anima,

150 947 340 1003 locum
386 950 640 1017 quiddam
676 961 701 988 ι
747 949 1018 1019 refrigerii
1048 950 1294 1020 accipere
1324 959 1614 1003 mereatur.
1647 950 1740 1003 llis

151 1039 373 1109 itaque.
406 1049 625 1109 propter
656 1041 877 1094 nimiam
908 1057 1265 1111 magnamque
1292 1043 1595 1113 angustiam
1620 1058 1741 1097 car-

149 1131 243 1185 nis
276 1130 363 1184 vel
391 1131 628 1200 spiritus,
664 1132 901 1186 breviter
927 1131 1254 1201 pr;elil:atis,
1280 1132 1572 1200 deprecor,
1605 1132 1739 1187 dile-

148 1220 401 1274 ctissime
433 1220 543 1284 mi,
590 1228 649 1273 ut
673 1235 974 1284 summam,
1008 1234 1107 1288 pro
1150 1236 1333 1274 amore
1371 1221 1461 1274 Dei
1501 1236 1566 1275 ac
1606 1235 1740 1276 mete

149 1309 383 1365 vilitatis
425 1310 681 1372 amicitia,
723 1310 1073 1365 ecclesiarum
1096 1351 1111 1375 ,
1157 1327 1289 1366 mea:
1317 1312 1566 1381 parvituti
1594 1328 1741 1367 com-

150 1402 479 1466 missarum,
526 1403 783 1456 adhibeas
812 1417 1029 1466 curam,
1060 1418 1127 1457 ne
1172 1412 1294 1473 post
1328 1404 1530 1457 obitum
1559 1419 1739 1458 meum

150 1495 269 1565 lupi
305 1495 480 1550 locum
513 1494 821 1549 sanctitatis
856 1494 1112 1547 invadant
1142 1510 1388 1562 rapaces,
1414 1509 1740 1565 gregemque

149 1586 515 1640 humillimum
550 1587 859 1657 dispergant
889 1602 903 1640 :
938 1587 1031 1641 sed
1074 1588 1250 1656 potius
1275 1588 1353 1641 eis
1399 1587 1519 1642 talis
1547 1602 1741 1643 conce-

148 1678 317 1732 datur
348 1687 560 1742 rector,
602 1680 693 1747 qui
737 1679 905 1733 Deum
936 1694 1120 1733 amare
1159 1680 1370 1733 noverit
1405 1680 1487 1735 vel
1525 1682 1735 1745 timere,

146 1778 213 1824 et
250 1769 354 1832 bis,
394 1769 486 1838 qni
524 1770 722 1823 subditi
762 1777 910 1835 Sunt,
959 1770 1385 1825 misericorditer
1427 1771 1733 1826 subvenire.

1844 582 2214 637 Promittimus
2252 582 2414 636 etiam
2457 583 2599 650 quod
2633 590 2683 635 et
2711 590 2949 636 nostram
2993 580 3313 652 parvitatem
3352 580 3421 634 ad

1841 673 2171 727 voluntatem
2198 682 2433 727 vestram
2464 671 2761 726 faciendam
2802 682 3045 741 paratam
3089 670 3292 727 habere
3333 670 3424 726 de-

1841 764 2035 819 beatis.
2074 765 2215 818 Bcne
2238 764 2432 818 valete.

2338 853 2664 908 EPISTOIA
2702 852 2939 907 XXXIV.

2128 964 2194 1002 AD
2227 963 2536 1003 LOTllARlUI
2573 963 2773 1001 IMPERII
2804 962 3133 1001 CONSORTEM.

1911 1035 2070 1092 Vivat
2104 1038 2365 1093 Dominus
2395 1053 2568 1103 meus,
2593 1038 2867 1109 piissimus
2893 1040 3187 1109 Augustus,
3220 1037 3273 1093 in
3300 1052 3423 1109 per-

1838 1135 2080 1197 petuum.

1912 1218 2177 1285 Quantam
2209 1234 2394 1274 curam
2417 1227 2470 1272 et
2512 1218 2922 1274 sollicitudinem
2947 1234 3075 1289 erga
3104 1220 3425 1291 magnitudi-

1840 1323 1964 1362 nem
1990 1315 2227 1363 vestram
2272 1324 2391 1362 mea
2434 1308 2700 1379 pusillitas
2726 1316 2895 1379 gerat,
2921 1323 3028 1362 non
3063 1307 3219 1365 facile
3244 1309 3425 1364 verbis

1839 1399 2114 1469 explicare
2134 1400 2306 1455 valeo.
2341 1400 2604 1468 Quoniam
2630 1416 2782 1469 teque
2809 1417 2907 1457 vos
2931 1414 3096 1471 atque
3117 1402 3421 1471 piissimum

1839 1496 2114 1552 dominum
2146 1511 2349 1560 meum,
2379 1504 2587 1566 patrem
2613 1510 2872 1561 vestrum,
2912 1512 3126 1566 semper
3155 1497 3342 1562 dilexi,
3367 1505 3425 1553 et

1838 1586 2120 1655 aequaliter
2144 1587 2332 1641 ambos
2376 1586 2553 1641 salvos
2582 1602 2701 1641 esse
2733 1587 2896 1651 volui,
2933 1596 3215 1658 postquam
3241 1603 3336 1643 vos
3366 1590 3419 1642 in

1840 1677 2153 1731 sacietatem
2190 1676 2423 1731 nominis
2449 1684 2505 1731 et
2533 1678 2705 1747 regni.
2738 1693 3008 1732 consensu
3053 1680 3217 1734 totius
3243 1680 3424 1749 populi

1842 1768 1945 1831 sui,
1975 1768 2288 1836 assumpsit,
2336 1782 2576 1836 memque
2604 1768 2857 1837 parvitati
2889 1769 3143 1838 praecepit
3167 1778 3225 1823 ut
3259 1771 3425 1823 vestri

148 1855 381 1911 Fratres
412 1873 537 1911 vero
566 1858 734 1912 nostri
765 1859 949 1928 tuique
978 1858 1273 1913 fidelissimi
1302 1875 1369 1913 ex
1408 1860 1739 1914 monasterio
1768 1858 1814 1915 B
1842 1872 2028 1911 curam
2078 1873 2343 1928 gererem,
2374 1873 2437 1911 ac
2471 1873 2568 1913 vos
2612 1860 2678 1913 de
2710 1858 2950 1913 moribus
2981 1859 3339 1929 corrigendis,
3371 1869 3425 1914 et

147 1945 222 2001 N.
268 1946 438 2003 frater
469 1948 687 2017 quidam
712 1949 737 1987 δ
769 1948 912 2002 inter
940 1964 1033 2004 eos
1053 1991 1066 2013 ,
1109 1951 1413 2020 proximum
1442 1950 1568 2003 mihi
1590 1992 1605 2015 ,
1637 1951 1738 2005 sibi

144 2051 391 2107 pneesse
438 2045 781 2107 Optaverunt,
830 2037 1085 2105 juvenem
1145 2040 1364 2109 quidem
1419 2049 1599 2103 :etate,
1648 2041 1740 2095 sed

148 2132 430 2193 moribus,
482 2140 539 2185 ut
581 2142 746 2201 puto,
790 2148 1012 2196 senem;
1060 2134 1215 2202 cujus
1261 2136 1570 2204 progeniem
1606 2136 1743 2189 bene

153 2223 328 2286 nosti,
359 2234 380 2260 ε
419 2223 561 2277 filius
603 2222 667 2276 N.
720 2224 891 2278 frater
941 2224 1002 2277 N.
1044 2234 1098 2279 et
1139 2225 1428 2280 multorum
1480 2225 1740 2280 nobilium

148 2314 457 2383 proximus.
489 2313 658 2379 Quem
700 2313 1100 2370 Wormatiamd
1130 2318 1447 2372 direxerunt
1467 2328 1541 2382 et,
1568 2319 1743 2372 adhuc

146 2404 371 2457 vivente
396 2418 500 2467 me,
539 2403 663 2457 dum
698 2403 759 2457 Ν.
794 2420 879 2460 me
920 2406 1142 2461 visitare
1172 2407 1423 2477 dignatus
1459 2416 1561 2469 est,
1603 2414 1743 2477 prae-

149 2502 367 2547 sentem
410 2495 943 2550 commcndaverunt.
983 2496 1083 2563 Qui
1125 2498 1277 2551 valde
1308 2507 1361 2552 et
1398 2514 1521 2552 cum
1560 2499 1744 2554 multis

150 2583 414 2652 lacrymis
434 2622 448 2648 ,
480 2583 613 2637 mihi
641 2583 721 2637 vel
757 2584 1073 2654 propinquis
1108 2586 1264 2651 meis,
1293 2587 1538 2641 adstante
1560 2588 1623 2640 Ν.
1653 2604 1744 2642 co-

149 2674 323 2738 mite,
372 2669 735 2744 promisit.°....
774 2686 796 2714 ο
829 2674 892 2728 Ν.
936 2677 1190 2745 precibus
1219 2678 1526 2748 compulsus
1555 2680 1745 2733 annuit

149 2766 322 2835 quod,
368 2765 412 2819 si
448 2767 588 2835 apud
635 2765 802 2820 Deum
851 2765 1052 2821 factum
1092 2769 1182 2833 sit,
1237 2770 1408 2838 ipsmn
1460 2769 1577 2825 loco
1624 2783 1743 2823 meo

148 2862 453 2924 optassent.
496 2854 647 2911 Unde
676 2864 977 2919 memento,
1025 2856 1354 2923 dulcissime,
1387 2867 1446 2911 ut
1487 2865 1589 2913 hoc
1633 2872 1740 2911 non

152 2946 473 3011 differatur,
521 2948 616 3002 sed
661 2956 721 3001 ut
766 2946 859 3001 ﬁat
895 2949 1129 3004 maxime
1184 2951 1381 3006 adhibe
1435 2961 1735 3007 certamen.

153 3037 311 3093 Mitto
353 3038 572 3108 pallium
600 3054 790 3104 unum,
840 3053 999 3109 quem
1037 3040 1055 3079 τ
1105 3057 1233 3111 rogo
1278 3043 1538 3099 fratribus
1580 3045 1645 3097 ad
1680 3042 1737 3097 S.

154 3128 468 3183 Servatium
500 3128 618 3184 dari
655 3128 872 3197 jubeas,
912 3138 972 3184 ut
1011 3132 1113 3184 mei
1154 3133 1481 3187 mentionem
1512 3133 1733 3189 faciant.

1844 1948 2088 2003 honestis
2118 1958 2279 2017 atque
2302 1948 2519 2003 utilibus
2565 1950 2856 2013 sectandis,
2902 1949 3087 2004 sedulo
3113 1964 3425 2003 commoue-

1844 2052 1977 2091 rem.
2016 2036 2123 2093 Sed
2163 2038 2289 2093 licet
2331 2038 2383 2093 in
2430 2038 2515 2093 his
2550 2054 2724 2092 meam
2764 2054 3007 2108 operam,
3055 2041 3233 2095 minus
3257 2056 3419 2110 quam

1843 2128 2046 2193 debuit,
2085 2129 2270 2183 utilem
2310 2130 2461 2184 vobis
2506 2129 2626 2184 sitis
2672 2131 2904 2200 experti,
2958 2139 3135 2185 tamen
3179 2132 3423 2187 voluntas

1845 2220 2015 2275 fidelis
2044 2236 2148 2275 non
2176 2220 2364 2283 defuit,
2396 2236 2496 2276 nec
2540 2221 2715 2275 adhuc
2741 2222 2956 2290 quidem
2992 2222 3160 2288 deest,
3190 2238 3311 2293 qua:
3340 2238 3425 2279 me

1845 2320 2026 2365 tacere
2056 2327 2164 2365 non
2210 2312 2515 2380 permittit;
2567 2313 2697 2380 quin
2738 2311 2918 2380 potius
2959 2312 3105 2382 cogit
3142 2320 3203 2365 nt
3232 2328 3329 2367 vos
3360 2314 3427 2368 de

1843 2408 2023 2456 vestra
2052 2410 2190 2454 ευ...
2224 2409 2531 2471 cognoscat,
2564 2401 2705 2471 quod
2754 2401 2970 2475 quidam
3019 2402 3284 2468 homines,
3329 2418 3425 2458 sua

1846 2493 2025 2562 potius
2049 2507 2210 2561 quam
2241 2499 2421 2547 vestra
2450 2494 2729 2548 commoda
2760 2504 3082 2563 quaerentes,
3115 2504 3424 2550 mansuetu-

1847 2582 2025 2636 dinem
2067 2591 2303 2636 vestram
2345 2582 2655 2647 sollicitent,
2693 2582 2951 2651 votisque.
2979 2584 3305 2652 persuadere
3334 2601 3426 2641 co-

1846 2679 2043 2724 nentur
2066 2678 2145 2735 ut,
2173 2671 2473 2740 postposito
2513 2679 2736 2739 paterno
2762 2670 3009 2736 consilio,
3039 2680 3093 2727 et
3116 2672 3421 2729 obedientia

1846 2759 2024 2815 debita
2065 2761 2340 2827 derelicta,
2383 2761 2579 2826 locum,
2625 2763 2778 2817 vobis
2824 2762 2892 2816 ad
2931 2764 3220 2833 regendum
3264 2774 3427 2836 atque

1845 2850 2257 2905 custodiendum
2296 2867 2328 2905 a
2378 2851 2623 2920 piissimo
2667 2851 2909 2921 genitore
2953 2862 3132 2909 vestro
3173 2856 3426 2911 commis-

1845 2956 1988 3006 sum,
2020 2940 2322 3005 dimittatis,
2363 2950 2419 2997 et
2448 2940 2516 2996 ad
2562 2941 2732 3005 illum,
2774 2943 2890 3011 ipso
2930 2942 3117 3011 invito,
3167 2954 3224 2999 et
3252 2951 3427 3015 neque

1846 3030 2061 3086 volente
2091 3046 2264 3101 neque
2287 3029 2531 3099 iubente,
2560 3032 2809 3097 veniatis,
2836 3040 2892 3085 et
2911 3034 3051 3102 apud
3076 3049 3219 3100 eum,
3245 3052 3429 3106 quam-

1847 3123 1933 3176 vis
1960 3121 2033 3175 illi
2077 3138 2182 3176 non
2214 3122 2444 3191 placeat,
2491 3124 2874 3191 permaneatis.
2908 3122 3025 3190 Quo
3055 3126 3181 3193 quid
3207 3142 3428 3197 perver-

154 3217 287 3272 τυω
329 3217 588 3272 Chai-itali
630 3192 834 3273 mulum
859 3192 1058 3275 ’meum
1094 3221 1209 3274 dari
1253 3223 1505 3293 ριοωοερὶ,
1547 3222 1735 3288 Imma,
1770 3192 1813 3253 (ἶ
1847 3214 1958 3268 sius
1982 3213 2065 3269 vel
2098 3213 2433 3269 indecentius
2469 3213 2762 3284 excogitari
2795 3215 3004 3283 potest!
3040 3216 3225 3272 Videte
3250 3220 3428 3288 qualis

152 3323 311 3364 soror
330 3309 701 3371 dilectissima,
730 3310 815 3364 his
843 3319 961 3366 esto
986 3309 1242 3380 adjutrix,
1276 3314 1479 3382 tibique
1501 3316 1736 3369 animam

152 3398 506 3451 commendo!
536 3396 654 3451 Jam
679 3400 835 3468 plura
860 3399 1003 3471 loqui
1036 3404 1282 3470 angustia
1314 3419 1417 3458 non
1449 3405 1733 3473 permittit,

152 3496 393 3541 attamen
417 3488 653 3543 animam
683 3504 859 3545 meam
883 3492 1080 3546 iterum
1104 3494 1354 3562 precibus
1370 3496 1565 3550 vestris
1589 3510 1738 3549 com-

156 3578 376 3633 nu-ndu.

646 3672 979 3728 EPISTOLA
1011 3675 1248 3729 XXXIII.

226 3777 293 3813 AD
323 3776 376 3814 Ν.
418 3776 659 3816 (ΣΟΙΙΤΕΙ
687 3778 756 3817 ΕΤ
788 3779 840 3817 Ν.
870 3780 1112 3827 ιυοιοειι,
1149 3781 1332 3821 διιδεοδ
1362 3782 1665 3823 οοιιικιεοε.

225 3852 446 3907 Dilectis
475 3854 529 3907 in
572 3853 789 3910 Christo
833 3855 1090 3913 fratribus
1119 3867 1171 3913 et
1194 3859 1407 3924 amicis,
1436 3858 1501 3913 N.
1530 3861 1733 3926 comiti,

154 3940 218 3995 Ν.
271 3941 487 4009 judici,
548 3944 797 4015 gloriosis
856 3948 1036 4001 missis
1099 3948 1281 4002 domni
1346 3950 1733 4018 nnperatoris,

156 4034 500 4103 Eginbardus
530 4036 581 4088 in
608 4033 835 4089 Domino
858 4037 1103 4091 salutem.

227 4123 489 4177 Homines
532 4125 738 4189 nostri,
771 4126 860 4193 qui
891 4127 957 4181 de
999 4127 1117 4180 istis
1157 4128 1397 4195 partibus
1425 4130 1490 4182 ait
1519 4144 1617 4183 nos
1650 4146 1738 4182 ve-

155 4213 332 4275 niunt,
368 4212 543 4267 solent
574 4216 727 4267 nobis
761 4230 984 4270 narrare
1014 4216 1077 4270 de
1113 4218 1252 4272 bona
1296 4219 1567 4273 voluntate
1593 4229 1647 4274 et
1675 4221 1739 4273 de

157 4301 492 4371 benignitate
541 4310 719 4356 vestra
753 4319 879 4373 erga
929 4320 1027 4358 nos
1053 4346 1067 4368 ,
1106 4305 1157 4359 in
1191 4321 1256 4360 eo
1305 4308 1447 4375 quod
1495 4309 1739 4363 hom'nes

154 4403 370 4446 nostros
397 4393 659 4455 servatis,
692 4403 747 4448 et
775 4396 854 4448 eis
880 4396 1101 4464 parcitis
1144 4398 1195 4450 in
1227 4398 1586 4468 qualicunque
1620 4400 1735 4453 loco

154 4483 257 4534 illis
310 4497 534 4551 parcere
579 4484 820 4551 potestis,
867 4493 973 4538 tam
1025 4486 1076 4538 in
1122 4487 1434 4542 heribannis
1482 4505 1644 4557 quam
1681 4492 1731 4544 in

151 4573 272 4625 aliis
323 4573 502 4626 causis
546 4575 613 4626 ad
660 4582 897 4628 vestrum
942 4578 1271 4632 missaticum
1318 4582 1731 4649 pcrtinentiluts.

156 4662 305 4731 Unde
334 4663 517 4728 vobis,
560 4672 620 4717 ut
649 4666 866 4734 dignum
893 4676 995 4730 est,
1026 4684 1250 4738 magnas
1279 4672 1489 4741 agimus
1516 4674 1735 4742 gratias,

158 4754 431 4822 Deumque
472 4770 728 4825 rogamus
757 4746 811 4809 et
837 4767 1059 4814 sanctos
1083 4759 1199 4827 ejus
1228 4771 1284 4815 ut
1324 4762 1477 4816 vobis
1514 4780 1617 4817 non
1654 4781 1738 4821 so-

151 4843 263 4899 lum
287 4846 395 4911 hic,
432 4847 485 4900 in
512 4848 761 4916 prsesenti
793 4848 921 4909 vita,
968 4850 1059 4902 sed
1089 4850 1250 4903 etiam
1285 4851 1334 4903 in
1378 4850 1578 4916 futura,
1612 4869 1737 4907 eon-

224 5008 251 5037 ι
280 4995 371 5051 Sic
400 4998 563 5052 habet
588 4998 789 5059 codex;
819 5006 873 5052 at
898 4998 1084 5053 Teulet
1105 5000 1350 5053 mendam
1376 5002 1575 5057 codicis
1603 5018 1726 5057 cor—

158 5066 305 5136 rexit
321 5066 549 5136 edendo,
572 5068 869 5136 quemdam.

225 5134 599 5207 {lifendosum
622 5138 861 5191 codicem
888 5152 992 5207 non
1020 5147 1235 5207 secutus
1257 5146 1339 5190 est
1369 5139 1427 5191 D.
1457 5139 1643 5193 Teulet
1676 5151 1728 5193 et

156 5204 559 5327 glitliiittifratrem
581 5207 859 5275 quemdam
888 5204 1009 5275 post
1031 5206 1408 5271 Mabillonium,
1441 5210 1578 5263 Ann.
1607 5212 1722 5263 ord.

204 5313 216 5325 .
323 5289 379 5326 n.

204 5313 216 5325 .
252 5289 379 5326 ιιι-ιι.

227 5353 254 5415 ξ
286 5342 446 5415 ᾼᾴᾱίι
471 5342 839 5415 Teu|e_t__modo
868 5345 1227 5415 paraphrasis,
1265 5357 1337 5398 est
1371 5348 1528 5399 enim.

221 5411 254 5453 ά
294 5410 452 5485 Idemg
472 5421 592 5485 post
625 5410 1014 5479 Wormatiam;
1039 5416 1179 5469 inter
1207 5431 1374 5470 uncos
1401 5417 1570 5479 addit,
1616 5418 1727 5485 fra-

154 5492 260 5537 tres
290 5482 453 5535 nostri
474 5483 670 5551 tuique.

231 5564 257 5590 ο
287 5552 415 5605 Post
444 5560 637 5619 puncta
660 5568 860 5622 quoque
894 5553 1061 5607 edidit
1093 5552 1277 5607 Tenlct
1302 5594 1315 5615 ,
1345 5553 1527 5607 dicens
1553 5557 1604 5607 in
1634 5572 1727 5607 no-

156 5621 267 5674 tnla
294 5622 434 5675 hanc
458 5635 642 5675 vocem
676 5622 725 5691 iu
750 5623 929 5675 codice
950 5622 1198 5676 distincte
1226 5623 1521 5691 legendam,
1540 5639 1727 5691 quam-

157 5692 237 5743 vis
282 5691 352 5743 ah
398 5691 559 5745 editis
595 5690 867 5744 omissam.
902 5692 1005 5745 Sed
1048 5690 1291 5745 verbum
1316 5694 1452 5759 quoi
1480 5694 1724 5757 proxime

159 5760 409 5827 praecedit
434 5760 889 5828 perspicaciorum
937 5762 1213 5816 oculorum
1258 5765 1429 5817 aciem
1458 5763 1718 5830 praeterit.

516 5852 793 5913 ΡΑτιιοι..
841 5844 993 5911 (ΖΠ.

1764 4530 1812 4587 D

1843 3306 1933 3369 sit,
1960 3314 2014 3359 et
2040 3314 2299 3373 quantum
2333 3304 2454 3358 mali
2489 3306 2681 3359 haheat
2730 3306 2831 3360 ista
2880 3308 3180 3377 persuasio.
3226 3309 3284 3364 In
3314 3312 3426 3381 pri-

1844 3394 1948 3448 mis
1993 3392 2281 3461 siquidem,
2312 3401 2372 3446 ut
2420 3408 2553 3449 mea:
2582 3394 2818 3463 pusillita
2847 3396 2862 3448 i
2907 3395 3139 3461 videtur,
3173 3398 3423 3454 hortatur

1843 3499 1937 3538 vos
1973 3492 2030 3537 ut
2058 3484 2151 3537 Dei
2182 3491 2532 3553 prmceptum,
2560 3500 2669 3554 quo
2712 3486 3026 3556 parentibus
3072 3489 3244 3543 honor
3271 3491 3422 3545 exhi-

1842 3576 1957 3630 beri
2000 3575 2236 3644 jubctur,
2267 3577 2416 3645 parvi
2459 3578 2727 3646 pendatis,
2769 3590 2823 3633 et
2854 3578 3265 3650 longaavitatem,
3298 3598 3419 3651 qum

1841 3682 1941 3735 pro
1966 3668 2401 3721 remuneratione
2449 3669 2754 3723 conservati
2800 3670 3035 3724 mandati
3064 3674 3419 3739 promittitur,

1843 3773 1940 3827 pro
1972 3757 2140 3812 nihilo
2176 3758 2421 3813 habeatis
2472 3776 2484 3811 :
2530 3758 2722 3814 deinde
2748 3769 2823 3824 ut,
2857 3760 3060 3829 abjecta
3092 3763 3418 3830 obedientia,

1842 3849 2259 3902 inobedientiam
2303 3864 2402 3918 pro
2450 3849 2537 3902 illa
2582 3852 2892 3917 assumatis,
2935 3860 2991 3906 et
3033 3863 3220 3909 contra
3272 3872 3419 3922 eum,

1841 3940 1941 3993 sub
1995 3954 2100 4008 quo
2136 3938 2523 4007 subjectionem
2569 3942 2842 3998 humiliter
2885 3959 2979 3999 vos
3017 3960 3177 4014 agere
3221 3946 3420 4002 debue-

1840 4028 1995 4092 ratis,
2040 4044 2135 4097 per
2171 4028 2458 4083 elationem
2490 4031 2881 4085 contumaciter
2915 4032 3173 4100 erigatis:
3224 4045 3335 4089 tum
3366 4047 3423 4090 ut

1842 4135 1937 4188 per
1980 4127 2344 4188 contemptum
2381 4129 2434 4174 et
2476 4120 2890 4176 inobedientiam
2933 4124 3197 4181 charitate
3237 4129 3419 4197 depul-

1840 4226 1920 4272 sa,
1951 4210 2237 4275 discordia,
2276 4226 2395 4279 qua:
2423 4227 2695 4281 nunquam
2721 4213 2864 4268 inter
2902 4230 2998 4269 vos
3027 4215 3110 4270 vel
3142 4220 3414 4275 nominari

1840 4301 2037 4362 debuit,
2088 4302 2139 4354 in
2192 4310 2395 4356 tantum
2444 4313 2745 4370 excrescat,
2798 4314 2875 4370 ut,
2910 4306 3050 4361 inter
3087 4324 3222 4378 quos
3269 4326 3416 4365 amor

1839 4406 1957 4444 esse
1986 4390 2190 4455 debuit,
2214 4391 2395 4445 odium
2426 4402 2713 4447 enascatur
2742 4412 2753 4445 :
2788 4395 2931 4462 quod
2957 4410 3024 4449 ne
3065 4398 3246 4451 veniat
3274 4414 3419 4453 sum-

1842 4498 2057 4551 mopere
2091 4484 2385 4538 cavendum
2424 4494 2523 4538 est.
2577 4484 2749 4544 Credo
2779 4486 2921 4541 enim
2965 4488 3304 4555 prudentiam
3332 4506 3420 4545 vc-

1840 4586 2006 4627 stram
2062 4575 2238 4628 minus
2284 4574 2470 4637 latere,
2529 4584 2726 4643 quanta
2772 4576 3101 4631 abominatio
3150 4579 3222 4633 sit
3276 4582 3416 4649 apud

1843 4665 2011 4718 Deum
2038 4664 2178 4717 filius
2204 4672 2489 4717 contumax
2513 4674 2563 4717 et
2594 4666 2909 4733 parentibus
2936 4666 3263 4733 inobediens,
3292 4685 3415 4725 cum

1840 4770 1963 4807 eum
2009 4753 2170 4817 Deus,
2219 4754 2361 4809 sicut
2393 4755 2443 4806 in
2494 4755 2910 4810 Deuteronomio
2950 4756 3125 4826 legere
3168 4762 3414 4829 potestis,

1839 4860 1935 4911 per
1964 4842 2179 4911 Moysen
2208 4844 2275 4897 ab
2309 4842 2452 4896 omni
2480 4843 2673 4912 populo
2715 4844 2934 4911 Lpidari
2971 4848 3246 4916 praecepit.
3276 4848 3411 4915 Qua-

1913 4996 1929 5071 ξ
1954 4995 2049 5071 Sic
2079 4996 2241 5071 codex
2269 5013 2283 5060 ;
2322 5007 2376 5071 at
2399 4995 2587 5049 Tenlct
2610 4997 2761 5071 quod
2790 5005 2910 5066 post
2948 4998 3008 5071 D.
3032 4997 3413 5071 Buuquetium,

1836 5067 1926 5136 qui
1954 5067 2005 5119 in
2037 5074 2185 5119 textu
2215 5066 2495 5119 lectionem
2524 5066 2726 5136 codicis
2764 5069 3016 5122 servavit.

1909 5138 1933 5175 8
1982 5136 2109 5188 Post
2147 5136 2310 5189 verba
2361 5144 2413 5186 ut
2463 5150 2548 5187 ros
2592 5135 2655 5188 de
2699 5145 2889 5197 vestra.
2936 5138 3184 5195 dominus
3227 5143 3409 5199 Tenlct

1834 5222 1897 5260 ex
1930 5207 2113 5259 coJice
2163 5204 2445 5259 recentiori
2479 5206 2681 5257 adlilit
2728 5204 2838 5259 fere
2887 5215 2995 5261 tres
3042 5208 3211 5265 lineas
3251 5214 3407 5267 editis.

1837 5278 1940 5329 huc
1964 5291 2132 5348 usque
2159 5275 2457 5348 incognitas
2484 5283 2539 5326 et
2568 5289 2686 5348 qua}
2711 5290 2926 5348 sensum
2952 5278 3263 5348 adimplent.
3295 5282 3407 5337 Non

1834 5361 1973 5414 :rgre
2022 5342 2154 5399 l‘eret
2197 5342 2541 5414 doctissimus
2590 5344 2876 5413 Eginhardi
2926 5342 3113 5401 editor"
3145 5350 3262 5403 siin
3286 5363 3409 5408 nota

1830 5413 1971 5468 hunc
1998 5414 2170 5466 locum
2202 5423 2359 5481 prout
2385 5414 2451 5465 ab
2482 5413 2570 5483 illo
2601 5414 2878 5467 restitutus
2904 5423 3006 5479 est,
3051 5417 3368 5473 exhibemus
3394 5442 3407 5483 ;

1828 5500 1955 5552 ergo
2008 5485 2079 5537 ita
2130 5480 2209 5537 se
2238 5484 2399 5560 habet
2428 5500 2437 5534 :
2470 5480 2636 5560 “Cogit
2677 5491 2733 5560 ut
2767 5498 2853 5560 vos
2893 5484 2959 5537 de
3008 5496 3174 5540 vestra
3220 5480 3412 5560 [salute

1828 5550 2181 5606 routmoneam
2216 5552 2345 5603 etin
2390 5550 2578 5620 quibus
2620 5550 2909 5620 periculum
2957 5563 3181 5608 vestrum
3220 5550 3411 5615 carere

1827 5623 2055 5674 debeatis
2104 5622 2322 5693 breviter
2368 5619 2627 5693 aperiam.
2679 5619 2981 5693 Pervenisse
3019 5624 3090 5676 ad
3130 5628 3405 5693 parvitatis

1827 5708 1952 5746 mea:
1978 5692 2216 5745 notitiam
2247 5687 2553 5760 magnitudo
2582 5687 2775 5762 vostra]
2805 5702 3101 5757 υυςοιοεσαι,
3129 5687 3237 5750 etc.

2936 5850 3010 5905 17
