3928 6314
508 356 616 413 583

1805 370 2180 425 I‘IGINHARDI
2222 372 2514 429 ABBATlS

3694 386 3808 441 52‘

506 484 726 546 propter
771 473 1167 530 admouendum
1218 478 1405 533 censui
1452 481 1768 550 nepti.atem
1798 496 1822 524 ι
1866 496 2102 541 vestram
2132 493 2181 552 Α
2207 489 2352 542 enim
2409 490 2587 545 sciens
2639 501 2879 547 nostram
2940 496 3257 561 amicitiam,
3315 500 3526 567 putavit
3581 508 3666 555 me
3697 502 3810 557 hoc

506 582 584 635 nt,
614 586 710 643 per
737 569 1077 641 prudentiam
1105 586 1135 624 a
1164 570 1274 626 Deo
1313 572 1466 627 vobis
1494 589 1831 642 concessam,
1861 578 2100 633 caveatis

504 663 806 735 periculum
828 671 1088 725 vestrum,
1124 678 1301 733 neque
1327 664 1669 721 arbitremini
1702 667 1841 723 hanc
1861 668 2099 723 divinam

505 754 829 811 sententiam
862 769 1020 826 posse
1049 769 1079 808 a
1100 754 1343 824 quolibet
1369 759 1670 822 contemni,
1696 756 1824 813 licet
1850 759 1904 812 in
1928 758 2097 814 veteri

504 846 621 920 lege
645 846 951 916 conscripta
994 845 1083 902 sit.
1136 845 1233 900 Est
1279 846 1426 901 enim
1472 862 1578 901 una
1609 848 1676 903 de
1711 848 1915 915 multis,
1960 865 2099 920 quas

502 936 737 1007 majores
760 950 824 990 ac
851 936 1100 991 doctores
1143 936 1337 1001 nostri,
1370 938 1545 992 sancti
1590 938 1839 993 videlicet
1884 939 2094 1005 Patres,

502 1037 611 1080 tam
642 1024 1006 1097 prteseiitibus
1029 1042 1191 1096 quam
1223 1027 1514 1096 praeteritis
1542 1027 1569 1067 δ
1596 1028 1950 1098 temporibus,
1986 1038 2096 1084 tam

498 1117 809 1173 Christianis
846 1133 1005 1187 quam
1046 1115 1257 1185 judzeis,
1302 1118 1673 1176 observandas
1702 1136 1823 1176 esse
1872 1136 2097 1176 censue-

498 1218 643 1265 runt.
694 1209 831 1264 Amo
860 1225 975 1275 vos,
1013 1211 1155 1265 Deus
1190 1211 1314 1275 scit,
1360 1219 1415 1266 et
1457 1212 1581 1267 ideo
1623 1221 1734 1267 tam
1771 1212 2095 1268 tlducialiter

486 1302 799 1358 admoneo:
840 1316 940 1357 nec
988 1316 1084 1356 vos
1132 1301 1393 1358 vilitatem
1441 1318 1694 1373 personze
1731 1305 2092 1371 admonentis,

495 1392 591 1449 sed
637 1392 1010 1451 salubritatem
1042 1394 1278 1460 consilii,
1327 1395 1677 1451 considerare
1725 1395 1953 1451 debetis.
1986 1394 2095 1466 Op-

500 1496 576 1549 to,
600 1495 707 1542 etc.

990 1576 1329 1635 EPISTOLA
1370 1577 1589 1634 XXXV.

1073 1688 1141 1727 Αι)
1169 1688 1221 1726 Ν.
1252 1688 1521 1727 ΑΒΒΔΤΕΙ.

562 1760 792 1817 Domino
834 1769 1023 1816 sancto
1056 1770 1111 1816 et
1156 1762 1353 1817 merito
1398 1778 1586 1817 vener.
1628 1762 1714 1828 N.,
1761 1764 2093 1819 reverentis-

491 1854 632 1907 simo
665 1852 868 1917 abbati,
900 1851 963 1905 N.
999 1850 1062 1923 [i.
1089 1868 1140 1907 e.
1172 1852 1538 1925 Eginhardus]
1569 1862 1843 1923 peccator.

560 1943 874 1999 Amicorum
921 1956 1165 1996 meorum
1212 1944 1472 1998 relatione
1518 1944 1679 1999 didici
1717 1943 1782 1997 Ν.
1816 1944 2090 2015 (abbatem

486 2050 554 2089 an
580 2035 892 2106 episcopum
922 2035 1207 2089 nominare
1233 2034 1459 2090 debeam
1490 2027 1700 2106 ignoro,
1732 2028 1855 2105 quis
1895 2032 1983 2089 ille
2019 2036 2090 2090 sit

486 2141 581 2180 vos
623 2124 826 2195 optime
870 2123 1063 2191 nostis)
1093 2123 1238 2192 quod
1288 2124 1341 2178 in
1374 2124 1558 2189 rebus,
1598 2125 1667 2179 ad
1710 2140 1867 2179 suum
1909 2124 2089 2193 profe-

483 2224 631 2272 ctum
667 2214 1084 2287 pertinentibus,
1114 2223 1297 2269 vestro
1340 2216 1543 2270 sa‘lubri
1578 2222 1633 2269 et
1658 2216 2086 2283 prudentissimo

472 2308 657 2363 soleat
698 2307 776 2362 uti
824 2306 1075 2361 consilio.
1122 2306 1466 2377 Quapropter
1510 2308 1686 2361 visum
1713 2316 1797 2361 est
1826 2308 1958 2363 mihi
1993 2323 2085 2363 ve-

470 2408 652 2454 stram
700 2396 1048 2453 sanctitatem
1086 2397 1297 2466 precari
1329 2406 1387 2449 ut
1429 2396 1570 2466 apud
1602 2405 1962 2451 memoratum
2002 2398 2083 2451 vi-

482 2506 601 2546 rum
626 2502 728 2560 pro
755 2495 951 2557 nepote
977 2488 1148 2557 ipsius
1178 2487 1452 2553 Eburone,
1477 2488 1570 2558 qui
1599 2503 1743 2543 nunc
1784 2487 1940 2543 Metis
1967 2505 2083 2544 mo-

484 2591 655 2647 ratur,
687 2580 856 2651 loqui,
887 2595 1121 2650 eumque
1163 2595 1357 2652 r0gare
1384 2581 1681 2651 dignemini
1712 2589 1770 2635 ut
1812 2596 1935 2637 eum
1962 2596 2077 2652 spe,

479 2692 645 2745 quam
672 2674 751 2731 illi
790 2673 1019 2741 fecerat,
1062 2690 1167 2729 non
1199 2673 1498 2741 fraudaret,
1526 2677 1621 2731 sed
1661 2676 1842 2747 potius
1873 2677 1925 2731 in
1954 2693 2081 2747 pro-

477 2772 643 2827 missa
664 2770 718 2826 ei
744 2785 871 2843 erga
897 2785 956 2827 se
986 2770 1321 2843 benignitate
1363 2785 1687 2839 permanere
1720 2771 1902 2826 vellet.
1934 2772 1990 2826 ln
2014 2786 2081 2827 eo

476 2864 757 2931 videlicet,
798 2871 857 2919 ut
904 2864 957 2918 in
1001 2871 1325 2934 paupertate
1368 2864 1724 2918 constitutum
1754 2864 1821 2918 de
1851 2861 2079 2918 faculta-

479 2954 624 3008 tibus
655 2954 769 3009 suis
798 2951 1057 3021 adjuvare
1089 2953 1360 3023 dignetur,
1408 2961 1490 3016 ut,
1542 2962 1763 3021 propter
1790 2954 2073 3022 penuriam

477 3050 532 3098 et
568 3041 922 3113 indigentiam
955 3056 1134 3096 rerum
1165 3042 1625 3107 necessariarum,
1669 3043 1966 3097 necessitas
2001 3042 2075 3097 illi

477 3148 587 3187 non
614 3132 831 3186 eveniat
865 3130 1013 3185 illum
1041 3130 1217 3185 locum
1248 3132 1557 3196 omittendi,
1588 3133 1641 3185 in
1670 3147 1779 3201 quo
1807 3148 1930 3187 eum
1961 3133 2075 3202 ipse

2203 580 2346 648 apud
2376 588 2428 635 te
2465 582 2757 651 impetrare
2794 588 3056 655 potuisse.
3093 586 3160 640 Et
3187 601 3307 655 ego,
3340 591 3392 643 in
3428 598 3520 643 tua
3547 588 3806 645 dilectio—

2203 685 2270 725 ne
2297 671 2599 739 confldens,
2627 685 2752 743 peto
2782 684 2841 729 ut
2888 677 3223 732 voluntatem
3250 678 3370 748 ejus
3412 682 3466 735 in
3502 682 3606 737 hac
3630 698 3807 738 causa

2201 759 2498 831 adimplere
2524 780 2629 819 non
2684 768 2945 837 graveris.
2983 766 3124 839 Opto
3172 777 3231 824 ut
3260 784 3481 840 semper
3533 773 3671 828 bene
3710 788 3810 829 νι-

2200 850 2315 907 leas
2344 852 2397 907 in
2426 854 2673 911 Domino.

2699 940 3033 1003 EPISTOLA
3064 948 3328 1005 XXXVII.

2654 1043 2720 1081 AD
2746 1042 2797 1080 Ν.
2830 1042 3191 1083 VICEDOIINUM
3220 1045 3378 1084 SUUI.

2270 1116 2327 1170 In
2361 1115 2563 1174 Christi
2590 1122 2810 1178 nomine
2846 1123 3190 1193 Eginhardus
3220 1124 3285 1179 N.
3323 1127 3680 1183 vicedomino.

2268 1207 2531 1263 Miramur
2568 1211 2723 1267 valde
2761 1223 2982 1283 prepter
3020 1213 3147 1284 quid
3192 1228 3213 1255 ε
3249 1217 3430 1271 omnia
3486 1218 3567 1272 sic
3613 1231 3806 1273 rema-

2200 1313 2331 1354 nere
2362 1301 2686 1369 potuissent,
2724 1305 2866 1359 sicut
2921 1316 3339 1373 remanserunt,
3380 1325 3501 1378 quae
3550 1310 3649 1364 tibi
3713 1310 3805 1364 fa-

2198 1391 2387 1447 cienda
2416 1396 2809 1450 commisimus.
2842 1396 2979 1450 Nam
3000 1438 3015 1462 ,
3072 1400 3213 1454 sicut
3240 1400 3565 1465 audivimus,
3603 1402 3671 1457 de
3704 1402 3802 1456 illa

2197 1496 2430 1548 amona,
2457 1484 2573 1539 sive
2595 1486 2661 1540 ad
2690 1484 2945 1552 farinam,
2975 1488 3090 1542 sive
3112 1490 3180 1543 ad
3209 1490 3429 1545 bracem
3459 1491 3801 1556 faciendam,

2196 1586 2360 1640 quam
2390 1574 2458 1628 ad
2490 1574 2803 1631 Mulinheim
2830 1579 3043 1633 mittere
3073 1578 3332 1645 debuisti,
3370 1580 3504 1635 nihil
3548 1582 3753 1636 misisti
3784 1601 3799 1635 :

2196 1681 2305 1723 nec
2337 1668 2482 1722 aliud
2512 1670 2740 1739 aliquid,
2770 1673 2872 1727 nisi
2903 1675 3122 1743 triginta
3154 1691 3371 1745 porcos,
3416 1688 3471 1732 et
3500 1678 3623 1733 illos
3648 1679 3799 1747 ipsos

2195 1770 2301 1835 non
2330 1755 2518 1823 bonos,
2551 1758 2644 1813 sed
2690 1761 3009 1827 mediocres,
3062 1774 3118 1818 et
3168 1773 3280 1820 tres
3306 1766 3517 1821 modios
3545 1767 3615 1822 de
3644 1768 3799 1838 legu-

2120 1857 2167 1916 Β
2196 1836 2342 1900 mine
2371 1863 2383 1899 :
2418 1847 2483 1901 de
2505 1856 2703 1902 caetera
2730 1850 2879 1904 nihil.
2919 1852 2986 1905 Et
3016 1868 3121 1906 non
3153 1853 3325 1909 solum
3354 1856 3476 1921 hoc,
3507 1859 3604 1911 sed
3626 1836 3797 1913 etiam

2198 1934 2328 1990 illud
2357 1938 2520 2004 quod,
2551 1938 2604 1992 in
2635 1948 2747 1994 toto
2770 1941 2998 1995 hiberno
3037 1943 3159 2004 isto,
3198 1959 3297 1999 nec
3327 1954 3398 2009 te,
3432 1960 3533 2000 nec
3560 1948 3795 2002 missum

2196 2034 2349 2082 tuum
2387 2028 2646 2099 aliquem,
2677 2033 2860 2087 videre
2921 2036 3215 2102 potuimus,
3248 2037 3339 2105 qni
3395 2038 3553 2092 nobis
3584 2038 3796 2108 aliquid

2193 2115 2259 2170 de
2290 2118 2409 2173 istis
2433 2120 2680 2187 partibus
2717 2122 3085 2178 adnuntiaret.
3125 2125 3353 2192 Quodsi
3386 2126 3653 2195 majorem
3680 2132 3796 2182 uti-

2191 2204 2400 2261 litatem
2463 2209 2531 2263 de
2572 2209 2883 2266 Frideslare
2936 2212 3137 2268 habere
3190 2229 3297 2269 non
3333 2231 3650 2284 possumus,
3684 2220 3792 2272 nisi

2188 2306 2451 2364 quantum
2482 2306 2539 2352 tu
2570 2315 2669 2355 nos
2695 2302 2818 2357 inde
2844 2303 3048 2359 habere
3099 2302 3300 2369 fecisti,
3356 2308 3638 2362 nescimus
3686 2325 3792 2364 cur

2188 2386 2317 2440 illud
2348 2386 2669 2444 beneﬁcium
2694 2392 2894 2447 habere
2926 2394 3207 2450 debemus.
3245 2395 3399 2451 Nunc
3424 2412 3580 2468 ergo,
3614 2401 3663 2453 si
3690 2401 3793 2456 tibi

2185 2476 2253 2531 de
2287 2479 2460 2547 gratia
2491 2490 2675 2535 nostra
2703 2481 2809 2537 ulla
2838 2498 2966 2537 cura
2996 2486 3089 2550 sit,
3122 2502 3376 2557 rogamus
3418 2496 3479 2542 ut
3502 2490 3793 2560 negligen~

2187 2569 2317 2623 tiam
2350 2579 2497 2625 tuam
2534 2573 2825 2628 emendare
2851 2575 3095 2642 studeas,
3123 2588 3179 2631 et
3203 2592 3303 2632 nos
3328 2578 3439 2633 cito
3461 2588 3646 2635 certos
3674 2579 3795 2636 efﬁ-

2183 2661 2299 2716 cias
2326 2662 2455 2731 quid
2481 2663 2546 2717 de
2568 2672 2620 2718 te
2650 2678 2873 2734 sperare
2901 2666 3182 2723 debemus.

2682 2776 3016 2832 EPISTOLA
3040 2779 3324 2835 XXXVIII.

2743 2872 2809 2909 AD
2838 2873 3087 2911 FRATREM
3125 2875 3175 2912 Ν.

2252 2941 2457 2999 Dilecto
2496 2942 2654 3001 fratri
2705 2944 2795 3011 N.,
2860 2947 3202 3018 Eginhardus
3261 2950 3313 3003 in
3368 2950 3600 3007 Domino
3629 2953 3784 3010 salu-

2180 3041 2287 3087 tem
2297 3072 2309 3085 .

2254 3122 2515 3178 Volumus
2554 3132 2614 3179 ut
2641 3125 2936 3197 Egmun‘elo
2957 3128 3023 3183 de
3056 3130 3218 3184 verbo
3250 3138 3438 3186 nostro
3487 3132 3788 3202 praecipias

476 3223 776 3279 constituit.
835 3220 990 3289 Quod
1037 3222 1283 3293 profecto
1332 3224 1570 3287 eveniet,
1621 3224 1725 3277 nisi
1770 3225 1839 3278 ab
1886 3239 1971 3289 eo,
2009 3237 2077 3278 ne
2105 3215 2149 3277 C
2183 3222 2240 3267 ut
2263 3211 2424 3267 faciat
2455 3214 2608 3269 nobis
2628 3216 2822 3272 lateres
2851 3220 3166 3287 quadratos,
3190 3222 3451 3276 habentes
3472 3222 3524 3275 in
3553 3238 3787 3277 omnem

474 3313 716 3381 eveniat,
746 3312 907 3368 fuerit
938 3321 1063 3367 ante
1084 3311 1381 3383 provisum.
1423 3312 1638 3367 Leviter
1660 3313 1765 3367 hoc
1806 3314 2079 3383 provideri

474 3407 701 3477 poterit,
746 3407 796 3461 si
848 3407 902 3461 in
938 3405 1223 3475 pro.nissis
1272 3404 1408 3469 suis,
1449 3405 1649 3473 quibus
1698 3420 1821 3459 enm
1866 3405 1933 3460 ad
1973 3405 2077 3460 sibi

476 3496 927 3552 consentiendum
956 3496 1241 3566 compulit,
1290 3510 1611 3564 permanere
1640 3495 1889 3550 voluerit.
1938 3494 2079 3566 Opto

477 3589 824 3643 sanctitatem
865 3595 1123 3652 vestram,
1176 3598 1376 3642 nostra:
1424 3587 1736 3656 pusillitatis
1780 3604 2076 3644 memorem

476 3692 692 3749 semper
719 3677 774 3734 in
805 3678 1037 3742 Christo,
1074 3679 1211 3733 bene
1254 3678 1431 3733 valere
1464 3679 1515 3733 in
1542 3679 1784 3733 Domino.

966 3811 1301 3869 EPISTULA
1334 3814 1479 3867 XXX
1494 3814 1573 3867 Vl.

1109 3920 1182 3956 Ἁυ
1221 3919 1442 3958 Asnaus].

543 4016 753 4072 Dilecto
781 4015 935 4071 fratri
985 4025 1033 4071 et
1069 4016 1246 4071 amico
1298 4017 1625 4072 cbarissimo
1681 4017 1765 4080 N.,
1803 4018 2072 4088 Eginhar-

474 4113 576 4169 dus
601 4121 858 4167 aeternam
888 4112 940 4166 in
976 4112 1207 4167 Domino
1240 4113 1491 4168 salutem.

545 4204 610 4259 Ν.
643 4219 827 4259 comes
854 4205 1063 4272 rogavit
1093 4219 1177 4259 mc
1204 4211 1263 4258 ut
1298 4214 1349 4261 te
1400 4219 1659 4273 precarer
1690 4207 1756 4261 de
1809 4208 1914 4262 illis
1946 4224 2071 4278 por-

473 4296 573 4361 cis,
613 4310 749 4365 quos
780 4303 835 4349 tu
872 4294 925 4350 in
952 4294 1069 4364 ejus
1106 4294 1467 4349 ministerium
1495 4296 1562 4349 ad
1595 4300 1929 4365 pascendum
1968 4301 2066 4354 mi-

469 4387 616 4450 sisti,
669 4392 730 4440 ut
785 4386 835 4439 ei
898 4380 1080 4439 liceret
1150 4385 1369 4439 eosdem
1426 4400 1622 4454 porcos
1672 4388 1774 4440 sibi
1809 4390 2066 4455 retinere,

474 4488 758 4549 nsquequo
792 4474 1095 4530 crassiores
1128 4484 1181 4528 et
1225 4474 1475 4529 meliores
1523 4474 1732 4539 tierent,
1774 4487 1831 4532 et
1861 4478 1945 4532 ille
1974 4495 2067 4533 eos

2182 3312 2391 3373 partem
2421 3306 2556 3359 duos
2585 3308 2749 3375 pedes
2794 3308 3074 3364 manuales
3120 3319 3175 3364 et
3220 3319 3453 3379 quatuor
3492 3311 3700 3382 dig1tos
3728 3312 3801 3365 in

2179 3396 2609 3459 crassitudinem,
2646 3412 2872 3453 numero
2907 3416 2995 3464 ιχ,
3024 3409 3078 3454 et
3116 3400 3252 3455 alios
3286 3401 3547 3467 minores,
3576 3401 3789 3457 simili-

2182 3493 2266 3539 ter
2298 3486 2618 3555 quadratos,
2669 3489 2935 3545 habentes
2992 3490 3046 3544 in
3086 3505 3304 3545 omnem
3356 3500 3563 3560 partem
3603 3506 3790 3547 unum

2180 3575 2461 3630 semissem
2489 3584 2543 3629 et
2583 3588 2818 3647 quatuor
2866 3579 3088 3646 digitos,
3134 3589 3190 3634 et
3214 3581 3267 3634 in
3299 3581 3669 3635 crassitudine
3698 3582 3790 3635 di-

2178 3666 2320 3734 gitos
2353 3674 2486 3732 tres,
2519 3684 2747 3722 numero
2776 3685 2858 3723 cc.
2889 3669 3130 3748 illisimus
3162 3670 3255 3725 tibi
3280 3684 3378 3739 per
3405 3670 3547 3723 hunc
3584 3672 3787 3724 homi-

2178 3772 2302 3810 nem
2336 3757 2401 3812 de
2442 3759 2649 3813 semine
2670 3758 2849 3829 lapitri
2873 3759 2922 3825 ἀ,
2958 3762 3100 3828 quod
3148 3760 3397 3814 volumus
3432 3771 3491 3814 ut
3537 3761 3588 3813 in
3626 3761 3789 3832 largo

2176 3849 2296 3900 loco
2332 3848 2587 3901 seminari
2615 3846 2785 3903 facias
2816 3868 2826 3901 :
2862 3865 2981 3917 qua:
3010 3849 3146 3904 solet
3180 3850 3231 3903 in
3262 3866 3507 3920 magnam
3542 3852 3783 3906 herbam

2176 3952 2513 3992 excresccre.
2553 3937 2697 3994 Bene
2723 3940 2917 3993 valete.

2664 4048 3005 4105 EPISTOLA
3032 4050 3274 4105 XXXIX.

2178 4132 2241 4169 AD
2268 4132 2627 4181 EMEBITANOS,
2679 4135 2729 4172 ΠΝ
2762 4136 2993 4175 ρεαδυδυι
3032 4137 3332 4176 ιιιυυοινιει
3384 4136 3776 4176 ιιιιιειιλτοιιιε.

2246 4207 2305 4260 in
2335 4208 2555 4261 nomine
2605 4208 2817 4262 Domini
2874 4210 2968 4262 Dei
2997 4221 3051 4263 ct
3090 4210 3388 4264 Salvatoris
3437 4213 3605 4265 nostri
3639 4214 3777 4267 Jesn

2173 4298 2397 4363 Christi,
2456 4296 2521 4351 Ν.
2582 4296 2642 4369 [1.
2682 4313 2731 4351 e.
2790 4298 3181 4371 Hiudowicus],
3238 4301 3420 4354 divina
3479 4301 3780 4356 ordinante

2174 4389 2529 4460 providentia,
2566 4390 2859 4458 imperator
2903 4397 3183 4459 augustas,
3236 4390 3487 4444 omnibus
3522 4390 3780 4459 primati-

2173 4481 2291 4544 bus,
2345 4488 2401 4534 et
2448 4487 2642 4533 cuncto
2678 4478 2873 4549 pepulo
2901 4478 3212 4534 Emeritano
3260 4490 3281 4518 ο
3333 4478 3386 4539 in
3427 4480 3662 4534 Domino
3685 4496 3779 4549 sa-

469 4562 616 4631 justo
645 4562 821 4634 pretio
869 4563 935 4616 ad
989 4577 1125 4633 opus
1179 4563 1510 4619 dominicum
1552 4578 1941 4634 comparasset.
1978 4568 2069 4625 llle
2100 4567 2144 4625 Β
2173 4568 2361 4622 lntem.

550 4708 575 4735 ι
610 4694 689 4765 Eat
717 4694 804 4749 bis
830 4694 1011 4765 verbis
1040 4694 1263 4765 lmmam
1290 4708 1519 4765 uxorem
1562 4694 1878 4765 Eginhardi,
1903 4695 2067 4751 ﬁliam

472 4766 643 4821 fuisse
662 4763 851 4837 Garuli
863 4764 1038 4837 Magni
1061 4764 1262 4837 colligit
1286 4763 1631 4837 Mabillonius
1791 4781 1841 4818 tv
1864 4767 2064 4821 Bened.

514 4848 616 4889 art.
652 4852 691 4899 ι,
720 4834 773 4889 1η
816 4834 998 4903 Elegia
1020 4834 1279 4889 historico
1308 4834 1606 4903 Angilbcrti
1636 4835 1847 4889 abbatis
1871 4837 2069 4891 Centu-

498 4906 661 4961 enSis.
694 4923 711 4955 ι
740 4903 798 4959 Si
826 4904 1133 4967 Lotharius,
1166 4904 1374 4977 inquit,
1393 4903 1879 4977 Egainhardiﬁnepos
1903 4924 1914 4958 :
1939 4920 2068 4977 ergo

516 4986 697 5046 roptcr
742 4989 988 5046 uxorem,
1030 4989 1149 5043 qua:
1186 4973 1629 5046 proindeCaroli
1678 4973 1797 5046 liba:
1829 4973 2060 5029 fueritfi

516 4993 697 5046 l‘OplCl'
742 4993 988 5034 uxorem,
1030 4993 1149 5043 qua:
1186 4993 1409 5044 pTOIllGC
1450 4993 1629 5029 (ΑΠ’οη
1678 4993 1785 5028 una
1829 4993 2008 5029 lucrll.
2043 4998 2060 5028 ι

476 4993 677 5101 gentm
718 5045 811 5116 bis
836 5045 1013 5116 verbis
1060 5060 1169 5098 rem
1210 5060 1314 5097 non
1347 5044 1524 5116 evinci
1566 5052 1727 5116 putat
1773 5044 1970 5116 Pagius
2000 5046 2063 5100 ad

2174 4698 2423 4768 intelligit
2478 4698 2919 4768 principalitatem
2965 4715 3060 4754 seu
3106 4699 3561 4768 prwcipuitalem;
3596 4714 3771 4767 quam

2172 4783 2357 4823 vocem
2388 4769 2603 4822 deducit
2646 4784 2674 4821 a
2719 4768 3014 4822 Teutonico
3059 4778 3227 4836 nempt
3271 4768 3354 4820 vel
3394 4779 3533 4836 nept,
3587 4770 3642 4821 id
3687 4782 3773 4823 est

2171 4837 2669 4918 prircipuus.-ldcni
2722 4839 2998 4918 contendit
3020 4854 3233 4918 “vocem
3266 4837 3539 4901 Nettslriu,
3578 4854 3709 4918 illam
3738 4857 3768 4893 a

2174 4908 2444 4961 veteribus
2493 4908 2809 4978 Neptrccum
2850 4908 2963 4962 sive
3009 4908 3313 4978 Neptricum
3347 4917 3570 4960 vocatur
3616 4909 3767 4963 idem

2171 4990 2292 5031 esse
2329 4992 2395 5030 ac
2436 4977 2755 5047 prwcipuum
2794 4993 3004 5046 regnum
3036 4995 3065 5030 a
3104 4987 3231 5044 περι
3264 4978 3614 5045 prmcipuum,
3651 4989 3711 5032 et
3736 4994 3766 5032 a

2172 5047 2279 5098 rich
2310 5062 2404 5101 seu
2439 5048 2574 5100 reicit
2606 5061 2846 5116 regnum.
2870 5048 3043 5100 ——Sic
3083 5047 3157 5116 D.
3187 5047 3530 5113 Bouqnetus;
3566 5060 3621 5101 at
3660 5064 3763 5103 no-

477 5114 759 5187 ann.792,
787 5131 908 5170 CIIII)
940 5114 1035 5187 lue
1072 5130 1247 5177 voces,
1292 5114 1479 5187 neptis,
1505 5114 1811 5187 avunculus,
1842 5114 2071 5187 similes-
2166 5118 2421 5169 vissimus
2467 5114 2755 5187 Eginbardi
2798 5117 3093 5177 editor,.D.
3125 5115 3334 5187 Teulet,
3368 5117 3485 5187 voci
3536 5123 3764 5185 neptim-

478 5200 583 5257 que
609 5185 692 5239 his
724 5184 1055 5253 temporibus
1098 5200 1343 5305 marinam
1374 5185 1657 5238 lmbncrint
1703 5184 2065 5249 latitudinem,

478 5255 762 5305 variasque
792 5255 1065 5305 patiantur
1094 5267 1195 5305 exn
1221 5254 1500 5305 icationes.
1538 5256 1600 5305 Et
1635 5264 1781 5305 certe
1814 5256 1927 5305 inse
1956 5256 2065 5305 Μιλ-

476 5254 762 5324 variasque
792 5255 1065 5323 patiantur
1094 5254 1500 5322 explicationes.
1538 5256 1600 5308 Et
1635 5264 1781 5309 certe
1814 5256 1826 5307 i
1872 5270 1927 5309 se
1956 5256 2065 5307 .lla-

479 5323 749 5378 billonins.
786 5324 878 5377 lib.
908 5340 1053 5377 xxvn
1082 5322 1275 5376 Annal.
1318 5324 1611 5378 Benedict...
1641 5341 1785 5377 num.
1928 5327 2065 5378 hanc

479 5322 749 5387 billonins,
786 5322 878 5377 lib.
908 5340 1053 5377 xxvn
1082 5322 1275 5376 Annal.
1318 5324 1611 5385 Benedict.,
1641 5341 1785 5377 num.
1812 5322 1899 5388 5|,
1928 5327 2065 5379 hanc

518 5395 936 5464 ropinquitatem
966 5408 1030 5448 ex
1078 5393 1183 5449 alio
1209 5394 1385 5461 capite
1416 5394 1545 5464 oriri
1576 5408 1732 5461 posse
1767 5396 2063 5456 existimat,

518 5411 936 5464 ropnupmatem
966 5411 1030 5448 ex
1078 5411 1183 5449 ano
1209 5411 1385 5461 capue
1416 5411 1545 5447 orm
1576 5411 1732 5461 posse
1767 5411 2063 5456 extsumat,

477 5411 925 5534 bistoriolamque
974 5478 1067 5517 seu
1133 5464 1311 5532 potius
1367 5463 1600 5534 fabulam
1668 5465 2063 5534 chropograpbi

480 5532 973 5595 Laweshamensis,
1028 5534 1249 5587 lmmam
1297 5534 1491 5588 Carolo
1538 5533 1699 5587 filiam
1742 5532 2063 5602 aliingcntis,

478 5604 583 5659 hoc
603 5604 693 5657 Ivel
732 5605 890 5674 unico
909 5614 1227 5674 argumento
1258 5618 1512 5658 corruere
1540 5612 1714 5672 putat,
1742 5605 1883 5671 quod
1911 5604 2067 5674 Eginf

2167 5196 2288 5247 tem,
2315 5203 2473 5255 quam
2506 5185 2687 5239 multis
2709 5188 3042 5254 argumentis
3071 5186 3225 5255 plane
3266 5185 3557 5249 insolitam,
3609 5189 3765 5241 omni

2166 5272 2327 5308 sensu
2371 5256 2681 5310 destitutam
2716 5266 2771 5310 et
2798 5258 3142 5310 amanuensis
3168 5255 3471 5309 oscitanti-.1:
3514 5256 3765 5312 tribuen-

2169 5325 2317 5395 dam,
2352 5327 2563 5393 probat,
2600 5326 2879 5379 substituit
2903 5327 3163 5395 pietatem.
3198 5324 3350 5378 Eutr.

2242 5396 2267 5433 δ
2293 5394 2496 5453 'feulet,
2528 5395 2733 5462 priscis.

2242 5475 2263 5534 (ξ
2302 5466 2431 5517 Cod.
2469 5464 2528 5517 1).
2562 5465 2846 5534 quidquid;
2880 5463 3085 5525 Tcnlct,
3124 5464 3279 5534 quod.

2237 5532 2261 5571 ⁸
2306 5534 2457 5595 (30.1.,
2490 5532 2720 5603 Lapitu,‘
2754 5534 2960 5597 Tculet,
2990 5532 3232 5603 Laputhi.

2244 5614 2265 5642 ε
2307 5603 2540 5673 Emerita
2578 5606 2645 5657 ad
2694 5605 2866 5657 Anam
2922 5604 3138 5657 ﬂuvium
3169 5605 3220 5656 in
3253 5603 3529 5656 Lusitania
3560 5604 3760 5673 posita,

481 5674 682 5756 pariles
724 5663 1002 5754 conjugen‘i
1043 5674 1247 5727 habuit.
1283 5663 1636 5756 Do.c_ti.sﬂsimus
1668 5663 1834 5753 abbas
1865 5663 2073 5756 Lebcttf
2170 5663 2396 5756 ideoque
2427 5688 2674 5756 ammarca
2709 5674 2987 5756 lli~_panita
3043 5674 3248 5756 dissita.
3288 5674 3469 5756 Quare
3493 5663 3764 5756 _Cointi.us

482 5744 533 5798 in
581 5742 969 5799 Dissertatiu’nc
1013 5760 1132 5813 quae
1164 5760 1303 5797 anno
1354 5744 1483 5796 l7l0
1517 5744 1795 5813 pnemium
1842 5745 1963 5796 tnlit
2002 5745 2066 5797 ab

484 5817 754 5871 madentia
804 5815 1177 5869 Suessioncnsi
1224 5817 1577 5883 propontum,
1626 5830 1719 5883 per
1768 5816 2064 5882 ncptitatcm

2172 5743 2235 5795 ad
2268 5759 2392 5795 ann.
2430 5742 2553 5805 8‘86,
2600 5760 2745 5797 num.
2788 5742 2876 5807 5i,
2915 5744 3029 5797 loro
3082 5742 3274 5811 populo
3318 5742 3657 5811 Ettwt‘itunO,
3698 5747 3772 5803 le-

2170 5826 2400 5885 genuum
2433 5824 2633 5880 censet,
2658 5814 2848 5882 populo
2896 5813 3390 5883 (.‘a‘sarnugasmno.
