3928 6320
266 379 386 437 815

1730 373 2112 433 εριδτοιλε.

3434 377 3538 433 5‘26

346 496 667 552 Audivimus
706 497 1101 553 tribulationem
1144 506 1405 563 vestram,
1438 506 1492 550 et
1513 495 1861 550 multimodas
1888 500 1939 557 Α
1961 492 2235 562 gnahitur.
2280 490 2413 546 Nam
2458 507 2581 549 cum
2615 495 2846 564 primum
2891 496 3137 564 equitare
3179 506 3429 567 potuero,
3458 501 3541 555 vel

266 591 576 661 angustias,
640 606 779 659 quas
834 590 1080 660 patimini
1132 604 1230 659 per
1280 588 1661 643 crudelitatem
1712 587 1860 656 regis

267 669 669 746 Abdirhaman,
704 683 797 752 qui
852 698 948 737 vos
998 696 1096 753 per
1140 681 1360 735 nimiam
1378 681 1737 749 cupiditatem
1776 694 1862 734 re-

268 792 397 831 rum
446 786 772 840 vestrarum,
814 791 949 846 quas
1003 776 1156 830 vobis
1212 773 1428 829 auferre
1480 781 1709 829 conatus
1753 778 1858 837 est,

268 870 571 939 saepissime
599 868 864 923 violenter
898 866 1188 938 oppressit.
1222 865 1377 921 Sicut
1428 872 1484 919 et
1513 873 1723 935 patrem
1740 862 1861 930 ejus

268 960 476 1014 Abolaz
511 958 706 1014 fecisse
726 959 1113 1028 comperimus,
1156 957 1249 1026 qui
1287 953 1504 1023 injustis
1542 952 1858 1023 superposi-

269 1051 513 1106 tionibus
554 1065 799 1114 censum,
852 1047 1005 1117 cujus
1054 1048 1330 1103 debitores
1378 1061 1485 1101 non
1533 1045 1723 1108 eratis,
1756 1044 1859 1097 sibi

269 1140 486 1196 solvere
512 1140 758 1210 cogebat,
792 1149 848 1194 et
865 1144 1089 1210 propter
1116 1140 1219 1193 hoc
1245 1138 1310 1197 de
1356 1137 1546 1191 amicis
1588 1136 1857 1198 inimicos,

265 1238 332 1286 ιι
352 1230 422 1285 de
458 1229 835 1284 ohedientibus
864 1229 970 1284 sibi
1004 1228 1310 1284 contrarius
1334 1234 1494 1296 atque
1542 1225 1857 1280 inobedien-

270 1329 380 1385 tes,
431 1318 719 1384 eﬂ‘ecerat;
754 1320 883 1389 quia
930 1328 986 1374 et
1030 1319 1336 1373 libertatem
1384 1316 1538 1371 vobis
1571 1315 1781 1378 tollere,
1806 1322 1863 1368 et

271 1410 493 1480 injustis
523 1410 780 1465 censibus
806 1426 869 1465 ac
902 1410 1122 1465 tributis
1150 1424 1247 1463 vos
1292 1423 1521 1462 onerare
1570 1415 1731 1476 atque
1760 1407 1859 1460 bu-

270 1502 487 1558 miliare
508 1501 725 1557 molitus
759 1510 863 1556 est.
896 1501 1023 1565 Sed,
1053 1510 1114 1555 ut
1138 1501 1461 1565 audivimus,
1498 1514 1593 1553 vos
1623 1512 1855 1567 semper,

266 1592 420 1649 sicut
448 1593 549 1646 viri
576 1590 765 1656 fortes,
819 1590 1065 1659 injurias,
1123 1592 1191 1645 ab
1231 1590 1430 1659 iniquis
1465 1589 1680 1659 regibus
1708 1588 1861 1643 vobis

268 1681 475 1746 ﬂlatas,
506 1683 721 1736 fortiter
743 1683 1039 1751 repulistis,
1069 1690 1125 1736 et
1146 1681 1456 1736 crudelitati
1482 1690 1644 1750 atque
1691 1680 1860 1734 avidi-

270 1772 379 1827 tati
412 1786 601 1826 eorum
638 1772 866 1826 viriliter
907 1770 1201 1825 restitistis.
1254 1769 1407 1836 Quod
1452 1782 1507 1824 et
1553 1785 1648 1824 vos
1699 1769 1857 1828 modo

1961 584 2029 639 ad
2067 599 2184 651 vos,
2215 584 2299 639 vel
2328 586 2397 641 ad
2437 586 2695 640 domuum
2735 586 3120 655 imperatorem
3161 589 3347 644 venire
3392 588 3544 646 festi.

1962 675 2106 730 naho
2133 693 2147 729 :
2178 683 2358 730 utrum
2389 674 2545 731 vobis
2582 674 2846 746 placuerit
2889 686 2948 731 ut
2985 676 3206 734 faciam.
3249 678 3405 736 Nunc
3442 681 3543 737 hu-

1961 764 2160 819 militer
2197 764 2461 835 deprecor
2489 764 2747 833 pietatem
2774 773 3009 822 vestram
3036 776 3099 823 ut
3132 782 3221 824 me
3260 770 3403 839 apud
3440 773 3543 827 mi-

1959 858 2449 915 sericordissimum
2496 859 2778 915 dominum
2828 875 3050 925 meum,
3104 877 3228 918 eum
3275 862 3343 917 ad
3393 860 3544 917 illum

1959 950 2240 1015 veneritis,
2263 965 2527 1006 excusare
2551 950 2846 1022 dignemini
2868 949 2937 1005 de
2961 964 3030 1005 eo
3050 951 3193 1021 quod
3218 950 3290 1007 ad
3314 966 3410 1007 vos
3433 967 3544 1006 non

1960 1042 2104 1097 veni.
2144 1043 2287 1098 Deus
2314 1043 2470 1098 testis
2490 1050 2576 1097 est
2599 1043 2742 1112 quod
2767 1042 2835 1098 de
2858 1041 3167 1097 valetudine
3189 1058 3310 1098 mea
3340 1042 3543 1097 nullam

1955 1132 2253 1189 falsitatem
2273 1136 2428 1191 vobis
2451 1134 2683 1205 scripsi:
2706 1143 2762 1191 et
2786 1149 2893 1190 non
2916 1134 3090 1191 solum
3116 1135 3240 1202 hoc,
3263 1136 3357 1191 sed
3376 1137 3542 1192 etiam

1959 1222 2103 1291 quod
2133 1222 2302 1277 multo
2327 1225 2576 1294 graviora
2616 1231 2743 1279 sunt
2766 1223 2872 1278 alia
2898 1224 3147 1293 quaedam
3175 1226 3539 1290 incommoda,

1960 1326 2081 1381 qua:
2111 1313 2289 1383 patior
2323 1313 2377 1367 in
2408 1314 2747 1385 memetipso,
2779 1315 2845 1370 de
2873 1314 3088 1385 quibus,
3118 1315 3223 1370 nisi
3258 1331 3383 1371 cum
3412 1316 3545 1373 fide-

1960 1399 2187 1467 lissimo,
2216 1401 2421 1456 nullam
2450 1417 2665 1473 possum
2700 1404 2902 1459 halere
2930 1404 3279 1460 locutionem.
3312 1404 3427 1462 Hoc
3459 1415 3542 1462 ta-

1961 1506 2084 1547 men
2115 1494 2309 1548 scitote
2336 1495 2479 1564 quod
2509 1496 2769 1565 majorem
2796 1496 2957 1550 vobis
2976 1510 3157 1552 coram
3188 1496 3299 1554 Deo
3327 1514 3542 1557 mercc-

1958 1582 2081 1636 dem
2130 1584 2182 1638 in
2226 1586 2477 1654 presenti
2525 1588 2807 1656 acquirere
2848 1602 2953 1642 non
2993 1590 3245 1657 potestis,
3286 1606 3451 1661 quam
3496 1595 3543 1647 si

1958 1673 2248 1730 eieceritis
2292 1685 2351 1730 ut
2400 1677 2531 1731 mihi
2583 1677 2743 1733 liceat
2791 1679 2859 1734 ad
2902 1680 3181 1735 servitium
3228 1693 3543 1738 sanctorum

1960 1762 2161 1819 Christi
2191 1774 2513 1837 martyrum,
2553 1782 2677 1821 cum
2720 1768 2956 1837 primum
2988 1770 3228 1836 valuero,
3263 1769 3539 1828 festinare.

270 1860 458 1917 facere
516 1862 807 1917 multorum
856 1862 1119 1917 relatione
1171 1861 1478 1915 didicimus.
1522 1860 1861 1930 Quapropter
1888 1843 1934 1901 Β
1961 1857 2188 1913 Possum
2214 1859 2357 1915 enim
2384 1860 2509 1914 illuc
2541 1861 2595 1914 in
2622 1861 2927 1931 quindecim
2954 1862 3144 1918 diebus
3168 1864 3233 1919 de
3259 1874 3451 1923 sancto
3475 1866 3538 1920 Ν.

266 1952 600 2022 complacuit
624 1953 779 2007 nobis
806 1953 875 2006 ad
894 1966 990 2006 vos
1016 1952 1115 2005 has
1143 1952 1350 2005 litteras
1377 1951 1628 2020 dirigere,
1655 1966 1860 2020 vosque

266 2042 541 2098 consolari
569 2050 730 2110 atque
759 2041 1033 2095 exhortari
1072 2041 1204 2093 utin
1231 2054 1327 2104 ea,
1359 2054 1465 2109 qua
1509 2040 1771 2105 cmpistis,
1798 2040 1861 2093 li-

268 2133 505 2187 bertatis
528 2144 723 2186 vestrae
748 2130 1059 2186 defensione
1088 2138 1279 2185 contra
1309 2130 1744 2185 crudelissimum
1773 2147 1860 2185 re-

268 2239 399 2296 gem
456 2225 836 2293 perseveretis,
888 2232 945 2277 et
1005 2223 1175 2275 furori
1237 2232 1399 2291 atque
1445 2223 1665 2277 εωνηὴε
1695 2222 1856 2287 illius,

269 2313 467 2387 [sicut]
503 2314 764 2367 hactenus
820 2311 1041 2375 fecistis,
1096 2313 1289 2365 cedere
1316 2326 1421 2364 non
1452 2311 1771 2381 dignemini:
1795 2312 1860 2366 Et

269 2406 404 2474 quia
433 2405 575 2459 idem
624 2420 719 2458 rex
755 2403 1091 2457 certissimus
1137 2401 1480 2459 adversarius
1506 2410 1562 2455 et
1608 2402 1861 2457 inimicus

268 2505 386 2550 tam
433 2505 615 2549 noster
669 2510 831 2562 quam
860 2501 913 2546 et
959 2504 1139 2547 vester
1165 2500 1266 2557 est,
1306 2492 1578 2545 communi
1630 2492 1859 2547 consilio

268 2595 463 2640 comra
527 2584 792 2639 sasvitiam
846 2582 963 2651 ejus
1014 2582 1348 2636 dirnicemus.
1410 2581 1667 2635 Volumus
1689 2583 1857 2647 enim,

268 2693 399 2733 cum
457 2676 553 2731 Dei
604 2674 988 2745 omnipotentis
1045 2675 1333 2745 adjutorio,
1375 2675 1619 2745 proxima
1670 2683 1859 2728 testate

267 2769 575 2827 exercitum
618 2776 862 2822 nostrum
889 2767 955 2821 ad
1008 2782 1247 2821 ntarcam
1300 2742 1535 2821 vestiam
1563 2778 1589 2806 ι
1622 2766 1856 2831 mittere,

270 2866 340 2916 ut
360 2860 437 2915 ibi
464 2868 797 2929 przeparatus
826 2857 1010 2912 sedeat
1038 2865 1092 2911 et
1110 2864 1388 2924 exspectet
1404 2856 1572 2909 donec
1596 2872 1691 2909 vos
1713 2871 1861 2909 man-

268 2954 420 3011 detis
451 2952 665 3022 quando
689 2965 1009 3021 promovere
1043 2950 1255 3013 debeat,
1285 2949 1329 3002 si
1359 2950 1431 3002 ita
1470 2949 1621 3002 vobis
1656 2949 1855 3003 bonum

270 3046 452 3102 visum
500 3042 680 3107 fuerit,
740 3050 801 3095 ut
848 3049 1069 3111 propter
1110 3056 1207 3094 vos
1232 3038 1560 3107 adjuvaudos
1606 3039 1854 3092 eumdem

267 3138 575 3194 exercitum
621 3146 810 3191 contra
842 3149 1157 3189 communes
1198 3133 1447 3187 inimicos
1479 3139 1734 3195 'nostros,
1764 3128 1853 3199 qui

1962 1951 2262 2018 navigando
2309 1951 2614 2021 pervenire.
2664 1950 2729 2005 Si
2778 1967 2866 2007 me
2909 1953 3251 2009 imbecillitas
3295 1957 3543 2026 corporis

1961 2054 2068 2093 non
2096 2040 2395 2108 impediret,
2426 2055 2533 2094 non
2558 2040 2656 2094 bas
2680 2038 2891 2095 litteras
2919 2043 3211 2109 mitterem,
3240 2045 3335 2099 sed
3360 2045 3542 2115 potius

1961 2126 2075 2195 ipse
2104 2129 2364 2193 venirem,
2396 2138 2450 2184 et
2481 2130 2533 2182 in
2564 2128 2647 2183 bis
2677 2144 2796 2199 qua:
2829 2130 2969 2199 apud
2997 2144 3094 2185 vos
3119 2140 3350 2201 aguntur
3380 2133 3541 2190 simul

1962 2216 2237 2272 vobiscum
2263 2233 2459 2273 essem.

2498 2308 2833 2365 EPISTOLA
2871 2309 3007 2365 XLI.

2587 2419 2654 2457 λυ
2693 2419 2915 2458 Αὶιιευιι.

2029 2490 2203 2555 Nunc,
2234 2492 2287 2546 in
2317 2492 2526 2563 magnis
2564 2494 2829 2564 angustiis
2852 2494 3078 2562 positus,
3108 2509 3206 2550 oro
3240 2497 3542 2569 benignita-

1962 2592 2069 2637 tem
2096 2593 2353 2645 vestram,
2383 2592 2443 2637 ιιι
2472 2584 2611 2653 apud
2642 2585 2943 2654 piissimum
2978 2585 3254 2641 dominum
3283 2598 3338 2643 et
3372 2591 3535 2661 impe-

1962 2681 2198 2727 ratorem
2251 2682 2497 2728 nostrum
2548 2689 2646 2743 pro
2696 2690 2782 2728 me
2840 2674 3177 2731 intercedere
3222 2677 3537 2749 dignemini.
3624 2741 3635 2753 ο

1962 2760 2094 2816 Nam
2121 2761 2287 2831 jussit
2334 2762 2466 2817 mihi
2512 2764 2718 2834 regina,
2761 2764 2977 2833 quando
3019 2763 3084 2820 de
3126 2765 3295 2836 Aquis
3324 2782 3539 2839 egressa

1957 2863 2070 2915 est,
2105 2855 2197 2923 qui
2228 2855 2385 2909 simul
2415 2871 2536 2910 cum
2566 2870 2627 2909 ea
2660 2856 2739 2909 ire
2767 2870 2872 2910 non
2914 2865 3187 2924 poteram,
3222 2869 3343 2928 post
3386 2877 3444 2916 se
3473 2863 3540 2915 ad

1958 2945 2348 3016 Compendium
2372 2946 2576 2999 venire.
2622 2944 2790 3015 Cujus
2830 2949 3113 3017 praeceptis
3138 2950 3537 3020 obtemperans.

1959 3050 2081 3089 cum
2109 3050 2301 3107 magna
2324 3034 2653 3101 difﬁcultate,
2678 3038 2765 3090 vix
2792 3038 2845 3090 in
2874 3039 3059 3092 deceru
3086 3039 3297 3106 diebus,
3326 3044 3445 3098 veni
3473 3047 3539 3101 ad

1964 3127 2324 3182 Valentianas.
2368 3128 2526 3192 Inde,
2567 3129 2693 3197 quia
2735 3128 2760 3167 ά
2802 3129 2914 3196 jam
2946 3132 3194 3200 equitare
3238 3150 3342 3188 non
3374 3137 3536 3201 valui,

271 3228 335 3280 in
357 3240 538 3280 marca
570 3232 753 3279 nostra
785 3223 1044 3287 resident,
1102 3220 1397 3291 dirigamus
1428 3239 1439 3273 :
1475 3220 1541 3273 ad
1571 3220 1669 3274 hoc
1699 3228 1776 3282 ut,
1807 3220 1853 3271 si
1881 3208 1924 3268 C
1956 3232 2126 3286 usque
2149 3217 2215 3270 ad
2244 3225 2488 3272 sanctum
2518 3216 2581 3273 N.
2609 3219 2874 3287 navigavi.
2904 3219 3039 3273 Nam
3066 3228 3119 3274 et
3144 3222 3307 3276 nimia
3333 3227 3539 3281 ventris

269 3314 663 3378 Abdirhaman,
700 3313 785 3367 vel
822 3312 1096 3367 exercitus
1142 3310 1277 3378 ejus,
1309 3319 1499 3365 contra
1548 3326 1644 3365 vos
1671 3309 1854 3363 venire

274 3403 532 3466 voluerit,
574 3402 662 3456 isti
690 3417 787 3470 per
807 3411 1049 3454 nostrum
1082 3399 1379 3454 exercitum
1408 3400 1773 3467 impediantur
1796 3408 1852 3452 ut

268 3493 353 3550 Illi
379 3501 433 3548 et
461 3493 732 3548 exercitus
761 3491 788 3530 δ
818 3489 937 3558 ejus
964 3491 1019 3543 in
1046 3490 1371 3559 adjutorium
1416 3497 1605 3543 contra
1633 3504 1726 3542 vos
1766 3504 1855 3543 ve-

267 3584 397 3641 nire
422 3598 525 3637 non
563 3582 790 3636 valeant.
825 3580 957 3634 Nam
992 3590 1170 3635 certos
1197 3594 1292 3633 vos
1332 3579 1562 3633 facimus
1612 3580 1774 3648 quod,
1808 3579 1855 3633 si

272 3672 348 3729 ab
376 3672 465 3727 illo
484 3686 585 3725 vos
614 3679 880 3735 avertere,
904 3678 959 3723 et
983 3670 1050 3724 ad
1081 3684 1178 3723 nos
1205 3678 1521 3723 convertere
1554 3668 1850 3733 volueritis,

269 3765 496 3833 antiqua
522 3761 771 3816 libertate
798 3768 999 3825 vestra,
1039 3759 1348 3829 plenissime
1378 3767 1434 3813 et
1482 3759 1599 3813 sine
1641 3758 1745 3812 ulla
1772 3759 1853 3813 di-

273 3854 596 3917 minutione,
627 3851 777 3905 vobis
826 3850 907 3903 uti
960 3848 1327 3913 concedimus,
1359 3857 1413 3901 et
1440 3848 1642 3917 absque
1692 3864 1856 3902 censu

271 3944 362 3998 vel
400 3943 624 4003 tributo,
659 3942 925 3994 immunes
959 3954 1055 3993 vos
1085 3953 1204 3993 esse
1257 3938 1641 4007 permittimus,
1669 3948 1725 3992 et
1749 3954 1854 3992 non

269 4032 435 4087 aliam
459 4032 657 4101 legem,
687 4031 788 4084 nisi
835 4045 939 4099 qua
960 4029 1061 4098 ipsi
1091 4029 1269 4081 vivere
1298 4028 1597 4092 volueritis,
1654 4044 1748 4082 vos
1779 4037 1855 4082 tc-

270 4138 408 4176 uere
432 4120 704 4189 jubemus,
734 4134 835 4174 nec
881 4119 1039 4172 aliter
1071 4133 1198 4189 erga
1239 4132 1334 4173 vos
1383 4133 1543 4187 agere
1587 4118 1853 4182 volumus,

271 4212 379 4266 nisi
413 4219 471 4264 ut
497 4226 590 4265 vos
618 4212 820 4265 amicos
849 4220 902 4265 et
934 4210 1129 4272 socios,
1156 4209 1211 4262 in
1238 4209 1551 4264 defensione
1580 4211 1731 4279 regni
1762 4226 1857 4264 no—

268 4302 397 4367 stri,
424 4301 722 4357 honorifice
759 4302 1073 4356 habeamus.
1102 4299 1364 4370 Optamus
1412 4316 1507 4356 vos
1542 4301 1596 4356 in
1624 4301 1856 4358 Domino

268 4404 491 4460 semper
514 4390 649 4445 bene
686 4390 881 4445 valere.

824 4480 1155 4536 EPlSTOLA
1192 4480 1303 4535 XL.

748 4586 824 4624 ΔΙ)
860 4584 1379 4624 ίιΙΡΕηΛτῐΗΩΕΙ.

345 4661 683 4730 Cognoscere
710 4659 959 4729 dignetur
984 4660 1223 4729 piissima
1250 4658 1466 4714 domina
1499 4668 1683 4715 nostra
1709 4664 1852 4731 quod

268 4764 379 4822 ego
410 4764 601 4805 servus
628 4756 826 4813 vester,
860 4758 1145 4818 postquam
1172 4748 1239 4802 de
1265 4748 1435 4818 Aquis
1467 4750 1642 4815 exivi,
1689 4752 1852 4806 tantis

267 4829 520 4910 corporis
542 4839 895 4903 incommodis
915 4836 1138 4893 affectus
1159 4853 1297 4903 sum,
1322 4846 1382 4891 ut
1403 4837 1469 4892 de
1491 4837 1740 4907 Trajeeto
1764 4841 1850 4894 vix

269 4932 487 4986 decimo
516 4931 603 4986 die
627 4931 911 5001 pervenire
934 4946 1149 4999 possem
1176 4931 1244 4985 ad
1268 4930 1628 4987 Valentianas.
1664 4934 1736 4987 lbi
1768 4950 1851 4989 me

270 5030 388 5075 tam
426 5034 651 5090 magnus
677 5021 887 5073 renium
919 5019 1077 5073 simul
1107 5034 1171 5073 ac
1206 5020 1409 5089 splenis
1439 5020 1593 5074 dolor
1632 5021 1845 5084 invasit,

271 5117 337 5163 ut
361 5123 431 5162 ne
454 5123 621 5162 unum
645 5108 861 5177 quidem
882 5108 1171 5162 miliarium
1197 5109 1486 5179 in‘integro
1506 5111 1593 5165 die
1615 5112 1847 5165 valerem

268 5197 569 5267 equitando
591 5196 875 5251 conficere.
918 5196 1256 5268 Quapropter
1277 5200 1517 5268 supplico
1544 5202 1726 5270 pietati
1762 5218 1850 5255 ve-

269 5294 404 5342 stra
443 5295 501 5339 ut
549 5286 679 5340 mihi
724 5286 898 5351 liceat,
941 5301 1065 5341 cum
1108 5288 1277 5357 gratia
1308 5300 1507 5354 vestra,
1549 5292 1849 5361 navigando

273 5378 356 5434 ire
396 5378 462 5431 ad
508 5387 755 5431 sanetum
801 5376 864 5430 Ν.
900 5388 921 5415 ε
959 5377 1141 5446 ibique
1178 5377 1364 5446 jacere
1403 5396 1683 5451 quousque
1718 5382 1848 5436 mihi

270 5466 419 5524 Deus
460 5468 803 5537 omnipotens
834 5469 976 5523 vires
1014 5470 1081 5524 ad
1124 5470 1229 5523 iter
1269 5468 1572 5525 faciendum
1612 5473 1742 5527 dare
1770 5474 1850 5527 di-

345 5635 373 5663 ⁸
412 5623 627 5683 Teulet,
655 5635 901 5678 nostram.

345 5692 376 5732 δ
415 5694 604 5747 Melius
628 5694 830 5757 Teulet,
863 5697 1129 5748 exercitui.

341 5776 367 5802 ι
411 5761 468 5817 ld
501 5771 585 5818 est
619 5764 684 5816 ad
722 5774 963 5819 sanctum
1006 5766 1295 5831 Bavonem,
1338 5782 1431 5821 seu
1458 5768 1521 5822 ad
1550 5770 1719 5823 sancti
1746 5768 1844 5822 Ba.

1955 3307 2153 3362 solutio
2184 3316 2238 3363 et
2273 3310 2480 3364 renium
2528 3308 2685 3364 dolor
2716 3310 2796 3364 sic
2837 3310 2889 3364 in
2938 3327 3024 3366 me
3068 3312 3388 3372 alternando
3432 3319 3537 3374 siti

1954 3399 2280 3463 succedunt,
2312 3407 2372 3452 ut
2400 3398 2545 3454 nulla
2574 3400 2688 3455 dies
2719 3400 2913 3467 fuerit,
2951 3411 3238 3472 postquam
3266 3406 3333 3461 de
3368 3406 3538 3479 Aquis

1954 3488 2219 3556 promovi,
2267 3488 2399 3557 quin
2440 3489 2540 3542 hac
2585 3488 2667 3543 vel
2713 3488 2797 3543 illa
2846 3490 3162 3549 infirmitate
3207 3494 3532 3553 laborarem.

1957 3576 2095 3631 Sunt
2123 3580 2328 3648 pariter
2353 3579 2467 3634 hmc
2500 3587 2555 3634 et
2583 3579 2688 3633 alia
2713 3596 2833 3649 qua:
2861 3582 2995 3637 mihi
3027 3597 3094 3637 ex
3120 3583 3213 3638 illo
3238 3587 3447 3651 morbo,
3479 3589 3535 3643 in

1955 3685 2062 3739 quo
2101 3686 2242 3724 anno
2280 3670 2557 3739 praeterito
2584 3671 2754 3740 jaeui,
2784 3672 3151 3743 contigerant,
3189 3675 3362 3731 dextri
3392 3678 3535 3735 vide-

1956 3760 2083 3815 licet
2121 3759 2341 3815 lbmoris
2372 3760 2661 3816 Continuus
2687 3770 2871 3831 torpor
2898 3776 2965 3817 ac
3006 3762 3211 3833 splenis
3232 3780 3368 3833 pene
3394 3767 3533 3823 into-

1957 3849 2194 3904 lerabilis
2213 3850 2384 3904 dolor.
2408 3850 2503 3904 His
2524 3848 2865 3920 passiOnibus
2888 3851 3129 3917 affectus,
3149 3854 3302 3909 valde
3324 3856 3531 3911 tristem

1946 3954 2020 3992 ac
2047 3953 2181 4007 pene
2210 3938 2355 3992 omni
2389 3937 2729 4006 jucunditate
2767 3950 3043 3995 carentem
3071 3940 3212 3998 duco
3241 3948 3437 4010 vitam;
3473 3946 3533 4002 in

1955 4044 2020 4083 eo
2059 4031 2291 4083 maxime
2328 4030 2471 4097 quod
2517 4031 2679 4085 timeo
2714 4045 2801 4085 me
2845 4030 3009 4086 aliubi
3056 4048 3217 4103 quam
3258 4034 3441 4100 velim,
3482 4045 3532 4092 et

1957 4119 2103 4173 aliud
2132 4130 2379 4189 agentem
2414 4135 2573 4188 quam
2607 4122 2811 4175 sanctis
2838 4121 3040 4177 Christi
3067 4125 3396 4195 martyribus
3420 4142 3534 4181 scr-

1956 4209 2213 4275 vientem,
2248 4224 2371 4264 esse
2403 4210 2744 4264 moriturum.
2774 4210 3110 4281 Quapropter
3136 4212 3325 4281 adjuro
3357 4232 3452 4271 vos
3479 4210 3541 4272 (δι’

1955 4299 2197 4353 obtestor
2222 4313 2321 4367 per
2346 4300 2533 4353 beatos
2563 4299 2765 4355 Christi
2792 4310 3059 4372 martyres
3086 4302 3454 4361 Marcellinum
3478 4318 3534 4361 ct

1956 4387 2195 4453 Petrum,
2221 4398 2277 4442 ut
2303 4404 2402 4458 pro
2432 4404 2548 4443 mea
2577 4393 2843 4460 parvitate
2873 4391 3010 4459 apud
3037 4392 3337 4463 piissimum
3364 4396 3532 4467 impe~

1955 4485 2188 4532 ratorem
2215 4478 2549 4533 intercedere
2571 4479 2886 4549 dignemini,
2920 4490 2979 4535 ut
3012 4496 3118 4535 non
3149 4483 3281 4538 mihi
3309 4499 3532 4541 succen-

1878 4550 1931 4609 Ῐ)
1957 4585 2077 4624 sere
2098 4570 2227 4624 velit
2250 4584 2347 4636 pro
2371 4585 2437 4624 eo
2464 4569 2605 4639 quod
2634 4570 2731 4635 illi,
2764 4571 2902 4628 sicut
2925 4572 2977 4625 hi
3006 4574 3096 4642 qui
3126 4581 3436 4643 potuerunt,
3473 4577 3529 4631 in

1953 4676 2237 4715 occursum
2269 4676 2375 4715 non
2403 4662 2691 4716 venissem.
2720 4674 2742 4701 ο
2766 4662 3042 4718 Venissem
3067 4665 3112 4719 si
3135 4667 3453 4735 potuissem.
3473 4678 3532 4724 et

1953 4749 2165 4803 veniam
2197 4764 2322 4803 cum
2357 4748 2586 4817 primum
2625 4758 2881 4818 potuero;
2921 4758 2977 4803 et
3013 4751 3126 4805 sive
3165 4753 3381 4817 absens,
3412 4754 3530 4809 sive

1953 4853 2210 4909 prmsens,
2238 4838 2409 4892 fidelis
2428 4838 2477 4891 ei
2500 4840 2843 4907 permanebo.
2874 4838 3074 4895 Precor
3101 4842 3265 4911 igitur
3285 4845 3524 4899 cbarita~

1953 4946 2059 4990 tem
2090 4944 2323 4990 vestram
2346 4942 2427 4998 ut,
2450 4941 2559 4987 tam
2584 4935 2650 4987 de
2670 4934 2805 4989 actis
2830 4950 2991 5004 quam
3017 4936 3241 5006 agendis
3264 4938 3408 5006 apud
3431 4955 3524 4994 vos

1951 5029 2133 5091 rebus,
2178 5042 2271 5096 per
2301 5026 2510 5081 litteras
2540 5034 2749 5080 vestras
2786 5042 2892 5091 me,
2934 5036 3138 5097 quanto
3166 5029 3394 5086 celerius
3424 5047 3523 5101 po.

1953 5117 2183 5178 tueritis,
2223 5124 2430 5169 certum
2469 5114 2645 5169 facere
2684 5114 2995 5186 dignemini.
3040 5114 3180 5186 Opto
3221 5125 3280 5172 ut
3313 5134 3523 5189 semper

1948 5205 2086 5258 bene
2115 5201 2338 5258 valeatis
2364 5205 2415 5256 in
2447 5204 2689 5258 Domino.

2020 5292 2210 5348 Omnia
2241 5308 2360 5362 qua:
2390 5307 2529 5347 nunc
2559 5293 2613 5346 in
2648 5294 2749 5347 hoc
2776 5308 2940 5363 regno
2966 5304 3245 5364 geruntur,
3280 5298 3519 5353 revelan-

1950 5384 2094 5437 tibus
2116 5382 2316 5438 Christi
2348 5383 2673 5452 martyribus
2696 5392 2822 5439 ante
2849 5384 3148 5453 biennium,
3176 5385 3355 5442 futura
3379 5404 3520 5459 prr-

1949 5477 2095 5533 dicta
2122 5488 2265 5533 sunt.

1949 5630 2103 5683 vonis
2132 5631 2534 5687 monasterium.

2018 5697 2042 5735 ἀ
2082 5700 2258 5754 Codex
2288 5712 2341 5754 et
2367 5700 2577 5763 Teulet,
2605 5718 2709 5769 qui.

2024 5780 2046 5807 ε
2085 5772 2222 5824 Ante
2251 5772 2495 5824 venissem
2524 5772 2642 5826 add.
2675 5771 2876 5838 'l‘culct,
2912 5772 3082 5841 utique
3109 5788 3267 5827 verte.
