3928 6322
971 500 1304 557 EPISTOLA
1343 502 1499 559 XLII.

778 612 848 649 AD
884 608 1238 649 llLUDOWICUI
1279 608 1688 648 "IPERATOBEH.

507 684 702 755 Magno
729 683 951 740 domino
979 699 1172 738 servus
1198 682 1467 737 modicus.

505 778 805 835 Memorem.
872 791 995 832 esse
1051 787 1081 816 α
1143 775 1421 831 dominum
1482 789 1663 830 meum
1724 775 2028 846 piissimum

435 867 707 943 quomodo
747 866 882 921 mihi
925 865 1201 921 licentiam
1251 864 1478 921 dedistis
1524 873 1617 930 ut,
1662 865 1877 934 quando
1932 866 2029 920 do-

433 961 581 1015 mina
625 970 748 1011 mea
788 955 858 1009 ad
905 968 1005 1010 vos
1035 960 1310 1024 pergeret,
1347 962 1478 1009 tunc
1502 969 1602 1024 ego
1637 954 1704 1008 ad
1744 955 2029 1009 beatorum

434 1050 639 1106 Christi
684 1056 987 1117 martyrum
1034 1045 1317 1102 servitium
1362 1045 1674 1101 faciendum
1719 1046 2031 1117 proficisce-

436 1155 569 1196 rer:
601 1139 683 1196 sic
725 1137 907 1193 facere
933 1135 1101 1192 volui.
1152 1134 1263 1190 Sed
1309 1136 1530 1190 domina
1578 1151 1698 1191 mea
1737 1136 1903 1207 jussit
1944 1152 2031 1192 me

436 1237 560 1301 post
587 1242 647 1284 se
674 1227 743 1282 ad
773 1225 1165 1297 Compendium
1200 1225 1407 1290 venire,
1452 1234 1511 1281 et
1546 1239 1668 1296 ego,
1703 1223 1873 1294 jussis
1915 1226 2032 1297 ejus

433 1321 714 1388 obediens,
752 1335 877 1375 cum
902 1319 1139 1389 primum
1168 1318 1408 1377 caballos
1451 1334 1599 1374 meos
1629 1320 1829 1374 habere
1856 1320 2029 1389 potui,

434 1420 559 1484 post
601 1410 749 1465 illam
791 1408 859 1463 ad
906 1406 1300 1477 Compendium
1345 1422 1573 1479 pergere
1616 1408 1777 1479 ccepi.
1824 1408 1884 1462 In
1926 1424 2030 1478 qua

435 1498 769 1572 profectione
817 1497 1022 1568 splenis
1068 1496 1229 1553 simul
1246 1512 1323 1555 .ac
1365 1498 1577 1552 renium
1612 1497 1807 1553 dolore
1848 1512 2033 1553 corre-

439 1600 578 1656 otus,
619 1590 674 1645 in
712 1596 923 1642 tantuli.
951 1584 1178 1642 affectus
1214 1602 1365 1654 sum,
1403 1596 1467 1641 ut
1492 1588 1582 1642 vix
1614 1588 1669 1641 in
1704 1588 1891 1643 decem
1918 1588 2033 1643 die-

437 1681 538 1736 bus
579 1680 647 1735 de
688 1676 941 1747 Trajecto
976 1677 1042 1731 ad
1087 1676 1438 1733 Valentianas
1477 1680 1768 1733 venissem.
1798 1678 1876 1733 lbi
1908 1694 2031 1734 cum

438 1786 524 1826 me
545 1769 658 1840 jam
693 1769 939 1839 equitare
964 1782 1072 1823 non
1097 1783 1256 1838 posse
1299 1769 1583 1835 sentirem,
1619 1771 1745 1826 veni
1776 1786 1934 1825 mane
1963 1772 2031 1826 ad

436 1870 685 1917 sanctum
712 1857 778 1912 N.
805 1856 1110 1928 navigando
1139 1865 1301 1926 atque
1330 1857 1406 1913 ibi
1434 1873 1581 1913 nunc
1616 1859 1670 1913 in
1698 1860 1907 1930 magnis
1937 1875 2032 1913 an-

435 1952 629 2025 gustiis
653 1966 718 2006 ac
746 1948 1027 2005 doloribus
1050 1949 1284 2020 positus,
1309 1964 1494 2018 quaeso
1518 1958 1681 2019 atque
1706 1965 1804 2005 oro
1832 1958 1893 2003 ut
1917 1951 2032 2020 pie-

436 2051 521 2097 tas
546 2048 727 2096 vestra
753 2039 887 2094 mibi
919 2038 1196 2094 licentiam
1224 2036 1359 2093 dare
1386 2039 1641 2109 dignetur
1673 2040 1930 2110 pergendi
1963 2040 2031 2095 ad

438 2132 636 2197 locum,
665 2131 720 2185 in
745 2144 853 2201 quo
875 2129 1087 2200 piorum
1113 2136 1466 2199 patronorum
1489 2136 1795 2183 vestrorum
1819 2139 2034 2184 saerata

438 2235 663 2290 corpora
695 2219 1063 2289 requiescunt.
1113 2216 1341 2271 Possum
1372 2216 1518 2270 enim
1562 2216 1689 2271 illuc
1726 2217 1940 2287 navigio
1977 2217 2031 2270 iu

437 2309 747 2380 quindecim
779 2309 970 2363 diebus
998 2306 1065 2362 de
1094 2314 1283 2362 sancto
1318 2305 1384 2360 N.
1422 2307 1627 2361 venire.
1667 2307 1912 2378 Magnam
1943 2323 2033 2362 vo-

437 2399 521 2455 bis
545 2415 732 2454 coram
762 2399 874 2454 Deo
901 2397 1209 2453 mercedem
1233 2410 1556 2464 comparare
1586 2397 1831 2466 potestis,
1872 2396 1916 2450 si
1946 2409 2031 2449 me.

438 2489 508 2545 ad
552 2488 834 2544 servitium
879 2494 1195 2542 sanctorum
1236 2500 1458 2541 suorum
1494 2486 1572 2543 ire
1611 2486 1947 2554 permittitis,
1984 2484 2031 2539 si

438 2590 620 2636 tamen
658 2580 751 2635 illo
787 2580 940 2635 vivus
978 2579 1263 2650 pervenire
1298 2587 1547 2649 potuero.
1582 2578 1757 2635 Credo
1782 2580 1926 2649 quod
1954 2580 2030 2636 illi

438 2670 615 2727 sancti
656 2678 925 2739 martyres
968 2683 1067 2737 pro
1106 2668 1262 2724 vobis
1303 2668 1443 2741 apud
1477 2669 1646 2741 Deum
1694 2669 2032 2726 intercedere

437 2758 703 2822 debeant,
736 2757 783 2811 si
824 2771 1013 2813 eorum
1042 2756 1325 2811 servitium
1349 2764 1535 2812 vestro
1563 2757 1786 2812 servitio
1810 2769 2033 2829 antepo-

439 2865 571 2906 nere
609 2848 909 2904 volueritis.
956 2845 1091 2902 Nam
1124 2862 1227 2918 ego
1271 2848 1326 2903 in
1374 2848 1521 2904 nullo
1563 2848 1670 2904 alio
1715 2849 1834 2905 loco
1880 2851 2028 2921 regni

440 2941 608 2997 vestri
665 2938 926 3008 majorem
987 2937 1289 3008 profectum
1335 2939 1490 2994 vobis
1545 2937 1723 2995 facere
1774 2956 2029 3011 possum,

439 3049 605 3103 quam
633 3032 726 3093 ibi,
762 3031 805 3088 si
839 3045 928 3086 me
951 3030 1019 3085 ad
1046 3029 1151 3085 hoc
1176 3027 1433 3097 adjuvare
1460 3030 1762 3087 volueritis.

965 3156 1303 3214 EPISTOLA
1341 3158 1526 3214 XLIII.

995 3266 1064 3305 ΔΙ)
1086 3266 1139 3306 Ν.
1161 3265 1473 3307 ειηεωιιυυ.

516 3365 745 3421 Domino
772 3370 964 3419 sancto
994 3373 1051 3418 et
1094 3362 1295 3418 merito
1338 3362 1635 3420 venerabili
1677 3363 1742 3419 N.
1779 3380 2028 3422 reveren-

444 3456 657 3514 tissimo
682 3455 958 3525 episcopo.
990 3452 1337 3525 Eginhardus
1370 3462 1646 3523 peccator.

516 3549 885 3620 Omnipotenli
925 3549 1036 3603 Deo
1076 3557 1133 3603 et
1172 3547 1404 3604 Domino
1429 3557 1617 3603 nostro
1653 3546 1779 3603 Jesu
1813 3548 2030 3603 Christo

447 3650 681 3715 quantas
701 3640 855 3695 valeo
886 3640 1091 3711 gratias
1117 3654 1278 3709 agere
1320 3653 1428 3693 non
1458 3652 1637 3703 cesso,
1663 3640 1791 3708 quia
1833 3638 2034 3708 glorio-

446 3732 723 3790 sissimum
762 3738 819 3786 et
841 3745 872 3784 a
900 3730 1012 3785 Deo
1035 3737 1443 3794 conservatum,
1464 3744 1786 3799 semperque
1810 3745 2024 3785 conser-

448 3821 686 3876 vandum
709 3820 985 3877 dominum
1017 3834 1198 3874 meum
1234 3818 1534 3873 Hlotarium
1577 3818 1883 3889 Augustum
1916 3818 2026 3874 sal-

450 3920 657 3967 vumet
695 3910 1045 3975 incolumem,
1078 3916 1245 3976 acte,
1288 3908 1422 3963 mihi
1471 3909 1876 3974 charissimam,
1928 3926 2032 3964 una

450 4018 578 4059 cum
606 4000 729 4066 illo,
765 3999 833 4055 de
854 3999 1005 4055 Italia
1036 3999 1250 4054 venisse
1304 3998 1536 4068 cognovi
1579 4017 1591 4051 :
1627 4008 1684 4054 et
1713 4007 1841 4070 opto
1871 4008 2034 4068 atque

450 4108 551 4146 om
572 4100 633 4146 ut
660 4091 749 4146 ille
769 4104 857 4145 me
879 4090 993 4145 cito
1019 4089 1300 4159 permittat
1340 4088 1433 4143 illo
1466 4090 1675 4155 venire,
1713 4090 1801 4144 ubi
1850 4098 2032 4145 vestra

450 4182 721 4254 corporali
744 4181 1032 4253 prtesentia
1054 4179 1256 4250 perfrui
1286 4194 1523 4234 merear.
1576 4179 1779 4236 Tamen
1814 4180 2033 4234 interim

450 4272 774 4343 parvitatem
800 4285 976 4325 meam
1000 4279 1110 4325 tua:
1136 4270 1414 4334 charitati,
1444 4285 1510 4325 ac
1538 4283 1639 4340 per
1676 4278 1728 4324 te
1766 4270 1909 4325 illius
1922 4272 2037 4341 pie-

453 4362 574 4426 tati,
601 4359 958 4423 commendo,
994 4375 1059 4414 ac
1104 4360 1369 4429 deprecor
1393 4365 1453 4414 ut
1480 4375 1545 4414 ex
1575 4359 1778 4415 nullius
1811 4375 2037 4430 persua-

452 4455 608 4510 sione
662 4452 873 4508 sinistri
922 4451 1127 4520 aliquid
1156 4452 1223 4506 de
1269 4466 1390 4506 mea
1442 4451 1739 4521 pusillitate
1769 4452 2033 4521 suspicari

456 4543 775 4613 dignemini.
804 4541 997 4597 Testor
1024 4542 1195 4595 Deum
1242 4548 1298 4595 et
1350 4550 1570 4597 sanctos
1598 4552 1865 4613 martyres
1896 4543 2035 4597 Mar-

454 4634 709 4690 cellinum
733 4647 798 4688 ac
830 4631 1075 4696 Petrum,
1115 4632 1257 4701 quod
1287 4647 1528 4687 amorem
1574 4641 1631 4687 et
1673 4634 2037 4696 devotionem,

452 4740 559 4796 qua
594 4738 723 4795 erga
746 4739 845 4779 vos
872 4721 1128 4777 affectum
1154 4728 1240 4776 tne
1267 4738 1389 4777 esse
1443 4723 1556 4777 scio
1575 4764 1588 4788 ,
1629 4722 1785 4778 vobis
1812 4724 1839 4762 δ
1870 4724 2040 4791 expli-

455 4831 583 4871 care
618 4830 726 4871 non
764 4815 937 4870 valeo.
968 4814 1037 4868 Et
1073 4808 1199 4869 ideo
1227 4812 1553 4869 ﬁducialiter
1604 4821 1728 4882 peto
1769 4821 1859 4879 ut,
1914 4830 2036 4868 cum

453 4920 686 4971 vencm,
718 4904 853 4960 tales
878 4920 974 4959 vos
1000 4918 1127 4973 erga
1158 4918 1244 4958 me
1278 4903 1519 4958 invenire
1544 4918 1777 4965 merear,
1802 4904 2040 4973 qualiter

455 5008 545 5050 me
570 4994 639 5049 de
665 4994 819 5049 vobis
849 4993 1103 5048 meritum
1130 5006 1252 5047 esse
1287 5006 1394 5044 non
1424 4991 1632 5045 dubito.
1666 4991 1806 5061 Opto
1834 4994 2037 5047 sancti-

458 5081 627 5139 tatem
652 5092 910 5148 vestram,
940 5092 1141 5139 nostrae
1195 5081 1583 5137 imbecillitatis
1614 5098 1909 5138 memorem
1938 5125 1953 5149 ,
1987 5086 2040 5137 in

459 5173 682 5229 Christo
710 5186 924 5243 semper
950 5172 1088 5228 bene
1110 5171 1310 5227 valere.

990 5279 1325 5335 EPlSTOLA
1357 5281 1517 5334 XLIV
1530 5320 1541 5331 .

959 5410 1027 5449 AD
1057 5409 1107 5447 Ε.
1141 5407 1344 5447 Ακιοωι
1383 5406 1540 5446 δυσχ.

530 5486 764 5543 Domino
812 5494 1001 5541 sancto
1064 5500 1130 5539 ac
1201 5485 1396 5539 merito
1472 5484 1769 5539 venerabili
1808 5485 1907 5550 E.,
1976 5486 2037 5540 Ε.

464 5578 525 5637 S.
580 5577 638 5633 S.

536 5724 559 5751 α
600 5708 949 5773 Addendum,
993 5724 1097 5761 non
1138 5706 1318 5761 dubito
1358 5706 1443 5761 vel
1479 5704 1608 5775 quid
1637 5704 1833 5771 simile,
1865 5705 1939 5759 ait
1978 5704 2041 5758 D.

466 5780 741 5851 Bouquet;
770 5779 911 5833 dom.
945 5778 1132 5832 Teulet
1155 5793 1337 5844 precor
1362 5776 1617 5845 reposuit.

1710 387 2090 446 EGlNllARDl
2129 389 2422 447 ABBATIS

2060 541 2110 596 Α
2204 501 2464 569 Quamvis
2512 503 2764 572 perplura
2817 503 2925 557 sint
2970 503 3035 557 de
3090 502 3284 572 quibus
3327 506 3719 574 cognoscendis

3609 396 3714 450 528

2136 593 2268 647 mihi
2307 608 2436 647 cura
2471 607 2591 647 esse
2622 601 2825 662 potest,
2864 593 2972 647 duo
3004 603 3182 648 tamen
3214 602 3341 647 sunt
3368 610 3602 662 quorum
3632 610 3721 651 me

2134 684 2186 738 in
2209 686 2461 755 praesenti
2512 684 2689 753 major
2735 686 3023 741 curiositas
3070 696 3236 740 tenet.
3288 686 3487 752 Unum,
3539 688 3631 743 ubi
3661 697 3718 745 et

2132 776 2346 844 quando
2375 777 2644 846 generalis
2674 776 2763 831 ille
2785 786 3084 832 conventus
3110 778 3392 832 habendus
3425 779 3527 841 sit;
3576 779 3721 835 alte»

2132 882 2273 932 rum,
2302 868 2347 922 si
2374 868 2602 923 domnus
2621 867 2961 924 lllotariusin
2991 869 3199 923 Italiam
3229 870 3449 935 reverti,
3476 880 3568 924 aut
3590 887 3719 926 cum

2131 967 2286 1027 patre
2317 974 2536 1014 manere
2560 961 2787 1014 debeat?
2830 963 2907 1015 De
2934 962 3020 1015 bis
3055 961 3264 1015 duobus
3289 970 3501 1016 certum
3526 978 3614 1016 me
3642 963 3711 1016 [ιιι

2132 1062 2257 1103 cere
2279 1049 2521 1104 Charitas
2556 1059 2739 1104 vestra
2764 1066 2870 1105 non
2906 1059 3182 1121 gravetur.
3220 1049 3353 1105 Nam
3402 1052 3594 1110 horum
3622 1067 3723 1106 no-

2136 1141 2275 1206 titia,
2321 1141 2443 1210 plus
2488 1155 2651 1209 quam
2684 1149 3006 1195 casterarum
3064 1155 3267 1203 rerum,
3300 1156 3423 1209 qum
3451 1141 3593 1211 apud
3622 1156 3720 1198 vos

2134 1238 2392 1301 aguntur,
2422 1230 2665 1301 indigeo;
2699 1232 2956 1301 quoniam
2998 1247 3067 1286 ex
3094 1232 3178 1286 his
3206 1231 3405 1302 pendet
3450 1232 3581 1301 quid
3612 1246 3721 1305 ego

2136 1320 2318 1378 facere
2351 1323 2600 1389 debeam,
2632 1323 2676 1376 si
2702 1323 2881 1377 divina
2911 1324 3085 1394 pietas
3113 1325 3245 1378 mihi
3268 1324 3450 1379 favere
3473 1326 3724 1397 dignabi-

2134 1418 2223 1464 tur
2243 1419 2302 1465 ut
2320 1411 2525 1481 aliquid
2548 1410 2797 1466 utilitatis
2812 1411 2993 1467 facere
3012 1412 3238 1468 valeam.
3253 1413 3391 1482 Opto
3405 1423 3465 1467 ut
3483 1422 3557 1479 te,
3580 1415 3722 1468 auti-

2134 1516 2319 1555 corum
2347 1516 2589 1557 meorum
2617 1504 3013 1569 amantissime,
3036 1504 3175 1558 bene
3198 1503 3463 1559 valentem
3492 1504 3602 1560 cito
3632 1505 3719 1559 vi-

2135 1591 2263 1646 dere
2286 1607 2512 1647 merear.

2654 1686 2990 1743 EPISTOLA
3022 1686 3183 1740 XLV.

2704 1793 2773 1830 AD
2798 1793 2849 1832 ϐ.
2873 1791 3135 1833 COIITEI.

2060 1885 2106 1943 Β
2205 1863 2565 1920 Dilectissimo
2596 1864 2772 1931 fratri,
2804 1865 2869 1921 G.
2903 1867 3141 1937 glorioso
3186 1868 3372 1922 comiti
3403 1875 3568 1937 atque
3614 1882 3713 1938 op-

2135 1955 2348 2023 timati,
2410 1957 2750 2028 Eginhardus
2800 1958 3187 2028 sempiternam
3244 1958 3297 2007 in
3354 1960 3583 2013 Domino
3632 1974 3722 2013 sa-

2135 2044 2323 2101 lutem.

2206 2134 2436 2206 Semper
2457 2134 2774 2190 benevolum
2804 2150 2933 2207 erga
2964 2152 3050 2191 me
3076 2138 3220 2193 sensi
3244 2138 3589 2195 dilectionem
3625 2154 3725 2193 ve-

2134 2236 2325 2289 stram,
2359 2226 2455 2279 sed
2482 2241 2757 2295 nunquam
2789 2225 2907 2295 plus
2935 2242 3100 2295 quam
3124 2228 3303 2292 modo,
3332 2230 3551 2297 quando
3581 2228 3723 2284 mihi

2134 2315 2410 2369 licentiam
2455 2316 2788 2385 impetraslis
2814 2316 3073 2386 pergendi
3099 2317 3166 2371 ad
3189 2318 3469 2372 servitium
3495 2327 3722 2373 sancto-

2135 2420 2254 2457 rum
2290 2404 2588 2460 Marcellini
2625 2414 2679 2459 et
2707 2404 2888 2469 Petri,
2936 2405 3029 2474 qui
3075 2406 3146 2459 ob
3176 2406 3280 2460 hoc
3322 2405 3527 2461 factum
3575 2408 3724 2477 apud

2133 2491 2300 2545 Deum
2345 2492 2693 2547 intercessuri
2742 2500 2887 2546 sunt.
2942 2492 3005 2545 Et
3048 2492 3167 2547 ideo
3235 2494 3558 2565 benignitati
3618 2509 3721 2549 ve-

2132 2590 2261 2637 stra:
2290 2590 2524 2652 quantas
2552 2582 2705 2637 valeo
2732 2582 2934 2653 gratias
2981 2598 3083 2653 ago
3123 2594 3179 2638 et
3209 2584 3409 2639 obnixe
3456 2585 3727 2655 deprecor

2132 2680 2193 2725 ut
2218 2671 2515 2727 secundum
2545 2671 2741 2727 bonam
2772 2671 3221 2725 consuetudinem
3248 2681 3489 2727 vestram
3510 2688 3609 2743 pro
3629 2690 3725 2729 me

2132 2776 2351 2833 semper
2376 2776 2497 2817 esse
2522 2761 2816 2832 dignemini
2856 2771 2967 2816 tam
3009 2762 3149 2832 apud
3177 2762 3454 2817 dominum
3485 2765 3724 2835 impera-

2134 2862 2328 2917 torem,
2358 2868 2519 2921 quam
2545 2852 2685 2922 apud
2710 2850 2850 2906 filios
2876 2851 3015 2920 ejus,
3038 2852 3383 2923 maximeque
3407 2854 3550 2922 apud
3568 2855 3725 2910 dom-

2132 2959 2259 2997 num
2288 2942 2593 2997 lllotarium
2618 2952 2667 3006 ο,
2690 2940 3021 3011 Augustum,
3051 2942 3104 2996 in
3138 2941 3293 3011 cujus
3320 2943 3553 3012 pietate,
3593 2944 3726 2999 licet

2132 3034 2456 3099 immeritus,
2484 3047 2733 3103 magnam
2766 3033 2937 3088 habeo
2964 3031 3235 3087 fiduciam.
3280 3032 3549 3089 Czeterum
3585 3051 3721 3106 rogo

2130 3142 2229 3181 vos
2260 3134 2319 3180 ut
2345 3140 2448 3195 pro
2475 3124 2539 3178 N.
2580 3125 2808 3194 pictore,
2842 3125 3041 3179 devoto
3062 3123 3285 3193 juniore
3332 3136 3539 3190 vestro,
3567 3142 3720 3181 mer-

2057 3228 2100 3289 C
2132 3217 2317 3272 cedem
2346 3215 2547 3271 habere
2572 3214 2773 3280 velitis,
2792 3223 2847 3270 et
2874 3230 2998 3270 eum
3023 3214 3297 3283 adjuvare,
3321 3225 3377 3270 et
3398 3218 3538 3285 apud
3566 3218 3722 3272 dom-

2134 3323 2259 3361 num
2294 3308 2676 3377 imperatorem
2711 3323 2810 3377 pro
2836 3306 2926 3360 illo
2958 3306 3296 3361 intercedere
3315 3308 3608 3374 dignemini
3628 3349 3644 3372 ,
3672 3310 3722 3363 si

2133 3411 2434 3466 congruum
2494 3395 2671 3451 locum
2727 3396 2971 3451 videritis
3003 3434 3020 3460 ,
3074 3411 3142 3451 ne
3197 3412 3295 3467 per
3347 3399 3723 3469 cujuscunque

2132 3489 2391 3543 invidiam
2423 3488 2743 3543 beneficium
2777 3504 2931 3542 suum
2982 3488 3235 3555 amittat,
3287 3492 3431 3560 quod
3485 3492 3728 3547 dominis

2131 3577 2246 3632 suis
2290 3579 2428 3632 bene
2478 3578 2765 3632 serviendo
2805 3578 3112 3647 acquisivit.
3153 3579 3282 3633 Mihi
3332 3596 3436 3635 non
3496 3590 3582 3635 est
3626 3597 3725 3637 ne-

2132 3683 2285 3723 cesse
2314 3668 2469 3723 vobis
2492 3668 2795 3733 nominare,
2824 3670 2911 3736 qui
2935 3670 3044 3723 sint
3075 3669 3153 3723 illi
3184 3685 3320 3739 quos
3346 3671 3398 3723 in
3426 3671 3531 3725 bac
3551 3687 3724 3727 causa

2136 3758 2362 3822 timeat;
2395 3758 2648 3826 quoniam
2709 3773 2863 3826 tuque
2911 3759 3042 3812 mihi
3088 3774 3152 3813 ac
3197 3759 3351 3814 vobis
3403 3761 3517 3813 noti
3568 3772 3723 3814 sunt.

2135 3846 2367 3901 Tantum
2406 3862 2536 3919 rogo
2585 3856 2677 3911 ut,
2731 3849 2784 3901 in
2823 3859 3086 3917 quantum
3124 3851 3391 3920 potestis,
3437 3866 3563 3905 eum
3627 3853 3720 3906 ad—

2129 3938 2323 4008 juvare
2366 3938 2682 4009 dignemini.
2733 3938 2872 4005 Opto
2901 3948 2958 3994 ut
3000 3956 3216 4011 semper
3250 3944 3386 3998 bene
3414 3944 3643 4000 valeatis
3665 3945 3729 4000 in

2137 4029 2385 4083 Domino.

2652 4121 2984 4178 EPISTOLA
3020 4122 3205 4177 XLVI.

2712 4229 2779 4268 AD
2809 4229 3052 4268 ΑΒΒΔΤΕὶΙ
3078 4230 3128 4267 Ν.

2210 4299 2433 4355 Summa
2456 4300 2806 4356 veneratione
2823 4303 3139 4373 dignissimo
3164 4302 3250 4367 N.,
3275 4305 3729 4363 reverentissimo

2137 4392 2341 4453 abbati,
2364 4392 2703 4463 Eginhacdus
2724 4403 2999 4463 peccator.

2212 4483 2365 4538 Sicut
2388 4498 2474 4539 me
2492 4484 2769 4553 petitionis
2792 4500 2925 4539 meae
2941 4500 3233 4540 memorem
3252 4500 3395 4549 esse,
3419 4486 3499 4540 sic
3524 4495 3576 4540 te
3597 4501 3725 4557 pro-

2065 4568 2114 4625 D
2142 4576 2413 4629 missionis
2430 4583 2531 4629 tuae
2553 4575 2777 4629 oblitum
2801 4591 2921 4630 esse
2941 4591 3045 4631 non
3068 4577 3324 4641 arbitror,
3372 4577 3500 4631 licet
3547 4578 3727 4631 multa

2140 4675 2194 4717 et
2215 4666 2363 4719 varia
2390 4680 2568 4720 rerum
2594 4665 2975 4735 impedimenta
2997 4676 3183 4735 postca
3211 4668 3569 4732 accidissent,
3599 4684 3727 4738 qua

2144 4754 2269 4807 illud
2293 4754 2618 4823 colloquium
2650 4764 2914 4820 nostrum,
2949 4771 3056 4809 non
3087 4756 3258 4810 solum
3288 4758 3357 4811 ad
3389 4766 3605 4826 tempus
3635 4773 3727 4812 so-

2140 4848 2277 4914 pire,
2300 4847 2393 4900 sed
2423 4849 2585 4900 etiam
2600 4847 2854 4901 oblivioni
2873 4856 3145 4917 perpetua:
3162 4850 3376 4903 tradere
3389 4850 3724 4919 potuissent.

2140 4937 2274 4991 lllud
2302 4939 2420 4992 dico
2443 4937 2791 5007 colloquium,
2836 4938 3080 5006 quando,
3128 4940 3181 4992 in
3208 4937 3407 5007 palatio
3436 4937 3596 4991 simul
3628 4953 3725 5007 po—

2140 5028 2253 5092 siti,
2271 5029 2336 5082 de
2355 5037 2495 5082 tecto
2512 5027 2745 5083 basilica:
2761 5029 3043 5083 beatorum
3058 5028 3256 5083 Christi
3271 5037 3566 5099 martyrum
3584 5028 3720 5083 Man

2139 5124 2316 5176 cellini
2335 5133 2389 5176 et
2406 5123 2574 5187 Petri,
2591 5138 2753 5191 quam
2776 5137 2875 5192 ego
2900 5137 3059 5185 nunc,
3080 5122 3205 5176 licet
3222 5136 3345 5176 cum
3364 5136 3561 5191 magna
3583 5123 3719 5175 ditii-

2143 5214 2361 5276 cultatc,
2389 5223 2702 5267 construere
2728 5212 2943 5275 molior,
2973 5213 3137 5266 locuti
3181 5227 3390 5275 sumus,
3423 5222 3476 5265 et
3516 5213 3727 5266 consti-

2146 5305 2205 5356 tit
2230 5305 2368 5356 inter
2400 5318 2498 5356 nos
2527 5303 2591 5356 de
2620 5302 2835 5370 plumbo
2852 5304 3079 5356 emendo
3100 5313 3287 5356 contra
3306 5304 3535 5371 pretium
3559 5304 3724 5370 quin-

2148 5394 2396 5463 quaginta
2430 5392 2710 5445 librarum.
2747 5391 2849 5446 Sed
2886 5394 3133 5461 quamvis
3154 5408 3288 5461 opus
3314 5393 3548 5448 basilica:
3582 5408 3715 5448 non-

2145 5484 2269 5537 dum
2297 5482 2363 5536 ad
2392 5483 2496 5536 hoc
2533 5482 2849 5550 perductum
2870 5470 2968 5544 ﬁsit,
3004 5491 3061 5535 ut
3085 5483 3298 5552 tegendi
3318 5485 3617 5539 necessitas
3640 5500 3726 5541 me

2148 5573 2437 5627 admonere
2463 5572 2775 5641 compellat,
2808 5583 2987 5628 tamen
3006 5614 3020 5636 ,
3050 5584 3270 5643 propter
3300 5575 3569 5629 incertum
3596 5577 3725 5631 vitae

2222 5705 2248 5743 ι)
2279 5702 2485 5767 Teulet,
2516 5704 2704 5757 verbis.

2225 5784 2247 5812 ε
2282 5772 2468 5828 Teulet
2489 5774 2610 5827 add.
2626 5774 2891 5845 juvenem.
