3928 6380
264 348 377 403 5‘29

1738 341 2121 398 EPISTOLJE.

3430 346 3537 406 530

266 466 519 521 mortalis
546 465 835 521 terminum
857 479 1069 532 semper
1095 465 1305 520 videtur
1323 478 1443 519 esse
1465 462 1846 524 festinandum,
1878 461 1926 519 A
1952 458 2096 513 rioso
2132 460 2399 529 optimati,
2447 461 2789 534 Eginhardus
2822 470 3079 519 mternam
3118 462 3170 517 in
3193 462 3421 520 Domino
3447 480 3535 521 sa-

263 564 327 609 ut
355 557 577 621 bonum,
608 561 749 626 quod
782 557 857 630 [ει]
889 558 1044 613 nobis
1072 557 1381 611 inchoatum
1427 552 1575 625 [est],
1628 553 1855 607 Domino

263 647 566 702 auxiliante
591 649 921 718 perﬁciatur.
971 648 1202 702 Proinde
1244 660 1437 716 precor
1464 644 1854 712 benignitatem

264 750 419 796 tuam
460 751 518 796 ut
547 758 632 796 me
658 744 725 797 de
751 744 938 798 eodem
982 744 1201 813 plumbo
1241 741 1470 799 emendo
1520 756 1618 810 per
1646 740 1853 793 litteras

264 842 391 887 tuas
428 833 665 901 digneris
717 832 894 888 facere
924 835 1214 889 certiorem
1248 849 1262 898 ;
1315 840 1373 885 ut
1403 831 1543 885 scire
1573 830 1778 884 valeam
1806 829 1848 883 si

263 921 473 991 aliquid
507 923 629 977 inde
651 924 826 979 adhuc
847 925 1159 979 inchoatum
1198 923 1289 987 sit,
1317 930 1391 986 et,
1434 923 1479 977 si
1504 922 1742 976 nondum
1772 922 1852 974 in-

261 1012 522 1065 choatum
549 1021 654 1077 est,
679 1014 895 1082 quando
912 1014 1154 1068 inchoari
1182 1021 1255 1077 et,
1288 1012 1517 1067 Domino
1542 1010 1848 1079 atljuvante,

261 1100 455 1168 perﬁci
477 1101 532 1155 id
557 1101 737 1169 ipsum
756 1104 1029 1172 negotium
1055 1104 1270 1158 debeat.
1329 1103 1534 1158 Idcirco
1572 1118 1670 1158 oro
1702 1111 1850 1158 tuam

262 1205 616 1263 permagnam
639 1194 961 1248 charitatem
986 1204 1044 1248 ut
1066 1205 1171 1260 me,
1197 1196 1262 1249 de
1293 1196 1396 1249 hac
1414 1210 1489 1257 re,
1514 1209 1613 1263 per
1642 1194 1851 1248 litteras

261 1287 406 1345 tuas,
434 1284 723 1338 certiorem
744 1284 925 1339 facere
972 1300 1079 1339 non
1111 1286 1371 1354 graveris.
1430 1283 1570 1353 Opto
1612 1292 1688 1347 ut,
1742 1284 1848 1338 mei

259 1386 495 1436 memor,
513 1388 731 1443 semper
765 1374 905 1428 bene
926 1375 1110 1429 valeas
1138 1374 1193 1427 in
1225 1374 1470 1429 Domino.

759 1483 1091 1539 EPISTOLA
1139 1485 1342 1541 XLVII.

887 1571 956 1609 AD
993 1571 1214 1610 Αιιιοωι.

334 1644 574 1721 Destatu
599 1661 776 1701 rerum
826 1647 1206 1717 palatinarum,
1254 1649 1387 1703 nihil
1439 1650 1571 1703 mihi
1610 1650 1848 1705 scribere

255 1743 405 1803 peto,
460 1737 585 1805 quia
629 1737 847 1791 nihilex
873 1738 975 1801 his,
1031 1754 1150 1807 qum
1178 1738 1333 1810 [illic]
1363 1747 1613 1808 aguntur,
1660 1740 1847 1795 audire

254 1822 513 1880 delectat.
573 1827 649 1881 De
673 1829 884 1883 cmteris
914 1830 1102 1885 amicis
1140 1831 1296 1894 meis,
1346 1831 1390 1884 si
1424 1838 1475 1884 te
1502 1840 1729 1899 excepto
1756 1812 1922 1885 διε-Β

254 1914 382 1982 quis
405 1917 687 1978 remansit,
735 1932 927 1988 magna
956 1926 1041 1972 est
1068 1920 1199 1973 mihi
1226 1935 1356 1974 cura
1393 1935 1721 1990 cognoscere
1750 1921 1841 1975 ubi

252 2006 377 2060 sitis
425 2016 478 2061 et
505 2007 633 2076 quid
671 2010 861 2080 agatis.
908 2008 1033 2064 Ideo
1071 2011 1321 2065 charitati
1348 2019 1451 2065 tua:
1494 2011 1594 2065 has
1635 2011 1845 2065 litteras

252 2098 474 2152 mittere
500 2098 703 2163 curavi,
728 2107 785 2152 ut
816 2108 864 2154 te
892 2102 1415 2157 commonefacerem
1444 2102 1684 2157 scribere
1712 2102 1844 2156 mihi

252 2189 323 2244 de
352 2191 435 2246 his
458 2206 578 2260 qua":
599 2200 831 2262 aguntur
852 2207 981 2264 erga
1010 2201 1082 2258 te,
1114 2194 1165 2248 id
1194 2202 1297 2259 est,
1331 2195 1477 2263 quali
1515 2196 1686 2249 uteris
1714 2193 1844 2248 vali-

253 2280 465 2345 tudine,
495 2290 549 2334 et
574 2282 659 2334 vel
690 2283 903 2350 quando
927 2284 1145 2338 evenire
1170 2285 1340 2354 possit
1371 2293 1446 2347 ut,
1485 2285 1594 2339 vita
1622 2287 1841 2350 comite,

251 2369 325 2423 ad
365 2371 594 2426 invicem
622 2386 719 2426 nos
746 2372 1044 2427 videamus.
1101 2373 1255 2444 Saepe
1281 2374 1426 2428 enim
1462 2382 1513 2429 te
1549 2374 1731 2429 videre
1775 2390 1839 2430 ac

250 2462 440 2514 tecum
488 2459 633 2529 loqui
688 2461 1030 2517 desideravi:
1089 2464 1183 2519 sed
1239 2480 1513 2535 nunquam
1564 2466 1843 2522 ardentius

246 2566 416 2620 quam
442 2552 621 2617 modo,
660 2553 783 2621 quia
806 2570 1083 2623 nunquam
1114 2556 1244 2610 mihi
1276 2556 1449 2625 major
1480 2557 1725 2612 incubuit
1752 2572 1843 2613 ne-

244 2642 485 2696 cessitas
498 2650 556 2695 ιιι
573 2643 640 2698 de
660 2644 869 2713 agenda
891 2646 998 2699 vita
1030 2661 1153 2700 cum
1171 2647 1345 2702 amico
1361 2647 1664 2702 conferrem
1679 2656 1840 2717 atque

248 2739 566 2797 tractarem,
599 2738 742 2801 quod
770 2748 896 2788 cum
936 2734 1151 2790 nemine
1200 2736 1455 2793 libentius
1484 2737 1626 2792 facio
1673 2754 1838 2807 quam

247 2832 454 2887 tecum,
476 2826 617 2894 quod
647 2826 698 2880 in
724 2826 921 2882 nullius
953 2828 1056 2883 fide
1079 2828 1335 2897 majorem
1368 2832 1540 2887 habeo
1563 2832 1835 2887 fiduciam.

248 2913 375 2967 Misi
414 2929 511 2982 per
538 2914 677 2969 hunc
699 2931 927 2980 puerum
957 2917 1167 2973 litteras
1196 2922 1259 2974 ad
1288 2921 1353 2975 N.
1378 2922 1653 2987 abbatem,
1676 2938 1839 2993 quem

245 3019 404 3073 rogo,
434 3004 478 3058 si
513 3005 593 3059 ire
615 3007 874 3075 potuerit,
906 3023 1002 3078 per
1032 3008 1263 3078 aliquem
1319 3019 1531 3067 tuorum
1567 3028 1738 3082 usque
1772 3015 1840 3069 ad

245 3094 403 3148 illum
455 3095 644 3151 deduci
678 3095 866 3161 facias,
899 3106 1011 3163 aut,
1050 3100 1094 3153 si
1125 3099 1282 3165 forte,
1317 3110 1537 3171 propter
1562 3102 1840 3158 lassitudi-

243 3197 379 3237 nem
396 3182 788 3251 jumentorum,
815 3196 874 3240 ut
924 3188 1107 3243 venire
1135 3190 1290 3254 solet,
1346 3190 1559 3261 longius
1604 3192 1686 3247 ire
1729 3208 1838 3248 non

242 3273 471 3342 poterit,
510 3288 703 3343 precor
739 3282 800 3327 ut
842 3276 1050 3330 litteras
1077 3317 1091 3341 ,
1132 3292 1268 3346 quas
1305 3277 1526 3333 Folconi
1548 3280 1723 3346 mitto,
1770 3283 1840 3337 ab

241 3378 318 3418 eo
348 3364 605 3433 accipias,
636 3373 691 3417 et
737 3365 788 3419 ei
815 3380 913 3434 per
936 3367 1167 3435 aliquem
1196 3368 1419 3439 dirigas,
1466 3384 1696 3440 eumque
1718 3386 1842 3440 pre-

240 3454 391 3508 ceris
418 3462 474 3507 ιιι
505 3455 633 3509 mihi
671 3457 1013 3525 respondeat,
1048 3468 1208 3527 atque
1241 3475 1581 3529 responsum,
1614 3461 1758 3531 quod
1787 3463 1838 3517 ei

243 3548 382 3601 dare
408 3548 697 3616 placuerit,
725 3550 820 3604 tibi
854 3554 1128 3618 remittat;
1182 3562 1235 3608 et
1262 3563 1315 3607 tu
1334 3556 1401 3608 ad
1430 3572 1535 3619 me,
1576 3573 1700 3611 cum
1731 3560 1842 3627 pri-

240 3653 398 3691 mum
434 3639 687 3694 idoneum
712 3640 1040 3710 perlatorem
1080 3643 1373 3705 inveneris,
1408 3645 1581 3713 ipsum
1611 3661 1838 3714 respon-

239 3743 371 3783 sum
397 3727 565 3783 facias
592 3730 897 3798 pervenire.
960 3731 1099 3802 Opto
1140 3742 1211 3795 te,
1246 3734 1542 3789 amicorum
1582 3737 1841 3791 amantis-

240 3822 408 3883 sime,
430 3835 645 3891 semper
674 3822 726 3876 in
772 3822 989 3879 Christo
1016 3825 1153 3879 bene
1179 3826 1357 3880 valere
1393 3834 1448 3880 et
1487 3827 1592 3881 mei
1626 3842 1830 3881 memo-

243 3929 369 3969 rem
408 3928 548 3967 esse.

750 3985 1085 4042 EPISTOLA
1111 3984 1338 4044 XLVIII.

786 4096 854 4133 Αι)
893 4095 944 4133 N.
987 4093 1297 4133 εριδεορυιι,
1688 4140 1708 4159 ί

288 4158 291 4159 ⁷
324 4165 553 4222 Domino
583 4177 771 4224 sancto
791 4170 1054 4224 etmerito
1078 4168 1372 4224 venerabili
1392 4164 1482 4235 Ν.,
1514 4158 1837 4225 reverentis-

242 4259 391 4313 simo
419 4259 755 4329 Eginhardus
782 4270 1056 4331 peccator.

322 4348 427 4402 Iste
455 4350 740 4421 presbyter
765 4354 979 4407 nomine
1010 4350 1074 4404 N.
1102 4353 1310 4421 rogavit
1353 4368 1437 4407 me
1458 4352 1747 4421 plurimum
1778 4363 1837 4407 ut

240 4456 350 4509 pro
381 4429 469 4493 illo
498 4442 638 4509 apud
675 4456 768 4494 vos
790 4441 1204 4508 intercederem,
1238 4452 1297 4496 ut
1324 4458 1453 4511 erga
1485 4443 1635 4496 illum
1676 4443 1830 4498 mise-

243 4529 537 4584 ricorditer
563 4534 722 4598 agere
742 4531 1132 4601 dignaremini;
1173 4534 1263 4602 qui
1307 4533 1447 4587 sicut
1476 4534 1589 4602 ipse
1616 4534 1831 4598 asserit,

243 4619 305 4673 in
331 4633 525 4689 magna
542 4628 857 4689 paupertate
890 4622 1335 4686 constitutusest,
1365 4630 1418 4677 et
1442 4636 1583 4678 nunc
1599 4623 1834 4677 maxime

241 4708 466 4777 quando
494 4710 670 4778 ipsum
699 4727 924 4781 parvum
953 4714 1349 4778 beneficiolum,
1402 4714 1544 4783 quod
1568 4715 1755 4770 habuit
1779 4714 1832 4769 in

243 4783 518 4865 Bajoaria,
538 4798 773 4853 ablatum
789 4810 873 4855 est
896 4801 1091 4865 abillo,
1117 4812 1171 4857 et
1194 4805 1347 4857 alteri
1365 4805 1568 4857 datum.
1605 4803 1670 4857 Et
1687 4820 1832 4857 nunc

243 4889 424 4943 nescit
460 4890 588 4951 quid
615 4905 795 4959 agere,
839 4892 923 4946 vel
972 4894 1207 4961 qualiter
1245 4895 1442 4949 seniori
1491 4911 1590 4950 suo
1628 4896 1831 4952 servire

241 4980 464 5042 debeat,
490 4982 613 5043 nisi,
638 4996 735 5049 per
757 4992 992 5037 vestram
1017 4985 1479 5049 intercessionem,
1498 4987 1727 5042 domnus
1740 4987 1825 5041 HI.

240 5067 299 5123 ei
330 5067 546 5136 aliquod
571 5068 822 5123 solatium
858 5072 927 5124 ad
949 5073 1117 5125 vitam
1159 5082 1478 5141 przesentem
1530 5084 1831 5130 sustentan-

239 5157 372 5211 dam
397 5159 525 5212 dare
550 5160 878 5226 dignabitur.
920 5160 1060 5231 Opto
1089 5171 1165 5225 ut,
1204 5162 1308 5216 mei
1341 5177 1566 5227 memor,
1616 5178 1831 5235 semper

238 5247 387 5302 bene
414 5248 594 5302 valeas
616 5248 668 5301 in
682 5248 927 5315 Domino,
957 5259 1010 5304 et
1030 5253 1350 5319 parvitatem
1381 5268 1553 5307 meam
1584 5257 1829 5325 piissimo

240 5339 562 5409 imperatori
589 5342 971 5396 commendare
1002 5340 1257 5408 digneris.

767 5451 1097 5507 EPISTULA
1136 5454 1319 5508 XLIX.

557 5539 623 5577 Μ)
664 5540 713 5577 Ν.
757 5539 1090 5587 ΟΡΤΙΜᾹΤΕΒΙ,
1134 5541 1332 5579 Αιιιιιυιι
1373 5541 1528 5579 SliliM.

318 5614 685 5669 Dilectissimo
738 5614 892 5667 fratri
952 5628 1013 5667 ac
1050 5616 1309 5669 fidissimo
1354 5616 1528 5671 amico
1574 5615 1671 5681 N.,
1715 5618 1829 5687 glo-

1953 548 2137 603 lutem.

2022 639 2156 708 Quia
2191 643 2349 697 [idem
2374 648 2614 699 vestram
2634 654 2744 700 tam
2772 647 2911 701 bene
2934 647 3216 716 probatam
3248 645 3443 712 habeo,
3473 653 3537 702 ut

1953 730 2257 788 nullatenus
2284 734 2529 790 dubitare
2574 751 2782 806 possim
2810 738 2963 807 quin,
3011 738 3065 792 in
3109 729 3362 792 omnibus
3394 738 3535 795 meis

1955 838 2305 894 meorumque
2329 827 2743 883 necessitatibus
2772 828 2840 882 ad
2860 837 3057 883 vestra!
3081 828 3362 883 charitatis
3378 829 3533 883 auxi-

1951 911 2081 967 lium
2114 914 2438 986 confugiam.
2496 917 2705 972 Idcirco
2733 927 2790 974 et
2818 932 2961 973 nunc.
2986 926 3280 988 praisean
3324 932 3527 999 page‘n-

1950 1019 2039 1060 ses
2060 1013 2115 1059 et
2139 1006 2433 1064 familiares
2456 1025 2627 1075 meos,
2657 1010 2875 1064 Am.....
2916 1019 2972 1065 et
2995 1009 3361 1075 Theotboum,
3406 1026 3532 1065 cum

1950 1099 2036 1153 his
2062 1099 2277 1165 litteris,
2308 1102 2375 1156 ad
2397 1117 2493 1157 vos
2520 1103 2712 1169 direxi,
2742 1118 2972 1172 precans
3002 1111 3061 1157 ut
3081 1118 3175 1157 eos
3197 1116 3346 1157 more
3372 1102 3532 1159 solito

1950 1204 2194 1250 amanter
2214 1197 2511 1265 suscipere,
2537 1206 2591 1252 et
2621 1198 2675 1252 in
2711 1197 3128 1254 necessitatibus
3156 1212 3367 1260 eorum,
3392 1210 3530 1265 quas

1950 1285 2102 1341 vobis
2130 1287 2546 1355 insinuaverint,
2586 1288 2724 1359 apud
2752 1289 3008 1344 domuum
3027 1287 3110 1341 Ill.
3144 1283 3449 1358 augustum,
3477 1296 3532 1341 ct

1949 1377 2249 1447 piissimum
2278 1387 2487 1448 patrem
2511 1378 2627 1449 ejus
2654 1378 2911 1446 adjuvare
2942 1376 3259 1448 dignemini,
3283 1376 3362 1433 sic
3382 1375 3527 1431 utilli

1949 1466 2197 1522 similiter
2218 1468 2271 1522 in
2298 1470 2626 1534 vobis,sicut
2654 1479 3104 1540 etego,magnam
3129 1467 3365 1522 habeant
3396 1464 3529 1519 fidu-

1946 1556 2108 1610 ciam.
2131 1555 2271 1626 Opto
2295 1566 2577 1628 utsemper
2591 1559 2731 1614 bene
2746 1558 2995 1621 valeatis,
3016 1557 3313 1611 amicorum
3325 1555 3527 1625 optimc

1948 1654 2108 1719 atque
2124 1648 2465 1705 cbarissime.

2524 1739 2856 1796 EPISTOLA
2898 1739 2959 1794 L.

2516 1850 2584 1888 AD
2624 1850 2956 1890 HLOTABIL‘II.

2018 1921 2277 1977 Dominus
2302 1938 2477 1988 meus,
2507 1923 2786 1995 piissimus
2806 1924 3017 1997 genitor
3044 1932 3243 1988 vester,
3270 1922 3431 1993 jussit
3461 1922 3526 1977 de

1946 2014 2274 2068 monasterio
2299 2013 2387 2080 N.,
2448 2022 2510 2069 ut
2551 2016 2705 2071 nobis
2748 2013 3024 2083 adjutores
3049 2021 3103 2068 et
3147 2024 3528 2083 cooperatores

1945 2110 2127 2158 essent
2173 2103 2226 2157 in
2258 2105 2666 2160 constructione
2693 2105 2931 2160 basilica:
2952 2117 2977 2145 ι
3005 2105 3289 2159 beatorum
3323 2101 3526 2158 Christi

1945 2199 2265 2261 martyrum,
2305 2193 2599 2249 Marcellini
2638 2203 2693 2249 et
2733 2194 2897 2260 Petri,
2930 2204 3285 2264 patronorum
3318 2199 3526 2248 vestro-

1947 2295 2087 2333 rum.
2151 2280 2259 2335 Sed
2288 2282 2381 2347 illi,
2439 2290 2501 2338 ut
2538 2283 2669 2337 mihi
2698 2283 2927 2349 videtur,
2967 2282 3100 2337 nihil
3127 2282 3193 2337 de
3237 2281 3331 2337 illo
3361 2295 3528 2351 opere

1944 2369 2138 2426 facturi
2185 2381 2331 2438 sunt,
2378 2374 2483 2428 nisi
2521 2373 2696 2443 jussio
2746 2374 3046 2430 clementia:
3084 2381 3282 2429 vestrae
3339 2373 3403 2425 ad
3433 2386 3528 2426 cos

1942 2464 2144 2530 veniat,
2176 2475 2235 2519 ut
2261 2465 2343 2519 eis
2377 2465 2558 2520 denuo
2578 2467 2851 2537 praecipiat
2871 2475 2950 2532 ut,
2978 2466 3275 2522 secundum
3296 2463 3528 2534 disposi-

1942 2542 2145 2609 tionem
2183 2554 2385 2613 domini
2430 2563 2485 2611 et
2522 2556 2782 2628 genitoris
2825 2555 3011 2620 vestri,
3054 2569 3154 2609 nos
3185 2552 3437 2621 adiuvent
3470 2553 3524 2606 in

1942 2659 2106 2714 opere
2133 2647 2410 2715 prtedicto.
2459 2647 2799 2719 Quapropter
2824 2657 2883 2703 ut
2903 2646 3053 2704 vobis
3071 2660 3288 2702 causam
3318 2658 3524 2698 memov

1942 2736 2047 2789 rati
2074 2736 2256 2806 operis
2283 2744 2463 2791 notam
2492 2736 2754 2802 facerem,
2786 2738 2885 2791 has
2922 2750 3057 2790 meae
3084 2734 3373 2804 parvitatis
3396 2749 3526 2804 sup-

1940 2826 2251 2895 plicatorias
2273 2828 2479 2883 litteras
2492 2838 2687 2884 vestra:
2709 2827 3065 2899 magnitudini
3091 2825 3523 2888 mitterecuravi,

1940 2933 2039 2988 per
2060 2932 2195 2987 quas
2222 2934 2353 2990 rogo
2378 2930 2432 2975 et
2453 2920 2729 2975 humiliter
2749 2928 2873 2990 peto
2898 2926 2976 2984 ut,
3019 2925 3238 2989 propter
3283 2930 3523 2970 amorem

1942 3015 1997 3060 et
2026 3008 2287 3063 honorem
2316 3008 2520 3064 Christi
2565 3017 2880 3080 martyrum,
2937 3016 3287 3080 patronorum
3317 3014 3523 3060 vestro-

1946 3116 2082 3163 rum,
2108 3115 2297 3155 curam
2328 3101 2529 3156 habere
2581 3102 2871 3170 dignemini
2903 3102 2969 3156 de
2989 3099 3390 3159 constructione
3424 3099 3523 3151 ba-

1944 3194 2109 3249 silica:
2136 3192 2373 3257 illorum,
2400 3202 2476 3257 ut,
2504 3207 2603 3263 per
2634 3198 2872 3247 vestrum
2896 3191 3244 3262 adjutorium,
3270 3189 3372 3244 hoc
3402 3200 3526 3259 per-

1944 3283 2177 3347 ficiatur,
2233 3293 2288 3337 et
2316 3283 2456 3337 detis
2485 3283 2643 3339 nobis
2668 3283 2736 3337 ad
2771 3289 3111 3337 memoratos.
3129 3281 3410 3351 episcopos
3438 3296 3525 3334 sa—

1941 3390 2091 3429 cram
2127 3373 2427 3442 jussionem
2466 3380 2703 3428 vestram
2731 3386 2829 3443 per
2869 3371 3077 3427 litteras
3106 3368 3525 3441 gloriosissima:

1942 3464 2283 3519 auctoritatis
2313 3471 2532 3529 vestrae,
2566 3478 2704 3532 quas
2726 3469 3071 3517 contemnere
3099 3474 3206 3513 non
3245 3459 3480 3514 audeant
3508 3477 3519 3512 :

1941 3566 1996 3609 et
2026 3557 2147 3610 inde
2182 3555 2335 3609 vobis
2362 3569 2545 3608 coram
2573 3554 2684 3609 Deo
2733 3567 2942 3607 merces
2978 3559 3274 3614 accrescat,
3297 3558 3354 3605 et
3377 3551 3521 3605 beati

1942 3643 2209 3714 Martyres
2231 3656 2328 3712 pro
2352 3641 2503 3697 vobis
2536 3640 2893 3705 intercedant,
2951 3647 3010 3693 ut
3036 3653 3258 3709 regnum
3282 3648 3521 3693 vestrum

1942 3748 2156 3803 semper
2180 3739 2440 3801 aug-ratur
2480 3738 2645 3800 atque
2684 3729 2943 3791 ﬁrmetur,
2963 3737 3018 3781 et
3044 3734 3216 3779 tutum
3248 3740 3313 3778 ac
3338 3725 3522 3779 defen-

1940 3837 2056 3876 sum
2082 3830 2301 3875 maneat
2330 3822 2398 3875 ab
2424 3820 2635 3874 insidiis
2664 3826 2824 3888 atque
2877 3816 3223 3871 infestatione
3261 3814 3522 3882 maligno-

1940 3927 2058 3965 rum
2089 3912 2373 3980 spirituum
2403 3917 2457 3964 et
2482 3906 2873 3963 malevolorum
2918 3906 3218 3959 hominum.
3275 3902 3415 3972 Opto
3464 3910 3521 3955 et

1938 4018 2037 4057 oro
2082 4012 2139 4055 ut
2172 4001 2306 4055 bene
2347 3998 2524 4054 valeat
2567 3997 2819 4053 dominus
2843 4008 2996 4051 meus
3043 4010 3161 4059 rex,
3198 4002 3253 4049 et
3294 3993 3439 4047 vivat
3466 3991 3519 4044 in

1938 4102 2217 4148 “mm
2494 4154 2828 4211 EPISTOLA
2877 4153 2959 4210 ιι.

2569 4263 2636 4301 AD
2662 4260 2900 4301 EUIDEI.

2008 4340 2112 4395 Pro
2133 4340 2365 4409 quodam
2402 4337 2580 4391 amico
2608 4346 2664 4390 et
2701 4334 2971 4390 familiare
3000 4331 3213 4387 meo‘N.
3244 4330 3517 4393 videlicet,

1941 4432 2096 4486 fidele
2123 4443 2327 4496 vestro,
2356 4436 2545 4500 pietati
2589 4439 2781 4483 vestrm
2826 4426 3131 4497 supplicare
3157 4427 3279 4479 volo
3305 4435 3366 4477 ut
3392 4438 3521 4477 cum

1941 4524 2216 4593 suscipere
2276 4522 2609 4587 dignemini,
2664 4528 2755 4585 et,
2795 4516 3009 4587 quando
3054 4517 3108 4570 in
3148 4524 3357 4569 vestras
3402 4527 3520 4568 ma-

1942 4631 2044 4670 nus
2083 4630 2141 4668 se
2172 4611 2667 4675 commendaverit,
2727 4610 2964 4679 aliquam
3012 4607 3433 4663 consolationem
3466 4605 3517 4660 ei

1941 4706 2155 4761 faciatis
2195 4706 2262 4759 de
2307 4702 2586 4759 beneﬁciis
2614 4717 2732 4770 qum
2766 4701 2886 4764 hic,
2934 4701 2987 4755 in
3036 4709 3223 4755 nostra
3274 4698 3471 4752 vicinia
3500 4737 3516 4761 ,

1939 4796 2185 4852 absoluta
2226 4804 2281 4850 et
2311 4802 2497 4865 aperta
2549 4803 2671 4846 esse
2718 4800 3036 4846 noscuntur.
3063 4789 3161 4846 Est
3180 4795 3325 4844 enim
3356 4791 3518 4843 homo

1939 4888 2137 4943 nobilis
2163 4896 2217 4941 et
2246 4888 2399 4940 bona:
2429 4884 2553 4938 fidei
2579 4924 2592 4948 ,
2641 4884 2781 4938 bene
2812 4898 3027 4953 quoque
3057 4883 3247 4938 doetus
3297 4880 3364 4937 ad
3400 4896 3513 4936 ser-

1936 4979 2187 5034 viendum
2232 4976 2415 5030 utilius
2475 4976 2531 5028 in
2586 4973 2946 5043 qualicunque
3002 4972 3217 5043 negotio
3262 4972 3405 5041 quod
3462 4972 3513 5025 ei

1937 5068 2099 5122 fuerit
2152 5065 2475 5143 injunctum.
2533 5063 2771 5119 Servivit
2805 5063 2949 5118 enim
3000 5078 3101 5117 avo
3152 5072 3207 5117 et
3238 5064 3377 5130 patri
3420 5078 3511 5117 ve-

1936 5168 2051 5214 stro
2094 5157 2326 5211 fideliter
2373 5166 2427 5210 et
2474 5164 2696 5210 strenue
2733 5173 2745 5208 :
2792 5155 2872 5210 sic
2917 5164 2972 5208 et
3020 5154 3171 5208 vobis
3207 5154 3390 5209 facere
3416 5169 3513 5224 pa-

1934 5258 2088 5303 ratus
2133 5256 2263 5311 est,
2307 5249 2354 5301 si
2399 5245 2542 5301 Deus
2594 5246 2669 5300 illi
2725 5247 2893 5300 vitam
2940 5254 2994 5300 et
3046 5247 3333 5301 sanitatem
3386 5263 3513 5302 con-

1935 5317 2131 5396 cedere
2180 5338 2431 5394 voluerit.
2486 5338 2619 5391 Nam
2660 5337 2838 5392 adhuc
2888 5336 3044 5391 valde
3088 5337 3335 5392 inﬁrmus
3388 5346 3509 5402 est,

1937 5440 1988 5487 et
2029 5432 2150 5485 ideo
2184 5446 2289 5483 non
2312 5436 2493 5498 potest
2538 5426 2606 5481 ad
2633 5436 2869 5482 vestram
2901 5426 3245 5499 praesentiam
3278 5428 3465 5482 venire
3495 5447 3509 5482 :

1934 5522 2116 5577 veniet
2159 5538 2280 5576 cum
2312 5521 2543 5590 primum
2590 5524 2841 5588 potuerit.
2890 5518 3124 5574 Proinde
3164 5534 3361 5589 precor
3398 5520 3514 5589 pie-

1937 5622 2101 5669 tatem
2151 5620 2388 5666 vestram
2438 5619 2498 5663 ιιι
2552 5624 2636 5663 me
2689 5610 2828 5663 scire
2874 5608 3199 5680 pt-nnittatis
3254 5610 3382 5679 quid
3436 5610 3512 5665 illi

319 5739 343 5768 ι
390 5727 629 5781 Verbum
667 5728 916 5789 basilim',
952 5727 1095 5781 nullo
1127 5742 1294 5782 vacuo
1324 5728 1519 5798 spatio,
1562 5728 1613 5782 in
1647 5729 1831 5783 codice
1869 5727 2224 5783 desideratur.
