3928 6318
413 325 512 384 $3!

1691 335 2061 393 EGINIIARDI
2103 339 2395 397 ABBATIS

3578 352 3687 409 532

413 443 479 499 de
526 449 720 499 vestrae
764 444 1024 499 bonitatis
1070 418 1225 513 parte
1278 447 1596 516 promittere
1644 450 1877 519 possim;
1930 458 1990 503 ut
2017 454 2066 512 Α
2094 450 2187 504 sed
2213 452 2572 521 quodcunque
2600 468 2848 523 cperare.
2882 474 2899 503 ι
2946 456 3040 510 llis
3071 458 3146 511 ita
3173 461 3498 528 prtetniSsis,
3529 480 3685 536 roga-

412 535 470 587 in
501 533 645 590 bona
692 548 790 604 spe
826 534 1008 601 vivat,
1064 536 1236 592 donec
1285 536 1351 591 ad
1397 550 1633 594 vestram
1682 541 1993 607 pervenerit

411 622 780 691 pnesentiam.

950 719 1284 778 EPISTOLA
1325 723 1432 777 LII.

619 824 686 864 ιι)
718 826 769 865 Ν.
802 826 1182 867 ιιιιεειητιειιυι
1219 830 1288 868 ΕΤ
1314 829 1366 868 Ν.
1395 828 1774 870 ῊΕΕΒΟΠΙΝΙΙΙ.

475 897 535 952 In
561 897 763 955 Christi
794 902 1036 965 nomine,
1081 900 1423 973 Eginhardus
1459 904 1649 967 abbas,
1671 902 1734 959 N.
1769 907 1993 976 presby-

410 998 526 1044 tero
563 998 617 1044 et
645 989 710 1045 N.
745 992 1105 1061 vicedomino,
1139 994 1387 1051 ﬁdelibus
1418 996 1639 1061 nostris,
1671 995 1725 1051 in
1762 996 1995 1054 Domino

407 1084 657 1140 salutem.

476 1173 673 1231 Notum
700 1178 772 1233 sit
794 1181 947 1234 vobis
974 1182 1100 1250 quia
1150 1182 1398 1238 volumus
1429 1191 1488 1237 ut
1510 1185 1753 1257 eulogias
1781 1203 1991 1258 prcha-

407 1267 520 1321 rari
564 1265 775 1324 faciatis
819 1272 1111 1325 secundum
1149 1273 1629 1341 consuetudinem,
1672 1277 1815 1334 sicut
1855 1278 1993 1335 solet

403 1358 564 1412 homo
593 1357 659 1411 ad
685 1373 820 1428 opus
863 1360 1065 1415 domini
1109 1362 1191 1416 sui
1241 1360 1443 1430 facere,
1494 1374 1603 1420 tam
1636 1368 1705 1422 ad
1735 1385 1870 1439 opus
1896 1372 1991 1427 do-

403 1450 533 1506 mini
560 1451 645 1507 lll.
697 1470 859 1523 quam
904 1465 959 1512 et
984 1456 1048 1511 Ν.
1090 1457 1333 1532 conjugis
1365 1460 1502 1530 ejus.
1555 1463 1621 1518 Et
1661 1468 1877 1535 quando
1902 1455 1991 1524 ille

403 1541 471 1596 de
504 1541 771 1599 Audriaca
807 1547 931 1601 villa
974 1549 1043 1602 ad
1070 1547 1461 1621 Compendium
1506 1569 1759 1612 reversus
1804 1557 1990 1627 fuerit,

404 1643 530 1689 tunc
554 1635 804 1691 volumus
845 1648 902 1693 ut
925 1639 997 1695 ibi
1030 1640 1163 1697 flant
1188 1654 1529 1713 praesentata:
1556 1664 1570 1700 :
1606 1655 1660 1702 et
1682 1657 1869 1718 postea
1898 1667 1993 1707 vo-

401 1723 579 1781 lumus
598 1734 654 1781 ut
681 1742 780 1797 per
803 1728 1024 1785 brevem
1053 1733 1207 1788 nobis
1238 1734 1506 1803 indicetis,
1536 1738 1771 1807 qualiter
1797 1741 1986 1797 illas...

400 1813 484 1870 vel
512 1817 580 1871 ab
609 1816 697 1871 illa
729 1818 956 1874 fuissent
986 1832 1236 1893 receptae.
1268 1824 1417 1882 Bene
1442 1828 1637 1883 valete.

950 1930 1283 1989 EPISTOLA
1325 1937 1457 1993 LIII.

808 2016 874 2054 AD
900 2016 1153 2064 QUEHDAII
1180 2020 1406 2061 ωηιξη
1431 2024 1587 2063 ειτιιιι.

467 2086 525 2142 In
561 2087 764 2144 Christi
804 2093 1043 2159 nomine,
1080 2094 1443 2163 Eginhardus,
1488 2101 1689 2167 abbas,
1730 2102 1803 2157 illi
1843 2103 1984 2158 fideli

398 2186 586 2231 nostro
621 2177 868 2235 salutem.

466 2266 547 2321 'I‘u
594 2271 741 2325 nosti
786 2273 926 2341 quod
962 2273 1116 2341 juxta
1140 2280 1282 2346 quod
1312 2281 1604 2348 potuimus,
1654 2284 1980 2340 voluntatcm

396 2366 543 2413 tuam
568 2362 862 2432 adimplere
890 2367 1202 2423 curavimus
1221 2409 1234 2429 ,
1282 2370 1335 2423 in
1375 2386 1440 2425 eo
1467 2372 1608 2441 quo-.1
1639 2372 1800 2426 filiam
1832 2383 1979 2429 tuam

396 2450 495 2506 tibi
523 2452 749 2508 reddere
797 2454 1043 2512 facimus.
1095 2459 1158 2513 Et
1197 2461 1317 2516 ideo
1351 2478 1603 2532 rogamus
1650 2473 1804 2529 teut,
1858 2481 1983 2536 pro-

394 2548 517 2610 pter
542 2544 802 2600 honorem
841 2557 1157 2607 clamorem
1189 2554 1363 2608 sancti
1400 2554 1464 2608 N.
1492 2564 1546 2609 et
1581 2567 1845 2625 nostrum,
1886 2576 1983 2615 no-

395 2630 478 2685 bis
513 2634 824 2690 consentias
863 2638 930 2690 ad
962 2637 1065 2693 hoc
1098 2648 1189 2706 ut,
1232 2642 1277 2696 si
1313 2642 1460 2698 illum
1507 2644 1781 2701 hominem
1825 2648 1892 2701 ad
1922 2648 1983 2701 li-

393 2723 656 2780 bertatem
680 2730 863 2807 venire
893 2730 1178 2800 faciamus,
1224 2738 1468 2794 eamdem
1496 2738 1660 2793 filiam
1685 2750 1829 2795 tuam
1858 2758 1982 2811 per-

393 2814 580 2871 mittas
624 2816 679 2869 in
729 2817 1035 2891 coniugium
1083 2825 1361 2893 accipere,
1407 2829 1531 2896 quia
1574 2829 1768 2885 melius
1825 2831 1979 2887 nobis

394 2906 605 2961 videtur
625 2923 765 2973 esse,
814 2920 873 2965 ut
918 2912 1113 2969 iterum
1157 2916 1231 2970 illi
1266 2918 1510 2984 homini,
1545 2920 1588 2974 si
1632 2920 1771 2975 liber
1804 2920 1978 2979 factus

393 2993 574 3059 fuerit,
607 2996 943 3070 conjugctur,
977 3016 1141 3072 quam
1176 3012 1235 3057 ut
1278 3006 1345 3060 ab
1365 3006 1616 3063 omnibus
1647 3009 1975 3078 repudietur.

391 3083 537 3139 Bene
570 3086 763 3144 valete.

937 3184 1272 3241 EI’ISTOLA
1315 3185 1447 3241 LIV.

956 3289 1023 3326 AD
1053 3289 1106 3326 Ν.
1140 3291 1405 3329 ΑΒΒΛΤΕΙῙ.

459 3355 518 3409 In
540 3357 739 3412 Christi
769 3364 1007 3423 nomine,
1046 3361 1415 3431 Egiuhardus,
1445 3365 1613 3419 abbas
1634 3365 1695 3419 N.
1735 3367 1972 3435 humilis,

352 3442 597 3513 abbati,
629 3445 771 3502 fideli
795 3457 957 3518 atque
984 3450 1201 3516 dilecto,
1226 3462 1485 3508 aeternam
1515 3456 1569 3509 in
1588 3456 1803 3514 Christo
1832 3459 1976 3514 salu-

391 3542 522 3588 nam.

461 3625 753 3684 Memorem
797 3638 848 3685 te
891 3647 1010 3687 esse
1057 3651 1162 3690 non
1209 3636 1393 3692 dubito
1439 3638 1675 3708 qualiter
1702 3648 1813 3695 tam
1842 3650 1896 3697 te
1921 3652 1977 3697 et

390 3729 513 3775 tuos
555 3722 686 3775 mihi
733 3726 1070 3780 commisisti.
1123 3727 1192 3781 Et
1229 3730 1483 3798 quoniam
1531 3731 1605 3786 ita
1644 3748 1704 3787 se
1728 3733 1894 3790 habet
1918 3744 1976 3789 ut

389 3819 479 3864 tua
508 3808 727 3881 propria
774 3814 1015 3870 decrevit
1043 3818 1315 3885 voluntas,
1364 3838 1543 3877 meum
1592 3824 1780 3893 utique
1823 3826 1975 3880 dein-

385 3913 515 3968 ceps
546 3909 633 3958 est
660 3909 737 3967 ut,
769 3904 1076 3974 ubicunque
1103 3918 1461 3977 opportunum
1489 3911 1689 3978 fuerit,
1722 3915 1818 3969 tibi
1842 3916 1974 3971 tuis-

385 4006 493 4060 que
536 3992 862 4063 condignum
904 3994 1252 4066 suffragium,
1302 4000 1354 4054 in
1407 4011 1668 4069 quantum
1711 4019 1872 4059 nosse
1918 4014 1972 4060 et

385 4095 547 4151 posse
586 4083 898 4143 accesserit.
949 4086 1202 4141 omnibus
1244 4088 1415 4143 modis
1460 4091 1784 4158 impendam.
1833 4092 1972 4163 Ergo

386 4178 573 4225 notum
614 4170 686 4225 sit
716 4171 986 4227 dilectioni
1034 4184 1227 4230 vestrm
1270 4179 1525 4245 quoniam
1580 4179 1665 4235 ille
1708 4181 1973 4237 vassallus

387 4268 596 4325 noster,
620 4275 830 4315 necnon
858 4271 911 4315 et
939 4262 1044 4317 filia
1073 4273 1188 4327 tua,
1224 4281 1409 4321 amore
1441 4267 1697 4340 coniugii,
1735 4270 1873 4324 alter
1893 4271 1970 4325 al-

386 4358 565 4403 terum
590 4350 835 4420 adipisci,
879 4350 1105 4407 Domino
1146 4353 1358 4409 favente
1387 4366 1443 4411 et
1464 4368 1644 4413 vestra
1672 4359 1968 4425 voluntate,

384 4439 627 4508 cupiunt.
669 4438 1031 4507 Quamobrem
1071 4444 1136 4497 ad
1164 4458 1261 4498 vos
1286 4446 1501 4501 mitlere
1529 4450 1760 4513 decrevi,
1800 4450 1965 4505 inno-

386 4535 657 4586 tescentes
677 4530 823 4600 quod
867 4541 978 4586 tam
1012 4535 1170 4587 matri
1199 4544 1255 4589 et
1294 4534 1471 4603 fratri,
1517 4554 1676 4609 quam
1705 4548 1761 4593 et
1785 4541 1960 4595 omni-

384 4621 861 4694 buspropinquis,
908 4625 956 4680 si
980 4625 1136 4681 vobis
1182 4627 1362 4696 placet
1403 4639 1462 4682 ut
1501 4628 1611 4691 flat,
1663 4645 1959 4701 congruum

373 4724 504 4765 esse
529 4711 766 4766 videtur.
812 4711 1039 4783 Insuper
1064 4715 1228 4769 etiam
1269 4730 1367 4786 ego
1397 4731 1501 4770 non
1546 4716 1716 4771 solum
1748 4729 1806 4770 ut
1836 4732 1963 4771 con-

383 4802 631 4856 ﬁrmetur
654 4800 802 4864 volo,
850 4801 946 4856 sed
978 4810 1038 4856 ut
1084 4804 1399 4867 honorifice,
1428 4814 1588 4873 prout
1629 4807 1791 4861 citius
1838 4822 1961 4862 esse

381 4890 601 4960 poterit,
646 4891 693 4947 si
729 4891 861 4946 mihi
897 4892 965 4949 ad
991 4892 1375 4963 perficiendum
1408 4902 1727 4964 potestatem
1755 4898 1963 4953 dederi-

381 4982 474 5046 tis,
506 4990 616 5035 tam
645 4980 702 5035 in
738 4980 1037 5048 beneficiis,
1070 4997 1231 5052 quam
1259 4983 1311 5036 in
1335 4983 1453 5039 aliis
1478 4985 1657 5048 rebus,
1690 4987 1957 5056 condigne

381 5071 632 5142 supplere
655 5071 835 5141 cupio.
877 5071 1102 5147 Insuper
1150 5072 1290 5127 idem
1320 5074 1435 5143 ipse
1472 5074 1726 5143 praefatus
1757 5075 1959 5131 vassal4

380 5164 466 5217 lus
488 5162 668 5217 dotem
700 5163 888 5218 dabit:
935 5171 1094 5235 auget
1125 5178 1346 5218 munera
1378 5182 1388 5218 :
1436 5167 1811 5221 tantummodo
1832 5169 1958 5223 huic

378 5257 459 5311 rei
486 5264 731 5326 superest
756 5264 817 5311 ut
838 5265 931 5311 aut
955 5271 1053 5313 vos
1076 5257 1174 5327 ipsi
1196 5257 1264 5311 ad
1289 5258 1393 5313 hoc
1414 5272 1548 5328 opus
1570 5260 1956 5329 perficiendum

379 5362 479 5414 per
520 5360 759 5417 praesens
803 5346 991 5401 venire
1043 5362 1152 5401 non
1180 5347 1464 5413 differatis,
1495 5358 1609 5414 aut,
1644 5357 1705 5403 ut
1738 5365 1767 5403 a
1801 5351 1957 5407 nobis

381 5440 720 5509 perficiatur,
762 5439 1030 5495 licentiam
1054 5442 1383 5496 concedatis.
1419 5442 1632 5498 Scimus
1652 5443 1796 5498 enim
1828 5445 1955 5513 quid

378 5543 477 5598 per
510 5543 769 5597 praesens,
822 5529 1046 5584 Domino
1088 5528 1303 5585 favente
1325 5571 1339 5596 ,
1378 5531 1596 5601 explere
1628 5547 1952 5602 possumus;

380 5620 476 5675 sed
501 5619 627 5688 quid
653 5618 831 5674 futura
858 5620 1034 5690 pariat
1050 5618 1166 5675 dies
1192 5622 1520 5692 ignoramus.
1554 5624 1676 5678 Ideo
1694 5624 1953 5693 scriptum

381 5716 502 5764 est:
559 5728 577 5759 ι
611 5709 725 5765 Non
756 5721 925 5768 cesset
967 5728 1160 5768 manus
1192 5721 1303 5777 tua,
1347 5730 1450 5770 non
1478 5725 1655 5771 cesset
1684 5730 1780 5785 pes
1808 5725 1949 5783 tuus,

2018 1802 2065 1861 Β

2094 554 2219 593 mus
2263 550 2357 617 ut,
2393 550 2501 596 tam
2546 559 2642 613 per
2690 545 2834 599 hunc
2864 547 3088 600 missum
3127 564 3290 617 quam
3338 566 3440 619 per
3473 552 3686 611 litteras

2092 640 2328 699 vestras,
2363 649 2461 690 nos
2485 636 2550 691 de
2578 637 2683 693 hac
2718 650 2778 691 re
2805 649 2984 693 certos
3015 640 3241 697 reddere
3270 644 3508 700 studeas.
3538 645 3689 703 Bene

2092 723 2290 778 valete.

2656 822 2984 879 EPISTULA
3029 825 3139 879 LV.

2637 926 2704 963 AD
2736 927 2787 963 Ν.
2816 928 3127 968 EPISCOPUI.

2163 997 2353 1055 Merito
2379 1002 2676 1056 venerabili
2698 1002 2918 1059 domino
2936 1004 3000 1058 Ν.
3022 1005 3082 1059 Ε.
3102 1006 3330 1078 Propter
3350 1014 3682 1080 paucitatem

2092 1090 2464 1146 ministrorum
2495 1094 2703 1159 altaris,
2748 1096 2894 1166 cogit
2928 1111 3017 1150 me
3057 1101 3359 1155 necessitas
3379 1104 3686 1175 supplicare

2091 1182 2366 1236 sanctitati
2397 1191 2595 1238 vestra:
2624 1193 2684 1239 ut
2728 1186 2874 1241 hunc
2897 1187 3175 1253 clericum,
3225 1192 3448 1247 nomine
3486 1194 3577 1261 Νη
3613 1198 3683 1251 ad

2090 1273 2317 1341 gradum
2365 1275 2682 1333 diaconatus
2728 1280 2983 1336 ordinare
3030 1283 3341 1354 dignemini.
3390 1288 3489 1349 Est
3531 1291 3683 1345 enim

2090 1378 2196 1417 non
2226 1365 2400 1420 solum
2442 1377 2636 1435 aetate,
2668 1372 2763 1425 sed
2797 1374 2962 1428 etiam
2988 1378 3296 1435 eruditione
3340 1383 3409 1436 ad
3436 1382 3542 1438 hoc
3567 1384 3686 1439 ido—

2093 1469 2245 1509 neus.
2294 1456 2361 1509 Et
2385 1457 2506 1513 ideo
2532 1460 2779 1517 misimus
2819 1462 2967 1518 illum
3009 1467 3077 1521 ad
3104 1476 3298 1523 vestrae
3324 1470 3687 1543 benignitatis

2090 1547 2455 1614 praesentiam,
2493 1558 2554 1603 ut
2581 1566 2728 1617 eum,
2776 1568 2807 1607 a
2839 1555 2992 1611 vobis
3020 1557 3215 1613 iterum
3256 1564 3323 1616 ad
3360 1565 3684 1633 prmdictum

2091 1635 2318 1705 gradum
2348 1648 2746 1705 consecratum,
2775 1644 3021 1714 recipere
3054 1663 3383 1704 mereamur.
3416 1651 3559 1721 Opto
3587 1669 3686 1711 vos

2094 1725 2149 1779 in
2172 1724 2389 1781 Christo
2413 1741 2628 1798 semper
2652 1731 2792 1786 bene
2818 1732 3021 1788 valere.

2655 1860 2989 1918 EPISTOLA
3034 1864 3165 1919 LVI.

2621 1969 2688 2007 AD
2739 1969 3141 2012 IIPERATOREI.

2158 2064 2309 2119 Novo
2335 2071 2389 2120 et
2427 2065 2645 2135 insolito
2675 2068 2913 2122 siderum
2938 2078 3060 2124 ortu
3092 2070 3322 2126 infausta
3351 2075 3605 2143 quaedam
3626 2084 3679 2132 et

2086 2156 2284 2217 tristia,
2312 2157 2495 2225 potius
2531 2172 2690 2226 quam
2719 2157 2838 2211 lmta
2864 2160 2947 2215 vel
2994 2177 3279 2232 prospera,
3311 2165 3531 2221 miseris
3550 2182 3679 2221 ven-

2082 2253 2203 2299 tura
2227 2245 2518 2314 significari
2559 2248 2899 2315 mortalibus,
2946 2267 3083 2320 pene
3136 2255 3395 2309 omnibus
3433 2265 3680 2311 veterum

2082 2330 2374 2384 aestimavit
2400 2334 2719 2387 auctoritas.
2757 2334 2882 2389 Sdla
2908 2338 3051 2389 sacri
3082 2338 3359 2409 Evangelii
3394 2341 3675 2412 Scriptura

2082 2420 2376 2476 salutarem
2406 2437 2557 2477 novae
2585 2423 2752 2478 stellae
2788 2427 3183 2495 apparitionem
3226 2428 3394 2485 fuisse
3424 2442 3678 2498 testatur,

2081 2524 2245 2578 quam
2274 2510 2647 2567 Chaldteorum
2695 2515 2898 2570 vidisse
2937 2517 3245 2585 sapientes,
3296 2529 3354 2575 et
3396 2535 3672 2578 recentem

2081 2604 2272 2657 aeterni
2307 2605 2452 2675 regis
2476 2612 2654 2659 ortum
2680 2606 2747 2659 de
2781 2607 2923 2662 illius
2952 2609 3254 2665 clarissimo
3282 2610 3495 2683 fulgore
3514 2614 3670 2683 conjio

2081 2695 2313 2759 cientes,
2345 2710 2593 2762 munera,
2635 2705 2797 2752 tantae
2833 2699 3104 2769 maiestati
3137 2704 3539 2769 convenientia,
3588 2722 3671 2762 ve-

2082 2786 2396 2841 nerabiliter
2419 2788 2680 2842 obtulisse
2708 2798 3022 2843 narrantur.
3069 2787 3173 2845 Sed
3195 2790 3311 2858 ejus
3340 2793 3531 2857 stellre,
3556 2810 3679 2864 qua

2080 2890 2252 2943 nuper
2276 2877 2525 2945 apparuit
2555 2879 2772 2931 horrida
2798 2890 2852 2933 et
2881 2894 3070 2947 parum
3104 2876 3225 2935 lteta
3263 2884 3432 2938 facies
3456 2884 3526 2939 ab
3553 2901 3677 2940 om-

2078 2967 2260 3031 nibus,
2287 2968 2377 3036 qui
2413 2983 2534 3022 eam
2556 2984 2616 3023 se
2657 2970 2862 3024 vidisse
2890 2973 3073 3025 testati
3099 2981 3245 3036 sunt,
3276 2971 3449 3029 fuisse
3471 2990 3536 3029 ac
3570 2977 3676 3032 mi-

2082 3057 2287 3112 naciter
2313 3056 2568 3127 ﬂagrasse
2612 3059 2909 3113 nuntiatur.
2953 3061 3109 3126 Qum.
3145 3073 3204 3116 ut
3234 3078 3382 3127 reor,
3431 3080 3676 3137 congrua

2006 3163 2049 3225 ρ
2081 3144 2292 3199 meritis
2327 3146 2530 3200 nostris
2557 3148 2819 3217 praesagia
2852 3147 3005 3213 fecit,
3037 3159 3093 3204 et
3127 3151 3359 3217 cladem,
3390 3167 3495 3222 qua
3522 3156 3675 3226 digni

2079 3249 2285 3299 sumus,
2300 3236 2873 3293 venturamindicavit.
2902 3237 3042 3303 Quid
3062 3240 3206 3294 enim
3234 3240 3465 3295 interest
3488 3251 3677 3298 utrum

2078 3324 2320 3391 homine,
2370 3325 2455 3381 vel
2486 3327 2638 3381 stella
2685 3328 2987 3393 nuntiante,
3038 3331 3330 3387 imminens
3373 3332 3453 3385 ira
3484 3336 3678 3401 generi

2075 3414 2398 3482 praedicetur
2440 3415 2725 3471 humano?
2775 3416 2889 3471 Hoc
2934 3426 3143 3473 tantum
3188 3429 3273 3475 est
3299 3420 3676 3475 necessarium

2074 3510 2136 3557 ut
2159 3503 2490 3575 intelligatur
2536 3520 2928 3574 supervacuam
2972 3523 3080 3562 non
3111 3509 3278 3564 fuisse
3329 3511 3529 3564 sideris
3568 3525 3673 3579 ap-

2075 3593 2416 3661 paritionem,
2441 3594 2535 3649 sed
2562 3596 2907 3652 admonuisse
2937 3599 3195 3655 mortales
3222 3609 3305 3665 ut,
3327 3602 3672 3670 paenitendo,

2074 3692 2129 3740 et
2160 3685 2370 3739 Domini
2401 3686 2829 3742 misericordiam
2859 3688 3144 3754 flectendo,
3189 3690 3431 3745 futurum
3456 3700 3671 3747 certent

2075 3773 2344 3830 declinare
2369 3776 2687 3844 perieulum.
2735 3776 2827 3832 Sic
2857 3778 2909 3832 in
2941 3780 3325 3848 praedicatione
3350 3778 3520 3843 Jonaa,
3571 3780 3683 3835 Ni-

2073 3864 2211 3918 nivae
2237 3865 2517 3921 subversio
2543 3867 2798 3933 civitatis,
2846 3885 2965 3939 qua:
3008 3885 3106 3939 per
3131 3870 3278 3924 illum
3321 3870 3497 3925 fuerat
3526 3887 3678 3941 prte-

2073 3956 2319 4009 nuntiata
2373 3956 2712 4023 hominibus,
2757 3960 2935 4014 divina
2974 3961 3324 4016 miseratione
3363 3961 3530 4016 dilata
3555 3972 3667 4018 est.

2071 4042 2328 4113 Fecitque
2372 4045 2513 4101 Deus
2640 4056 2820 4102 turum
2863 4064 2961 4118 per
3006 4049 3297 4105 Jeremiam
3338 4052 3667 4121 prophetam

2071 4135 2333 4203 permisit,
2361 4151 2482 4191 cum
2520 4151 2643 4192 eum
2668 4139 2721 4193 in
2746 4139 2966 4194 domum
2990 4140 3254 4211 ﬁguli.....

2623 4271 2956 4327 EPISTOLA
3006 4271 3160 4327 LVII.

2629 4381 2696 4418 AD
2733 4381 2785 4418 Ν.
2817 4380 3078 4420 COIITEI.

1987 4499 2041 4559 Β
2142 4474 2419 4545 Magnifico
2456 4482 2510 4528 et
2538 4474 2834 4529 honorabili
2865 4482 3024 4543 atque
3048 4474 3239 4537 illustri
3270 4475 3407 4537 viro,
3441 4475 3506 4529 N.
3542 4476 3662 4547 glo-

2065 4566 2209 4619 rioso
2232 4562 2451 4626 comiti,
2491 4562 2832 4632 Eginhardus
2859 4570 3120 4617 aeternam
3155 4562 3208 4617 in
3245 4562 3477 4620 Domino
3511 4571 3661 4621 salu-

2065 4659 2194 4705 tem.

2137 4740 2377 4796 Domnus
2403 4740 2695 4809 imperator
2724 4739 3003 4794 mandavit
3041 4755 3139 4810 per
3179 4741 3461 4813 Dagolfum
3488 4758 3656 4802 vena-

2065 4843 2237 4889 torem
2274 4830 2377 4903 [ut]
2417 4830 2479 4885 N.
2509 4845 2693 4886 comes
2728 4829 2933 4887 faceret
2962 4833 3255 4889 convenire
3278 4835 3345 4889 ad
3370 4849 3537 4889 unum
3565 4835 3652 4888 lo-

2064 4940 2186 4981 cum
2213 4924 2333 4979 illos
2360 4924 2588 4979 comites
2614 4924 2706 4993 qui
2735 4931 2859 4978 sunt
2879 4924 2934 4978 in
2962 4924 3183 4980 Austris
3201 4964 3217 4989 ,
3263 4916 3313 4979 id
3340 4936 3425 4981 est
3458 4927 3653 4982 Batto-

2060 5030 2183 5069 nem
2207 5023 2261 5069 et
2289 5013 2597 5084 P0pponem
2626 5022 2683 5069 et
2703 5012 3101 5079 Gebehardum,
3133 5023 3190 5070 et
3216 5024 3442 5072 caeteros
3466 5018 3650 5074 socios

2058 5119 2266 5169 eorum,
2313 5113 2375 5159 ut
2405 5106 2547 5159 inter
2571 5119 2631 5159 se
2663 5104 3070 5159 considerarent
3096 5107 3223 5175 quid
3257 5106 3524 5178 agendum
3554 5125 3648 5165 es-

2058 5205 2174 5260 set,
2223 5195 2269 5250 si
2324 5195 2524 5265 aliquid
2575 5195 2700 5249 novi
2752 5195 2817 5249 de
2861 5195 3108 5264 partibus
3148 5195 3408 5265 Bajoariat
3450 5197 3664 5263 fuisset

2059 5295 2327 5341 exortum.
2360 5284 2511 5341 Tunc
2538 5287 2713 5341 visum
2742 5295 2824 5341 est
2854 5287 2961 5342 illis
2988 5288 3130 5345 bene
3159 5304 3280 5343 esse
3306 5297 3385 5351 ut,
3419 5297 3474 5343 et
3506 5298 3560 5344 tu
3584 5299 3645 5347 et

2058 5376 2202 5438 Atto,
2237 5376 2289 5428 in
2330 5373 2516 5429 eodem
2547 5374 2745 5443 placito
2774 5372 3031 5429 fuissetis.
3078 5375 3203 5429 Ideo
3228 5384 3419 5444 rogant
3453 5390 3552 5431 vos
3580 5388 3644 5433 ut

2057 5464 2436 5526 consideretis,
2481 5472 2641 5532 atque
2683 5462 2787 5517 illis
2830 5464 3097 5518 mandetis
3129 5463 3182 5516 in
3218 5463 3364 5532 quali
3413 5463 3535 5519 loco
3560 5467 3641 5519 vi-

2058 5556 2247 5608 deatur
2267 5553 2600 5623 aptissimum
2626 5566 2745 5606 esse
2774 5552 2878 5607 illis
2902 5553 3239 5623 colloquium.
3287 5551 3425 5607 Nam
3454 5551 3522 5608 Il.
3559 5555 3639 5611 vi-

2059 5642 2213 5698 detur
2242 5650 2300 5695 ut
2325 5642 2422 5696 hoc
2443 5640 2579 5695 bene
2605 5654 2724 5695 esse
2753 5642 2940 5709 possit.
