3928 6376
164 342 288 402 ωδ

727 452 1057 508 EPISTOLA
1095 451 1266 507 LVIII.

730 562 794 599 AD
823 561 874 597 Ν.
906 560 1214 599 ενιεοοῐιυιι.

248 634 540 690 Obtutibus
562 636 990 705 praestantissimi
1019 634 1277 689 antistitis
1297 633 1578 687 humillimi
1608 632 1769 688 clien-

166 728 278 783 tuli
312 730 475 783 vestri
508 730 691 798 apices
730 728 1013 798 praecipuae
1044 727 1322 783 servitutis
1348 726 1582 794 dirigere
1625 734 1769 779 sata-

166 828 355 889 gunt;
392 820 708 874 intimantes
739 819 1100 883 devotionem,
1141 816 1296 886 juxta
1334 818 1551 873 modum
1581 830 1766 871 eorum

165 913 586 981 possibilitatis,
635 927 860 981 pronam
893 910 1026 975 fieri,
1077 911 1122 965 si
1153 909 1367 965 almitas
1396 918 1590 964 vestrae
1614 908 1772 963 celsi-

166 1003 384 1058 tudinis
411 1003 667 1060 mandare
688 1018 795 1056 non
827 1000 1218 1069 dedignaverit.
1256 999 1314 1054 In
1337 1000 1484 1055 omni
1509 1000 1770 1068 obsequio

165 1101 363 1149 vestro
376 1102 812 1163 vestrorumque,
843 1100 899 1146 et
914 1093 1189 1161 deinceps,
1220 1092 1335 1146 sive
1360 1090 1515 1161 juxta
1542 1090 1771 1146 clemen-

164 1186 315 1239 tiam
349 1186 654 1255 prmsentite
698 1193 897 1240 vestae
924 1185 1126 1254 positi,
1178 1200 1275 1240 seu
1311 1184 1618 1253 ubicunque
1649 1198 1770 1240 ver-

169 1278 293 1332 sari
318 1278 591 1343 videntur,
623 1277 856 1333 libenter
876 1275 1104 1346 professi
1128 1284 1253 1332 sunt
1275 1276 1472 1332 vestris
1501 1274 1772 1332 mellilluis

165 1372 562 1441 obtemperare
603 1371 893 1427 mandatis.
931 1369 1086 1425 Nunc
1112 1378 1264 1435 vero,
1312 1359 1565 1439 quamvis
1608 1368 1771 1424 nullis

166 1463 523 1534 exigentibus
549 1464 781 1528 meritis,
835 1471 1014 1518 tamen
1042 1461 1279 1532 alloquio
1314 1470 1515 1516 vestrm
1545 1462 1773 1531 promis-

174 1556 350 1611 sionis
377 1555 591 1620 confisi,
626 1570 847 1612 monere
890 1571 998 1611 non
1032 1555 1265 1610 titubant
1294 1554 1550 1624 pietatem
1577 1560 1772 1608 vestrae

180 1648 500 1703 charitatis.
540 1648 727 1704 Valeat
756 1648 1037 1703 beatitudo
1063 1654 1264 1702 vestra.

718 1758 1053 1815 EPISTOLA
1102 1757 1236 1813 LIX.

348 1847 418 1885 AD
458 1846 773 1887 PRECIPUUI
815 1844 1198 1886 ιιηδεκλτιιιοιε
1230 1843 1599 1883 ῦΑιιειιΑΝυιι.

242 1921 577 1977 Honorando
622 1931 786 1993 atque
826 1921 1116 1977 sublimato
1164 1927 1219 1974 et
1267 1918 1460 1988 spiritu
1491 1914 1772 1986 sapientiae

165 2010 600 2081 repleto.........
652 2012 912 2082 magistro
960 2019 1125 2080 atque
1171 2009 1446 2079 praecipuo
1494 2005 1803 2078 capellano-

167 2101 391 2157 domum
420 2101 801 2172 imperatricis,
819 2102 986 2156 vestri
1016 2100 1202 2156 fideles
1227 2099 1491 2164 clientuli,
1516 2114 1615 2169 per
1633 2098 1771 2153 hanc

166 2192 439 2247 schedam
465 2192 749 2261 parvitatis
778 2200 1000 2256 nostr:e,
1037 2190 1362 2246 beatitudini
1391 2197 1587 2245 vestra:
1616 2198 1770 2258 opta-

168 2297 294 2337 mus
326 2283 562 2338 salutem
589 2298 904 2353 perennem.

240 2371 587 2427 Recordetur
615 2373 833 2427 bonitas
860 2381 1042 2427 vestra
1084 2372 1150 2427 de
1191 2387 1353 2426 causa
1397 2386 1557 2440 quam
1599 2386 1769 2440 quon-

168 2463 297 2518 dam
335 2464 502 2519 locuti
532 2462 753 2530 fuimus,
785 2473 865 2528 ut,
898 2465 1042 2520 sicut
1069 2480 1171 2519 nos
1195 2465 1528 2519 exhortastis
1570 2473 1625 2518 et
1665 2463 1770 2518 lar-

169 2556 317 2625 giter
366 2555 732 2625 promisistis,
788 2555 862 2609 ita
914 2555 1147 2610 feliciter
1193 2556 1419 2625 implere
1466 2557 1770 2625 procuretis

170 2648 315 2719 apud
348 2648 503 2703 illum
536 2662 696 2716 quem
728 2663 824 2703 vos
854 2648 1044 2703 scitis:
1086 2657 1142 2702 et
1170 2647 1429 2716 inquirite
1457 2654 1635 2701 utrum
1668 2663 1767 2703 nos

168 2738 238 2794 ad
267 2739 445 2806 illum,
476 2755 541 2793 an
572 2747 726 2809 parte
755 2740 808 2794 in
845 2740 949 2793 alia
983 2739 1203 2794 tendere
1230 2739 1545 2804 debeamus,
1582 2748 1637 2794 et
1672 2754 1768 2793 no-

171 2832 257 2888 bis
282 2873 300 2897 ,
348 2847 452 2903 per
480 2832 693 2887 fidelem
729 2832 974 2903 gerulum
1001 2872 1016 2897 ,
1068 2839 1162 2885 aut
1192 2845 1289 2900 per
1319 2838 1529 2885 vestros
1561 2832 1763 2900 apices,

170 2923 283 2978 cito
332 2924 659 2978 remandare
708 2922 1017 2993 dignemini.
1092 2921 1196 2975 Pro
1245 2920 1568 2975 confidentia
1619 2922 1765 2975 enim

174 3028 396 3083 magna,
421 3029 585 3084 quam
614 3014 671 3068 in
696 3014 850 3068 vobis
877 3012 1158 3075 habemus,
1186 3021 1295 3066 tam
1326 3012 1585 3066 audacter
1612 3011 1765 3066 vobis

173 3107 498 3177 scripsimus
544 3106 924 3161 necessitatem
969 3112 1231 3159 nostram.
1289 3104 1365 3158 De
1406 3114 1587 3158 vestra
1633 3119 1762 3157 vero

175 3199 446 3269 sospitate
475 3198 629 3252 nobis
657 3197 906 3250 intimare
933 3194 1263 3266 dignemini,
1296 3193 1423 3263 quia
1453 3202 1631 3248 vestra
1672 3208 1763 3247 sa-

176 3289 318 3343 nitas
367 3296 557 3343 nostra
605 3294 689 3340 est
738 3286 922 3340 laetitia
948 3326 961 3349 ,
1012 3293 1068 3339 et
1093 3294 1274 3338 vestra
1305 3283 1490 3338 lzetitia
1522 3293 1763 3339 nostrum

176 3388 258 3433 est
286 3378 568 3449 gaudium.
618 3377 733 3431 Hoc
762 3384 1038 3444 optamus,
1082 3375 1187 3428 hoc
1215 3374 1616 3441 desideramus,
1665 3376 1766 3430 hoc

178 3471 431 3539 cupimus
460 3469 668 3534 audire,
694 3475 753 3521 ut
783 3468 876 3521 flat
905 3466 1089 3521 multis
1116 3464 1349 3519 feliciter
1376 3468 1554 3521 annis.
1582 3467 1767 3521 Valete

179 3575 321 3615 nunc
346 3568 404 3615 et
432 3574 666 3629 semper,
694 3560 778 3613 vir
803 3557 1207 3629 gloriosissime,
1234 3556 1286 3609 iu
1313 3556 1530 3613 Christo
1551 3558 1679 3613 Jesu
1713 3569 1767 3615 et

179 3651 232 3706 in
260 3652 516 3707 omnibus
545 3650 750 3705 sanctis
774 3648 911 3717 ejus.
942 3648 1136 3702 Amen.

737 3768 1065 3827 EPISTOLA
1105 3771 1192 3825 LX
1204 3812 1217 3825 .

570 3875 637 3911 ΑΙ)
679 3873 734 3911 ΙΙ.
775 3874 1076 3913 ιιιυετιιεκ
1118 3876 1377 3915 DOMINUM.

246 3945 482 4001 illustris
514 3948 793 4019 dignitatis
820 3951 994 4004 virum
1028 3960 1191 4020 atque
1222 3951 1572 4007 nobilissimae
1603 3952 1767 4009 subli-

180 4037 387 4093 mitatis
432 4038 709 4094 dominum
754 4042 845 4106 M.,
880 4044 942 4097 V.
991 4053 1045 4098 et
1074 4045 1367 4115 gloriosum
1394 4088 1408 4112 ,
1462 4046 1766 4102 ﬁdelissimi

179 4142 241 4183 ac
268 4128 644 4195 devotissimi,
695 4141 994 4205 vestraeque
1040 4136 1093 4189 in
1140 4137 1392 4193 omnibus
1436 4140 1767 4197 excellentia:

179 4223 512 4291 paratissimi
565 4224 790 4292 famuli,
846 4228 987 4284 fideli
1038 4239 1094 4285 et
1145 4232 1366 4302 optabili
1422 4234 1767 4304 aggredimur

181 4314 426 4371 servitio.

248 4403 516 4462 Maximas
545 4417 597 4463 et
622 4449 635 4471 ,
685 4411 728 4465 si
771 4410 884 4465 fieri
916 4423 1140 4483 posset,
1192 4416 1542 4472 sublimitatis
1571 4426 1764 4472 vestra:

1632 340 1814 396 EPIS‘l
1832 339 2009 396 OL!“

1794 456 1844 513 Α
1870 464 2094 524 excepta
2130 455 2458 512 dominicata
2501 458 2740 524 decima,
2781 473 2944 529 quam
2977 474 3042 515 ex
3072 467 3257 516 vestro
3285 462 3450 518 verbo

3339 350 3449 407 554

1870 544 2067 601 salvari
2112 548 2393 617 praecepit,
2450 548 2644 607 debeat
2672 565 2739 603 an
2771 564 2915 615 non,
2962 566 2992 604 a
3036 549 3192 606 nobis
3232 553 3450 622 penitus

1869 637 2168 709 ignoratur.
2204 639 2331 696 Haec
2357 641 2479 696 ideo
2504 649 2700 697 vestrm
2725 643 3045 699 sublimitati
3074 646 3452 717 exposuimus,

1870 739 1931 785 ut
1955 738 2135 786 vestra
2163 730 2428 788 celsitudo
2464 733 2665 801 cogitet
2701 742 2756 789 et
2792 741 3026 800 statuat,
3057 735 3329 806 quomodo
3363 750 3452 792 re-

1870 824 2106 879 staurari
2153 826 2373 896 possit:
2418 833 2473 879 et
2523 841 2591 881 ne
2635 826 2936 896 periculum
2985 826 3212 896 alicujus
3260 842 3449 899 prove-

1869 916 2017 981 niat,
2060 916 2106 971 si
2132 916 2325 974 domus
2354 916 2469 972 Deo
2494 917 2674 972 dicata
2702 918 3007 989 negligatur
3039 926 3094 974 et
3124 919 3447 976 adnulletur.

1871 1006 2143 1077 Quidquid
2183 1022 2317 1076 ergo
2360 1017 2553 1064 vestrm
2594 1009 2929 1065 excellentia:
2963 1010 3158 1067 exinde
3192 1010 3448 1078 libuerit,

1870 1113 1967 1169 per
2012 1107 2254 1153 vestrum
2300 1099 2527 1155 missum
2570 1110 2778 1156 nostra:
2826 1101 3128 1156 modicitati
3177 1102 3453 1160 insinuare

1871 1188 2144 1259 dignetur.
2204 1187 2455 1245 Vestram
2502 1189 2894 1246 sublimitatem
2947 1192 3159 1249 diutino
3210 1201 3451 1265 tempore

1869 1280 2121 1338 Christus
2146 1290 2414 1354 protegat,
2437 1283 2754 1354 pariterque
2774 1284 2840 1340 ad
2867 1284 3031 1338 vitam
3056 1293 3311 1341 tetemam
3338 1300 3453 1354 por-

1872 1374 2053 1429 ducat.
2084 1374 2278 1430 Amen.

2401 1463 2733 1521 EPISTOLA
2784 1465 2917 1521 LXI.

2488 1573 2556 1611 AD
2594 1571 2831 1612 ιωιοει.

1943 1645 2175 1712 Praevia,
2210 1646 2409 1716 insigni
2440 1655 2604 1715 atque
2631 1647 2863 1718 egregiae
2894 1648 3190 1705 nobilitatis
3216 1649 3336 1703 viro
3363 1648 3452 1716 Ν..

1878 1736 1963 1790 W.
2002 1746 2055 1792 et
2091 1735 2180 1802 G.,
2225 1744 2422 1792 vestra:
2464 1736 2781 1791 sublimitati
2825 1752 2923 1807 per
2958 1738 3139 1793 omnia
3182 1737 3359 1794 devoti
3402 1749 3458 1795 et

1799 1804 1845 1863 Β
1873 1826 2059 1893 dediti,
2088 1825 2244 1882 fidele
2275 1827 2331 1882 in
2353 1827 2604 1883 omnibus
2643 1804 2965 1897 obsequium
2989 1837 3152 1899 atque
3174 1830 3451 1885 servitium

1869 1924 2138 1987 Optamus.

1940 2006 2205 2074 Quoniam
2264 2007 2570 2063 sublimitas
2623 2015 2825 2063 nostra:
2878 2009 3181 2064 modicitati
3234 2010 3453 2079 aliquod

1868 2100 2151 2156 servitium
2177 2099 2459 2170 injungere
2486 2099 2686 2165 voluit,
2728 2100 2855 2170 quia
2896 2101 3038 2156 idem
3087 2101 3152 2156 ad
3199 2101 3452 2159 eti‘ectum

1868 2192 2105 2246 nondum
2148 2192 2339 2257 venit,
2387 2207 2610 2247 causam
2652 2205 2849 2249 vestra:
2887 2192 3195 2251 celsitudini
3242 2194 3455 2251 innote-

1869 2285 2089 2341 scimus.
2125 2281 2367 2339 Clericus
2390 2282 2575 2340 fratris
2598 2285 2769 2341 vestri
2791 2284 2881 2351 A.,
2906 2300 3067 2356 quem
3092 2294 3275 2343 vestro
3296 2284 3453 2355 jussu

1868 2374 2199 2430 conservitio
2232 2374 2399 2445 ipsius
2425 2373 2490 2428 Α.
2525 2374 2882 2444 suscepimus,
2913 2374 3238 2440 indiculum,
3285 2392 3446 2447 quem

1868 2474 2068 2521 nostrae
2094 2464 2349 2536 parvitati
2376 2465 2639 2530 misistis,
2678 2479 2861 2520 secum
2892 2465 3147 2532 abstulit,
3188 2474 3246 2520 ut
3286 2482 3450 2522 excu-

1868 2560 2132 2617 sationem
2162 2566 2346 2614 vestro
2372 2557 2530 2613 fratri
2558 2572 2623 2613 ex
2655 2566 2839 2612 nostra
2872 2565 3026 2627 parte
3052 2556 3255 2611 faceret
3279 2559 3447 2626 quod,

1865 2666 1965 2719 pro
1993 2657 2174 2705 vestro
2203 2649 2447 2713 servitio,
2490 2662 2629 2719 opus
2667 2648 2909 2718 ejusdem
2949 2648 3322 2718 imperfectum
3363 2664 3450 2703 re-

1868 2750 2113 2796 maneret
2142 2758 2155 2793 :
2199 2749 2255 2795 et
2295 2740 2351 2794 in
2392 2740 2511 2809 ipso
2540 2738 2778 2794 lndiculo
2809 2753 3097 2803 mensum,
3127 2753 3264 2809 quas
3288 2732 3450 2795 nobis

1869 2830 2282 2893 transmisistis,
2332 2828 2538 2901 pariter
2587 2827 2780 2883 ablatae
2829 2836 2996 2893 sunt,
3048 2842 3167 2897 quae
3216 2843 3248 2882 a
3292 2828 3451 2884 nobis

1868 2922 2132 2978 hactenus
2174 2922 2319 2976 nullo
2363 2922 2519 2976 modo
2557 2920 2781 2990 reperiri
2818 2929 3062 2989 possunt.
3112 2921 3451 2991 Quapropter

1864 3013 2014 3082 ipsas
2059 3014 2341 3067 mensuras
2389 3011 2547 3066 nobis
2586 3011 2981 3075 transmittite,
3041 3019 3137 3075 et,
3186 3019 3446 3080 quantum

1868 3106 2140 3169 valemus,
2190 3105 2256 3160 de
2300 3112 2479 3165 vestro
2525 3103 2747 3160 servitio
2791 3103 3071 3160 elaborare
3111 3102 3444 3158 curabimus.

1874 3199 2067 3254 Valere
2124 3200 2177 3254 in
2236 3198 2465 3255 Domino
2512 3206 2762 3253 vestram-
2805 3198 3195 3254 sublimitatem
3242 3195 3449 3270 jugiter

1866 3296 2201 3356 exoptamus.

2333 3378 2735 3435 EPISTOLA
2784 3376 2974 3433 LXII.

2420 3507 2485 3545 AD
2523 3506 2892 3547 HLOTHARIUII.

1939 3587 2196 3654 Quamvis
2232 3589 2533 3644 certissime
2571 3585 2787 3641 credam
2832 3585 3132 3655 piissimum
3164 3583 3445 3639 Dominum

1869 3698 2047 3737 meum
2084 3696 2298 3750 semper
2333 3693 2627 3735 memorem
2661 3693 2781 3732 esse
2810 3686 3160 3745 patronorum
3199 3689 3443 3739 suorum,

1868 3775 2301 3828 beatissimorum
2328 3771 2528 3826 Christi
2563 3778 2858 3839 martyrum
2881 3810 2895 3833 ,
2930 3767 3223 3822 Marcellini
3263 3776 3317 3820 et
3350 3765 3448 3820 Pe-

1869 3866 1960 3929 tri,
1993 3865 2103 3933 qui,
2134 3863 2346 3919 occulto
2377 3861 2471 3915 Dei
2498 3860 2721 3931 judicio,
2756 3859 2927 3913 Roma
2956 3857 3166 3922 relicta,
3201 3856 3267 3910 ad
3301 3854 3448 3910 exal-

1868 3955 2124 4008 tationem
2153 3963 2209 4007 et
2238 3952 2629 4022 protectionem
2662 3949 2809 4022 regni
2839 3948 3038 4013 vestri,
3078 3947 3131 4000 in
3160 3945 3447 4001 Franciam

1867 4053 2162 4107 venerunt,
2203 4021 2287 4105 et,
2322 4056 2421 4109 pro
2447 4055 2551 4109 qua
2581 4021 2989 4102 nescio'causa,
3029 4036 3169 4106 apud
3205 4051 3291 4090 me
3320 4050 3448 4104 pec-

1866 4145 2106 4191 catorem
2136 4132 2393 4202 hospitari
2426 4130 2630 4200 dignati
2658 4137 2818 4193 sunt,
2862 4128 2993 4182 mihi
3039 4136 3217 4182 tamen
3247 4139 3445 4197 magna

1866 4223 2129 4278 incumbit
2164 4220 2461 4275 necessitas
2490 4227 2550 4273 ut
2576 4234 2671 4273 vos
2701 4218 2768 4273 de
2797 4217 2977 4273 causis
3017 4214 3084 4271 ad
3125 4230 3318 4271 eorum
3350 4214 3447 4269 ιιοο

1864 4328 2052 4368 norem
2091 4310 2485 4381 pertinentibus
2522 4310 2717 4364 crebro
2752 4322 3158 4371 eommoneam,
3201 4321 3269 4361 ne
3305 4304 3447 4367 forte

1865 4406 2163 4476 periculum
2214 4419 2277 4459 ac
2323 4403 2703 4459 detrimentum
2734 4401 2929 4454 anima:
2964 4414 3099 4453 mea:
3130 4399 3405 4457 incurram
3429 4439 3443 4463 ,

180 4497 489 4571 celsitudini
519 4501 805 4560 referimus
840 4514 1041 4577 grates,
1080 4509 1247 4578 quod,
1280 4520 1482 4566 nostra:
1509 4512 1758 4580 petitioni

1871 4500 1911 4552 si
1939 4500 2005 4553 de
2034 4497 2123 4551 illa
2152 4495 2521 4551 admonitione
2547 4492 2904 4563 negligentior
2926 4506 3089 4560 quam
3115 4496 3330 4559 oportet
3352 4503 3449 4544 ex-

182 4603 462 4646 assensum
511 4595 857 4663 praebentes,
907 4598 974 4653 ad
1027 4598 1278 4656 effectum
1323 4601 1652 4672 perduxistis
1696 4602 1760 4657 de

180 4680 383 4748 capella
410 4681 465 4735 in
497 4682 619 4737 villa
648 4681 808 4740 Lensi
838 4688 1153 4743 constituta.
1187 4691 1390 4746 Tamen
1420 4692 1757 4747 misistis.....

184 4763 269 4835 qui
312 4785 414 4824 nos
440 4772 634 4827 exinde
668 4776 869 4830 vestire
896 4778 1078 4845 venit,
1124 4779 1175 4835 id
1217 4780 1426 4850 ipsum,
1470 4782 1611 4837 sicut
1644 4781 1760 4851 jus-

182 4856 347 4922 sistis,
377 4858 590 4916 fecisset
610 4903 624 4927 ,
654 4864 758 4919 nisi
785 4865 1035 4924 homines
1064 4868 1200 4934 VV-.,
1228 4868 1413 4926 fratris
1442 4872 1629 4934 vestri,
1658 4873 1759 4927 hoc

183 4949 652 5008 contradixissent.
704 4953 959 5014 Attamen
996 4957 1109 5028 ipse
1146 4959 1295 5015 locus
1329 4960 1489 5016 valde
1515 4971 1761 5017 vastatus

183 5045 295 5103 est,
342 5041 417 5095 ita
461 5049 520 5096 ut
560 5043 764 5098 nullum
793 5048 1017 5102 omnino
1047 5046 1297 5119 tegumen
1327 5057 1594 5105 tectorum
1630 5050 1759 5104 inibi

187 5133 532 5198 remanserit,
561 5135 704 5203 quod
740 5151 845 5190 non
873 5137 1179 5203 venditum,
1210 5139 1504 5194 alienatum
1525 5180 1539 5203 ,
1576 5147 1757 5194 vasta-

186 5226 400 5289 tumque
431 5223 530 5286 sit,
567 5232 792 5294 excepta
830 5225 1090 5294 basilica,
1138 5243 1256 5298 qua
1294 5230 1458 5284 etiam
1503 5244 1569 5284 ex
1610 5237 1762 5299 parte

188 5311 404 5365 corruit.
463 5310 572 5367 Nos
617 5323 834 5380 autem,
881 5331 1045 5371 causa
1088 5327 1287 5373 vestrae
1330 5318 1615 5383 mercedis,
1659 5317 1762 5373 hoc

190 5396 344 5453 fixum
380 5400 433 5454 in
468 5402 653 5457 animo
688 5403 1011 5471 habuimus,
1060 5414 1119 5461 ut
1161 5422 1281 5476 quze
1322 5408 1574 5477 przesenti
1620 5424 1763 5464 anno

192 5484 468 5556 adquirere
493 5506 798 5561 possemus,
844 5492 911 5547 ad
950 5497 1398 5551 restaurationem
1429 5497 1533 5551 loci
1563 5510 1763 5565 expen-

193 5576 432 5637 deremus
450 5597 463 5635 :
482 5583 625 5651 quod
645 5591 699 5637 et
714 5581 893 5639 facere
921 5586 1187 5655 cupimus,
1205 5587 1247 5641 si
1277 5587 1349 5641 ita
1374 5603 1469 5657 per
1492 5602 1750 5642 mause...

194 5670 369 5725 statuit
412 5683 575 5741 atque
621 5673 878 5729 decrevit.
931 5675 1123 5730 Vester
1170 5676 1352 5746 itaque
1400 5676 1756 5732 missus.......

196 5753 440 5817 laboratis
472 5760 605 5818 nihil
637 5764 707 5818 ibi
736 5762 962 5834 invenit,
998 5766 1125 5836 quia
1156 5768 1335 5822 omnia
1365 5776 1572 5823 vastata
1603 5778 1757 5823 erant

1864 4589 2075 4651 stitero,
2108 4595 2162 4640 et
2192 4585 2315 4639 licet
2345 4583 2419 4638 illi
2450 4584 2560 4637 sint
2595 4581 3085 4637 misericordissimi
3108 4620 3122 4645 ,
3154 4579 3245 4649 qni
3276 4578 3445 4635 etiam

1863 4678 2171 4750 percussori
2217 4691 2315 4732 suo
2356 4683 2744 4745 pepercerunt,
2792 4687 2973 4743 regem
3008 4680 3183 4727 tamen
3219 4685 3443 4732 eorum,

1865 4767 2152 4822 Dominum
2176 4773 2421 4820 nostrum
2444 4762 2627 4819 Iesum
2647 4763 2943 4827 Christum,
2964 4777 3062 4830 pro
3083 4759 3237 4829 cujus
3257 4773 3446 4814 amore

1865 4858 2004 4912 mori
2035 4872 2143 4911 non
2172 4855 2580 4918 dubitaverunt,
2615 4852 2887 4908 offendere
2912 4853 3099 4915 timeo,
3126 4850 3171 4905 si
3203 4850 3259 4903 in
3286 4848 3442 4904 exhi-

1862 4948 2055 5003 bendis
2087 4962 2274 5002 eorum
2317 4945 2482 5000 cultui
2527 4942 2782 5014 congruis
2824 4941 3119 4996 honoribus
3147 4953 3233 4994 me
3262 4938 3445 5008 segni~

1865 5048 1948 5094 ter
1986 5049 2234 5111 agentem
2274 5036 2559 5091 invenerit.
2612 5033 2868 5096 Proinde,
2917 5031 3160 5101 piissime
3202 5029 3443 5091 domine,

1863 5130 2239 5186 excellentiam
2286 5135 2519 5182 vestram
2570 5124 2843 5180 humiliter
2909 5123 3174 5177 admoneo
3218 5129 3273 5175 et
3318 5127 3446 5188 peto

1862 5229 1922 5275 ut
1968 5219 2243 5275 recordari
2272 5216 2567 5288 dignemini
2597 5214 2666 5271 de
2694 5214 2781 5269 illa
2826 5217 3247 5267 commutatione
3295 5208 3398 5265 loci
3426 5246 3443 5273 ,

1862 5313 1918 5367 in
1959 5328 2067 5383 quo
2106 5311 2411 5367 veneranda
2443 5310 2737 5380 Martyrum
2778 5321 3006 5376 corpora
3052 5305 3439 5375 requiescunt,

1862 5418 1983 5474 quae
2024 5417 2147 5457 cum
2186 5401 2407 5470 Otgario
2443 5399 2696 5468 episcopo
2726 5395 2867 5450 facta
2898 5402 3019 5459 est,
3067 5403 3123 5449 et
3163 5408 3289 5449 eum
3334 5391 3442 5446 illis

1861 5496 2139 5566 proprium
2189 5491 2471 5553 ellieiatis,
2532 5504 2630 5558 pro
2682 5502 2789 5556 quo
2833 5486 3112 5542 liberanda
3159 5482 3439 5552 proprium

1862 5596 2101 5641 vestrum
2130 5592 2319 5639 sancto
2349 5581 2578 5635 Martino
2604 5578 2921 5633 tradidistis.
2972 5576 3103 5631 Item
3146 5576 3437 5629 admonere

1860 5689 2128 5745 przesumo
2170 5671 2594 5727 misericordiam
2623 5678 2857 5722 vestram
2886 5669 2951 5720 de
2982 5666 3085 5720 illis
3124 5665 3259 5719 meis
3300 5663 3436 5733 peti~

1861 5766 2097 5821 tionibus
2130 5763 2353 5833 quibus,
2399 5769 2528 5814 tunc
2568 5757 2779 5829 quando
2824 5755 3151 5810 innnincntis
3180 5752 3434 5807 viciniam
