  <div class='ocr_page' id='page_1' title='image "/cluster/home/n/w/nwhite01/storage/ocr_20150623/104/uva.x000827061/275.png"; bbox 0 0 3928 6306; ppageno 0'>
   <div class='ocr_carea' id='block_1_1' title="bbox 462 271 569 327">
    <p class='ocr_par' dir='ltr' id='par_1_1' title="bbox 462 271 569 327">
     <span class='ocr_line' id='line_1_1' title="bbox 462 271 569 327; baseline 0 0"><span class='ocrx_word' id='word_1_1' title='bbox 462 271 569 327; x_wconf 72' lang='grc'><strong>655</strong></span> 
     </span>
    </p>
   </div>
   <div class='ocr_carea' id='block_1_2' title="bbox 1748 280 2462 344">
    <p class='ocr_par' dir='ltr' id='par_1_2' title="bbox 1748 280 2462 344">
     <span class='ocr_line' id='line_1_2' title="bbox 1748 280 2462 344; baseline 0.011 -8"><span class='ocrx_word' id='word_1_2' title='bbox 1748 280 2127 338; x_wconf 72' lang='lat' dir='ltr'><strong>EGINHARDI</strong></span> <span class='ocrx_word' id='word_1_3' title='bbox 2168 284 2462 344; x_wconf 72' lang='lat' dir='ltr'><strong>ABBA&#39;I&#39;IS</strong></span> 
     </span>
    </p>
   </div>
   <div class='ocr_carea' id='block_1_3' title="bbox 3634 310 3743 367">
    <p class='ocr_par' dir='ltr' id='par_1_3' title="bbox 3634 310 3743 367">
     <span class='ocr_line' id='line_1_3' title="bbox 3634 310 3743 367; baseline 0 -4"><span class='ocrx_word' id='word_1_4' title='bbox 3634 310 3743 367; x_wconf 75' lang='lat'><strong>536</strong></span> 
     </span>
    </p>
   </div>
   <div class='ocr_carea' id='block_1_4' title="bbox 457 385 3751 481">
    <p class='ocr_par' dir='ltr' id='par_1_4' title="bbox 457 385 3751 481">
     <span class='ocr_line' id='line_1_4' title="bbox 457 385 3751 481; baseline 0.011 -41"><span class='ocrx_word' id='word_1_5' title='bbox 457 386 654 444; x_wconf 82' lang='lat' dir='ltr'><strong>mortis</strong></span> <span class='ocrx_word' id='word_1_6' title='bbox 681 385 960 453; x_wconf 79' lang='lat' dir='ltr'><strong>exhorrui,</strong></span> <span class='ocrx_word' id='word_1_7' title='bbox 990 388 1142 444; x_wconf 82' lang='lat' dir='ltr'><strong>vobis</strong></span> <span class='ocrx_word' id='word_1_8' title='bbox 1168 389 1413 461; x_wconf 81' lang='lat' dir='ltr'><strong>suggessi</strong></span> <span class='ocrx_word' id='word_1_9' title='bbox 1445 400 1503 444; x_wconf 90' lang='lat' dir='ltr'><strong>ut</strong></span> <span class='ocrx_word' id='word_1_10' title='bbox 1530 391 1733 461; x_wconf 87' lang='lat' dir='ltr'><strong>aliquid</strong></span> <span class='ocrx_word' id='word_1_11' title='bbox 1759 392 1827 448; x_wconf 89' lang='lat' dir='ltr'><strong>de</strong></span> <span class='ocrx_word' id='word_1_12' title='bbox 1852 393 2049 449; x_wconf 88' lang='lat' dir='ltr'><strong>nostris</strong></span> <span class='ocrx_word' id='word_1_13' title='bbox 2077 398 2126 456; x_wconf 82' lang='grc' dir='ltr'><strong>Α</strong></span> <span class='ocrx_word' id='word_1_14' title='bbox 2154 395 2421 454; x_wconf 80' lang='lat' dir='ltr'><strong>infelicem</strong></span> <span class='ocrx_word' id='word_1_15' title='bbox 2446 418 2509 457; x_wconf 90' lang='lat' dir='ltr'><strong>ac</strong></span> <span class='ocrx_word' id='word_1_16' title='bbox 2535 406 2899 462; x_wconf 86' lang='lat' dir='ltr'><strong>miserrimum</strong></span> <span class='ocrx_word' id='word_1_17' title='bbox 2930 425 3035 464; x_wconf 89' lang='lat' dir='ltr'><strong>non</strong></span> <span class='ocrx_word' id='word_1_18' title='bbox 3076 409 3285 480; x_wconf 88' lang='lat' dir='ltr'><strong>judicct</strong></span> <span class='ocrx_word' id='word_1_19' title='bbox 3306 455 3322 481; x_wconf 88' lang='lat'><strong>,</strong></span> <span class='ocrx_word' id='word_1_20' title='bbox 3365 431 3487 472; x_wconf 90' lang='lat' dir='ltr'><strong>cum</strong></span> <span class='ocrx_word' id='word_1_21' title='bbox 3537 421 3592 474; x_wconf 91' lang='lat' dir='ltr'><strong>in</strong></span> <span class='ocrx_word' id='word_1_22' title='bbox 3616 421 3751 479; x_wconf 79' lang='lat' dir='ltr'><strong>ami-</strong></span> 
     </span>
    </p>
   </div>
   <div class='ocr_carea' id='block_1_5' title="bbox 458 475 2049 552">
    <p class='ocr_par' dir='ltr' id='par_1_5' title="bbox 458 475 2049 552">
     <span class='ocr_line' id='line_1_5' title="bbox 458 475 2049 552; baseline 0.004 -21"><span class='ocrx_word' id='word_1_23' title='bbox 458 475 737 536; x_wconf 78' lang='lat' dir='ltr'><strong>beneﬂciis</strong></span> <span class='ocrx_word' id='word_1_24' title='bbox 765 477 832 531; x_wconf 85' lang='lat' dir='ltr'><strong>ad</strong></span> <span class='ocrx_word' id='word_1_25' title='bbox 862 478 1317 533; x_wconf 84' lang='lat' dir='ltr'><strong>sustentationem</strong></span> <span class='ocrx_word' id='word_1_26' title='bbox 1339 493 1550 545; x_wconf 90' lang='lat' dir='ltr'><strong>eorum,</strong></span> <span class='ocrx_word' id='word_1_27' title='bbox 1574 481 1666 550; x_wconf 78' lang='lat' dir='ltr'><strong>qui</strong></span> <span class='ocrx_word' id='word_1_28' title='bbox 1690 481 1845 552; x_wconf 77' lang='lat' dir='ltr'><strong>juxta</strong></span> <span class='ocrx_word' id='word_1_29' title='bbox 1872 497 2049 537; x_wconf 79' lang='lat' dir='ltr'><strong>saera-</strong></span> 
     </span>
    </p>
   </div>
   <div class='ocr_carea' id='block_1_6' title="bbox 454 568 2047 642">
    <p class='ocr_par' dir='ltr' id='par_1_6' title="bbox 454 568 2047 642">
     <span class='ocr_line' id='line_1_6' title="bbox 454 568 2047 642; baseline 0.004 -20"><span class='ocrx_word' id='word_1_30' title='bbox 454 568 668 623; x_wconf 82' lang='lat' dir='ltr'><strong>tisslma</strong></span> <span class='ocrx_word' id='word_1_31' title='bbox 687 576 1004 625; x_wconf 75' lang='lat' dir='ltr'><strong>sanctorum</strong></span> <span class='ocrx_word' id='word_1_32' title='bbox 1026 568 1326 642; x_wconf 73' lang='lat' dir='ltr'><strong>Martyrum</strong></span> <span class='ocrx_word' id='word_1_33' title='bbox 1348 586 1574 638; x_wconf 88' lang='lat' dir='ltr'><strong>corpora</strong></span> <span class='ocrx_word' id='word_1_34' title='bbox 1594 573 1702 628; x_wconf 88' lang='lat' dir='ltr'><strong>Deo</strong></span> <span class='ocrx_word' id='word_1_35' title='bbox 1720 572 2047 629; x_wconf 87' lang='lat' dir='ltr'><strong>deservituri</strong></span> 
     </span>
    </p>
   </div>
   <div class='ocr_carea' id='block_1_7' title="bbox 455 659 2046 737">
    <p class='ocr_par' dir='ltr' id='par_1_7' title="bbox 455 659 2046 737">
     <span class='ocr_line' id='line_1_7' title="bbox 455 659 2046 737; baseline 0.004 -24"><span class='ocrx_word' id='word_1_36' title='bbox 455 667 605 723; x_wconf 84' lang='lat' dir='ltr'><strong>sunt,</strong></span> <span class='ocrx_word' id='word_1_37' title='bbox 628 659 835 715; x_wconf 77' lang='lat' dir='ltr'><strong>eisdem</strong></span> <span class='ocrx_word' id='word_1_38' title='bbox 867 660 1169 716; x_wconf 85' lang='lat' dir='ltr'><strong>mitissimis</strong></span> <span class='ocrx_word' id='word_1_39' title='bbox 1198 662 1444 732; x_wconf 88' lang='lat' dir='ltr'><strong>patronis</strong></span> <span class='ocrx_word' id='word_1_40' title='bbox 1470 664 1670 718; x_wconf 88' lang='lat' dir='ltr'><strong>vestris</strong></span> <span class='ocrx_word' id='word_1_41' title='bbox 1697 664 1830 720; x_wconf 86' lang='lat' dir='ltr'><strong>dare</strong></span> <span class='ocrx_word' id='word_1_42' title='bbox 1858 666 2046 737; x_wconf 55' lang='lat' dir='ltr'><strong>digna-</strong></span> 
     </span>
    </p>
   </div>
   <div class='ocr_carea' id='block_1_8' title="bbox 456 749 2045 824">
    <p class='ocr_par' dir='ltr' id='par_1_8' title="bbox 456 749 2045 824">
     <span class='ocr_line' id='line_1_8' title="bbox 456 749 2045 824; baseline 0.004 -21"><span class='ocrx_word' id='word_1_43' title='bbox 456 749 650 805; x_wconf 74' lang='lat' dir='ltr'><strong>remitti</strong></span> <span class='ocrx_word' id='word_1_44' title='bbox 670 788 685 814; x_wconf 89' lang='lat'><strong>,</strong></span> <span class='ocrx_word' id='word_1_45' title='bbox 730 749 965 820; x_wconf 87' lang='lat' dir='ltr'><strong>quabter</strong></span> <span class='ocrx_word' id='word_1_46' title='bbox 991 757 1121 805; x_wconf 91' lang='lat' dir='ltr'><strong>tunc</strong></span> <span class='ocrx_word' id='word_1_47' title='bbox 1147 750 1343 807; x_wconf 78' lang='lat' dir='ltr'><strong>vestris</strong></span> <span class='ocrx_word' id='word_1_48' title='bbox 1371 751 1777 824; x_wconf 76' lang='lat' dir='ltr'><strong>benignissimis</strong></span> <span class='ocrx_word' id='word_1_49' title='bbox 1813 756 2045 823; x_wconf 88' lang='lat' dir='ltr'><strong>promis-</strong></span> 
     </span>
    </p>
   </div>
   <div class='ocr_carea' id='block_1_9' title="bbox 452 841 2044 915">
    <p class='ocr_par' dir='ltr' id='par_1_9' title="bbox 452 841 2044 915">
     <span class='ocr_line' id='line_1_9' title="bbox 452 841 2044 915; baseline 0.005 -20"><span class='ocrx_word' id='word_1_50' title='bbox 452 841 698 895; x_wconf 86' lang='lat' dir='ltr'><strong>sionibus</strong></span> <span class='ocrx_word' id='word_1_51' title='bbox 748 857 895 913; x_wconf 88' lang='lat' dir='ltr'><strong>spem</strong></span> <span class='ocrx_word' id='word_1_52' title='bbox 956 842 1088 897; x_wconf 90' lang='lat' dir='ltr'><strong>mibi</strong></span> <span class='ocrx_word' id='word_1_53' title='bbox 1143 842 1350 899; x_wconf 70' lang='lat' dir='ltr'><strong>fecistis</strong></span> <span class='ocrx_word' id='word_1_54' title='bbox 1400 844 1545 915; x_wconf 90' lang='lat' dir='ltr'><strong>quod</strong></span> <span class='ocrx_word' id='word_1_55' title='bbox 1602 846 1874 901; x_wconf 85' lang='lat' dir='ltr'><strong>desiderio</strong></span> <span class='ocrx_word' id='word_1_56' title='bbox 1922 862 2044 903; x_wconf 87' lang='lat' dir='ltr'><strong>meo</strong></span> 
     </span>
    </p>
   </div>
   <div class='ocr_carea' id='block_1_10' title="bbox 449 930 2038 1003">
    <p class='ocr_par' dir='ltr' id='par_1_10' title="bbox 449 930 2038 1003">
     <span class='ocr_line' id='line_1_10' title="bbox 449 930 2038 1003; baseline 0.006 -19"><span class='ocrx_word' id='word_1_57' title='bbox 449 930 692 986; x_wconf 81' lang='lat' dir='ltr'><strong>fraudari</strong></span> <span class='ocrx_word' id='word_1_58' title='bbox 724 947 830 987; x_wconf 88' lang='lat' dir='ltr'><strong>non</strong></span> <span class='ocrx_word' id='word_1_59' title='bbox 859 932 1139 999; x_wconf 80' lang='lat' dir='ltr'><strong>deberem,</strong></span> <span class='ocrx_word' id='word_1_60' title='bbox 1172 943 1260 999; x_wconf 91' lang='lat' dir='ltr'><strong>et,</strong></span> <span class='ocrx_word' id='word_1_61' title='bbox 1292 950 1398 990; x_wconf 89' lang='lat' dir='ltr'><strong>non</strong></span> <span class='ocrx_word' id='word_1_62' title='bbox 1427 935 1599 990; x_wconf 92' lang='lat' dir='ltr'><strong>solum</strong></span> <span class='ocrx_word' id='word_1_63' title='bbox 1631 936 1682 990; x_wconf 90' lang='lat' dir='ltr'><strong>in</strong></span> <span class='ocrx_word' id='word_1_64' title='bbox 1714 936 1817 992; x_wconf 87' lang='lat' dir='ltr'><strong>hac</strong></span> <span class='ocrx_word' id='word_1_65' title='bbox 1840 950 2038 1003; x_wconf 77' lang='lat' dir='ltr'><strong>causa,</strong></span> 
     </span>
    </p>
   </div>
   <div class='ocr_carea' id='block_1_11' title="bbox 451 1025 2040 1099">
    <p class='ocr_par' dir='ltr' id='par_1_11' title="bbox 451 1025 2040 1099">
     <span class='ocr_line' id='line_1_11' title="bbox 451 1025 2040 1099; baseline 0.003 -18"><span class='ocrx_word' id='word_1_66' title='bbox 451 1025 549 1081; x_wconf 85' lang='lat' dir='ltr'><strong>sed</strong></span> <span class='ocrx_word' id='word_1_67' title='bbox 577 1025 742 1080; x_wconf 87' lang='lat' dir='ltr'><strong>etiam</strong></span> <span class='ocrx_word' id='word_1_68' title='bbox 773 1026 829 1081; x_wconf 88' lang='lat' dir='ltr'><strong>in</strong></span> <span class='ocrx_word' id='word_1_69' title='bbox 859 1037 1023 1083; x_wconf 71' lang='lat' dir='ltr'><strong>eo&#39;ut</strong></span> <span class='ocrx_word' id='word_1_70' title='bbox 1062 1028 1165 1094; x_wconf 88' lang='lat' dir='ltr'><strong>bis,</strong></span> <span class='ocrx_word' id='word_1_71' title='bbox 1207 1044 1345 1099; x_wconf 86' lang='lat' dir='ltr'><strong>ques</strong></span> <span class='ocrx_word' id='word_1_72' title='bbox 1383 1030 1451 1084; x_wconf 88' lang='lat' dir='ltr'><strong>ad</strong></span> <span class='ocrx_word' id='word_1_73' title='bbox 1487 1029 1768 1084; x_wconf 72' lang='lat' dir='ltr'><strong>servitium</strong></span> <span class='ocrx_word' id='word_1_74' title='bbox 1801 1039 2040 1085; x_wconf 88' lang='lat' dir='ltr'><strong>vestrum</strong></span> 
     </span>
    </p>
   </div>
   <div class='ocr_carea' id='block_1_12' title="bbox 448 1117 2040 1190">
    <p class='ocr_par' dir='ltr' id='par_1_12' title="bbox 448 1117 2040 1190">
     <span class='ocr_line' id='line_1_12' title="bbox 448 1117 2040 1190; baseline 0.003 -17"><span class='ocrx_word' id='word_1_75' title='bbox 448 1117 687 1173; x_wconf 86' lang='lat' dir='ltr'><strong>enutrivi</strong></span> <span class='ocrx_word' id='word_1_76' title='bbox 706 1159 720 1183; x_wconf 90' lang='lat'><strong>,</strong></span> <span class='ocrx_word' id='word_1_77' title='bbox 750 1119 1179 1174; x_wconf 88' lang='lat' dir='ltr'><strong>misericordiam</strong></span> <span class='ocrx_word' id='word_1_78' title='bbox 1213 1128 1450 1176; x_wconf 77' lang='lat' dir='ltr'><strong>vestram</strong></span> <span class='ocrx_word' id='word_1_79' title='bbox 1482 1121 1795 1190; x_wconf 82' lang='lat' dir='ltr'><strong>impendere</strong></span> <span class='ocrx_word' id='word_1_80' title='bbox 1815 1162 1828 1186; x_wconf 92' lang='lat'><strong>,</strong></span> <span class='ocrx_word' id='word_1_81' title='bbox 1864 1129 1919 1176; x_wconf 88' lang='lat' dir='ltr'><strong>et</strong></span> <span class='ocrx_word' id='word_1_82' title='bbox 1945 1136 2040 1177; x_wconf 91' lang='lat' dir='ltr'><strong>eos</strong></span> 
     </span>
    </p>
   </div>
   <div class='ocr_carea' id='block_1_13' title="bbox 445 1206 2039 1279">
    <p class='ocr_par' dir='ltr' id='par_1_13' title="bbox 445 1206 2039 1279">
     <span class='ocr_line' id='line_1_13' title="bbox 445 1206 2039 1279; baseline 0.004 -18"><span class='ocrx_word' id='word_1_83' title='bbox 445 1206 519 1262; x_wconf 86' lang='lat' dir='ltr'><strong>de</strong></span> <span class='ocrx_word' id='word_1_84' title='bbox 561 1207 697 1276; x_wconf 85' lang='lat' dir='ltr'><strong>ipsis</strong></span> <span class='ocrx_word' id='word_1_85' title='bbox 740 1207 1021 1264; x_wconf 76' lang='lat' dir='ltr'><strong>beneficiis</strong></span> <span class='ocrx_word' id='word_1_86' title='bbox 1064 1209 1325 1279; x_wconf 77' lang='lat' dir='ltr'><strong>adjuvare</strong></span> <span class='ocrx_word' id='word_1_87' title='bbox 1371 1210 1663 1265; x_wconf 78' lang='lat' dir='ltr'><strong>deberetis.</strong></span> <span class='ocrx_word' id='word_1_88' title='bbox 1721 1210 2039 1267; x_wconf 86' lang='lat' dir='ltr'><strong>Certissime</strong></span> 
     </span>
    </p>
   </div>
   <div class='ocr_carea' id='block_1_14' title="bbox 446 1297 2040 1373">
    <p class='ocr_par' dir='ltr' id='par_1_14' title="bbox 446 1297 2040 1373">
     <span class='ocr_line' id='line_1_14' title="bbox 446 1297 2040 1373; baseline 0.006 -23"><span class='ocrx_word' id='word_1_89' title='bbox 446 1297 663 1353; x_wconf 85' lang='lat' dir='ltr'><strong>confido</strong></span> <span class='ocrx_word' id='word_1_90' title='bbox 690 1298 833 1368; x_wconf 85' lang='lat' dir='ltr'><strong>quod</strong></span> <span class='ocrx_word' id='word_1_91' title='bbox 865 1300 918 1352; x_wconf 92' lang='lat' dir='ltr'><strong>in</strong></span> <span class='ocrx_word' id='word_1_92' title='bbox 946 1300 1049 1354; x_wconf 83' lang='lat' dir='ltr'><strong>hoc</strong></span> <span class='ocrx_word' id='word_1_93' title='bbox 1074 1309 1125 1355; x_wconf 89' lang='lat' dir='ltr'><strong>et</strong></span> <span class='ocrx_word' id='word_1_94' title='bbox 1156 1300 1324 1355; x_wconf 91' lang='lat' dir='ltr'><strong>Deum</strong></span> <span class='ocrx_word' id='word_1_95' title='bbox 1355 1309 1409 1355; x_wconf 92' lang='lat' dir='ltr'><strong>et</strong></span> <span class='ocrx_word' id='word_1_96' title='bbox 1435 1311 1653 1359; x_wconf 87' lang='lat' dir='ltr'><strong>sanctos</strong></span> <span class='ocrx_word' id='word_1_97' title='bbox 1680 1303 1797 1373; x_wconf 89' lang='lat' dir='ltr'><strong>ejus</strong></span> <span class='ocrx_word' id='word_1_98' title='bbox 1822 1318 2040 1373; x_wconf 88' lang='lat' dir='ltr'><strong>prome-</strong></span> 
     </span>
    </p>
   </div>
   <div class='ocr_carea' id='block_1_15' title="bbox 445 1386 2037 1463">
    <p class='ocr_par' dir='ltr' id='par_1_15' title="bbox 445 1386 2037 1463">
     <span class='ocr_line' id='line_1_15' title="bbox 445 1386 2037 1463; baseline 0.006 -22"><span class='ocrx_word' id='word_1_99' title='bbox 445 1386 553 1442; x_wconf 90' lang='lat' dir='ltr'><strong>reri</strong></span> <span class='ocrx_word' id='word_1_100' title='bbox 577 1386 841 1453; x_wconf 86' lang='lat' dir='ltr'><strong>debeatis,</strong></span> <span class='ocrx_word' id='word_1_101' title='bbox 872 1390 915 1443; x_wconf 88' lang='lat' dir='ltr'><strong>si</strong></span> <span class='ocrx_word' id='word_1_102' title='bbox 947 1404 1033 1443; x_wconf 83' lang='lat' dir='ltr'><strong>me</strong></span> <span class='ocrx_word' id='word_1_103' title='bbox 1060 1391 1170 1445; x_wconf 87' lang='lat' dir='ltr'><strong>voti</strong></span> <span class='ocrx_word' id='word_1_104' title='bbox 1198 1391 1301 1446; x_wconf 90' lang='lat' dir='ltr'><strong>mei</strong></span> <span class='ocrx_word' id='word_1_105' title='bbox 1328 1403 1633 1463; x_wconf 79' lang='lat' dir='ltr'><strong>compotem</strong></span> <span class='ocrx_word' id='word_1_106' title='bbox 1664 1395 1718 1449; x_wconf 91' lang='lat' dir='ltr'><strong>in</strong></span> <span class='ocrx_word' id='word_1_107' title='bbox 1746 1397 1849 1451; x_wconf 89' lang='lat' dir='ltr'><strong>hac</strong></span> <span class='ocrx_word' id='word_1_108' title='bbox 1874 1411 2037 1451; x_wconf 90' lang='lat' dir='ltr'><strong>causa</strong></span> 
     </span>
    </p>
   </div>
   <div class='ocr_carea' id='block_1_16' title="bbox 444 1475 2038 1557">
    <p class='ocr_par' dir='ltr' id='par_1_16' title="bbox 444 1475 2038 1557">
     <span class='ocr_line' id='line_1_16' title="bbox 444 1475 2038 1557; baseline 0.006 -26"><span class='ocrx_word' id='word_1_109' title='bbox 444 1475 658 1533; x_wconf 78' lang='lat' dir='ltr'><strong>efﬁcere</strong></span> <span class='ocrx_word' id='word_1_110' title='bbox 682 1478 1000 1550; x_wconf 85' lang='lat' dir='ltr'><strong>dignamiui.</strong></span> <span class='ocrx_word' id='word_1_111' title='bbox 1035 1480 1167 1536; x_wconf 86' lang='lat' dir='ltr'><strong>Item</strong></span> <span class='ocrx_word' id='word_1_112' title='bbox 1199 1496 1331 1552; x_wconf 84' lang='lat' dir='ltr'><strong>rogo</strong></span> <span class='ocrx_word' id='word_1_113' title='bbox 1359 1494 1418 1539; x_wconf 86' lang='lat' dir='ltr'><strong>ut</strong></span> <span class='ocrx_word' id='word_1_114' title='bbox 1444 1485 1687 1556; x_wconf 88' lang='lat' dir='ltr'><strong>cogitare</strong></span> <span class='ocrx_word' id='word_1_115' title='bbox 1715 1494 1877 1555; x_wconf 90' lang='lat' dir='ltr'><strong>atque</strong></span> <span class='ocrx_word' id='word_1_116' title='bbox 1906 1501 2038 1557; x_wconf 89' lang='lat' dir='ltr'><strong>pen-</strong></span> 
     </span>
    </p>
   </div>
   <div class='ocr_carea' id='block_1_17' title="bbox 437 1570 2031 1648">
    <p class='ocr_par' dir='ltr' id='par_1_17' title="bbox 437 1570 2031 1648">
     <span class='ocr_line' id='line_1_17' title="bbox 437 1570 2031 1648; baseline 0.006 -25"><span class='ocrx_word' id='word_1_117' title='bbox 437 1584 568 1631; x_wconf 80' lang='lat' dir='ltr'><strong>sare</strong></span> <span class='ocrx_word' id='word_1_118' title='bbox 592 1570 887 1641; x_wconf 74' lang='lat' dir='ltr'><strong>dignemini</strong></span> <span class='ocrx_word' id='word_1_119' title='bbox 917 1587 1039 1642; x_wconf 77' lang='lat' dir='ltr'><strong>qiue</strong></span> <span class='ocrx_word' id='word_1_120' title='bbox 1067 1588 1281 1631; x_wconf 89' lang='lat' dir='ltr'><strong>merces</strong></span> <span class='ocrx_word' id='word_1_121' title='bbox 1302 1590 1403 1632; x_wconf 80' lang='lat' dir='ltr'><strong>vos</strong></span> <span class='ocrx_word' id='word_1_122' title='bbox 1426 1577 1567 1648; x_wconf 90' lang='lat' dir='ltr'><strong>apud</strong></span> <span class='ocrx_word' id='word_1_123' title='bbox 1597 1578 1767 1633; x_wconf 85' lang='lat' dir='ltr'><strong>Deum</strong></span> <span class='ocrx_word' id='word_1_124' title='bbox 1796 1586 2031 1644; x_wconf 89' lang='lat' dir='ltr'><strong>maneat,</strong></span> 
     </span>
    </p>
   </div>
   <div class='ocr_carea' id='block_1_18' title="bbox 440 1658 2037 1738">
    <p class='ocr_par' dir='ltr' id='par_1_18' title="bbox 440 1658 2037 1738">
     <span class='ocr_line' id='line_1_18' title="bbox 440 1658 2037 1738; baseline 0.006 -24"><span class='ocrx_word' id='word_1_125' title='bbox 440 1667 495 1714; x_wconf 81' lang='lat' dir='ltr'><strong>et</strong></span> <span class='ocrx_word' id='word_1_126' title='bbox 524 1658 642 1715; x_wconf 82' lang='lat' dir='ltr'><strong>laus</strong></span> <span class='ocrx_word' id='word_1_127' title='bbox 670 1675 855 1716; x_wconf 88' lang='lat' dir='ltr'><strong>coram</strong></span> <span class='ocrx_word' id='word_1_128' title='bbox 885 1662 1084 1717; x_wconf 84' lang='lat' dir='ltr'><strong>saeculo</strong></span> <span class='ocrx_word' id='word_1_129' title='bbox 1111 1662 1265 1719; x_wconf 80' lang='lat' dir='ltr'><strong>vobis</strong></span> <span class='ocrx_word' id='word_1_130' title='bbox 1297 1665 1582 1721; x_wconf 80' lang='lat' dir='ltr'><strong>adcrescat</strong></span> <span class='ocrx_word' id='word_1_131' title='bbox 1607 1668 1652 1722; x_wconf 89' lang='lat' dir='ltr'><strong>si</strong></span> <span class='ocrx_word' id='word_1_132' title='bbox 1676 1708 1689 1733; x_wconf 94' lang='lat'><strong>,</strong></span> <span class='ocrx_word' id='word_1_133' title='bbox 1728 1684 1825 1738; x_wconf 90' lang='lat' dir='ltr'><strong>per</strong></span> <span class='ocrx_word' id='word_1_134' title='bbox 1850 1684 1948 1724; x_wconf 89' lang='lat' dir='ltr'><strong>vos</strong></span> <span class='ocrx_word' id='word_1_135' title='bbox 1979 1680 2037 1724; x_wconf 88' lang='lat' dir='ltr'><strong>et</strong></span> 
     </span>
    </p>
   </div>
   <div class='ocr_carea' id='block_1_19' title="bbox 2150 489 3747 568">
    <p class='ocr_par' dir='ltr' id='par_1_19' title="bbox 2150 489 3747 568">
     <span class='ocr_line' id='line_1_19' title="bbox 2150 489 3747 568; baseline 0.017 -27"><span class='ocrx_word' id='word_1_136' title='bbox 2150 489 2328 544; x_wconf 90' lang='lat' dir='ltr'><strong>ctione</strong></span> <span class='ocrx_word' id='word_1_137' title='bbox 2349 494 2579 562; x_wconf 90' lang='lat' dir='ltr'><strong>positus,</strong></span> <span class='ocrx_word' id='word_1_138' title='bbox 2610 511 2759 562; x_wconf 91' lang='lat' dir='ltr'><strong>eum,</strong></span> <span class='ocrx_word' id='word_1_139' title='bbox 2788 513 2949 567; x_wconf 83' lang='lat' dir='ltr'><strong>quem</strong></span> <span class='ocrx_word' id='word_1_140' title='bbox 2978 504 3118 557; x_wconf 90' lang='lat' dir='ltr'><strong>votis</strong></span> <span class='ocrx_word' id='word_1_141' title='bbox 3141 505 3254 558; x_wconf 90' lang='lat' dir='ltr'><strong>suis</strong></span> <span class='ocrx_word' id='word_1_142' title='bbox 3307 503 3581 564; x_wconf 82' lang='lat' dir='ltr'><strong>fauturum</strong></span> <span class='ocrx_word' id='word_1_143' title='bbox 3625 511 3747 568; x_wconf 79' lang='lat' dir='ltr'><strong>fore</strong></span> 
     </span>
    </p>
   </div>
   <div class='ocr_carea' id='block_1_20' title="bbox 2146 581 3747 669">
    <p class='ocr_par' dir='ltr' id='par_1_20' title="bbox 2146 581 3747 669">
     <span class='ocr_line' id='line_1_20' title="bbox 2146 581 3747 669; baseline 0.014 -34"><span class='ocrx_word' id='word_1_144' title='bbox 2146 581 2473 649; x_wconf 85' lang='lat' dir='ltr'><strong>crediderat,</strong></span> <span class='ocrx_word' id='word_1_145' title='bbox 2511 602 2762 641; x_wconf 87' lang='lat' dir='ltr'><strong>aversum</strong></span> <span class='ocrx_word' id='word_1_146' title='bbox 2804 599 2966 658; x_wconf 89' lang='lat' dir='ltr'><strong>atque</strong></span> <span class='ocrx_word' id='word_1_147' title='bbox 2998 592 3387 651; x_wconf 73' lang='lat' dir='ltr'><strong>inexorabilem</strong></span> <span class='ocrx_word' id='word_1_148' title='bbox 3428 603 3747 669; x_wconf 73' lang='lat' dir='ltr'><strong>experitur?</strong></span> 
     </span>
    </p>
   </div>
   <div class='ocr_carea' id='block_1_21' title="bbox 2147 670 3743 765">
    <p class='ocr_par' dir='ltr' id='par_1_21' title="bbox 2147 670 3743 765">
     <span class='ocr_line' id='line_1_21' title="bbox 2147 670 3743 765; baseline 0.018 -41"><span class='ocrx_word' id='word_1_149' title='bbox 2147 670 2396 727; x_wconf 72' lang='lat' dir='ltr'><strong>llmccine</strong></span> <span class='ocrx_word' id='word_1_150' title='bbox 2420 675 2548 730; x_wconf 89' lang='lat' dir='ltr'><strong>talia</strong></span> <span class='ocrx_word' id='word_1_151' title='bbox 2586 678 2682 732; x_wconf 85' lang='lat' dir='ltr'><strong>tibi</strong></span> <span class='ocrx_word' id='word_1_152' title='bbox 2718 680 2985 747; x_wconf 87' lang='lat' dir='ltr'><strong>videntur,</strong></span> <span class='ocrx_word' id='word_1_153' title='bbox 3017 696 3077 738; x_wconf 90' lang='lat' dir='ltr'><strong>ut</strong></span> <span class='ocrx_word' id='word_1_154' title='bbox 3114 687 3368 756; x_wconf 88' lang='lat' dir='ltr'><strong>suspiria,</strong></span> <span class='ocrx_word' id='word_1_155' title='bbox 3394 702 3451 744; x_wconf 89' lang='lat' dir='ltr'><strong>ut</strong></span> <span class='ocrx_word' id='word_1_156' title='bbox 3477 691 3743 765; x_wconf 84' lang='lat' dir='ltr'><strong>lacrytnas</strong></span> 
     </span>
    </p>
   </div>
   <div class='ocr_carea' id='block_1_22' title="bbox 2146 763 3740 858">
    <p class='ocr_par' dir='ltr' id='par_1_22' title="bbox 2146 763 3740 858">
     <span class='ocr_line' id='line_1_22' title="bbox 2146 763 3740 858; baseline 0.018 -41"><span class='ocrx_word' id='word_1_157' title='bbox 2146 763 2492 821; x_wconf 84' lang='lat' dir='ltr'><strong>homuncioni</strong></span> <span class='ocrx_word' id='word_1_158' title='bbox 2527 770 3125 841; x_wconf 84' lang='lat' dir='ltr'><strong>tantillocommovere,</strong></span> <span class='ocrx_word' id='word_1_159' title='bbox 3159 788 3217 833; x_wconf 93' lang='lat' dir='ltr'><strong>ut</strong></span> <span class='ocrx_word' id='word_1_160' title='bbox 3244 782 3421 851; x_wconf 88' lang='lat' dir='ltr'><strong>ipsum</strong></span> <span class='ocrx_word' id='word_1_161' title='bbox 3461 788 3528 840; x_wconf 80' lang='lat' dir='ltr'><strong>ad</strong></span> <span class='ocrx_word' id='word_1_162' title='bbox 3565 763 3740 858; x_wconf 81' lang='lat' dir='ltr'><strong>gemi-</strong></span> 
     </span>
    </p>
   </div>
   <div class='ocr_carea' id='block_1_23' title="bbox 2140 856 3743 945">
    <p class='ocr_par' dir='ltr' id='par_1_23' title="bbox 2140 856 3743 945">
     <span class='ocr_line' id='line_1_23' title="bbox 2140 856 3743 945; baseline 0.019 -39"><span class='ocrx_word' id='word_1_163' title='bbox 2140 861 2259 908; x_wconf 56' lang='lat' dir='ltr'><strong>tum</strong></span> <span class='ocrx_word' id='word_1_164' title='bbox 2282 864 2341 910; x_wconf 92' lang='lat' dir='ltr'><strong>et</strong></span> <span class='ocrx_word' id='word_1_165' title='bbox 2359 856 2632 925; x_wconf 87' lang='lat' dir='ltr'><strong>planctum</strong></span> <span class='ocrx_word' id='word_1_166' title='bbox 2658 864 2955 931; x_wconf 81' lang='lat' dir='ltr'><strong>concitare,</strong></span> <span class='ocrx_word' id='word_1_167' title='bbox 2980 875 3038 920; x_wconf 90' lang='lat' dir='ltr'><strong>ut</strong></span> <span class='ocrx_word' id='word_1_168' title='bbox 3066 868 3230 923; x_wconf 90' lang='lat' dir='ltr'><strong>etiam</strong></span> <span class='ocrx_word' id='word_1_169' title='bbox 3264 872 3319 926; x_wconf 89' lang='lat' dir='ltr'><strong>in</strong></span> <span class='ocrx_word' id='word_1_170' title='bbox 3348 856 3743 945; x_wconf 79' lang='lat' dir='ltr'><strong>desperationis</strong></span> 
     </span>
    </p>
   </div>
   <div class='ocr_carea' id='block_1_24' title="bbox 2140 943 3738 1034">
    <p class='ocr_par' dir='ltr' id='par_1_24' title="bbox 2140 943 3738 1034">
     <span class='ocr_line' id='line_1_24' title="bbox 2140 943 3738 1034; baseline 0.018 -37"><span class='ocrx_word' id='word_1_171' title='bbox 2140 943 2423 1001; x_wconf 77' lang='lat' dir='ltr'><strong>baratrum</strong></span> <span class='ocrx_word' id='word_1_172' title='bbox 2447 949 2681 1020; x_wconf 70' lang='lat' dir='ltr'><strong>dejicere</strong></span> <span class='ocrx_word' id='word_1_173' title='bbox 2711 958 3051 1022; x_wconf 82' lang='lat' dir='ltr'><strong>potuissent?</strong></span> <span class='ocrx_word' id='word_1_174' title='bbox 3078 959 3142 1013; x_wconf 88' lang='lat' dir='ltr'><strong>Et</strong></span> <span class='ocrx_word' id='word_1_175' title='bbox 3170 962 3359 1029; x_wconf 89' lang='lat' dir='ltr'><strong>utique</strong></span> <span class='ocrx_word' id='word_1_176' title='bbox 3387 943 3738 1034; x_wconf 58' lang='lat' dir='ltr'><strong>deiecisse-nt,</strong></span> 
     </span>
    </p>
   </div>
   <div class='ocr_carea' id='block_1_25' title="bbox 2141 1034 3738 1123">
    <p class='ocr_par' dir='ltr' id='par_1_25' title="bbox 2141 1034 3738 1123">
     <span class='ocr_line' id='line_1_25' title="bbox 2141 1034 3738 1123; baseline 0.018 -36"><span class='ocrx_word' id='word_1_177' title='bbox 2141 1034 2246 1089; x_wconf 89' lang='lat' dir='ltr'><strong>nisi</strong></span> <span class='ocrx_word' id='word_1_178' title='bbox 2283 1036 2479 1093; x_wconf 69' lang='lat' dir='ltr'><strong>divinae</strong></span> <span class='ocrx_word' id='word_1_179' title='bbox 2506 1040 2874 1099; x_wconf 63' lang='lat' dir='ltr'><strong>miserationis</strong></span> <span class='ocrx_word' id='word_1_180' title='bbox 2915 1061 3017 1116; x_wconf 89' lang='lat' dir='ltr'><strong>ope</strong></span> <span class='ocrx_word' id='word_1_181' title='bbox 3059 1048 3331 1119; x_wconf 71' lang='lat' dir='ltr'><strong>suﬂultus,</strong></span> <span class='ocrx_word' id='word_1_182' title='bbox 3364 1056 3491 1123; x_wconf 83' lang='lat' dir='ltr'><strong>quid</strong></span> <span class='ocrx_word' id='word_1_183' title='bbox 3531 1059 3584 1111; x_wconf 92' lang='lat' dir='ltr'><strong>in</strong></span> <span class='ocrx_word' id='word_1_184' title='bbox 3639 1061 3738 1115; x_wconf 82' lang='lat' dir='ltr'><strong>bu-</strong></span> 
     </span>
    </p>
   </div>
   <div class='ocr_carea' id='block_1_26' title="bbox 2137 1123 3737 1206">
    <p class='ocr_par' dir='ltr' id='par_1_26' title="bbox 2137 1123 3737 1206">
     <span class='ocr_line' id='line_1_26' title="bbox 2137 1123 3737 1206; baseline 0.016 -28"><span class='ocrx_word' id='word_1_185' title='bbox 2137 1123 2374 1194; x_wconf 86' lang='lat' dir='ltr'><strong>jusmodi</strong></span> <span class='ocrx_word' id='word_1_186' title='bbox 2394 1130 2582 1184; x_wconf 77' lang='lat' dir='ltr'><strong>causis</strong></span> <span class='ocrx_word' id='word_1_187' title='bbox 2613 1141 2707 1186; x_wconf 91' lang='lat' dir='ltr'><strong>aut</strong></span> <span class='ocrx_word' id='word_1_188' title='bbox 2732 1134 2947 1190; x_wconf 83' lang='lat' dir='ltr'><strong>casibus</strong></span> <span class='ocrx_word' id='word_1_189' title='bbox 2987 1136 3222 1206; x_wconf 88' lang='lat' dir='ltr'><strong>majores</strong></span> <span class='ocrx_word' id='word_1_190' title='bbox 3247 1156 3315 1196; x_wconf 90' lang='lat' dir='ltr'><strong>ac</strong></span> <span class='ocrx_word' id='word_1_191' title='bbox 3340 1144 3593 1201; x_wconf 74' lang='lat' dir='ltr'><strong>meliores</strong></span> <span class='ocrx_word' id='word_1_192' title='bbox 3637 1165 3737 1205; x_wconf 81' lang='lat' dir='ltr'><strong>uo-</strong></span> 
     </span>
    </p>
   </div>
   <div class='ocr_carea' id='block_1_27' title="bbox 2141 1214 3738 1308">
    <p class='ocr_par' dir='ltr' id='par_1_27' title="bbox 2141 1214 3738 1308">
     <span class='ocr_line' id='line_1_27' title="bbox 2141 1214 3738 1308; baseline 0.016 -41"><span class='ocrx_word' id='word_1_193' title='bbox 2141 1214 2241 1268; x_wconf 88' lang='lat' dir='ltr'><strong>strl</strong></span> <span class='ocrx_word' id='word_1_194' title='bbox 2273 1218 2562 1273; x_wconf 85' lang='lat' dir='ltr'><strong>tenendum</strong></span> <span class='ocrx_word' id='word_1_195' title='bbox 2591 1222 3029 1295; x_wconf 83' lang='lat' dir='ltr'><strong>servandumque</strong></span> <span class='ocrx_word' id='word_1_196' title='bbox 3070 1231 3405 1299; x_wconf 71' lang='lat' dir='ltr'><strong>sanxissent,</strong></span> <span class='ocrx_word' id='word_1_197' title='bbox 3434 1236 3503 1290; x_wconf 89' lang='lat' dir='ltr'><strong>ad</strong></span> <span class='ocrx_word' id='word_1_198' title='bbox 3554 1238 3738 1308; x_wconf 79' lang='lat' dir='ltr'><strong>inqui-</strong></span> 
     </span>
    </p>
   </div>
   <div class='ocr_carea' id='block_1_28' title="bbox 2140 1307 3736 1383">
    <p class='ocr_par' dir='ltr' id='par_1_28' title="bbox 2140 1307 3736 1383">
     <span class='ocr_line' id='line_1_28' title="bbox 2140 1307 3736 1383; baseline 0.014 -23"><span class='ocrx_word' id='word_1_199' title='bbox 2140 1307 2374 1362; x_wconf 88' lang='lat' dir='ltr'><strong>rendum</strong></span> <span class='ocrx_word' id='word_1_200' title='bbox 2401 1309 2580 1365; x_wconf 78' lang='lat' dir='ltr'><strong>subite</strong></span> <span class='ocrx_word' id='word_1_201' title='bbox 2610 1316 3135 1372; x_wconf 79' lang='lat' dir='ltr'><strong>meeonvertissem.</strong></span> <span class='ocrx_word' id='word_1_202' title='bbox 3193 1320 3363 1377; x_wconf 82' lang='lat' dir='ltr'><strong>Erant</strong></span> <span class='ocrx_word' id='word_1_203' title='bbox 3382 1323 3449 1381; x_wconf 81' lang='lat' dir='ltr'><strong>ad</strong></span> <span class='ocrx_word' id='word_1_204' title='bbox 3513 1307 3736 1383; x_wconf 67' lang='lat' dir='ltr'><strong>manum</strong></span> 
     </span>
    </p>
   </div>
   <div class='ocr_carea' id='block_1_29' title="bbox 2139 1400 3740 1478">
    <p class='ocr_par' dir='ltr' id='par_1_29' title="bbox 2139 1400 3740 1478">
     <span class='ocr_line' id='line_1_29' title="bbox 2139 1400 3740 1478; baseline 0.014 -25"><span class='ocrx_word' id='word_1_205' title='bbox 2139 1400 2390 1455; x_wconf 87' lang='lat' dir='ltr'><strong>doctores</strong></span> <span class='ocrx_word' id='word_1_206' title='bbox 2412 1402 2638 1474; x_wconf 75' lang='lat' dir='ltr'><strong>egregii,</strong></span> <span class='ocrx_word' id='word_1_207' title='bbox 2664 1406 2859 1465; x_wconf 84' lang='lat' dir='ltr'><strong>nedum</strong></span> <span class='ocrx_word' id='word_1_208' title='bbox 2884 1423 2991 1463; x_wconf 89' lang='lat' dir='ltr'><strong>non</strong></span> <span class='ocrx_word' id='word_1_209' title='bbox 3014 1413 3327 1478; x_wconf 77' lang='lat' dir='ltr'><strong>spernendi,</strong></span> <span class='ocrx_word' id='word_1_210' title='bbox 3342 1430 3533 1471; x_wconf 86' lang='lat' dir='ltr'><strong>verum</strong></span> <span class='ocrx_word' id='word_1_211' title='bbox 3558 1422 3740 1475; x_wconf 86' lang='lat' dir='ltr'><strong>omni-</strong></span> 
     </span>
    </p>
   </div>
   <div class='ocr_carea' id='block_1_30' title="bbox 2137 1494 3742 1579">
    <p class='ocr_par' dir='ltr' id='par_1_30' title="bbox 2137 1494 3742 1579">
     <span class='ocr_line' id='line_1_30' title="bbox 2137 1494 3742 1579; baseline 0.011 -31"><span class='ocrx_word' id='word_1_212' title='bbox 2137 1494 2242 1551; x_wconf 88' lang='lat' dir='ltr'><strong>bus</strong></span> <span class='ocrx_word' id='word_1_213' title='bbox 2261 1498 2513 1555; x_wconf 81' lang='lat' dir='ltr'><strong>audiendi</strong></span> <span class='ocrx_word' id='word_1_214' title='bbox 2536 1508 2697 1571; x_wconf 83' lang='lat' dir='ltr'><strong>atque</strong></span> <span class='ocrx_word' id='word_1_215' title='bbox 2716 1507 2975 1574; x_wconf 84' lang='lat' dir='ltr'><strong>sequendi</strong></span> <span class='ocrx_word' id='word_1_216' title='bbox 2996 1525 3011 1561; x_wconf 92' lang='lat'><strong>:</strong></span> <span class='ocrx_word' id='word_1_217' title='bbox 3034 1507 3299 1579; x_wconf 87' lang='lat' dir='ltr'><strong>gloriosus</strong></span> <span class='ocrx_word' id='word_1_218' title='bbox 3321 1512 3571 1565; x_wconf 83' lang='lat' dir='ltr'><strong>videlicet</strong></span> <span class='ocrx_word' id='word_1_219' title='bbox 3597 1528 3742 1566; x_wconf 86' lang='lat' dir='ltr'><strong>mar-</strong></span> 
     </span>
    </p>
   </div>
   <div class='ocr_carea' id='block_1_31' title="bbox 2138 1585 3739 1657">
    <p class='ocr_par' dir='ltr' id='par_1_31' title="bbox 2138 1585 3739 1657">
     <span class='ocr_line' id='line_1_31' title="bbox 2138 1585 3739 1657; baseline 0.01 -18"><span class='ocrx_word' id='word_1_220' title='bbox 2138 1594 2227 1655; x_wconf 87' lang='lat' dir='ltr'><strong>tyr</strong></span> <span class='ocrx_word' id='word_1_221' title='bbox 2255 1585 2577 1657; x_wconf 85' lang='lat' dir='ltr'><strong>Cyprianus,</strong></span> <span class='ocrx_word' id='word_1_222' title='bbox 2606 1598 2661 1645; x_wconf 90' lang='lat' dir='ltr'><strong>et</strong></span> <span class='ocrx_word' id='word_1_223' title='bbox 2698 1592 3052 1650; x_wconf 85' lang='lat' dir='ltr'><strong>illustrissimi</strong></span> <span class='ocrx_word' id='word_1_224' title='bbox 3092 1613 3372 1654; x_wconf 87' lang='lat' dir='ltr'><strong>sacrarum</strong></span> <span class='ocrx_word' id='word_1_225' title='bbox 3401 1601 3739 1655; x_wconf 58' lang='lat' dir='ltr'><strong>divinarum.</strong></span> 
     </span>
    </p>
   </div>
   <div class='ocr_carea' id='block_1_32' title="bbox 2138 1674 3734 1759">
    <p class='ocr_par' dir='ltr' id='par_1_32' title="bbox 2138 1674 3734 1759">
     <span class='ocr_line' id='line_1_32' title="bbox 2138 1674 3734 1759; baseline 0.012 -33"><span class='ocrx_word' id='word_1_226' title='bbox 2138 1690 2243 1744; x_wconf 90' lang='lat' dir='ltr'><strong>que</strong></span> <span class='ocrx_word' id='word_1_227' title='bbox 2267 1674 2569 1732; x_wconf 87' lang='lat' dir='ltr'><strong>litterarum</strong></span> <span class='ocrx_word' id='word_1_228' title='bbox 2597 1682 2966 1749; x_wconf 77' lang='lat' dir='ltr'><strong>expositores,</strong></span> <span class='ocrx_word' id='word_1_229' title='bbox 3010 1687 3347 1758; x_wconf 81' lang='lat' dir='ltr'><strong>Augustinus</strong></span> <span class='ocrx_word' id='word_1_230' title='bbox 3401 1698 3565 1759; x_wconf 91' lang='lat' dir='ltr'><strong>atque</strong></span> <span class='ocrx_word' id='word_1_231' title='bbox 3602 1690 3734 1745; x_wconf 84' lang='lat' dir='ltr'><strong>llie-</strong></span> 
     </span>
    </p>
   </div>
   <div class='ocr_carea' id='block_1_33' title="bbox 441 1750 3735 1855">
    <p class='ocr_par' dir='ltr' id='par_1_33' title="bbox 441 1750 3735 1855">
     <span class='ocr_line' id='line_1_33' title="bbox 441 1750 3735 1855; baseline 0.012 -51"><span class='ocrx_word' id='word_1_232' title='bbox 441 1750 496 1804; x_wconf 88' lang='lat' dir='ltr'><strong>in</strong></span> <span class='ocrx_word' id='word_1_233' title='bbox 526 1750 713 1805; x_wconf 83' lang='lat' dir='ltr'><strong>diebus</strong></span> <span class='ocrx_word' id='word_1_234' title='bbox 739 1754 957 1820; x_wconf 85' lang='lat' dir='ltr'><strong>vestris,</strong></span> <span class='ocrx_word' id='word_1_235' title='bbox 981 1753 1135 1809; x_wconf 89' lang='lat' dir='ltr'><strong>locus</strong></span> <span class='ocrx_word' id='word_1_236' title='bbox 1162 1756 1522 1825; x_wconf 88' lang='lat' dir='ltr'><strong>requietionis</strong></span> <span class='ocrx_word' id='word_1_237' title='bbox 1544 1767 1865 1813; x_wconf 88' lang='lat' dir='ltr'><strong>sanctorum</strong></span> <span class='ocrx_word' id='word_1_238' title='bbox 1890 1775 2032 1814; x_wconf 89' lang='lat' dir='ltr'><strong>mar-</strong></span> <span class='ocrx_word' id='word_1_239' title='bbox 2060 1771 2106 1829; x_wconf 84' lang='grc' dir='ltr'><strong>Β</strong></span> <span class='ocrx_word' id='word_1_240' title='bbox 2133 1783 2413 1839; x_wconf 84' lang='lat' dir='ltr'><strong>ronymus.</strong></span> <span class='ocrx_word' id='word_1_241' title='bbox 2442 1770 2681 1838; x_wconf 82' lang='lat' dir='ltr'><strong>Quomm</strong></span> <span class='ocrx_word' id='word_1_242' title='bbox 2708 1778 2997 1834; x_wconf 86' lang='lat' dir='ltr'><strong>sententiis</strong></span> <span class='ocrx_word' id='word_1_243' title='bbox 3019 1794 3085 1835; x_wconf 84' lang='lat' dir='ltr'><strong>ac</strong></span> <span class='ocrx_word' id='word_1_244' title='bbox 3099 1750 3495 1839; x_wconf 43' lang='lat' dir='ltr'><strong>saluberrimis.</strong></span> <span class='ocrx_word' id='word_1_245' title='bbox 3510 1801 3735 1855; x_wconf 87' lang='lat' dir='ltr'><strong>persua-</strong></span> 
     </span>
    </p>
   </div>
   <div class='ocr_carea' id='block_1_34' title="bbox 442 1845 2031 1918">
    <p class='ocr_par' dir='ltr' id='par_1_34' title="bbox 442 1845 2031 1918">
     <span class='ocr_line' id='line_1_34' title="bbox 442 1845 2031 1918; baseline 0.007 -21"><span class='ocrx_word' id='word_1_246' title='bbox 442 1852 649 1916; x_wconf 80' lang='lat' dir='ltr'><strong>tyrum,</strong></span> <span class='ocrx_word' id='word_1_247' title='bbox 702 1855 816 1899; x_wconf 87' lang='lat' dir='ltr'><strong>tam</strong></span> <span class='ocrx_word' id='word_1_248' title='bbox 863 1845 919 1900; x_wconf 91' lang='lat' dir='ltr'><strong>in</strong></span> <span class='ocrx_word' id='word_1_249' title='bbox 965 1846 1210 1903; x_wconf 65' lang='lat' dir='ltr'><strong>aedificiis</strong></span> <span class='ocrx_word' id='word_1_250' title='bbox 1239 1863 1414 1918; x_wconf 86' lang='lat' dir='ltr'><strong>quam</strong></span> <span class='ocrx_word' id='word_1_251' title='bbox 1455 1848 1509 1903; x_wconf 91' lang='lat' dir='ltr'><strong>in</strong></span> <span class='ocrx_word' id='word_1_252' title='bbox 1548 1850 1671 1905; x_wconf 91' lang='lat' dir='ltr'><strong>aliis</strong></span> <span class='ocrx_word' id='word_1_253' title='bbox 1707 1852 2031 1909; x_wconf 85' lang='lat' dir='ltr'><strong>necessariis</strong></span> 
     </span>
    </p>
   </div>
   <div class='ocr_carea' id='block_1_35' title="bbox 436 1933 2029 2007">
    <p class='ocr_par' dir='ltr' id='par_1_35' title="bbox 436 1933 2029 2007">
     <span class='ocr_line' id='line_1_35' title="bbox 436 1933 2029 2007; baseline 0.006 -18"><span class='ocrx_word' id='word_1_254' title='bbox 436 1935 619 1999; x_wconf 86' lang='lat' dir='ltr'><strong>rebus,</strong></span> <span class='ocrx_word' id='word_1_255' title='bbox 658 1933 823 1990; x_wconf 90' lang='lat' dir='ltr'><strong>fuerit</strong></span> <span class='ocrx_word' id='word_1_256' title='bbox 853 1946 1065 2003; x_wconf 85' lang='lat' dir='ltr'><strong>auctus,</strong></span> <span class='ocrx_word' id='word_1_257' title='bbox 1098 1948 1326 1995; x_wconf 87' lang='lat' dir='ltr'><strong>ornatus</strong></span> <span class='ocrx_word' id='word_1_258' title='bbox 1357 1946 1414 1994; x_wconf 92' lang='lat' dir='ltr'><strong>et</strong></span> <span class='ocrx_word' id='word_1_259' title='bbox 1446 1940 1730 2007; x_wconf 77' lang='lat' dir='ltr'><strong>excultus,</strong></span> <span class='ocrx_word' id='word_1_260' title='bbox 1771 1951 1834 1997; x_wconf 89' lang='lat' dir='ltr'><strong>ut</strong></span> <span class='ocrx_word' id='word_1_261' title='bbox 1865 1944 2029 1999; x_wconf 88' lang='lat' dir='ltr'><strong>etiam</strong></span> 
     </span>
    </p>
   </div>
   <div class='ocr_carea' id='block_1_36' title="bbox 434 2024 2031 2101">
    <p class='ocr_par' dir='ltr' id='par_1_36' title="bbox 434 2024 2031 2101">
     <span class='ocr_line' id='line_1_36' title="bbox 434 2024 2031 2101; baseline 0.006 -23"><span class='ocrx_word' id='word_1_262' title='bbox 434 2025 736 2080; x_wconf 76' lang='lat' dir='ltr'><strong>exstructio</strong></span> <span class='ocrx_word' id='word_1_263' title='bbox 761 2024 881 2091; x_wconf 80' lang='lat' dir='ltr'><strong>ejus</strong></span> <span class='ocrx_word' id='word_1_264' title='bbox 920 2028 1125 2083; x_wconf 84' lang='lat' dir='ltr'><strong>nomini</strong></span> <span class='ocrx_word' id='word_1_265' title='bbox 1155 2036 1339 2084; x_wconf 90' lang='lat' dir='ltr'><strong>vestro</strong></span> <span class='ocrx_word' id='word_1_266' title='bbox 1366 2029 1730 2095; x_wconf 67' lang='lat' dir='ltr'><strong>adscribatur,</strong></span> <span class='ocrx_word' id='word_1_267' title='bbox 1761 2031 2031 2101; x_wconf 84' lang='lat' dir='ltr'><strong>simulque</strong></span> 
     </span>
    </p>
   </div>
   <div class='ocr_carea' id='block_1_37' title="bbox 435 2120 2028 2194">
    <p class='ocr_par' dir='ltr' id='par_1_37' title="bbox 435 2120 2028 2194">
     <span class='ocr_line' id='line_1_37' title="bbox 435 2120 2028 2194; baseline 0.007 -26"><span class='ocrx_word' id='word_1_268' title='bbox 435 2124 490 2168; x_wconf 92' lang='lat' dir='ltr'><strong>et</strong></span> <span class='ocrx_word' id='word_1_269' title='bbox 510 2125 690 2171; x_wconf 87' lang='lat' dir='ltr'><strong>vestra</strong></span> <span class='ocrx_word' id='word_1_270' title='bbox 722 2126 777 2172; x_wconf 89' lang='lat' dir='ltr'><strong>et</strong></span> <span class='ocrx_word' id='word_1_271' title='bbox 807 2128 1107 2190; x_wconf 80' lang='lat' dir='ltr'><strong>martyrum</strong></span> <span class='ocrx_word' id='word_1_272' title='bbox 1132 2120 1395 2175; x_wconf 85' lang='lat' dir='ltr'><strong>memoria</strong></span> <span class='ocrx_word' id='word_1_273' title='bbox 1423 2136 1518 2177; x_wconf 90' lang='lat' dir='ltr'><strong>ore</strong></span> <span class='ocrx_word' id='word_1_274' title='bbox 1541 2122 1783 2177; x_wconf 87' lang='lat' dir='ltr'><strong>omnium</strong></span> <span class='ocrx_word' id='word_1_275' title='bbox 1808 2123 2028 2194; x_wconf 81' lang='lat' dir='ltr'><strong>populo-</strong></span> 
     </span>
    </p>
   </div>
   <div class='ocr_carea' id='block_1_38' title="bbox 435 2209 2027 2275">
    <p class='ocr_par' dir='ltr' id='par_1_38' title="bbox 435 2209 2027 2275">
     <span class='ocr_line' id='line_1_38' title="bbox 435 2209 2027 2275; baseline 0.005 -14"><span class='ocrx_word' id='word_1_276' title='bbox 435 2221 590 2271; x_wconf 86' lang='lat' dir='ltr'><strong>rum,</strong></span> <span class='ocrx_word' id='word_1_277' title='bbox 627 2216 888 2275; x_wconf 88' lang='lat' dir='ltr'><strong>perpetua</strong></span> <span class='ocrx_word' id='word_1_278' title='bbox 921 2209 1221 2275; x_wconf 84' lang='lat' dir='ltr'><strong>mentione,</strong></span> <span class='ocrx_word' id='word_1_279' title='bbox 1252 2210 1579 2267; x_wconf 84' lang='lat' dir='ltr'><strong>celebretur.</strong></span> <span class='ocrx_word' id='word_1_280' title='bbox 1611 2210 1693 2268; x_wconf 81' lang='lat' dir='ltr'><strong>Ad</strong></span> <span class='ocrx_word' id='word_1_281' title='bbox 1722 2222 2027 2269; x_wconf 79' lang='lat' dir='ltr'><strong>extremum</strong></span> 
     </span>
    </p>
   </div>
   <div class='ocr_carea' id='block_1_39' title="bbox 434 2302 2026 2374">
    <p class='ocr_par' dir='ltr' id='par_1_39' title="bbox 434 2302 2026 2374">
     <span class='ocr_line' id='line_1_39' title="bbox 434 2302 2026 2374; baseline 0.004 -19"><span class='ocrx_word' id='word_1_282' title='bbox 434 2316 567 2373; x_wconf 88' lang='lat' dir='ltr'><strong>rogo</strong></span> <span class='ocrx_word' id='word_1_283' title='bbox 613 2310 669 2355; x_wconf 89' lang='lat' dir='ltr'><strong>et</strong></span> <span class='ocrx_word' id='word_1_284' title='bbox 715 2302 915 2357; x_wconf 77' lang='lat' dir='ltr'><strong>obnixe</strong></span> <span class='ocrx_word' id='word_1_285' title='bbox 956 2302 1223 2372; x_wconf 89' lang='lat' dir='ltr'><strong>deprecor</strong></span> <span class='ocrx_word' id='word_1_286' title='bbox 1265 2318 1516 2374; x_wconf 83' lang='lat' dir='ltr'><strong>magnam</strong></span> <span class='ocrx_word' id='word_1_287' title='bbox 1553 2306 2026 2361; x_wconf 86' lang='lat' dir='ltr'><strong>mansuetudinem</strong></span> 
     </span>
    </p>
   </div>
   <div class='ocr_carea' id='block_1_40' title="bbox 432 2396 2024 2469">
    <p class='ocr_par' dir='ltr' id='par_1_40' title="bbox 432 2396 2024 2469">
     <span class='ocr_line' id='line_1_40' title="bbox 432 2396 2024 2469; baseline 0.004 -22"><span class='ocrx_word' id='word_1_288' title='bbox 432 2405 672 2449; x_wconf 85' lang='lat' dir='ltr'><strong>vestram</strong></span> <span class='ocrx_word' id='word_1_289' title='bbox 704 2402 765 2448; x_wconf 90' lang='lat' dir='ltr'><strong>ut</strong></span> <span class='ocrx_word' id='word_1_290' title='bbox 802 2408 967 2464; x_wconf 84' lang='lat' dir='ltr'><strong>super</strong></span> <span class='ocrx_word' id='word_1_291' title='bbox 996 2410 1083 2450; x_wconf 92' lang='lat' dir='ltr'><strong>me</strong></span> <span class='ocrx_word' id='word_1_292' title='bbox 1112 2396 1373 2451; x_wconf 89' lang='lat' dir='ltr'><strong>miserum</strong></span> <span class='ocrx_word' id='word_1_293' title='bbox 1409 2404 1465 2452; x_wconf 91' lang='lat' dir='ltr'><strong>et</strong></span> <span class='ocrx_word' id='word_1_294' title='bbox 1492 2404 1836 2466; x_wconf 87' lang='lat' dir='ltr'><strong>peccatorem</strong></span> <span class='ocrx_word' id='word_1_295' title='bbox 1856 2438 1871 2461; x_wconf 90' lang='lat'><strong>,</strong></span> <span class='ocrx_word' id='word_1_296' title='bbox 1912 2398 2024 2469; x_wconf 87' lang='lat' dir='ltr'><strong>jam</strong></span> 
     </span>
    </p>
   </div>
   <div class='ocr_carea' id='block_1_41' title="bbox 432 2483 2028 2570">
    <p class='ocr_par' dir='ltr' id='par_1_41' title="bbox 432 2483 2028 2570">
     <span class='ocr_line' id='line_1_41' title="bbox 432 2483 2028 2570; baseline 0.001 -29"><span class='ocrx_word' id='word_1_297' title='bbox 432 2500 619 2541; x_wconf 79' lang='lat' dir='ltr'><strong>senem</strong></span> <span class='ocrx_word' id='word_1_298' title='bbox 647 2493 702 2538; x_wconf 92' lang='lat' dir='ltr'><strong>et</strong></span> <span class='ocrx_word' id='word_1_299' title='bbox 727 2483 883 2539; x_wconf 81' lang='lat' dir='ltr'><strong>valde</strong></span> <span class='ocrx_word' id='word_1_300' title='bbox 911 2483 1209 2549; x_wconf 79' lang='lat' dir='ltr'><strong>inﬁmum,</strong></span> <span class='ocrx_word' id='word_1_301' title='bbox 1240 2485 1673 2570; x_wconf 72' lang='lat' dir='ltr'><strong>misericorditer</strong></span> <span class='ocrx_word' id='word_1_302' title='bbox 1703 2501 1770 2541; x_wconf 90' lang='lat' dir='ltr'><strong>ac</strong></span> <span class='ocrx_word' id='word_1_303' title='bbox 1797 2487 1884 2557; x_wconf 85' lang='lat' dir='ltr'><strong>pie</strong></span> <span class='ocrx_word' id='word_1_304' title='bbox 1914 2502 2028 2543; x_wconf 88' lang='lat' dir='ltr'><strong>res-</strong></span> 
     </span>
    </p>
   </div>
   <div class='ocr_carea' id='block_1_42' title="bbox 434 2572 2025 2645">
    <p class='ocr_par' dir='ltr' id='par_1_42' title="bbox 434 2572 2025 2645">
     <span class='ocr_line' id='line_1_42' title="bbox 434 2572 2025 2645; baseline 0.003 -17"><span class='ocrx_word' id='word_1_305' title='bbox 434 2574 622 2645; x_wconf 85' lang='lat' dir='ltr'><strong>picere</strong></span> <span class='ocrx_word' id='word_1_306' title='bbox 652 2572 988 2645; x_wconf 83' lang='lat' dir='ltr'><strong>dignemini,</strong></span> <span class='ocrx_word' id='word_1_307' title='bbox 1016 2582 1073 2627; x_wconf 90' lang='lat' dir='ltr'><strong>et</strong></span> <span class='ocrx_word' id='word_1_308' title='bbox 1100 2589 1132 2628; x_wconf 90' lang='lat' dir='ltr'><strong>a</strong></span> <span class='ocrx_word' id='word_1_309' title='bbox 1161 2574 1307 2630; x_wconf 89' lang='lat' dir='ltr'><strong>curis</strong></span> <span class='ocrx_word' id='word_1_310' title='bbox 1329 2575 1687 2631; x_wconf 60' lang='lat' dir='ltr'><strong>sacularibus</strong></span> <span class='ocrx_word' id='word_1_311' title='bbox 1715 2576 2025 2633; x_wconf 86' lang='lat' dir='ltr'><strong>absolutum</strong></span> 
     </span>
    </p>
   </div>
   <div class='ocr_carea' id='block_1_43' title="bbox 430 2661 2024 2735">
    <p class='ocr_par' dir='ltr' id='par_1_43' title="bbox 430 2661 2024 2735">
     <span class='ocr_line' id='line_1_43' title="bbox 430 2661 2024 2735; baseline 0.002 -15"><span class='ocrx_word' id='word_1_312' title='bbox 430 2680 497 2721; x_wconf 84' lang='lat' dir='ltr'><strong>ac</strong></span> <span class='ocrx_word' id='word_1_313' title='bbox 526 2664 756 2719; x_wconf 84' lang='lat' dir='ltr'><strong>liberum</strong></span> <span class='ocrx_word' id='word_1_314' title='bbox 784 2661 910 2719; x_wconf 83' lang='lat' dir='ltr'><strong>ﬁeri</strong></span> <span class='ocrx_word' id='word_1_315' title='bbox 934 2661 1172 2729; x_wconf 82' lang='lat' dir='ltr'><strong>faciatis,</strong></span> <span class='ocrx_word' id='word_1_316' title='bbox 1204 2679 1399 2735; x_wconf 90' lang='lat' dir='ltr'><strong>meque</strong></span> <span class='ocrx_word' id='word_1_317' title='bbox 1423 2665 1777 2735; x_wconf 84' lang='lat' dir='ltr'><strong>permittatis,</strong></span> <span class='ocrx_word' id='word_1_318' title='bbox 1807 2667 1861 2721; x_wconf 90' lang='lat' dir='ltr'><strong>in</strong></span> <span class='ocrx_word' id='word_1_319' title='bbox 1889 2681 2024 2735; x_wconf 83' lang='lat' dir='ltr'><strong>pace</strong></span> 
     </span>
    </p>
   </div>
   <div class='ocr_carea' id='block_1_44' title="bbox 428 2754 2020 2825">
    <p class='ocr_par' dir='ltr' id='par_1_44' title="bbox 428 2754 2020 2825">
     <span class='ocr_line' id='line_1_44' title="bbox 428 2754 2020 2825; baseline 0.001 -15"><span class='ocrx_word' id='word_1_320' title='bbox 428 2764 484 2810; x_wconf 88' lang='lat' dir='ltr'><strong>et</strong></span> <span class='ocrx_word' id='word_1_321' title='bbox 514 2754 907 2825; x_wconf 79' lang='lat' dir='ltr'><strong>tranquillitate</strong></span> <span class='ocrx_word' id='word_1_322' title='bbox 933 2796 949 2820; x_wconf 95' lang='lat'><strong>,</strong></span> <span class='ocrx_word' id='word_1_323' title='bbox 996 2754 1152 2825; x_wconf 78' lang='lat' dir='ltr'><strong>juxta</strong></span> <span class='ocrx_word' id='word_1_324' title='bbox 1188 2754 1438 2825; x_wconf 84' lang='lat' dir='ltr'><strong>scpulcra</strong></span> <span class='ocrx_word' id='word_1_325' title='bbox 1486 2754 1772 2811; x_wconf 85' lang='lat' dir='ltr'><strong>beatorum</strong></span> <span class='ocrx_word' id='word_1_326' title='bbox 1820 2754 2020 2813; x_wconf 78' lang='lat' dir='ltr'><strong>Christi</strong></span> 
     </span>
    </p>
   </div>
   <div class='ocr_carea' id='block_1_45' title="bbox 430 2845 2020 2918">
    <p class='ocr_par' dir='ltr' id='par_1_45' title="bbox 430 2845 2020 2918">
     <span class='ocr_line' id='line_1_45' title="bbox 430 2845 2020 2918; baseline 0.001 -15"><span class='ocrx_word' id='word_1_327' title='bbox 430 2856 770 2918; x_wconf 80' lang='lat' dir='ltr'><strong>martyrum,</strong></span> <span class='ocrx_word' id='word_1_328' title='bbox 816 2856 1169 2917; x_wconf 88' lang='lat' dir='ltr'><strong>patronorum</strong></span> <span class='ocrx_word' id='word_1_329' title='bbox 1220 2845 1474 2901; x_wconf 87' lang='lat' dir='ltr'><strong>videlicet</strong></span> <span class='ocrx_word' id='word_1_330' title='bbox 1518 2855 1867 2913; x_wconf 88' lang='lat' dir='ltr'><strong>vestrorum,</strong></span> <span class='ocrx_word' id='word_1_331' title='bbox 1919 2849 2020 2904; x_wconf 86' lang='lat' dir='ltr'><strong>sub</strong></span> 
     </span>
    </p>
   </div>
   <div class='ocr_carea' id='block_1_46' title="bbox 427 2938 2023 3003">
    <p class='ocr_par' dir='ltr' id='par_1_46' title="bbox 427 2938 2023 3003">
     <span class='ocr_line' id='line_1_46' title="bbox 427 2938 2023 3003; baseline 0 -8"><span class='ocrx_word' id='word_1_332' title='bbox 427 2939 750 2996; x_wconf 83' lang='lat' dir='ltr'><strong>defensione</strong></span> <span class='ocrx_word' id='word_1_333' title='bbox 796 2946 976 2992; x_wconf 90' lang='lat' dir='ltr'><strong>vestra</strong></span> <span class='ocrx_word' id='word_1_334' title='bbox 996 2970 1017 3003; x_wconf 62' lang='grc' dir='ltr'><strong>ι,</strong></span> <span class='ocrx_word' id='word_1_335' title='bbox 1065 2938 1119 2993; x_wconf 91' lang='lat' dir='ltr'><strong>in</strong></span> <span class='ocrx_word' id='word_1_336' title='bbox 1168 2938 1484 2992; x_wconf 80' lang='lat' dir='ltr'><strong>earumdem</strong></span> <span class='ocrx_word' id='word_1_337' title='bbox 1519 2946 1832 2993; x_wconf 89' lang='lat' dir='ltr'><strong>sanctorum</strong></span> <span class='ocrx_word' id='word_1_338' title='bbox 1863 2939 2023 2995; x_wconf 80' lang='lat' dir='ltr'><strong>obse-</strong></span> 
     </span>
    </p>
   </div>
   <div class='ocr_carea' id='block_1_47' title="bbox 427 3025 2020 3099">
    <p class='ocr_par' dir='ltr' id='par_1_47' title="bbox 427 3025 2020 3099">
     <span class='ocr_line' id='line_1_47' title="bbox 427 3025 2020 3099; baseline 0.001 -16"><span class='ocrx_word' id='word_1_339' title='bbox 427 3030 575 3099; x_wconf 84' lang='lat' dir='ltr'><strong>quin,</strong></span> <span class='ocrx_word' id='word_1_340' title='bbox 619 3041 679 3087; x_wconf 79' lang='lat' dir='ltr'><strong>et</strong></span> <span class='ocrx_word' id='word_1_341' title='bbox 713 3025 814 3082; x_wconf 91' lang='lat' dir='ltr'><strong>Dei</strong></span> <span class='ocrx_word' id='word_1_342' title='bbox 845 3043 911 3083; x_wconf 82' lang='lat' dir='ltr'><strong>ac</strong></span> <span class='ocrx_word' id='word_1_343' title='bbox 954 3027 1166 3083; x_wconf 89' lang='lat' dir='ltr'><strong>Domini</strong></span> <span class='ocrx_word' id='word_1_344' title='bbox 1202 3028 1376 3083; x_wconf 87' lang='lat' dir='ltr'><strong>nostri</strong></span> <span class='ocrx_word' id='word_1_345' title='bbox 1402 3026 1530 3083; x_wconf 79' lang='lat' dir='ltr'><strong>Jesu</strong></span> <span class='ocrx_word' id='word_1_346' title='bbox 1560 3028 1766 3084; x_wconf 89' lang='lat' dir='ltr'><strong>Cbristi</strong></span> <span class='ocrx_word' id='word_1_347' title='bbox 1795 3030 2020 3085; x_wconf 88' lang='lat' dir='ltr'><strong>servitio</strong></span> 
     </span>
    </p>
   </div>
   <div class='ocr_carea' id='block_1_48' title="bbox 2130 1859 3735 1941">
    <p class='ocr_par' dir='ltr' id='par_1_48' title="bbox 2130 1859 3735 1941">
     <span class='ocr_line' id='line_1_48' title="bbox 2130 1859 3735 1941; baseline 0.011 -29"><span class='ocrx_word' id='word_1_348' title='bbox 2130 1859 2377 1915; x_wconf 87' lang='lat' dir='ltr'><strong>sionibus</strong></span> <span class='ocrx_word' id='word_1_349' title='bbox 2404 1863 2699 1930; x_wconf 89' lang='lat' dir='ltr'><strong>animatus,</strong></span> <span class='ocrx_word' id='word_1_350' title='bbox 2722 1866 3035 1937; x_wconf 90' lang='lat' dir='ltr'><strong>depressum</strong></span> <span class='ocrx_word' id='word_1_351' title='bbox 3061 1871 3213 1941; x_wconf 85' lang='lat' dir='ltr'><strong>gravi</strong></span> <span class='ocrx_word' id='word_1_352' title='bbox 3235 1888 3473 1929; x_wconf 73' lang='lat' dir='ltr'><strong>maerore</strong></span> <span class='ocrx_word' id='word_1_353' title='bbox 3492 1890 3592 1930; x_wconf 91' lang='lat' dir='ltr'><strong>cor</strong></span> <span class='ocrx_word' id='word_1_354' title='bbox 3610 1892 3735 1930; x_wconf 84' lang='lat' dir='ltr'><strong>sur-</strong></span> 
     </span>
    </p>
   </div>
   <div class='ocr_carea' id='block_1_49' title="bbox 2130 1950 3733 2030">
    <p class='ocr_par' dir='ltr' id='par_1_49' title="bbox 2130 1950 3733 2030">
     <span class='ocr_line' id='line_1_49' title="bbox 2130 1950 3733 2030; baseline 0.012 -28"><span class='ocrx_word' id='word_1_355' title='bbox 2130 1963 2249 2003; x_wconf 87' lang='lat' dir='ltr'><strong>sum</strong></span> <span class='ocrx_word' id='word_1_356' title='bbox 2280 1950 2462 2007; x_wconf 87' lang='lat' dir='ltr'><strong>levare</strong></span> <span class='ocrx_word' id='word_1_357' title='bbox 2510 1964 2737 2011; x_wconf 80' lang='lat' dir='ltr'><strong>conatus</strong></span> <span class='ocrx_word' id='word_1_358' title='bbox 2791 1972 2933 2023; x_wconf 82' lang='lat' dir='ltr'><strong>sum,</strong></span> <span class='ocrx_word' id='word_1_359' title='bbox 2989 1961 3237 2030; x_wconf 63' lang='lat' dir='ltr'><strong>coepique</strong></span> <span class='ocrx_word' id='word_1_360' title='bbox 3268 1978 3482 2018; x_wconf 90' lang='lat' dir='ltr'><strong>mecum</strong></span> <span class='ocrx_word' id='word_1_361' title='bbox 3541 1966 3733 2023; x_wconf 88' lang='lat' dir='ltr'><strong>sedqu</strong></span> 
     </span>
    </p>
   </div>
   <div class='ocr_carea' id='block_1_50' title="bbox 2131 2043 3736 2116">
    <p class='ocr_par' dir='ltr' id='par_1_50' title="bbox 2131 2043 3736 2116">
     <span class='ocr_line' id='line_1_50' title="bbox 2131 2043 3736 2116; baseline 0.012 -24"><span class='ocrx_word' id='word_1_362' title='bbox 2131 2049 2385 2109; x_wconf 82' lang='lat' dir='ltr'><strong>reputare</strong></span> <span class='ocrx_word' id='word_1_363' title='bbox 2413 2043 2543 2112; x_wconf 91' lang='lat' dir='ltr'><strong>quid</strong></span> <span class='ocrx_word' id='word_1_364' title='bbox 2577 2061 2741 2116; x_wconf 87' lang='lat' dir='ltr'><strong>super</strong></span> <span class='ocrx_word' id='word_1_365' title='bbox 2780 2063 3011 2105; x_wconf 77' lang='lat' dir='ltr'><strong>excessu</strong></span> <span class='ocrx_word' id='word_1_366' title='bbox 3053 2052 3389 2109; x_wconf 65' lang='lat' dir='ltr'><strong>charissima:</strong></span> <span class='ocrx_word' id='word_1_367' title='bbox 3434 2056 3736 2113; x_wconf 84' lang='lat' dir='ltr'><strong>contuber-</strong></span> 
     </span>
    </p>
   </div>
   <div class='ocr_carea' id='block_1_51' title="bbox 2128 2131 3733 2220">
    <p class='ocr_par' dir='ltr' id='par_1_51' title="bbox 2128 2131 3733 2220">
     <span class='ocr_line' id='line_1_51' title="bbox 2128 2131 3733 2220; baseline 0.012 -36"><span class='ocrx_word' id='word_1_368' title='bbox 2128 2131 2268 2188; x_wconf 80' lang='lat' dir='ltr'><strong>nalis</strong></span> <span class='ocrx_word' id='word_1_369' title='bbox 2302 2133 2507 2190; x_wconf 88' lang='lat' dir='ltr'><strong>sentire</strong></span> <span class='ocrx_word' id='word_1_370' title='bbox 2560 2134 2837 2203; x_wconf 90' lang='lat' dir='ltr'><strong>deberem,</strong></span> <span class='ocrx_word' id='word_1_371' title='bbox 2869 2137 3025 2207; x_wconf 84' lang='lat' dir='ltr'><strong>cujus</strong></span> <span class='ocrx_word' id='word_1_372' title='bbox 3067 2144 3455 2200; x_wconf 86' lang='lat' dir='ltr'><strong>mortalitatem</strong></span> <span class='ocrx_word' id='word_1_373' title='bbox 3481 2186 3498 2209; x_wconf 89' lang='lat'><strong>,</strong></span> <span class='ocrx_word' id='word_1_374' title='bbox 3554 2148 3733 2220; x_wconf 84' lang='lat' dir='ltr'><strong>magis</strong></span> 
     </span>
    </p>
   </div>
   <div class='ocr_carea' id='block_1_52' title="bbox 2126 2223 3727 2304">
    <p class='ocr_par' dir='ltr' id='par_1_52' title="bbox 2126 2223 3727 2304">
     <span class='ocr_line' id='line_1_52' title="bbox 2126 2223 3727 2304; baseline 0.011 -29"><span class='ocrx_word' id='word_1_375' title='bbox 2126 2236 2291 2291; x_wconf 89' lang='lat' dir='ltr'><strong>quam</strong></span> <span class='ocrx_word' id='word_1_376' title='bbox 2318 2223 2509 2289; x_wconf 88' lang='lat' dir='ltr'><strong>vitam,</strong></span> <span class='ocrx_word' id='word_1_377' title='bbox 2546 2226 2796 2281; x_wconf 82' lang='lat' dir='ltr'><strong>videbam</strong></span> <span class='ocrx_word' id='word_1_378' title='bbox 2826 2243 2948 2283; x_wconf 88' lang='lat' dir='ltr'><strong>esse</strong></span> <span class='ocrx_word' id='word_1_379' title='bbox 3002 2230 3232 2287; x_wconf 82' lang='lat' dir='ltr'><strong>ﬁnitam.</strong></span> <span class='ocrx_word' id='word_1_380' title='bbox 3263 2233 3492 2289; x_wconf 83' lang='lat' dir='ltr'><strong>Tentavi</strong></span> <span class='ocrx_word' id='word_1_381' title='bbox 3520 2237 3727 2304; x_wconf 85' lang='lat' dir='ltr'><strong>etiam,</strong></span> 
     </span>
    </p>
   </div>
   <div class='ocr_carea' id='block_1_53' title="bbox 2125 2314 3729 2399">
    <p class='ocr_par' dir='ltr' id='par_1_53' title="bbox 2125 2314 3729 2399">
     <span class='ocr_line' id='line_1_53' title="bbox 2125 2314 3729 2399; baseline 0.01 -32"><span class='ocrx_word' id='word_1_382' title='bbox 2125 2314 2172 2374; x_wconf 80' lang='lat' dir='ltr'><strong>si</strong></span> <span class='ocrx_word' id='word_1_383' title='bbox 2207 2329 2423 2383; x_wconf 87' lang='lat' dir='ltr'><strong>possem</strong></span> <span class='ocrx_word' id='word_1_384' title='bbox 2447 2332 2478 2371; x_wconf 84' lang='lat' dir='ltr'><strong>a</strong></span> <span class='ocrx_word' id='word_1_385' title='bbox 2504 2318 2826 2388; x_wconf 84' lang='lat' dir='ltr'><strong>memetipso</strong></span> <span class='ocrx_word' id='word_1_386' title='bbox 2852 2320 3068 2392; x_wconf 80' lang='lat' dir='ltr'><strong>exigere</strong></span> <span class='ocrx_word' id='word_1_387' title='bbox 3098 2361 3115 2388; x_wconf 90' lang='lat'><strong>,</strong></span> <span class='ocrx_word' id='word_1_388' title='bbox 3162 2333 3225 2378; x_wconf 91' lang='lat' dir='ltr'><strong>ut</strong></span> <span class='ocrx_word' id='word_1_389' title='bbox 3245 2324 3296 2379; x_wconf 92' lang='lat' dir='ltr'><strong>id</strong></span> <span class='ocrx_word' id='word_1_390' title='bbox 3331 2325 3545 2381; x_wconf 88' lang='lat' dir='ltr'><strong>ratione</strong></span> <span class='ocrx_word' id='word_1_391' title='bbox 3582 2330 3729 2399; x_wconf 82' lang='lat' dir='ltr'><strong>apud</strong></span> 
     </span>
    </p>
   </div>
   <div class='ocr_carea' id='block_1_54' title="bbox 2125 2403 3729 2481">
    <p class='ocr_par' dir='ltr' id='par_1_54' title="bbox 2125 2403 3729 2481">
     <span class='ocr_line' id='line_1_54' title="bbox 2125 2403 3729 2481; baseline 0.009 -23"><span class='ocrx_word' id='word_1_392' title='bbox 2125 2419 2213 2459; x_wconf 84' lang='lat' dir='ltr'><strong>me</strong></span> <span class='ocrx_word' id='word_1_393' title='bbox 2244 2403 2421 2471; x_wconf 79' lang='lat' dir='ltr'><strong>ﬂeret,</strong></span> <span class='ocrx_word' id='word_1_394' title='bbox 2451 2407 2596 2475; x_wconf 90' lang='lat' dir='ltr'><strong>quod</strong></span> <span class='ocrx_word' id='word_1_395' title='bbox 2624 2406 2782 2480; x_wconf 85' lang='lat' dir='ltr'><strong>longa</strong></span> <span class='ocrx_word' id='word_1_396' title='bbox 2824 2409 2941 2465; x_wconf 87' lang='lat' dir='ltr'><strong>dies</strong></span> <span class='ocrx_word' id='word_1_397' title='bbox 2971 2410 3110 2467; x_wconf 86' lang='lat' dir='ltr'><strong>solet</strong></span> <span class='ocrx_word' id='word_1_398' title='bbox 3131 2411 3380 2481; x_wconf 74' lang='lat' dir='ltr'><strong>efﬁcere;</strong></span> <span class='ocrx_word' id='word_1_399' title='bbox 3423 2416 3639 2473; x_wconf 85' lang='lat' dir='ltr'><strong>scilicet</strong></span> <span class='ocrx_word' id='word_1_400' title='bbox 3663 2428 3729 2473; x_wconf 87' lang='lat' dir='ltr'><strong>ut</strong></span> 
     </span>
    </p>
   </div>
   <div class='ocr_carea' id='block_1_55' title="bbox 2124 2494 3727 2577">
    <p class='ocr_par' dir='ltr' id='par_1_55' title="bbox 2124 2494 3727 2577">
     <span class='ocr_line' id='line_1_55' title="bbox 2124 2494 3727 2577; baseline 0.01 -29"><span class='ocrx_word' id='word_1_401' title='bbox 2124 2494 2336 2559; x_wconf 81' lang='lat' dir='ltr'><strong>vulnus,</strong></span> <span class='ocrx_word' id='word_1_402' title='bbox 2368 2497 2513 2566; x_wconf 92' lang='lat' dir='ltr'><strong>quod</strong></span> <span class='ocrx_word' id='word_1_403' title='bbox 2565 2498 2749 2553; x_wconf 87' lang='lat' dir='ltr'><strong>animo</strong></span> <span class='ocrx_word' id='word_1_404' title='bbox 2787 2509 2973 2557; x_wconf 88' lang='lat' dir='ltr'><strong>nostro</strong></span> <span class='ocrx_word' id='word_1_405' title='bbox 3008 2503 3253 2559; x_wconf 79' lang='lat' dir='ltr'><strong>nondum</strong></span> <span class='ocrx_word' id='word_1_406' title='bbox 3276 2516 3496 2577; x_wconf 85' lang='lat' dir='ltr'><strong>sperata</strong></span> <span class='ocrx_word' id='word_1_407' title='bbox 3547 2517 3727 2564; x_wconf 84' lang='lat' dir='ltr'><strong>morte</strong></span> 
     </span>
    </p>
   </div>
   <div class='ocr_carea' id='block_1_56' title="bbox 2123 2588 3723 2669">
    <p class='ocr_par' dir='ltr' id='par_1_56' title="bbox 2123 2588 3723 2669">
     <span class='ocr_line' id='line_1_56' title="bbox 2123 2588 3723 2669; baseline 0.009 -28"><span class='ocrx_word' id='word_1_408' title='bbox 2123 2588 2440 2657; x_wconf 69' lang='lat' dir='ltr'><strong>repentinus</strong></span> <span class='ocrx_word' id='word_1_409' title='bbox 2472 2603 2632 2644; x_wconf 87' lang='lat' dir='ltr'><strong>casus</strong></span> <span class='ocrx_word' id='word_1_410' title='bbox 2654 2588 2868 2657; x_wconf 74' lang='lat' dir='ltr'><strong>inﬂixit,</strong></span> <span class='ocrx_word' id='word_1_411' title='bbox 2901 2593 3212 2651; x_wconf 82' lang='lat' dir='ltr'><strong>cicatricem</strong></span> <span class='ocrx_word' id='word_1_412' title='bbox 3234 2597 3442 2655; x_wconf 74' lang='lat' dir='ltr'><strong>ducere</strong></span> <span class='ocrx_word' id='word_1_413' title='bbox 3465 2613 3529 2654; x_wconf 80' lang='lat' dir='ltr'><strong>ac</strong></span> <span class='ocrx_word' id='word_1_414' title='bbox 3563 2614 3723 2669; x_wconf 88' lang='lat' dir='ltr'><strong>spon-</strong></span> 
     </span>
    </p>
   </div>
   <div class='ocr_carea' id='block_1_57' title="bbox 2121 2679 3721 2759">
    <p class='ocr_par' dir='ltr' id='par_1_57' title="bbox 2121 2679 3721 2759">
     <span class='ocr_line' id='line_1_57' title="bbox 2121 2679 3721 2759; baseline 0.009 -27"><span class='ocrx_word' id='word_1_415' title='bbox 2121 2688 2296 2734; x_wconf 83' lang='lat' dir='ltr'><strong>taneae</strong></span> <span class='ocrx_word' id='word_1_416' title='bbox 2326 2679 2712 2736; x_wconf 83' lang='lat' dir='ltr'><strong>consolationis</strong></span> <span class='ocrx_word' id='word_1_417' title='bbox 2758 2683 3158 2742; x_wconf 85' lang='lat' dir='ltr'><strong>medicamento</strong></span> <span class='ocrx_word' id='word_1_418' title='bbox 3186 2701 3479 2745; x_wconf 84' lang='lat' dir='ltr'><strong>sanescere</strong></span> <span class='ocrx_word' id='word_1_419' title='bbox 3515 2690 3721 2759; x_wconf 55' lang='lat' dir='ltr'><strong>incipe.</strong></span> 
     </span>
    </p>
   </div>
   <div class='ocr_carea' id='block_1_58' title="bbox 2121 2770 3726 2847">
    <p class='ocr_par' dir='ltr' id='par_1_58' title="bbox 2121 2770 3726 2847">
     <span class='ocr_line' id='line_1_58' title="bbox 2121 2770 3726 2847; baseline 0.009 -23"><span class='ocrx_word' id='word_1_420' title='bbox 2121 2778 2223 2825; x_wconf 90' lang='lat' dir='ltr'><strong>ret.</strong></span> <span class='ocrx_word' id='word_1_421' title='bbox 2254 2770 2361 2826; x_wconf 84' lang='lat' dir='ltr'><strong>Sed</strong></span> <span class='ocrx_word' id='word_1_422' title='bbox 2388 2772 2632 2827; x_wconf 75' lang='lat' dir='ltr'><strong>vulneris</strong></span> <span class='ocrx_word' id='word_1_423' title='bbox 2670 2775 2984 2845; x_wconf 80' lang='lat' dir='ltr'><strong>magnitudo</strong></span> <span class='ocrx_word' id='word_1_424' title='bbox 3009 2776 3259 2833; x_wconf 79' lang='lat' dir='ltr'><strong>facilitati</strong></span> <span class='ocrx_word' id='word_1_425' title='bbox 3285 2782 3527 2847; x_wconf 81' lang='lat' dir='ltr'><strong>resistit;</strong></span> <span class='ocrx_word' id='word_1_426' title='bbox 3570 2793 3628 2838; x_wconf 90' lang='lat' dir='ltr'><strong>et</strong></span> <span class='ocrx_word' id='word_1_427' title='bbox 3658 2782 3726 2838; x_wconf 83' lang='lat' dir='ltr'><strong>li-</strong></span> 
     </span>
    </p>
   </div>
   <div class='ocr_carea' id='block_1_59' title="bbox 2121 2861 3720 2939">
    <p class='ocr_par' dir='ltr' id='par_1_59' title="bbox 2121 2861 3720 2939">
     <span class='ocr_line' id='line_1_59' title="bbox 2121 2861 3720 2939; baseline 0.009 -24"><span class='ocrx_word' id='word_1_428' title='bbox 2121 2870 2209 2915; x_wconf 88' lang='lat' dir='ltr'><strong>cet</strong></span> <span class='ocrx_word' id='word_1_429' title='bbox 2246 2861 2602 2917; x_wconf 84' lang='lat' dir='ltr'><strong>saluberrima</strong></span> <span class='ocrx_word' id='word_1_430' title='bbox 2643 2864 2774 2925; x_wconf 89' lang='lat' dir='ltr'><strong>sint,</strong></span> <span class='ocrx_word' id='word_1_431' title='bbox 2801 2880 2921 2933; x_wconf 65' lang='lat' dir='ltr'><strong>quae</strong></span> <span class='ocrx_word' id='word_1_432' title='bbox 2950 2883 2981 2922; x_wconf 90' lang='lat' dir='ltr'><strong>a</strong></span> <span class='ocrx_word' id='word_1_433' title='bbox 3014 2871 3326 2926; x_wconf 85' lang='lat' dir='ltr'><strong>memoratis</strong></span> <span class='ocrx_word' id='word_1_434' title='bbox 3353 2871 3675 2930; x_wconf 82' lang='lat' dir='ltr'><strong>doctoribus</strong></span> <span class='ocrx_word' id='word_1_435' title='bbox 3700 2912 3720 2939; x_wconf 89' lang='lat'><strong>,</strong></span> 
     </span>
    </p>
   </div>
   <div class='ocr_carea' id='block_1_60' title="bbox 2120 2951 3722 3033">
    <p class='ocr_par' dir='ltr' id='par_1_60' title="bbox 2120 2951 3722 3033">
     <span class='ocr_line' id='line_1_60' title="bbox 2120 2951 3722 3033; baseline 0.009 -28"><span class='ocrx_word' id='word_1_436' title='bbox 2120 2952 2188 3005; x_wconf 87' lang='lat' dir='ltr'><strong>ad</strong></span> <span class='ocrx_word' id='word_1_437' title='bbox 2224 2951 2579 3023; x_wconf 89' lang='lat' dir='ltr'><strong>mitigandum</strong></span> <span class='ocrx_word' id='word_1_438' title='bbox 2605 2970 2825 3033; x_wconf 76' lang='lat' dir='ltr'><strong>gravem</strong></span> <span class='ocrx_word' id='word_1_439' title='bbox 2850 2956 3118 3023; x_wconf 89' lang='lat' dir='ltr'><strong>dolorem,</strong></span> <span class='ocrx_word' id='word_1_440' title='bbox 3144 2960 3290 3015; x_wconf 88' lang='lat' dir='ltr'><strong>velut</strong></span> <span class='ocrx_word' id='word_1_441' title='bbox 3318 2977 3350 3016; x_wconf 87' lang='lat' dir='ltr'><strong>a</strong></span> <span class='ocrx_word' id='word_1_442' title='bbox 3370 2962 3722 3031; x_wconf 73' lang='lat' dir='ltr'><strong>peritissimis</strong></span> 
     </span>
    </p>
   </div>
   <div class='ocr_carea' id='block_1_61' title="bbox 2122 3040 3721 3125">
    <p class='ocr_par' dir='ltr' id='par_1_61' title="bbox 2122 3040 3721 3125">
     <span class='ocr_line' id='line_1_61' title="bbox 2122 3040 3721 3125; baseline 0.011 -32"><span class='ocrx_word' id='word_1_443' title='bbox 2122 3040 2371 3109; x_wconf 87' lang='lat' dir='ltr'><strong>idemque</strong></span> <span class='ocrx_word' id='word_1_444' title='bbox 2408 3043 2710 3101; x_wconf 87' lang='lat' dir='ltr'><strong>mitissimis</strong></span> <span class='ocrx_word' id='word_1_445' title='bbox 2750 3045 2995 3111; x_wconf 82' lang='lat' dir='ltr'><strong>medicis,</strong></span> <span class='ocrx_word' id='word_1_446' title='bbox 3026 3046 3349 3114; x_wconf 68' lang='lat' dir='ltr'><strong>offeruntur,</strong></span> <span class='ocrx_word' id='word_1_447' title='bbox 3381 3052 3560 3123; x_wconf 82' lang='lat' dir='ltr'><strong>plaga,</strong></span> <span class='ocrx_word' id='word_1_448' title='bbox 3592 3069 3721 3125; x_wconf 69' lang='lat' dir='ltr'><strong>qua</strong></span> 
     </span>
    </p>
   </div>
   <div class='ocr_carea' id='block_1_62' title="bbox 425 3118 3719 3203">
    <p class='ocr_par' dir='ltr' id='par_1_62' title="bbox 425 3118 3719 3203">
     <span class='ocr_line' id='line_1_62' title="bbox 425 3118 3719 3203; baseline 0.004 -28"><span class='ocrx_word' id='word_1_449' title='bbox 425 3120 753 3184; x_wconf 78' lang='lat' dir='ltr'><strong>consistere,</strong></span> <span class='ocrx_word' id='word_1_450' title='bbox 787 3126 845 3175; x_wconf 87' lang='lat' dir='ltr'><strong>ut</strong></span> <span class='ocrx_word' id='word_1_451' title='bbox 876 3134 965 3173; x_wconf 88' lang='lat' dir='ltr'><strong>me</strong></span> <span class='ocrx_word' id='word_1_452' title='bbox 993 3118 1081 3173; x_wconf 91' lang='lat' dir='ltr'><strong>illa</strong></span> <span class='ocrx_word' id='word_1_453' title='bbox 1113 3119 1445 3173; x_wconf 84' lang='lat' dir='ltr'><strong>inevitabilis</strong></span> <span class='ocrx_word' id='word_1_454' title='bbox 1471 3126 1634 3188; x_wconf 89' lang='lat' dir='ltr'><strong>atque</strong></span> <span class='ocrx_word' id='word_1_455' title='bbox 1660 3120 1848 3174; x_wconf 89' lang='lat' dir='ltr'><strong>ultima</strong></span> <span class='ocrx_word' id='word_1_456' title='bbox 1875 3121 2012 3186; x_wconf 88' lang='lat' dir='ltr'><strong>dies,</strong></span> <span class='ocrx_word' id='word_1_457' title='bbox 2045 3119 2089 3181; x_wconf 94' lang='lat' dir='ltr'>C</span> <span class='ocrx_word' id='word_1_458' title='bbox 2120 3131 2298 3187; x_wconf 78' lang='lat' dir='ltr'><strong>adhuc</strong></span> <span class='ocrx_word' id='word_1_459' title='bbox 2326 3133 2647 3203; x_wconf 71' lang='lat' dir='ltr'><strong>sanguinem</strong></span> <span class='ocrx_word' id='word_1_460' title='bbox 2696 3136 2885 3201; x_wconf 75' lang='lat' dir='ltr'><strong>trahit,</strong></span> <span class='ocrx_word' id='word_1_461' title='bbox 2910 3140 3135 3195; x_wconf 64' lang='lat' dir='ltr'><strong>sanandi</strong></span> <span class='ocrx_word' id='word_1_462' title='bbox 3173 3118 3544 3197; x_wconf 65' lang='grc' dir='ltr'><strong>ωαιυι-ίίειεζιιι</strong></span> <span class='ocrx_word' id='word_1_463' title='bbox 3577 3118 3719 3200; x_wconf 51' lang='grc' dir='ltr'><strong>ηδε».</strong></span> 
     </span>
    </p>
   </div>
   <div class='ocr_carea' id='block_1_63' title="bbox 421 3210 2014 3284">
    <p class='ocr_par' dir='ltr' id='par_1_63' title="bbox 421 3210 2014 3284">
     <span class='ocr_line' id='line_1_63' title="bbox 421 3210 2014 3284; baseline 0 -19"><span class='ocrx_word' id='word_1_464' title='bbox 421 3226 544 3284; x_wconf 73' lang='lat' dir='ltr'><strong>quae</strong></span> <span class='ocrx_word' id='word_1_465' title='bbox 574 3212 700 3267; x_wconf 82' lang='lat' dir='ltr'><strong>huic</strong></span> <span class='ocrx_word' id='word_1_466' title='bbox 733 3210 877 3265; x_wconf 63' lang='lat' dir='ltr'><strong>aetati</strong></span> <span class='ocrx_word' id='word_1_467' title='bbox 897 3251 912 3275; x_wconf 91' lang='lat'><strong>,</strong></span> <span class='ocrx_word' id='word_1_468' title='bbox 944 3210 999 3265; x_wconf 91' lang='lat' dir='ltr'><strong>in</strong></span> <span class='ocrx_word' id='word_1_469' title='bbox 1031 3224 1140 3279; x_wconf 88' lang='lat' dir='ltr'><strong>qua</strong></span> <span class='ocrx_word' id='word_1_470' title='bbox 1169 3210 1329 3264; x_wconf 90' lang='lat' dir='ltr'><strong>modo</strong></span> <span class='ocrx_word' id='word_1_471' title='bbox 1355 3210 1684 3264; x_wconf 86' lang='lat' dir='ltr'><strong>constitutus</strong></span> <span class='ocrx_word' id='word_1_472' title='bbox 1715 3226 1857 3274; x_wconf 90' lang='lat' dir='ltr'><strong>sum,</strong></span> <span class='ocrx_word' id='word_1_473' title='bbox 1889 3227 2014 3267; x_wconf 90' lang='lat' dir='ltr'><strong>suc-</strong></span> 
     </span>
    </p>
   </div>
   <div class='ocr_carea' id='block_1_64' title="bbox 421 3302 2019 3371">
    <p class='ocr_par' dir='ltr' id='par_1_64' title="bbox 421 3302 2019 3371">
     <span class='ocr_line' id='line_1_64' title="bbox 421 3302 2019 3371; baseline -0.002 -10"><span class='ocrx_word' id='word_1_474' title='bbox 421 3306 618 3361; x_wconf 77' lang='lat' dir='ltr'><strong>cedere</strong></span> <span class='ocrx_word' id='word_1_475' title='bbox 644 3303 820 3368; x_wconf 86' lang='lat' dir='ltr'><strong>solet,</strong></span> <span class='ocrx_word' id='word_1_476' title='bbox 868 3319 975 3361; x_wconf 86' lang='lat' dir='ltr'><strong>non</strong></span> <span class='ocrx_word' id='word_1_477' title='bbox 1013 3302 1343 3358; x_wconf 80' lang='lat' dir='ltr'><strong>transitoriis</strong></span> <span class='ocrx_word' id='word_1_478' title='bbox 1380 3316 1446 3356; x_wconf 91' lang='lat' dir='ltr'><strong>ac</strong></span> <span class='ocrx_word' id='word_1_479' title='bbox 1484 3303 1837 3371; x_wconf 84' lang='lat' dir='ltr'><strong>supervacuis</strong></span> <span class='ocrx_word' id='word_1_480' title='bbox 1871 3303 2019 3358; x_wconf 91' lang='lat' dir='ltr'><strong>curis</strong></span> 
     </span>
    </p>
   </div>
   <div class='ocr_carea' id='block_1_65' title="bbox 422 3392 2011 3464">
    <p class='ocr_par' dir='ltr' id='par_1_65' title="bbox 422 3392 2011 3464">
     <span class='ocr_line' id='line_1_65' title="bbox 422 3392 2011 3464; baseline -0.003 -14"><span class='ocrx_word' id='word_1_481' title='bbox 422 3402 769 3464; x_wconf 83' lang='lat' dir='ltr'><strong>occupatum,</strong></span> <span class='ocrx_word' id='word_1_482' title='bbox 793 3394 888 3449; x_wconf 90' lang='lat' dir='ltr'><strong>sed</strong></span> <span class='ocrx_word' id='word_1_483' title='bbox 912 3394 1094 3464; x_wconf 89' lang='lat' dir='ltr'><strong>potius</strong></span> <span class='ocrx_word' id='word_1_484' title='bbox 1114 3392 1351 3449; x_wconf 89' lang='lat' dir='ltr'><strong>orationi</strong></span> <span class='ocrx_word' id='word_1_485' title='bbox 1378 3406 1444 3446; x_wconf 92' lang='lat' dir='ltr'><strong>ae</strong></span> <span class='ocrx_word' id='word_1_486' title='bbox 1465 3392 1684 3447; x_wconf 90' lang='lat' dir='ltr'><strong>lectioni</strong></span> <span class='ocrx_word' id='word_1_487' title='bbox 1707 3401 2011 3457; x_wconf 89' lang='lat' dir='ltr'><strong>vacantem,</strong></span> 
     </span>
    </p>
   </div>
   <div class='ocr_carea' id='block_1_66' title="bbox 420 3484 2016 3557">
    <p class='ocr_par' dir='ltr' id='par_1_66' title="bbox 420 3484 2016 3557">
     <span class='ocr_line' id='line_1_66' title="bbox 420 3484 2016 3557; baseline 0.001 -17"><span class='ocrx_word' id='word_1_488' title='bbox 420 3496 585 3557; x_wconf 76' lang='lat' dir='ltr'><strong>atque</strong></span> <span class='ocrx_word' id='word_1_489' title='bbox 612 3485 668 3542; x_wconf 90' lang='lat' dir='ltr'><strong>in</strong></span> <span class='ocrx_word' id='word_1_490' title='bbox 694 3485 892 3541; x_wconf 83' lang='lat' dir='ltr'><strong>divinae</strong></span> <span class='ocrx_word' id='word_1_491' title='bbox 925 3485 1062 3555; x_wconf 89' lang='lat' dir='ltr'><strong>legis</strong></span> <span class='ocrx_word' id='word_1_492' title='bbox 1089 3484 1439 3541; x_wconf 86' lang='lat' dir='ltr'><strong>meditatione</strong></span> <span class='ocrx_word' id='word_1_493' title='bbox 1468 3484 1829 3556; x_wconf 86' lang='lat' dir='ltr'><strong>cogitationes</strong></span> <span class='ocrx_word' id='word_1_494' title='bbox 1863 3500 2016 3541; x_wconf 89' lang='lat' dir='ltr'><strong>meas</strong></span> 
     </span>
    </p>
   </div>
   <div class='ocr_carea' id='block_1_67' title="bbox 422 3575 1086 3639">
    <p class='ocr_par' dir='ltr' id='par_1_67' title="bbox 422 3575 1086 3639">
     <span class='ocr_line' id='line_1_67' title="bbox 422 3575 1086 3639; baseline -0.003 -8"><span class='ocrx_word' id='word_1_495' title='bbox 422 3584 792 3639; x_wconf 79' lang='lat' dir='ltr'><strong>exercentem,</strong></span> <span class='ocrx_word' id='word_1_496' title='bbox 822 3575 1086 3631; x_wconf 87' lang='lat' dir='ltr'><strong>inveniat.</strong></span> 
     </span>
    </p>
   </div>
   <div class='ocr_carea' id='block_1_68' title="bbox 939 3684 1493 3741">
    <p class='ocr_par' dir='ltr' id='par_1_68' title="bbox 939 3684 1493 3741">
     <span class='ocr_line' id='line_1_68' title="bbox 939 3684 1493 3741; baseline -0.002 -1"><span class='ocrx_word' id='word_1_497' title='bbox 939 3684 1275 3741; x_wconf 78' lang='lat' dir='ltr'><strong>EPISTOLA</strong></span> <span class='ocrx_word' id='word_1_498' title='bbox 1309 3684 1493 3741; x_wconf 76' lang='lat' dir='ltr'><strong>LXIII.</strong></span> 
     </span>
    </p>
   </div>
   <div class='ocr_carea' id='block_1_69' title="bbox 854 3793 1611 3833">
    <p class='ocr_par' dir='ltr' id='par_1_69' title="bbox 854 3793 1611 3833">
     <span class='ocr_line' id='line_1_69' title="bbox 854 3793 1611 3833; baseline -0.003 0"><span class='ocrx_word' id='word_1_499' title='bbox 854 3794 920 3833; x_wconf 76' lang='lat' dir='ltr'><strong>AD</strong></span> <span class='ocrx_word' id='word_1_500' title='bbox 958 3794 1134 3833; x_wconf 74' lang='grc' dir='ltr'><strong>ιυινωι</strong></span> <span class='ocrx_word' id='word_1_501' title='bbox 1175 3793 1380 3833; x_wconf 70' lang='grc' dir='ltr'><strong>ΔΙΙΩυΙ</strong></span> <span class='ocrx_word' id='word_1_502' title='bbox 1421 3793 1611 3833; x_wconf 72' lang='grc' dir='ltr'><strong>ευυι.·</strong></span> 
     </span>
    </p>
   </div>
   <div class='ocr_carea' id='block_1_70' title="bbox 490 3866 1424 3939">
    <p class='ocr_par' dir='ltr' id='par_1_70' title="bbox 490 3866 1424 3939">
     <span class='ocr_line' id='line_1_70' title="bbox 490 3866 1424 3939; baseline -0.005 -14"><span class='ocrx_word' id='word_1_503' title='bbox 490 3867 834 3939; x_wconf 82' lang='lat' dir='ltr'><strong>Eginhardus</strong></span> <span class='ocrx_word' id='word_1_504' title='bbox 863 3867 1014 3936; x_wconf 88' lang='lat' dir='ltr'><strong>Lupo</strong></span> <span class='ocrx_word' id='word_1_505' title='bbox 1040 3882 1138 3921; x_wconf 90' lang='lat' dir='ltr'><strong>suo</strong></span> <span class='ocrx_word' id='word_1_506' title='bbox 1172 3866 1424 3921; x_wconf 90' lang='lat' dir='ltr'><strong>salutem.</strong></span> 
     </span>
    </p>
   </div>
   <div class='ocr_carea' id='block_1_71' title="bbox 487 3959 2014 4027">
    <p class='ocr_par' dir='ltr' id='par_1_71' title="bbox 487 3959 2014 4027">
     <span class='ocr_line' id='line_1_71' title="bbox 487 3959 2014 4027; baseline 0.001 -12"><span class='ocrx_word' id='word_1_507' title='bbox 487 3959 683 4015; x_wconf 89' lang='lat' dir='ltr'><strong>Omnia</strong></span> <span class='ocrx_word' id='word_1_508' title='bbox 707 3959 838 4016; x_wconf 89' lang='lat' dir='ltr'><strong>mihi</strong></span> <span class='ocrx_word' id='word_1_509' title='bbox 866 3959 1066 4024; x_wconf 87' lang='lat' dir='ltr'><strong>studia,</strong></span> <span class='ocrx_word' id='word_1_510' title='bbox 1094 3972 1394 4027; x_wconf 88' lang='lat' dir='ltr'><strong>omnesque</strong></span> <span class='ocrx_word' id='word_1_511' title='bbox 1417 3973 1597 4023; x_wconf 89' lang='lat' dir='ltr'><strong>curas,</strong></span> <span class='ocrx_word' id='word_1_512' title='bbox 1630 3966 1739 4013; x_wconf 87' lang='lat' dir='ltr'><strong>tam</strong></span> <span class='ocrx_word' id='word_1_513' title='bbox 1766 3960 1833 4015; x_wconf 89' lang='lat' dir='ltr'><strong>ad</strong></span> <span class='ocrx_word' id='word_1_514' title='bbox 1863 3973 2014 4016; x_wconf 90' lang='lat' dir='ltr'><strong>meas</strong></span> 
     </span>
    </p>
   </div>
   <div class='ocr_carea' id='block_1_72' title="bbox 418 4048 2011 4119">
    <p class='ocr_par' dir='ltr' id='par_1_72' title="bbox 418 4048 2011 4119">
     <span class='ocr_line' id='line_1_72' title="bbox 418 4048 2011 4119; baseline 0.001 -16"><span class='ocrx_word' id='word_1_515' title='bbox 418 4065 577 4119; x_wconf 86' lang='lat' dir='ltr'><strong>quam</strong></span> <span class='ocrx_word' id='word_1_516' title='bbox 604 4049 901 4106; x_wconf 86' lang='lat' dir='ltr'><strong>amicorum</strong></span> <span class='ocrx_word' id='word_1_517' title='bbox 934 4062 1125 4103; x_wconf 89' lang='lat' dir='ltr'><strong>causas</strong></span> <span class='ocrx_word' id='word_1_518' title='bbox 1146 4048 1482 4118; x_wconf 86' lang='lat' dir='ltr'><strong>pertinentes</strong></span> <span class='ocrx_word' id='word_1_519' title='bbox 1506 4088 1521 4115; x_wconf 93' lang='lat'><strong>,</strong></span> <span class='ocrx_word' id='word_1_520' title='bbox 1573 4049 1777 4104; x_wconf 81' lang='lat' dir='ltr'><strong>exemit</strong></span> <span class='ocrx_word' id='word_1_521' title='bbox 1807 4056 1862 4105; x_wconf 93' lang='lat' dir='ltr'><strong>et</strong></span> <span class='ocrx_word' id='word_1_522' title='bbox 1911 4065 2011 4104; x_wconf 82' lang='lat' dir='ltr'><strong>ex-</strong></span> 
     </span>
    </p>
   </div>
   <div class='ocr_carea' id='block_1_73' title="bbox 424 4137 2013 4208">
    <p class='ocr_par' dir='ltr' id='par_1_73' title="bbox 424 4137 2013 4208">
     <span class='ocr_line' id='line_1_73' title="bbox 424 4137 2013 4208; baseline -0.002 -12"><span class='ocrx_word' id='word_1_523' title='bbox 424 4142 598 4197; x_wconf 78' lang='lat' dir='ltr'><strong>cussit</strong></span> <span class='ocrx_word' id='word_1_524' title='bbox 642 4139 816 4204; x_wconf 88' lang='lat' dir='ltr'><strong>dolor,</strong></span> <span class='ocrx_word' id='word_1_525' title='bbox 844 4154 1003 4208; x_wconf 90' lang='lat' dir='ltr'><strong>quem</strong></span> <span class='ocrx_word' id='word_1_526' title='bbox 1042 4152 1106 4192; x_wconf 82' lang='lat' dir='ltr'><strong>ex</strong></span> <span class='ocrx_word' id='word_1_527' title='bbox 1145 4146 1320 4194; x_wconf 90' lang='lat' dir='ltr'><strong>morte</strong></span> <span class='ocrx_word' id='word_1_528' title='bbox 1363 4137 1494 4194; x_wconf 90' lang='lat' dir='ltr'><strong>olim</strong></span> <span class='ocrx_word' id='word_1_529' title='bbox 1529 4137 1805 4195; x_wconf 47' lang='lat' dir='ltr'><strong>ﬁdissima).</strong></span> <span class='ocrx_word' id='word_1_530' title='bbox 1831 4138 2013 4208; x_wconf 56' lang='lat' dir='ltr'><strong>conju.</strong></span> 
     </span>
    </p>
   </div>
   <div class='ocr_carea' id='block_1_74' title="bbox 417 4230 2011 4305">
    <p class='ocr_par' dir='ltr' id='par_1_74' title="bbox 417 4230 2011 4305">
     <span class='ocr_line' id='line_1_74' title="bbox 417 4230 2011 4305; baseline -0.001 -17"><span class='ocrx_word' id='word_1_531' title='bbox 417 4234 520 4305; x_wconf 88' lang='lat' dir='ltr'><strong>gis,</strong></span> <span class='ocrx_word' id='word_1_532' title='bbox 542 4230 656 4302; x_wconf 89' lang='lat' dir='ltr'><strong>jam</strong></span> <span class='ocrx_word' id='word_1_533' title='bbox 684 4245 826 4286; x_wconf 87' lang='lat' dir='ltr'><strong>nunc</strong></span> <span class='ocrx_word' id='word_1_534' title='bbox 849 4230 1187 4285; x_wconf 61' lang='lat' dir='ltr'><strong>charissima;</strong></span> <span class='ocrx_word' id='word_1_535' title='bbox 1210 4230 1415 4285; x_wconf 86' lang='lat' dir='ltr'><strong>sororis</strong></span> <span class='ocrx_word' id='word_1_536' title='bbox 1456 4245 1521 4284; x_wconf 88' lang='lat' dir='ltr'><strong>ac</strong></span> <span class='ocrx_word' id='word_1_537' title='bbox 1553 4231 1735 4296; x_wconf 61' lang='lat' dir='ltr'><strong>sociae,</strong></span> <span class='ocrx_word' id='word_1_538' title='bbox 1759 4231 2011 4301; x_wconf 88' lang='lat' dir='ltr'><strong>gravissi-</strong></span> 
     </span>
    </p>
   </div>
   <div class='ocr_carea' id='block_1_75' title="bbox 418 4322 2011 4393">
    <p class='ocr_par' dir='ltr' id='par_1_75' title="bbox 418 4322 2011 4393">
     <span class='ocr_line' id='line_1_75' title="bbox 418 4322 2011 4393; baseline 0 -15"><span class='ocrx_word' id='word_1_539' title='bbox 418 4339 566 4378; x_wconf 86' lang='lat' dir='ltr'><strong>mum</strong></span> <span class='ocrx_word' id='word_1_540' title='bbox 588 4324 726 4393; x_wconf 82' lang='lat' dir='ltr'><strong>cepi.</strong></span> <span class='ocrx_word' id='word_1_541' title='bbox 763 4322 874 4379; x_wconf 83' lang='lat' dir='ltr'><strong>Nec</strong></span> <span class='ocrx_word' id='word_1_542' title='bbox 911 4322 1052 4378; x_wconf 81' lang='lat' dir='ltr'><strong>finiri</strong></span> <span class='ocrx_word' id='word_1_543' title='bbox 1078 4337 1239 4393; x_wconf 88' lang='lat' dir='ltr'><strong>posse</strong></span> <span class='ocrx_word' id='word_1_544' title='bbox 1259 4322 1503 4386; x_wconf 89' lang='lat' dir='ltr'><strong>videtur;</strong></span> <span class='ocrx_word' id='word_1_545' title='bbox 1535 4324 1789 4391; x_wconf 89' lang='lat' dir='ltr'><strong>quoniam</strong></span> <span class='ocrx_word' id='word_1_546' title='bbox 1811 4324 2011 4379; x_wconf 78' lang='lat' dir='ltr'><strong>exstin-</strong></span> 
     </span>
    </p>
   </div>
   <div class='ocr_carea' id='block_1_76' title="bbox 416 4412 2011 4483">
    <p class='ocr_par' dir='ltr' id='par_1_76' title="bbox 416 4412 2011 4483">
     <span class='ocr_line' id='line_1_76' title="bbox 416 4412 2011 4483; baseline 0 -14"><span class='ocrx_word' id='word_1_547' title='bbox 416 4414 613 4470; x_wconf 87' lang='lat' dir='ltr'><strong>ctionis</strong></span> <span class='ocrx_word' id='word_1_548' title='bbox 637 4414 785 4470; x_wconf 87' lang='lat' dir='ltr'><strong>illius</strong></span> <span class='ocrx_word' id='word_1_549' title='bbox 826 4414 1141 4483; x_wconf 85' lang='lat' dir='ltr'><strong>qualitatem</strong></span> <span class='ocrx_word' id='word_1_550' title='bbox 1172 4414 1309 4467; x_wconf 84' lang='lat' dir='ltr'><strong>adeo</strong></span> <span class='ocrx_word' id='word_1_551' title='bbox 1342 4412 1606 4467; x_wconf 89' lang='lat' dir='ltr'><strong>tenaciter</strong></span> <span class='ocrx_word' id='word_1_552' title='bbox 1628 4413 1888 4468; x_wconf 90' lang='lat' dir='ltr'><strong>memoria</strong></span> <span class='ocrx_word' id='word_1_553' title='bbox 1928 4430 2011 4469; x_wconf 87' lang='lat' dir='ltr'><strong>re-</strong></span> 
     </span>
    </p>
   </div>
   <div class='ocr_carea' id='block_1_77' title="bbox 416 4503 2005 4574">
    <p class='ocr_par' dir='ltr' id='par_1_77' title="bbox 416 4503 2005 4574">
     <span class='ocr_line' id='line_1_77' title="bbox 416 4503 2005 4574; baseline -0.001 -15"><span class='ocrx_word' id='word_1_554' title='bbox 416 4507 572 4569; x_wconf 82' lang='lat' dir='ltr'><strong>tinet,</strong></span> <span class='ocrx_word' id='word_1_555' title='bbox 605 4515 664 4560; x_wconf 93' lang='lat' dir='ltr'><strong>ut</strong></span> <span class='ocrx_word' id='word_1_556' title='bbox 686 4504 810 4560; x_wconf 88' lang='lat' dir='ltr'><strong>inde</strong></span> <span class='ocrx_word' id='word_1_557' title='bbox 830 4505 1041 4573; x_wconf 90' lang='lat' dir='ltr'><strong>penitus</strong></span> <span class='ocrx_word' id='word_1_558' title='bbox 1070 4521 1177 4559; x_wconf 84' lang='lat' dir='ltr'><strong>non</strong></span> <span class='ocrx_word' id='word_1_559' title='bbox 1202 4504 1373 4574; x_wconf 88' lang='lat' dir='ltr'><strong>possit</strong></span> <span class='ocrx_word' id='word_1_560' title='bbox 1398 4504 1576 4559; x_wconf 80' lang='lat' dir='ltr'><strong>avelli.</strong></span> <span class='ocrx_word' id='word_1_561' title='bbox 1606 4503 1723 4559; x_wconf 80' lang='lat' dir='ltr'><strong>Iluc</strong></span> <span class='ocrx_word' id='word_1_562' title='bbox 1762 4505 2005 4571; x_wconf 88' lang='lat' dir='ltr'><strong>accedit,</strong></span> 
     </span>
    </p>
   </div>
   <div class='ocr_carea' id='block_1_78' title="bbox 415 4597 2009 4669">
    <p class='ocr_par' dir='ltr' id='par_1_78' title="bbox 415 4597 2009 4669">
     <span class='ocr_line' id='line_1_78' title="bbox 415 4597 2009 4669; baseline 0.003 -17"><span class='ocrx_word' id='word_1_563' title='bbox 415 4598 559 4667; x_wconf 86' lang='lat' dir='ltr'><strong>quod</strong></span> <span class='ocrx_word' id='word_1_564' title='bbox 598 4599 773 4669; x_wconf 88' lang='lat' dir='ltr'><strong>ipsum</strong></span> <span class='ocrx_word' id='word_1_565' title='bbox 795 4598 1033 4653; x_wconf 89' lang='lat' dir='ltr'><strong>dolorem</strong></span> <span class='ocrx_word' id='word_1_566' title='bbox 1058 4598 1353 4652; x_wconf 87' lang='lat' dir='ltr'><strong>identidem</strong></span> <span class='ocrx_word' id='word_1_567' title='bbox 1379 4597 1707 4661; x_wconf 86' lang='lat' dir='ltr'><strong>accumulat,</strong></span> <span class='ocrx_word' id='word_1_568' title='bbox 1737 4609 1791 4653; x_wconf 90' lang='lat' dir='ltr'><strong>et</strong></span> <span class='ocrx_word' id='word_1_569' title='bbox 1816 4600 2009 4657; x_wconf 83' lang='lat' dir='ltr'><strong>vulnus</strong></span> 
     </span>
    </p>
   </div>
   <div class='ocr_carea' id='block_1_79' title="bbox 414 4688 2005 4759">
    <p class='ocr_par' dir='ltr' id='par_1_79' title="bbox 414 4688 2005 4759">
     <span class='ocr_line' id='line_1_79' title="bbox 414 4688 2005 4759; baseline 0.002 -15"><span class='ocrx_word' id='word_1_570' title='bbox 414 4688 581 4744; x_wconf 89' lang='lat' dir='ltr'><strong>semel</strong></span> <span class='ocrx_word' id='word_1_571' title='bbox 611 4697 891 4759; x_wconf 83' lang='lat' dir='ltr'><strong>acceptum</strong></span> <span class='ocrx_word' id='word_1_572' title='bbox 923 4688 1224 4753; x_wconf 80' lang='lat' dir='ltr'><strong>exulcerat,</strong></span> <span class='ocrx_word' id='word_1_573' title='bbox 1247 4688 1392 4758; x_wconf 90' lang='lat' dir='ltr'><strong>quod</strong></span> <span class='ocrx_word' id='word_1_574' title='bbox 1418 4698 1541 4744; x_wconf 88' lang='lat' dir='ltr'><strong>vota</strong></span> <span class='ocrx_word' id='word_1_575' title='bbox 1581 4688 1791 4745; x_wconf 86' lang='lat' dir='ltr'><strong>scilicet</strong></span> <span class='ocrx_word' id='word_1_576' title='bbox 1821 4702 2005 4747; x_wconf 87' lang='lat' dir='ltr'><strong>nostra</strong></span> 
     </span>
    </p>
   </div>
   <div class='ocr_carea' id='block_1_80' title="bbox 413 4780 2007 4850">
    <p class='ocr_par' dir='ltr' id='par_1_80' title="bbox 413 4780 2007 4850">
     <span class='ocr_line' id='line_1_80' title="bbox 413 4780 2007 4850; baseline 0.001 -14"><span class='ocrx_word' id='word_1_577' title='bbox 413 4780 546 4837; x_wconf 88' lang='lat' dir='ltr'><strong>nihil</strong></span> <span class='ocrx_word' id='word_1_578' title='bbox 572 4780 750 4836; x_wconf 89' lang='lat' dir='ltr'><strong>valere</strong></span> <span class='ocrx_word' id='word_1_579' title='bbox 789 4781 1049 4850; x_wconf 79' lang='lat' dir='ltr'><strong>permissa</strong></span> <span class='ocrx_word' id='word_1_580' title='bbox 1098 4789 1243 4840; x_wconf 82' lang='lat' dir='ltr'><strong>sunt.</strong></span> <span class='ocrx_word' id='word_1_581' title='bbox 1278 4796 1343 4834; x_wconf 90' lang='lat' dir='ltr'><strong>ac</strong></span> <span class='ocrx_word' id='word_1_582' title='bbox 1376 4796 1520 4850; x_wconf 90' lang='lat' dir='ltr'><strong>spes,</strong></span> <span class='ocrx_word' id='word_1_583' title='bbox 1547 4796 1707 4849; x_wconf 89' lang='lat' dir='ltr'><strong>quam</strong></span> <span class='ocrx_word' id='word_1_584' title='bbox 1752 4782 1804 4836; x_wconf 91' lang='lat' dir='ltr'><strong>in</strong></span> <span class='ocrx_word' id='word_1_585' title='bbox 1862 4799 2007 4838; x_wconf 86' lang='lat' dir='ltr'><strong>mar-</strong></span> 
     </span>
    </p>
   </div>
   <div class='ocr_carea' id='block_1_81' title="bbox 412 4870 2007 4943">
    <p class='ocr_par' dir='ltr' id='par_1_81' title="bbox 412 4870 2007 4943">
     <span class='ocr_line' id='line_1_81' title="bbox 412 4870 2007 4943; baseline -0.001 -17"><span class='ocrx_word' id='word_1_586' title='bbox 412 4879 593 4943; x_wconf 83' lang='lat' dir='ltr'><strong>tyrum</strong></span> <span class='ocrx_word' id='word_1_587' title='bbox 628 4870 837 4928; x_wconf 81' lang='lat' dir='ltr'><strong>meritis</strong></span> <span class='ocrx_word' id='word_1_588' title='bbox 858 4877 1021 4940; x_wconf 89' lang='lat' dir='ltr'><strong>atque</strong></span> <span class='ocrx_word' id='word_1_589' title='bbox 1050 4870 1446 4925; x_wconf 80' lang='lat' dir='ltr'><strong>interventione</strong></span> <span class='ocrx_word' id='word_1_590' title='bbox 1481 4870 1887 4937; x_wconf 88' lang='lat' dir='ltr'><strong>collocavimus,</strong></span> <span class='ocrx_word' id='word_1_591' title='bbox 1916 4888 2007 4927; x_wconf 72' lang='lat' dir='ltr'><strong>ex-</strong></span> 
     </span>
    </p>
   </div>
   <div class='ocr_carea' id='block_1_82' title="bbox 412 4959 2007 5033">
    <p class='ocr_par' dir='ltr' id='par_1_82' title="bbox 412 4959 2007 5033">
     <span class='ocr_line' id='line_1_82' title="bbox 412 4959 2007 5033; baseline 0.001 -17"><span class='ocrx_word' id='word_1_592' title='bbox 412 4962 804 5033; x_wconf 84' lang='lat' dir='ltr'><strong>spectationem</strong></span> <span class='ocrx_word' id='word_1_593' title='bbox 822 4970 1066 5017; x_wconf 87' lang='lat' dir='ltr'><strong>nostram</strong></span> <span class='ocrx_word' id='word_1_594' title='bbox 1090 4977 1156 5016; x_wconf 77' lang='lat' dir='ltr'><strong>ex</strong></span> <span class='ocrx_word' id='word_1_595' title='bbox 1181 4976 1303 5017; x_wconf 85' lang='lat' dir='ltr'><strong>asse</strong></span> <span class='ocrx_word' id='word_1_596' title='bbox 1326 4959 1589 5016; x_wconf 82' lang='lat' dir='ltr'><strong>frustrata</strong></span> <span class='ocrx_word' id='word_1_597' title='bbox 1612 4969 1713 5016; x_wconf 86' lang='lat' dir='ltr'><strong>est.</strong></span> <span class='ocrx_word' id='word_1_598' title='bbox 1740 4961 1865 5017; x_wconf 88' lang='lat' dir='ltr'><strong>Inde</strong></span> <span class='ocrx_word' id='word_1_599' title='bbox 1886 4978 2007 5018; x_wconf 90' lang='lat' dir='ltr'><strong>eve-</strong></span> 
     </span>
    </p>
   </div>
   <div class='ocr_carea' id='block_1_83' title="bbox 413 5054 2000 5122">
    <p class='ocr_par' dir='ltr' id='par_1_83' title="bbox 413 5054 2000 5122">
     <span class='ocr_line' id='line_1_83' title="bbox 413 5054 2000 5122; baseline 0 -13"><span class='ocrx_word' id='word_1_600' title='bbox 413 5056 496 5109; x_wconf 88' lang='lat' dir='ltr'><strong>nit</strong></span> <span class='ocrx_word' id='word_1_601' title='bbox 516 5054 879 5110; x_wconf 82' lang='lat' dir='ltr'><strong>utsolantium</strong></span> <span class='ocrx_word' id='word_1_602' title='bbox 901 5056 1086 5118; x_wconf 86' lang='lat' dir='ltr'><strong>verba,</strong></span> <span class='ocrx_word' id='word_1_603' title='bbox 1101 5068 1222 5122; x_wconf 76' lang='lat' dir='ltr'><strong>quae</strong></span> <span class='ocrx_word' id='word_1_604' title='bbox 1250 5054 1478 5109; x_wconf 86' lang='lat' dir='ltr'><strong>aliorum</strong></span> <span class='ocrx_word' id='word_1_605' title='bbox 1502 5056 1775 5110; x_wconf 73' lang='lat' dir='ltr'><strong>maestitia:</strong></span> <span class='ocrx_word' id='word_1_606' title='bbox 1800 5057 2000 5110; x_wconf 88' lang='lat' dir='ltr'><strong>mederi</strong></span> 
     </span>
    </p>
   </div>
   <div class='ocr_carea' id='block_1_84' title="bbox 414 5144 2002 5217">
    <p class='ocr_par' dir='ltr' id='par_1_84' title="bbox 414 5144 2002 5217">
     <span class='ocr_line' id='line_1_84' title="bbox 414 5144 2002 5217; baseline -0.003 -14"><span class='ocrx_word' id='word_1_607' title='bbox 414 5148 610 5213; x_wconf 81' lang='lat' dir='ltr'><strong>solent,</strong></span> <span class='ocrx_word' id='word_1_608' title='bbox 642 5147 853 5217; x_wconf 85' lang='lat' dir='ltr'><strong>plagam</strong></span> <span class='ocrx_word' id='word_1_609' title='bbox 880 5146 1062 5202; x_wconf 91' lang='lat' dir='ltr'><strong>cordis</strong></span> <span class='ocrx_word' id='word_1_610' title='bbox 1091 5146 1260 5201; x_wconf 89' lang='lat' dir='ltr'><strong>nostri</strong></span> <span class='ocrx_word' id='word_1_611' title='bbox 1290 5148 1673 5201; x_wconf 91' lang='lat' dir='ltr'><strong>recrudeseere</strong></span> <span class='ocrx_word' id='word_1_612' title='bbox 1722 5148 1899 5216; x_wconf 89' lang='lat' dir='ltr'><strong>potius</strong></span> <span class='ocrx_word' id='word_1_613' title='bbox 1926 5144 2002 5199; x_wconf 83' lang='lat' dir='ltr'><strong>fa-</strong></span> 
     </span>
    </p>
   </div>
   <div class='ocr_carea' id='block_1_85' title="bbox 411 5236 2000 5307">
    <p class='ocr_par' dir='ltr' id='par_1_85' title="bbox 411 5236 2000 5307">
     <span class='ocr_line' id='line_1_85' title="bbox 411 5236 2000 5307; baseline -0.001 -14"><span class='ocrx_word' id='word_1_614' title='bbox 411 5244 561 5294; x_wconf 79' lang='lat' dir='ltr'><strong>ciant</strong></span> <span class='ocrx_word' id='word_1_615' title='bbox 586 5246 751 5307; x_wconf 86' lang='lat' dir='ltr'><strong>atque</strong></span> <span class='ocrx_word' id='word_1_616' title='bbox 781 5237 1115 5303; x_wconf 86' lang='lat' dir='ltr'><strong>rescindant,</strong></span> <span class='ocrx_word' id='word_1_617' title='bbox 1153 5251 1277 5292; x_wconf 90' lang='lat' dir='ltr'><strong>cum</strong></span> <span class='ocrx_word' id='word_1_618' title='bbox 1323 5250 1409 5290; x_wconf 89' lang='lat' dir='ltr'><strong>me</strong></span> <span class='ocrx_word' id='word_1_619' title='bbox 1436 5237 1813 5306; x_wconf 69' lang='lat' dir='ltr'><strong>aequanimiter</strong></span> <span class='ocrx_word' id='word_1_620' title='bbox 1858 5236 2000 5291; x_wconf 88' lang='lat' dir='ltr'><strong>ferre</strong></span> 
     </span>
    </p>
   </div>
   <div class='ocr_carea' id='block_1_86' title="bbox 408 5326 1998 5397">
    <p class='ocr_par' dir='ltr' id='par_1_86' title="bbox 408 5326 1998 5397">
     <span class='ocr_line' id='line_1_86' title="bbox 408 5326 1998 5397; baseline -0.001 -14"><span class='ocrx_word' id='word_1_621' title='bbox 408 5326 603 5397; x_wconf 87' lang='lat' dir='ltr'><strong>jubent</strong></span> <span class='ocrx_word' id='word_1_622' title='bbox 626 5326 906 5384; x_wconf 70' lang='lat' dir='ltr'><strong>intortuuii</strong></span> <span class='ocrx_word' id='word_1_623' title='bbox 947 5328 1239 5393; x_wconf 88' lang='lat' dir='ltr'><strong>molestias,</strong></span> <span class='ocrx_word' id='word_1_624' title='bbox 1263 5341 1399 5397; x_wconf 89' lang='lat' dir='ltr'><strong>quas</strong></span> <span class='ocrx_word' id='word_1_625' title='bbox 1436 5327 1537 5396; x_wconf 89' lang='lat' dir='ltr'><strong>ipsi</strong></span> <span class='ocrx_word' id='word_1_626' title='bbox 1566 5342 1673 5381; x_wconf 89' lang='lat' dir='ltr'><strong>non</strong></span> <span class='ocrx_word' id='word_1_627' title='bbox 1716 5328 1957 5382; x_wconf 90' lang='lat' dir='ltr'><strong>sentiunt</strong></span> <span class='ocrx_word' id='word_1_628' title='bbox 1984 5368 1998 5392; x_wconf 92' lang='lat'><strong>,</strong></span> 
     </span>
    </p>
   </div>
   <div class='ocr_carea' id='block_1_87' title="bbox 411 5420 2001 5493">
    <p class='ocr_par' dir='ltr' id='par_1_87' title="bbox 411 5420 2001 5493">
     <span class='ocr_line' id='line_1_87' title="bbox 411 5420 2001 5493; baseline -0.001 -16"><span class='ocrx_word' id='word_1_629' title='bbox 411 5432 576 5492; x_wconf 84' lang='lat' dir='ltr'><strong>atque</strong></span> <span class='ocrx_word' id='word_1_630' title='bbox 599 5422 652 5477; x_wconf 91' lang='lat' dir='ltr'><strong>in</strong></span> <span class='ocrx_word' id='word_1_631' title='bbox 673 5435 738 5478; x_wconf 89' lang='lat' dir='ltr'><strong>eo</strong></span> <span class='ocrx_word' id='word_1_632' title='bbox 768 5430 990 5476; x_wconf 89' lang='lat' dir='ltr'><strong>censent</strong></span> <span class='ocrx_word' id='word_1_633' title='bbox 1010 5421 1141 5477; x_wconf 84' lang='lat' dir='ltr'><strong>mihi</strong></span> <span class='ocrx_word' id='word_1_634' title='bbox 1164 5420 1565 5493; x_wconf 89' lang='lat' dir='ltr'><strong>gratulandum,</strong></span> <span class='ocrx_word' id='word_1_635' title='bbox 1582 5421 1636 5475; x_wconf 89' lang='lat' dir='ltr'><strong>in</strong></span> <span class='ocrx_word' id='word_1_636' title='bbox 1658 5435 1766 5490; x_wconf 91' lang='lat' dir='ltr'><strong>quo</strong></span> <span class='ocrx_word' id='word_1_637' title='bbox 1792 5420 2001 5475; x_wconf 89' lang='lat' dir='ltr'><strong>nullum</strong></span> 
     </span>
    </p>
   </div>
   <div class='ocr_carea' id='block_1_88' title="bbox 412 5512 2002 5583">
    <p class='ocr_par' dir='ltr' id='par_1_88' title="bbox 412 5512 2002 5583">
     <span class='ocr_line' id='line_1_88' title="bbox 412 5512 2002 5583; baseline -0.001 -14"><span class='ocrx_word' id='word_1_638' title='bbox 412 5514 594 5583; x_wconf 78' lang='lat' dir='ltr'><strong>gaudii</strong></span> <span class='ocrx_word' id='word_1_639' title='bbox 622 5513 707 5568; x_wconf 86' lang='lat' dir='ltr'><strong>vel</strong></span> <span class='ocrx_word' id='word_1_640' title='bbox 734 5513 933 5570; x_wconf 64' lang='lat' dir='ltr'><strong>laztitire</strong></span> <span class='ocrx_word' id='word_1_641' title='bbox 952 5513 1520 5570; x_wconf 81' lang='lat' dir='ltr'><strong>valentdemonstrare</strong></span> <span class='ocrx_word' id='word_1_642' title='bbox 1544 5512 1849 5583; x_wconf 86' lang='lat' dir='ltr'><strong>vestigium.</strong></span> <span class='ocrx_word' id='word_1_643' title='bbox 1870 5512 2002 5580; x_wconf 88' lang='lat' dir='ltr'><strong>Quis</strong></span> 
     </span>
    </p>
   </div>
   <div class='ocr_carea' id='block_1_89' title="bbox 410 5606 2002 5676">
    <p class='ocr_par' dir='ltr' id='par_1_89' title="bbox 410 5606 2002 5676">
     <span class='ocr_line' id='line_1_89' title="bbox 410 5606 2002 5676; baseline 0.001 -16"><span class='ocrx_word' id='word_1_644' title='bbox 410 5615 495 5660; x_wconf 83' lang='lat' dir='ltr'><strong>est</strong></span> <span class='ocrx_word' id='word_1_645' title='bbox 514 5621 660 5661; x_wconf 79' lang='lat' dir='ltr'><strong>enim</strong></span> <span class='ocrx_word' id='word_1_646' title='bbox 690 5607 1029 5672; x_wconf 85' lang='lat' dir='ltr'><strong>mortalium,</strong></span> <span class='ocrx_word' id='word_1_647' title='bbox 1072 5608 1157 5663; x_wconf 91' lang='lat' dir='ltr'><strong>cui</strong></span> <span class='ocrx_word' id='word_1_648' title='bbox 1209 5622 1361 5662; x_wconf 85' lang='lat' dir='ltr'><strong>mens</strong></span> <span class='ocrx_word' id='word_1_649' title='bbox 1404 5614 1635 5669; x_wconf 85' lang='lat' dir='ltr'><strong>constet,</strong></span> <span class='ocrx_word' id='word_1_650' title='bbox 1670 5606 1871 5676; x_wconf 89' lang='lat' dir='ltr'><strong>quique</strong></span> <span class='ocrx_word' id='word_1_651' title='bbox 1916 5623 2002 5661; x_wconf 88' lang='lat' dir='ltr'><strong>sa-</strong></span> 
     </span>
    </p>
   </div>
   <div class='ocr_carea' id='block_1_90' title="bbox 416 5694 2001 5767">
    <p class='ocr_par' dir='ltr' id='par_1_90' title="bbox 416 5694 2001 5767">
     <span class='ocr_line' id='line_1_90' title="bbox 416 5694 2001 5767; baseline 0.003 -21"><span class='ocrx_word' id='word_1_652' title='bbox 416 5710 539 5747; x_wconf 86' lang='lat' dir='ltr'><strong>num</strong></span> <span class='ocrx_word' id='word_1_653' title='bbox 570 5696 763 5763; x_wconf 77' lang='lat' dir='ltr'><strong>sapiat,</strong></span> <span class='ocrx_word' id='word_1_654' title='bbox 793 5696 880 5767; x_wconf 87' lang='lat' dir='ltr'><strong>qui</strong></span> <span class='ocrx_word' id='word_1_655' title='bbox 906 5706 1105 5750; x_wconf 83' lang='lat' dir='ltr'><strong>sortem</strong></span> <span class='ocrx_word' id='word_1_656' title='bbox 1137 5712 1291 5751; x_wconf 86' lang='lat' dir='ltr'><strong>suam</strong></span> <span class='ocrx_word' id='word_1_657' title='bbox 1322 5711 1426 5751; x_wconf 90' lang='lat' dir='ltr'><strong>non</strong></span> <span class='ocrx_word' id='word_1_658' title='bbox 1478 5694 1692 5761; x_wconf 81' lang='lat' dir='ltr'><strong>deﬂeat,</strong></span> <span class='ocrx_word' id='word_1_659' title='bbox 1719 5704 1772 5751; x_wconf 85' lang='lat' dir='ltr'><strong>et</strong></span> <span class='ocrx_word' id='word_1_660' title='bbox 1804 5696 1896 5765; x_wconf 87' lang='lat' dir='ltr'><strong>qui</strong></span> <span class='ocrx_word' id='word_1_661' title='bbox 1945 5711 2001 5750; x_wconf 87' lang='lat' dir='ltr'><strong>se</strong></span> 
     </span>
    </p>
   </div>
   <div class='ocr_carea' id='block_1_91' title="bbox 2120 3223 2526 3278">
    <p class='ocr_par' dir='ltr' id='par_1_91' title="bbox 2120 3223 2526 3278">
     <span class='ocr_line' id='line_1_91' title="bbox 2120 3223 2526 3278; baseline 0.002 -1"><span class='ocrx_word' id='word_1_662' title='bbox 2120 3223 2247 3277; x_wconf 87' lang='lat' dir='ltr'><strong>dum</strong></span> <span class='ocrx_word' id='word_1_663' title='bbox 2268 3223 2526 3278; x_wconf 87' lang='lat' dir='ltr'><strong>admittit.</strong></span> 
     </span>
    </p>
   </div>
   <div class='ocr_carea' id='block_1_92' title="bbox 2192 3313 3719 3391">
    <p class='ocr_par' dir='ltr' id='par_1_92' title="bbox 2192 3313 3719 3391">
     <span class='ocr_line' id='line_1_92' title="bbox 2192 3313 3719 3391; baseline 0.01 -24"><span class='ocrx_word' id='word_1_664' title='bbox 2192 3314 2290 3369; x_wconf 90' lang='lat' dir='ltr'><strong>llic</strong></span> <span class='ocrx_word' id='word_1_665' title='bbox 2333 3313 2564 3370; x_wconf 76' lang='lat' dir='ltr'><strong>fortasse</strong></span> <span class='ocrx_word' id='word_1_666' title='bbox 2594 3316 2813 3372; x_wconf 90' lang='lat' dir='ltr'><strong>miraris</strong></span> <span class='ocrx_word' id='word_1_667' title='bbox 2844 3333 2908 3373; x_wconf 90' lang='lat' dir='ltr'><strong>ac</strong></span> <span class='ocrx_word' id='word_1_668' title='bbox 2932 3318 3069 3375; x_wconf 89' lang='lat' dir='ltr'><strong>dicis</strong></span> <span class='ocrx_word' id='word_1_669' title='bbox 3108 3335 3174 3375; x_wconf 82' lang='lat' dir='ltr'><strong>ex</strong></span> <span class='ocrx_word' id='word_1_670' title='bbox 3219 3321 3524 3391; x_wconf 84' lang='lat' dir='ltr'><strong>hujusmodi</strong></span> <span class='ocrx_word' id='word_1_671' title='bbox 3551 3340 3719 3382; x_wconf 76' lang='lat' dir='ltr'><strong>occa-</strong></span> 
     </span>
    </p>
   </div>
   <div class='ocr_carea' id='block_1_93' title="bbox 2119 3404 3719 3482">
    <p class='ocr_par' dir='ltr' id='par_1_93' title="bbox 2119 3404 3719 3482">
     <span class='ocr_line' id='line_1_93' title="bbox 2119 3404 3719 3482; baseline 0.008 -22"><span class='ocrx_word' id='word_1_672' title='bbox 2119 3404 2272 3460; x_wconf 88' lang='lat' dir='ltr'><strong>sione</strong></span> <span class='ocrx_word' id='word_1_673' title='bbox 2294 3415 2476 3461; x_wconf 88' lang='lat' dir='ltr'><strong>natum</strong></span> <span class='ocrx_word' id='word_1_674' title='bbox 2511 3406 2772 3475; x_wconf 74' lang='lat' dir='ltr'><strong>dolorem,</strong></span> <span class='ocrx_word' id='word_1_675' title='bbox 2799 3422 2908 3464; x_wconf 87' lang='lat' dir='ltr'><strong>tam</strong></span> <span class='ocrx_word' id='word_1_676' title='bbox 2932 3410 3151 3482; x_wconf 86' lang='lat' dir='ltr'><strong>longum</strong></span> <span class='ocrx_word' id='word_1_677' title='bbox 3175 3430 3239 3468; x_wconf 93' lang='lat' dir='ltr'><strong>ac</strong></span> <span class='ocrx_word' id='word_1_678' title='bbox 3259 3415 3568 3471; x_wconf 89' lang='lat' dir='ltr'><strong>diuturnum</strong></span> <span class='ocrx_word' id='word_1_679' title='bbox 3590 3430 3719 3473; x_wconf 87' lang='lat' dir='ltr'><strong>esse</strong></span> 
     </span>
    </p>
   </div>
   <div class='ocr_carea' id='block_1_94' title="bbox 2117 3498 3718 3576">
    <p class='ocr_par' dir='ltr' id='par_1_94' title="bbox 2117 3498 3718 3576">
     <span class='ocr_line' id='line_1_94' title="bbox 2117 3498 3718 3576; baseline 0.006 -22"><span class='ocrx_word' id='word_1_680' title='bbox 2117 3514 2225 3554; x_wconf 89' lang='lat' dir='ltr'><strong>non</strong></span> <span class='ocrx_word' id='word_1_681' title='bbox 2256 3499 2524 3555; x_wconf 87' lang='lat' dir='ltr'><strong>debuisse.</strong></span> <span class='ocrx_word' id='word_1_682' title='bbox 2550 3498 2717 3567; x_wconf 86' lang='lat' dir='ltr'><strong>Quasi</strong></span> <span class='ocrx_word' id='word_1_683' title='bbox 2757 3500 2811 3562; x_wconf 87' lang='lat' dir='ltr'><strong>in</strong></span> <span class='ocrx_word' id='word_1_684' title='bbox 2836 3502 3069 3558; x_wconf 87' lang='lat' dir='ltr'><strong>dolentis</strong></span> <span class='ocrx_word' id='word_1_685' title='bbox 3101 3504 3173 3557; x_wconf 86' lang='lat' dir='ltr'><strong>sit</strong></span> <span class='ocrx_word' id='word_1_686' title='bbox 3201 3513 3470 3573; x_wconf 88' lang='lat' dir='ltr'><strong>potestate</strong></span> <span class='ocrx_word' id='word_1_687' title='bbox 3498 3508 3718 3576; x_wconf 84' lang='lat' dir='ltr'><strong>quando</strong></span> 
     </span>
    </p>
   </div>
   <div class='ocr_carea' id='block_1_95' title="bbox 2118 3587 3714 3667">
    <p class='ocr_par' dir='ltr' id='par_1_95' title="bbox 2118 3587 3714 3667">
     <span class='ocr_line' id='line_1_95' title="bbox 2118 3587 3714 3667; baseline 0.004 -24"><span class='ocrx_word' id='word_1_688' title='bbox 2118 3588 2171 3643; x_wconf 92' lang='lat' dir='ltr'><strong>id</strong></span> <span class='ocrx_word' id='word_1_689' title='bbox 2205 3587 2424 3643; x_wconf 83' lang='lat' dir='ltr'><strong>ﬁniatur</strong></span> <span class='ocrx_word' id='word_1_690' title='bbox 2453 3590 2599 3658; x_wconf 91' lang='lat' dir='ltr'><strong>quod</strong></span> <span class='ocrx_word' id='word_1_691' title='bbox 2626 3588 2733 3655; x_wconf 91' lang='lat' dir='ltr'><strong>ille,</strong></span> <span class='ocrx_word' id='word_1_692' title='bbox 2760 3592 2977 3660; x_wconf 87' lang='lat' dir='ltr'><strong>quando</strong></span> <span class='ocrx_word' id='word_1_693' title='bbox 3006 3593 3293 3663; x_wconf 89' lang='lat' dir='ltr'><strong>inciperet,</strong></span> <span class='ocrx_word' id='word_1_694' title='bbox 3316 3609 3492 3664; x_wconf 88' lang='lat' dir='ltr'><strong>neque</strong></span> <span class='ocrx_word' id='word_1_695' title='bbox 3534 3596 3587 3649; x_wconf 89' lang='lat' dir='ltr'><strong>in</strong></span> <span class='ocrx_word' id='word_1_696' title='bbox 3616 3611 3714 3667; x_wconf 88' lang='lat' dir='ltr'><strong>po-</strong></span> 
     </span>
    </p>
   </div>
   <div class='ocr_carea' id='block_1_96' title="bbox 2117 3679 3713 3756">
    <p class='ocr_par' dir='ltr' id='par_1_96' title="bbox 2117 3679 3713 3756">
     <span class='ocr_line' id='line_1_96' title="bbox 2117 3679 3713 3756; baseline 0.007 -24"><span class='ocrx_word' id='word_1_697' title='bbox 2117 3684 2312 3733; x_wconf 88' lang='lat' dir='ltr'><strong>testate</strong></span> <span class='ocrx_word' id='word_1_698' title='bbox 2334 3679 2545 3744; x_wconf 91' lang='lat' dir='ltr'><strong>habuit,</strong></span> <span class='ocrx_word' id='word_1_699' title='bbox 2575 3695 2750 3750; x_wconf 89' lang='lat' dir='ltr'><strong>neque</strong></span> <span class='ocrx_word' id='word_1_700' title='bbox 2794 3683 3084 3752; x_wconf 70' lang='lat' dir='ltr'><strong>ptmscivit.</strong></span> <span class='ocrx_word' id='word_1_701' title='bbox 3116 3683 3288 3739; x_wconf 67' lang='lat' dir='ltr'><strong>Metiri</strong></span> <span class='ocrx_word' id='word_1_702' title='bbox 3322 3696 3500 3740; x_wconf 90' lang='lat' dir='ltr'><strong>tamen</strong></span> <span class='ocrx_word' id='word_1_703' title='bbox 3551 3702 3713 3756; x_wconf 85' lang='lat' dir='ltr'><strong>posse</strong></span> 
     </span>
    </p>
   </div>
   <div class='ocr_carea' id='block_1_97' title="bbox 2117 3770 3709 3845">
    <p class='ocr_par' dir='ltr' id='par_1_97' title="bbox 2117 3770 3709 3845">
     <span class='ocr_line' id='line_1_97' title="bbox 2117 3770 3709 3845; baseline 0.005 -21"><span class='ocrx_word' id='word_1_704' title='bbox 2117 3770 2331 3824; x_wconf 85' lang='lat' dir='ltr'><strong>videtur</strong></span> <span class='ocrx_word' id='word_1_705' title='bbox 2355 3770 2556 3826; x_wconf 90' lang='lat' dir='ltr'><strong>doloris</strong></span> <span class='ocrx_word' id='word_1_706' title='bbox 2585 3786 2651 3826; x_wconf 90' lang='lat' dir='ltr'><strong>ac</strong></span> <span class='ocrx_word' id='word_1_707' title='bbox 2676 3773 2930 3829; x_wconf 84' lang='lat' dir='ltr'><strong>mceroris</strong></span> <span class='ocrx_word' id='word_1_708' title='bbox 2964 3776 3280 3845; x_wconf 85' lang='lat' dir='ltr'><strong>magnitudo</strong></span> <span class='ocrx_word' id='word_1_709' title='bbox 3305 3777 3421 3831; x_wconf 88' lang='lat' dir='ltr'><strong>sive</strong></span> <span class='ocrx_word' id='word_1_710' title='bbox 3439 3778 3709 3832; x_wconf 88' lang='lat' dir='ltr'><strong>diuturni-</strong></span> 
     </span>
    </p>
   </div>
   <div class='ocr_carea' id='block_1_98' title="bbox 2115 3861 3711 3939">
    <p class='ocr_par' dir='ltr' id='par_1_98' title="bbox 2115 3861 3711 3939">
     <span class='ocr_line' id='line_1_98' title="bbox 2115 3861 3711 3939; baseline 0.006 -24"><span class='ocrx_word' id='word_1_711' title='bbox 2115 3869 2198 3917; x_wconf 92' lang='lat' dir='ltr'><strong>tas</strong></span> <span class='ocrx_word' id='word_1_712' title='bbox 2227 3861 2293 3916; x_wconf 91' lang='lat' dir='ltr'><strong>de</strong></span> <span class='ocrx_word' id='word_1_713' title='bbox 2336 3876 2548 3928; x_wconf 91' lang='lat' dir='ltr'><strong>eorum,</strong></span> <span class='ocrx_word' id='word_1_714' title='bbox 2579 3878 2701 3933; x_wconf 75' lang='lat' dir='ltr'><strong>qua:</strong></span> <span class='ocrx_word' id='word_1_715' title='bbox 2750 3864 3085 3931; x_wconf 84' lang='lat' dir='ltr'><strong>acciderunt,</strong></span> <span class='ocrx_word' id='word_1_716' title='bbox 3110 3866 3432 3922; x_wconf 88' lang='lat' dir='ltr'><strong>damnorum</strong></span> <span class='ocrx_word' id='word_1_717' title='bbox 3485 3869 3711 3939; x_wconf 78' lang='lat' dir='ltr'><strong>quanti-</strong></span> 
     </span>
    </p>
   </div>
   <div class='ocr_carea' id='block_1_99' title="bbox 2115 3956 3711 4025">
    <p class='ocr_par' dir='ltr' id='par_1_99' title="bbox 2115 3956 3711 4025">
     <span class='ocr_line' id='line_1_99' title="bbox 2115 3956 3711 4025; baseline 0.008 -20"><span class='ocrx_word' id='word_1_718' title='bbox 2115 3960 2263 4007; x_wconf 85' lang='lat' dir='ltr'><strong>tate:</strong></span> <span class='ocrx_word' id='word_1_719' title='bbox 2291 3968 2411 4023; x_wconf 76' lang='lat' dir='ltr'><strong>qua:</strong></span> <span class='ocrx_word' id='word_1_720' title='bbox 2448 3968 2549 4025; x_wconf 87' lang='lat' dir='ltr'><strong>ego</strong></span> <span class='ocrx_word' id='word_1_721' title='bbox 2588 3969 2712 4009; x_wconf 91' lang='lat' dir='ltr'><strong>cum</strong></span> <span class='ocrx_word' id='word_1_722' title='bbox 2763 3956 3005 4025; x_wconf 87' lang='lat' dir='ltr'><strong>quotidie</strong></span> <span class='ocrx_word' id='word_1_723' title='bbox 3065 3958 3119 4013; x_wconf 87' lang='lat' dir='ltr'><strong>in</strong></span> <span class='ocrx_word' id='word_1_724' title='bbox 3151 3960 3302 4014; x_wconf 88' lang='lat' dir='ltr'><strong>omni</strong></span> <span class='ocrx_word' id='word_1_725' title='bbox 3343 3960 3595 4025; x_wconf 86' lang='lat' dir='ltr'><strong>actione,</strong></span> <span class='ocrx_word' id='word_1_726' title='bbox 3653 3962 3711 4018; x_wconf 86' lang='lat' dir='ltr'><strong>in</strong></span> 
     </span>
    </p>
   </div>
   <div class='ocr_carea' id='block_1_100' title="bbox 2112 4045 3712 4115">
    <p class='ocr_par' dir='ltr' id='par_1_100' title="bbox 2112 4045 3712 4115">
     <span class='ocr_line' id='line_1_100' title="bbox 2112 4045 3712 4115; baseline 0.006 -17"><span class='ocrx_word' id='word_1_727' title='bbox 2112 4045 2259 4098; x_wconf 89' lang='lat' dir='ltr'><strong>omni</strong></span> <span class='ocrx_word' id='word_1_728' title='bbox 2292 4047 2525 4115; x_wconf 87' lang='lat' dir='ltr'><strong>negotio,</strong></span> <span class='ocrx_word' id='word_1_729' title='bbox 2558 4047 2613 4100; x_wconf 91' lang='lat' dir='ltr'><strong>in</strong></span> <span class='ocrx_word' id='word_1_730' title='bbox 2656 4054 2764 4102; x_wconf 90' lang='lat' dir='ltr'><strong>tota</strong></span> <span class='ocrx_word' id='word_1_731' title='bbox 2797 4048 2985 4103; x_wconf 91' lang='lat' dir='ltr'><strong>domus</strong></span> <span class='ocrx_word' id='word_1_732' title='bbox 3021 4065 3085 4104; x_wconf 91' lang='lat' dir='ltr'><strong>ac</strong></span> <span class='ocrx_word' id='word_1_733' title='bbox 3117 4048 3335 4107; x_wconf 68' lang='lat' dir='ltr'><strong>familia:</strong></span> <span class='ocrx_word' id='word_1_734' title='bbox 3358 4052 3712 4108; x_wconf 79' lang='lat' dir='ltr'><strong>administra-</strong></span> 
     </span>
    </p>
   </div>
   <div class='ocr_carea' id='block_1_101' title="bbox 2113 4134 3708 4206">
    <p class='ocr_par' dir='ltr' id='par_1_101' title="bbox 2113 4134 3708 4206">
     <span class='ocr_line' id='line_1_101' title="bbox 2113 4134 3708 4206; baseline 0.008 -18"><span class='ocrx_word' id='word_1_735' title='bbox 2113 4134 2279 4199; x_wconf 89' lang='lat' dir='ltr'><strong>tione,</strong></span> <span class='ocrx_word' id='word_1_736' title='bbox 2316 4134 2369 4188; x_wconf 88' lang='lat' dir='ltr'><strong>in</strong></span> <span class='ocrx_word' id='word_1_737' title='bbox 2400 4136 2630 4203; x_wconf 89' lang='lat' dir='ltr'><strong>cunctis,</strong></span> <span class='ocrx_word' id='word_1_738' title='bbox 2661 4151 2781 4206; x_wconf 71' lang='lat' dir='ltr'><strong>quae</strong></span> <span class='ocrx_word' id='word_1_739' title='bbox 2805 4137 2892 4192; x_wconf 88' lang='lat' dir='ltr'><strong>vel</strong></span> <span class='ocrx_word' id='word_1_740' title='bbox 2926 4139 2991 4191; x_wconf 89' lang='lat' dir='ltr'><strong>ad</strong></span> <span class='ocrx_word' id='word_1_741' title='bbox 3020 4139 3260 4194; x_wconf 89' lang='lat' dir='ltr'><strong>divinum</strong></span> <span class='ocrx_word' id='word_1_742' title='bbox 3291 4140 3377 4196; x_wconf 92' lang='lat' dir='ltr'><strong>vel</strong></span> <span class='ocrx_word' id='word_1_743' title='bbox 3404 4143 3708 4201; x_wconf 86' lang='lat' dir='ltr'><strong>humanum</strong></span> 
     </span>
    </p>
   </div>
   <div class='ocr_carea' id='block_1_102' title="bbox 2110 4223 3707 4303">
    <p class='ocr_par' dir='ltr' id='par_1_102' title="bbox 2110 4223 3707 4303">
     <span class='ocr_line' id='line_1_102' title="bbox 2110 4223 3707 4303; baseline 0.006 -22"><span class='ocrx_word' id='word_1_744' title='bbox 2110 4223 2343 4281; x_wconf 77' lang='lat' dir='ltr'><strong>cilicium</strong></span> <span class='ocrx_word' id='word_1_745' title='bbox 2398 4227 2709 4295; x_wconf 89' lang='lat' dir='ltr'><strong>pertinent,</strong></span> <span class='ocrx_word' id='word_1_746' title='bbox 2746 4228 3097 4299; x_wconf 87' lang='lat' dir='ltr'><strong>disponendis</strong></span> <span class='ocrx_word' id='word_1_747' title='bbox 3134 4239 3297 4300; x_wconf 89' lang='lat' dir='ltr'><strong>atque</strong></span> <span class='ocrx_word' id='word_1_748' title='bbox 3340 4233 3661 4290; x_wconf 87' lang='lat' dir='ltr'><strong>ordinandis</strong></span> <span class='ocrx_word' id='word_1_749' title='bbox 3688 4275 3707 4303; x_wconf 87' lang='lat'><strong>,</strong></span> 
     </span>
    </p>
   </div>
   <div class='ocr_carea' id='block_1_103' title="bbox 2109 4319 3708 4396">
    <p class='ocr_par' dir='ltr' id='par_1_103' title="bbox 2109 4319 3708 4396">
     <span class='ocr_line' id='line_1_103' title="bbox 2109 4319 3708 4396; baseline 0.006 -23"><span class='ocrx_word' id='word_1_750' title='bbox 2109 4319 2419 4373; x_wconf 69' lang='lat' dir='ltr'><strong>immaniter</strong></span> <span class='ocrx_word' id='word_1_751' title='bbox 2439 4319 2701 4385; x_wconf 88' lang='lat' dir='ltr'><strong>sentiam;</strong></span> <span class='ocrx_word' id='word_1_752' title='bbox 2734 4322 2824 4389; x_wconf 91' lang='lat' dir='ltr'><strong>qui</strong></span> <span class='ocrx_word' id='word_1_753' title='bbox 2854 4320 2971 4376; x_wconf 80' lang='lat' dir='ltr'><strong>ﬁeri</strong></span> <span class='ocrx_word' id='word_1_754' title='bbox 3004 4330 3205 4393; x_wconf 90' lang='lat' dir='ltr'><strong>potest,</strong></span> <span class='ocrx_word' id='word_1_755' title='bbox 3237 4330 3293 4377; x_wconf 93' lang='lat' dir='ltr'><strong>ut</strong></span> <span class='ocrx_word' id='word_1_756' title='bbox 3326 4324 3708 4396; x_wconf 80' lang='lat' dir='ltr'><strong>vulnus,quod</strong></span> 
     </span>
    </p>
   </div>
   <div class='ocr_carea' id='block_1_104' title="bbox 2111 4410 3705 4486">
    <p class='ocr_par' dir='ltr' id='par_1_104' title="bbox 2111 4410 3705 4486">
     <span class='ocr_line' id='line_1_104' title="bbox 2111 4410 3705 4486; baseline 0.005 -23"><span class='ocrx_word' id='word_1_757' title='bbox 2111 4418 2191 4464; x_wconf 87' lang='lat' dir='ltr'><strong>tot</strong></span> <span class='ocrx_word' id='word_1_758' title='bbox 2214 4424 2279 4465; x_wconf 89' lang='lat' dir='ltr'><strong>ac</strong></span> <span class='ocrx_word' id='word_1_759' title='bbox 2299 4418 2449 4463; x_wconf 89' lang='lat' dir='ltr'><strong>tanta</strong></span> <span class='ocrx_word' id='word_1_760' title='bbox 2472 4410 2813 4464; x_wconf 87' lang='lat' dir='ltr'><strong>incommoda</strong></span> <span class='ocrx_word' id='word_1_761' title='bbox 2837 4410 3033 4476; x_wconf 90' lang='lat' dir='ltr'><strong>intulit,</strong></span> <span class='ocrx_word' id='word_1_762' title='bbox 3058 4427 3181 4467; x_wconf 90' lang='lat' dir='ltr'><strong>cum</strong></span> <span class='ocrx_word' id='word_1_763' title='bbox 3206 4414 3400 4468; x_wconf 87' lang='lat' dir='ltr'><strong>crebro</strong></span> <span class='ocrx_word' id='word_1_764' title='bbox 3430 4417 3705 4486; x_wconf 86' lang='lat' dir='ltr'><strong>tangitur,</strong></span> 
     </span>
    </p>
   </div>
   <div class='ocr_carea' id='block_1_105' title="bbox 2112 4500 3706 4572">
    <p class='ocr_par' dir='ltr' id='par_1_105' title="bbox 2112 4500 3706 4572">
     <span class='ocr_line' id='line_1_105' title="bbox 2112 4500 3706 4572; baseline 0.004 -17"><span class='ocrx_word' id='word_1_765' title='bbox 2112 4515 2219 4555; x_wconf 91' lang='lat' dir='ltr'><strong>non</strong></span> <span class='ocrx_word' id='word_1_766' title='bbox 2257 4500 2601 4555; x_wconf 91' lang='lat' dir='ltr'><strong>recrudescat</strong></span> <span class='ocrx_word' id='word_1_767' title='bbox 2628 4501 2808 4571; x_wconf 91' lang='lat' dir='ltr'><strong>potius</strong></span> <span class='ocrx_word' id='word_1_768' title='bbox 2843 4509 2898 4556; x_wconf 93' lang='lat' dir='ltr'><strong>et</strong></span> <span class='ocrx_word' id='word_1_769' title='bbox 2926 4500 3235 4567; x_wconf 73' lang='lat' dir='ltr'><strong>renovetur,</strong></span> <span class='ocrx_word' id='word_1_770' title='bbox 3254 4518 3423 4572; x_wconf 88' lang='lat' dir='ltr'><strong>quam</strong></span> <span class='ocrx_word' id='word_1_771' title='bbox 3451 4515 3706 4562; x_wconf 81' lang='lat' dir='ltr'><strong>sanescat</strong></span> 
     </span>
    </p>
   </div>
   <div class='ocr_carea' id='block_1_106' title="bbox 2112 4590 3705 4663">
    <p class='ocr_par' dir='ltr' id='par_1_106' title="bbox 2112 4590 3705 4663">
     <span class='ocr_line' id='line_1_106' title="bbox 2112 4590 3705 4663; baseline 0.004 -19"><span class='ocrx_word' id='word_1_772' title='bbox 2112 4600 2204 4647; x_wconf 89' lang='lat' dir='ltr'><strong>aut</strong></span> <span class='ocrx_word' id='word_1_773' title='bbox 2230 4590 2522 4647; x_wconf 85' lang='lat' dir='ltr'><strong>solidetur?</strong></span> <span class='ocrx_word' id='word_1_774' title='bbox 2547 4590 2801 4646; x_wconf 81' lang='lat' dir='ltr'><strong>Arbitror</strong></span> <span class='ocrx_word' id='word_1_775' title='bbox 2839 4592 2982 4647; x_wconf 90' lang='lat' dir='ltr'><strong>enim</strong></span> <span class='ocrx_word' id='word_1_776' title='bbox 3025 4592 3149 4663; x_wconf 92' lang='lat' dir='ltr'><strong>(nec</strong></span> <span class='ocrx_word' id='word_1_777' title='bbox 3174 4607 3365 4647; x_wconf 87' lang='lat' dir='ltr'><strong>vereor</strong></span> <span class='ocrx_word' id='word_1_778' title='bbox 3404 4595 3553 4663; x_wconf 81' lang='lat' dir='ltr'><strong>quod</strong></span> <span class='ocrx_word' id='word_1_779' title='bbox 3587 4595 3705 4651; x_wconf 77' lang='lat' dir='ltr'><strong>lucc</strong></span> 
     </span>
    </p>
   </div>
   <div class='ocr_carea' id='block_1_107' title="bbox 2109 4680 3702 4754">
    <p class='ocr_par' dir='ltr' id='par_1_107' title="bbox 2109 4680 3702 4754">
     <span class='ocr_line' id='line_1_107' title="bbox 2109 4680 3702 4754; baseline 0.003 -18"><span class='ocrx_word' id='word_1_780' title='bbox 2109 4682 2291 4753; x_wconf 89' lang='lat' dir='ltr'><strong>opinio</strong></span> <span class='ocrx_word' id='word_1_781' title='bbox 2327 4680 2521 4736; x_wconf 86' lang='lat' dir='ltr'><strong>falsum</strong></span> <span class='ocrx_word' id='word_1_782' title='bbox 2544 4696 2631 4735; x_wconf 90' lang='lat' dir='ltr'><strong>me</strong></span> <span class='ocrx_word' id='word_1_783' title='bbox 2653 4681 2870 4754; x_wconf 86' lang='lat' dir='ltr'><strong>habeat)</strong></span> <span class='ocrx_word' id='word_1_784' title='bbox 2895 4682 3039 4738; x_wconf 90' lang='lat' dir='ltr'><strong>hunc</strong></span> <span class='ocrx_word' id='word_1_785' title='bbox 3057 4682 3300 4738; x_wconf 90' lang='lat' dir='ltr'><strong>dolorem</strong></span> <span class='ocrx_word' id='word_1_786' title='bbox 3328 4691 3495 4754; x_wconf 89' lang='lat' dir='ltr'><strong>atque</strong></span> <span class='ocrx_word' id='word_1_787' title='bbox 3516 4687 3702 4740; x_wconf 76' lang='lat' dir='ltr'><strong>anxie-</strong></span> 
     </span>
    </p>
   </div>
   <div class='ocr_carea' id='block_1_108' title="bbox 2114 4774 3695 4846">
    <p class='ocr_par' dir='ltr' id='par_1_108' title="bbox 2114 4774 3695 4846">
     <span class='ocr_line' id='line_1_108' title="bbox 2114 4774 3695 4846; baseline 0.002 -16"><span class='ocrx_word' id='word_1_788' title='bbox 2114 4785 2300 4841; x_wconf 89' lang='lat' dir='ltr'><strong>tatem,</strong></span> <span class='ocrx_word' id='word_1_789' title='bbox 2324 4791 2443 4846; x_wconf 69' lang='lat' dir='ltr'><strong>qute</strong></span> <span class='ocrx_word' id='word_1_790' title='bbox 2479 4774 2611 4829; x_wconf 91' lang='lat' dir='ltr'><strong>mihi</strong></span> <span class='ocrx_word' id='word_1_791' title='bbox 2646 4774 2713 4831; x_wconf 91' lang='lat' dir='ltr'><strong>de</strong></span> <span class='ocrx_word' id='word_1_792' title='bbox 2746 4774 3079 4831; x_wconf 69' lang='lat' dir='ltr'><strong>charissima:</strong></span> <span class='ocrx_word' id='word_1_793' title='bbox 3105 4776 3518 4833; x_wconf 88' lang='lat' dir='ltr'><strong>contubernalis</strong></span> <span class='ocrx_word' id='word_1_794' title='bbox 3544 4793 3695 4837; x_wconf 83' lang='lat' dir='ltr'><strong>occa-</strong></span> 
     </span>
    </p>
   </div>
   <div class='ocr_carea' id='block_1_109' title="bbox 2108 4866 3693 4937">
    <p class='ocr_par' dir='ltr' id='par_1_109' title="bbox 2108 4866 3693 4937">
     <span class='ocr_line' id='line_1_109' title="bbox 2108 4866 3693 4937; baseline 0.001 -16"><span class='ocrx_word' id='word_1_795' title='bbox 2108 4868 2259 4922; x_wconf 90' lang='lat' dir='ltr'><strong>sione</strong></span> <span class='ocrx_word' id='word_1_796' title='bbox 2290 4876 2476 4922; x_wconf 83' lang='lat' dir='ltr'><strong>exorta</strong></span> <span class='ocrx_word' id='word_1_797' title='bbox 2505 4866 2937 4937; x_wconf 89' lang='lat' dir='ltr'><strong>est,perenniter</strong></span> <span class='ocrx_word' id='word_1_798' title='bbox 2970 4875 3181 4921; x_wconf 83' lang='lat' dir='ltr'><strong>mecum</strong></span> <span class='ocrx_word' id='word_1_799' title='bbox 3203 4878 3693 4936; x_wconf 82' lang='lat' dir='ltr'><strong>perseveramram,</strong></span> 
     </span>
    </p>
   </div>
   <div class='ocr_carea' id='block_1_110' title="bbox 2108 4959 3697 5031">
    <p class='ocr_par' dir='ltr' id='par_1_110' title="bbox 2108 4959 3697 5031">
     <span class='ocr_line' id='line_1_110' title="bbox 2108 4959 3697 5031; baseline 0.001 -15"><span class='ocrx_word' id='word_1_800' title='bbox 2108 4962 2279 5016; x_wconf 82' lang='lat' dir='ltr'><strong>donec</strong></span> <span class='ocrx_word' id='word_1_801' title='bbox 2305 4961 2358 5016; x_wconf 92' lang='lat' dir='ltr'><strong>id</strong></span> <span class='ocrx_word' id='word_1_802' title='bbox 2384 4962 2557 5031; x_wconf 88' lang='lat' dir='ltr'><strong>ipsum</strong></span> <span class='ocrx_word' id='word_1_803' title='bbox 2590 4960 2851 5031; x_wconf 88' lang='lat' dir='ltr'><strong>temporis</strong></span> <span class='ocrx_word' id='word_1_804' title='bbox 2886 4960 3120 5028; x_wconf 90' lang='lat' dir='ltr'><strong>spatium</strong></span> <span class='ocrx_word' id='word_1_805' title='bbox 3150 4999 3165 5025; x_wconf 93' lang='lat'><strong>,</strong></span> <span class='ocrx_word' id='word_1_806' title='bbox 3206 4959 3350 5029; x_wconf 92' lang='lat' dir='ltr'><strong>quod</strong></span> <span class='ocrx_word' id='word_1_807' title='bbox 3382 4960 3526 5017; x_wconf 92' lang='lat' dir='ltr'><strong>Deus</strong></span> <span class='ocrx_word' id='word_1_808' title='bbox 3565 4962 3697 5019; x_wconf 87' lang='lat' dir='ltr'><strong>mihi</strong></span> 
     </span>
    </p>
   </div>
   <div class='ocr_carea' id='block_1_111' title="bbox 2108 5049 3700 5119">
    <p class='ocr_par' dir='ltr' id='par_1_111' title="bbox 2108 5049 3700 5119">
     <span class='ocr_line' id='line_1_111' title="bbox 2108 5049 3700 5119; baseline 0.003 -15"><span class='ocrx_word' id='word_1_809' title='bbox 2108 5051 2175 5105; x_wconf 80' lang='lat' dir='ltr'><strong>ad</strong></span> <span class='ocrx_word' id='word_1_810' title='bbox 2220 5052 2360 5105; x_wconf 87' lang='lat' dir='ltr'><strong>hanc</strong></span> <span class='ocrx_word' id='word_1_811' title='bbox 2403 5050 2655 5105; x_wconf 88' lang='lat' dir='ltr'><strong>miseram</strong></span> <span class='ocrx_word' id='word_1_812' title='bbox 2693 5064 2756 5104; x_wconf 90' lang='lat' dir='ltr'><strong>ac</strong></span> <span class='ocrx_word' id='word_1_813' title='bbox 2786 5049 3137 5119; x_wconf 89' lang='lat' dir='ltr'><strong>temporalem</strong></span> <span class='ocrx_word' id='word_1_814' title='bbox 3180 5049 3346 5103; x_wconf 87' lang='lat' dir='ltr'><strong>vitam</strong></span> <span class='ocrx_word' id='word_1_815' title='bbox 3395 5052 3700 5108; x_wconf 85' lang='lat' dir='ltr'><strong>concedere</strong></span> 
     </span>
    </p>
   </div>
   <div class='ocr_carea' id='block_1_112' title="bbox 2108 5138 3698 5207">
    <p class='ocr_par' dir='ltr' id='par_1_112' title="bbox 2108 5138 3698 5207">
     <span class='ocr_line' id='line_1_112' title="bbox 2108 5138 3698 5207; baseline 0.003 -15"><span class='ocrx_word' id='word_1_816' title='bbox 2108 5141 2356 5203; x_wconf 87' lang='lat' dir='ltr'><strong>voluerit,</strong></span> <span class='ocrx_word' id='word_1_817' title='bbox 2389 5140 2569 5194; x_wconf 89' lang='lat' dir='ltr'><strong>debito</strong></span> <span class='ocrx_word' id='word_1_818' title='bbox 2591 5139 2695 5194; x_wconf 92' lang='lat' dir='ltr'><strong>sibi</strong></span> <span class='ocrx_word' id='word_1_819' title='bbox 2740 5140 2973 5194; x_wconf 91' lang='lat' dir='ltr'><strong>termino</strong></span> <span class='ocrx_word' id='word_1_820' title='bbox 3024 5138 3261 5193; x_wconf 81' lang='lat' dir='ltr'><strong>ﬁniatur.</strong></span> <span class='ocrx_word' id='word_1_821' title='bbox 3302 5140 3476 5207; x_wconf 87' lang='lat' dir='ltr'><strong>Quam</strong></span> <span class='ocrx_word' id='word_1_822' title='bbox 3514 5150 3698 5197; x_wconf 84' lang='lat' dir='ltr'><strong>tamen</strong></span> 
     </span>
    </p>
   </div>
   <div class='ocr_carea' id='block_1_113' title="bbox 2104 5228 3700 5302">
    <p class='ocr_par' dir='ltr' id='par_1_113' title="bbox 2104 5228 3700 5302">
     <span class='ocr_line' id='line_1_113' title="bbox 2104 5228 3700 5302; baseline 0 -19"><span class='ocrx_word' id='word_1_823' title='bbox 2104 5230 2399 5298; x_wconf 80' lang='lat' dir='ltr'><strong>proﬁcuam</strong></span> <span class='ocrx_word' id='word_1_824' title='bbox 2422 5230 2601 5299; x_wconf 89' lang='lat' dir='ltr'><strong>potius</strong></span> <span class='ocrx_word' id='word_1_825' title='bbox 2631 5228 2759 5283; x_wconf 88' lang='lat' dir='ltr'><strong>mihi</strong></span> <span class='ocrx_word' id='word_1_826' title='bbox 2790 5243 2951 5297; x_wconf 91' lang='lat' dir='ltr'><strong>quam</strong></span> <span class='ocrx_word' id='word_1_827' title='bbox 3000 5229 3215 5283; x_wconf 78' lang='lat' dir='ltr'><strong>noxiam</strong></span> <span class='ocrx_word' id='word_1_828' title='bbox 3244 5228 3504 5284; x_wconf 86' lang='lat' dir='ltr'><strong>hactenus</strong></span> <span class='ocrx_word' id='word_1_829' title='bbox 3536 5246 3700 5302; x_wconf 74' lang='lat' dir='ltr'><strong>expo-</strong></span> 
     </span>
    </p>
   </div>
   <div class='ocr_carea' id='block_1_114' title="bbox 2104 5323 3694 5395">
    <p class='ocr_par' dir='ltr' id='par_1_114' title="bbox 2104 5323 3694 5395">
     <span class='ocr_line' id='line_1_114' title="bbox 2104 5323 3694 5395; baseline 0.003 -16"><span class='ocrx_word' id='word_1_830' title='bbox 2104 5326 2235 5389; x_wconf 88' lang='lat' dir='ltr'><strong>rior,</strong></span> <span class='ocrx_word' id='word_1_831' title='bbox 2266 5340 2387 5379; x_wconf 89' lang='lat' dir='ltr'><strong>cum</strong></span> <span class='ocrx_word' id='word_1_832' title='bbox 2412 5324 2675 5386; x_wconf 88' lang='lat' dir='ltr'><strong>animum,</strong></span> <span class='ocrx_word' id='word_1_833' title='bbox 2708 5324 2774 5379; x_wconf 83' lang='lat' dir='ltr'><strong>ad</strong></span> <span class='ocrx_word' id='word_1_834' title='bbox 2818 5323 2936 5377; x_wconf 67' lang='lat' dir='ltr'><strong>luata</strong></span> <span class='ocrx_word' id='word_1_835' title='bbox 2962 5331 3017 5379; x_wconf 91' lang='lat' dir='ltr'><strong>et</strong></span> <span class='ocrx_word' id='word_1_836' title='bbox 3037 5339 3298 5393; x_wconf 86' lang='lat' dir='ltr'><strong>prospera</strong></span> <span class='ocrx_word' id='word_1_837' title='bbox 3322 5325 3694 5395; x_wconf 80' lang='lat' dir='ltr'><strong>festinantem.</strong></span> 
     </span>
    </p>
   </div>
   <div class='ocr_carea' id='block_1_115' title="bbox 2101 5411 3699 5485">
    <p class='ocr_par' dir='ltr' id='par_1_115' title="bbox 2101 5411 3699 5485">
     <span class='ocr_line' id='line_1_115' title="bbox 2101 5411 3699 5485; baseline 0.004 -17"><span class='ocrx_word' id='word_1_838' title='bbox 2101 5415 2247 5469; x_wconf 90' lang='lat' dir='ltr'><strong>velut</strong></span> <span class='ocrx_word' id='word_1_839' title='bbox 2272 5413 2592 5485; x_wconf 88' lang='lat' dir='ltr'><strong>quibusdam</strong></span> <span class='ocrx_word' id='word_1_840' title='bbox 2620 5411 2786 5469; x_wconf 80' lang='lat' dir='ltr'><strong>frenis</strong></span> <span class='ocrx_word' id='word_1_841' title='bbox 2818 5423 2980 5485; x_wconf 88' lang='lat' dir='ltr'><strong>atque</strong></span> <span class='ocrx_word' id='word_1_842' title='bbox 3020 5416 3247 5472; x_wconf 87' lang='lat' dir='ltr'><strong>habenis</strong></span> <span class='ocrx_word' id='word_1_843' title='bbox 3292 5429 3601 5473; x_wconf 87' lang='lat' dir='ltr'><strong>remoratur</strong></span> <span class='ocrx_word' id='word_1_844' title='bbox 3627 5432 3699 5475; x_wconf 78' lang='lat' dir='ltr'><strong>ac</strong></span> 
     </span>
    </p>
   </div>
   <div class='ocr_carea' id='block_1_116' title="bbox 2102 5506 3699 5576">
    <p class='ocr_par' dir='ltr' id='par_1_116' title="bbox 2102 5506 3699 5576">
     <span class='ocr_line' id='line_1_116' title="bbox 2102 5506 3699 5576; baseline 0.004 -15"><span class='ocrx_word' id='word_1_845' title='bbox 2102 5507 2319 5571; x_wconf 88' lang='lat' dir='ltr'><strong>retinet,</strong></span> <span class='ocrx_word' id='word_1_846' title='bbox 2351 5513 2698 5574; x_wconf 88' lang='lat' dir='ltr'><strong>mentemque</strong></span> <span class='ocrx_word' id='word_1_847' title='bbox 2719 5506 2785 5561; x_wconf 88' lang='lat' dir='ltr'><strong>ad</strong></span> <span class='ocrx_word' id='word_1_848' title='bbox 2811 5509 3209 5562; x_wconf 68' lang='lat' dir='ltr'><strong>revomtioncm</strong></span> <span class='ocrx_word' id='word_1_849' title='bbox 3231 5509 3425 5563; x_wconf 90' lang='lat' dir='ltr'><strong>mortis</strong></span> <span class='ocrx_word' id='word_1_850' title='bbox 3453 5518 3699 5576; x_wconf 82' lang='lat' dir='ltr'><strong>revocet,</strong></span> 
     </span>
    </p>
   </div>
   <div class='ocr_carea' id='block_1_117' title="bbox 2102 5596 3698 5671">
    <p class='ocr_par' dir='ltr' id='par_1_117' title="bbox 2102 5596 3698 5671">
     <span class='ocr_line' id='line_1_117' title="bbox 2102 5596 3698 5671; baseline 0.005 -22"><span class='ocrx_word' id='word_1_851' title='bbox 2102 5613 2263 5667; x_wconf 87' lang='lat' dir='ltr'><strong>quam</strong></span> <span class='ocrx_word' id='word_1_852' title='bbox 2292 5597 2357 5651; x_wconf 88' lang='lat' dir='ltr'><strong>ad</strong></span> <span class='ocrx_word' id='word_1_853' title='bbox 2379 5610 2529 5665; x_wconf 89' lang='lat' dir='ltr'><strong>spem</strong></span> <span class='ocrx_word' id='word_1_854' title='bbox 2560 5604 2608 5649; x_wconf 90' lang='lat' dir='ltr'><strong>et</strong></span> <span class='ocrx_word' id='word_1_855' title='bbox 2637 5610 2879 5650; x_wconf 82' lang='lat' dir='ltr'><strong>amorem</strong></span> <span class='ocrx_word' id='word_1_856' title='bbox 2922 5596 3281 5668; x_wconf 76' lang='lat' dir='ltr'><strong>longaevitatis</strong></span> <span class='ocrx_word' id='word_1_857' title='bbox 3314 5600 3497 5655; x_wconf 88' lang='lat' dir='ltr'><strong>odium</strong></span> <span class='ocrx_word' id='word_1_858' title='bbox 3527 5610 3698 5671; x_wconf 83' lang='lat' dir='ltr'><strong>atque</strong></span> 
     </span>
    </p>
   </div>
   <div class='ocr_carea' id='block_1_118' title="bbox 2102 5687 3692 5753">
    <p class='ocr_par' dir='ltr' id='par_1_118' title="bbox 2102 5687 3692 5753">
     <span class='ocr_line' id='line_1_118' title="bbox 2102 5687 3692 5753; baseline 0 -6"><span class='ocrx_word' id='word_1_859' title='bbox 2102 5689 2298 5747; x_wconf 86' lang='lat' dir='ltr'><strong>oblivio</strong></span> <span class='ocrx_word' id='word_1_860' title='bbox 2325 5688 2618 5745; x_wconf 82' lang='lat' dir='ltr'><strong>senectutis</strong></span> <span class='ocrx_word' id='word_1_861' title='bbox 2664 5687 2925 5753; x_wconf 58' lang='lat' dir='ltr'><strong>illexerat.</strong></span> <span class='ocrx_word' id='word_1_862' title='bbox 2968 5688 3132 5746; x_wconf 71' lang='lat' dir='ltr'><strong>Video</strong></span> <span class='ocrx_word' id='word_1_863' title='bbox 3162 5692 3291 5746; x_wconf 78' lang='lat' dir='ltr'><strong>mihi</strong></span> <span class='ocrx_word' id='word_1_864' title='bbox 3326 5707 3431 5747; x_wconf 88' lang='lat' dir='ltr'><strong>non</strong></span> <span class='ocrx_word' id='word_1_865' title='bbox 3459 5694 3692 5747; x_wconf 89' lang='lat' dir='ltr'><strong>multum</strong></span> 
     </span>
    </p>
   </div>
   <div class='ocr_carea' id='block_1_119' title="bbox 3464 6291 3920 6306">
    <p class='ocr_par' dir='ltr' id='par_1_119' title="bbox 3464 6291 3920 6306">
     <span class='ocr_line' id='line_1_119' title="bbox 3464 6291 3920 6306; baseline 0.004 -2"><span class='ocrx_word' id='word_1_866' title='bbox 3464 6298 3500 6304; x_wconf 39' lang='grc' dir='ltr'><strong>Α.</strong></span> <span class='ocrx_word' id='word_1_867' title='bbox 3548 6292 3841 6306; x_wconf 46' lang='grc' dir='ltr'><strong>ίι--η--ι--ῄ</strong></span> <span class='ocrx_word' id='word_1_868' title='bbox 3866 6291 3920 6298; x_wconf 52' lang='grc' dir='ltr'><strong>ὴ</strong></span> 
     </span>
    </p>
   </div>
  </div>
