3928 6310
161 336 258 391 557

978 338 1154 393 IIIST.
1200 338 1589 394 TRANSLAT.
1632 340 1735 393 BB.
1782 338 2202 397 MARCELLINI
2239 342 2326 397 ET
2367 341 2595 399 PETRI.

3325 352 3429 407 558

156 466 441 524 superesse
471 454 729 522 temporis
773 453 840 505 ad
867 453 1187 518 vivendum;
1238 452 1361 508 licet
1388 461 1647 522 quantum
1690 452 1741 507 id
1772 459 1821 515 Α
1916 454 2133 510 Gratias
2158 472 2260 527 ago
2303 465 2464 526 atque
2503 458 2672 513 habeo
2699 460 2953 513 charitati
2986 469 3126 525 tuae,
3169 463 3310 532 quod
3348 482 3435 521 me

152 562 280 603 esse
308 546 519 609 debeat,
553 545 679 599 mihi
712 545 925 614 penitus
953 544 1252 614 ignoretur.
1292 543 1399 600 Sed
1434 546 1535 599 boc
1560 544 1749 600 certis-

153 644 358 696 simum
386 647 565 703 teneo,
594 649 649 692 et
672 651 861 692 recens
887 645 1073 691 natum
1109 638 1217 692 cito
1238 652 1395 706 posse
1415 639 1552 692 mori
1580 648 1633 692 et
1664 629 1748 691 se—

153 746 285 786 nem
313 730 401 784 diu
436 744 543 783 non
558 744 718 799 posse
732 730 934 783 vivere.
949 728 1027 783 Ac
1042 730 1269 798 proinde
1291 730 1448 800 longe
1472 730 1661 785 utilius
1684 745 1748 785 ac

152 821 374 875 beatius
390 818 504 874 fore
517 835 714 874 censeo
744 819 913 888 ipsam
932 820 1189 888 temporis
1211 820 1402 874 incerti
1429 820 1746 875 brevitatem

151 927 287 967 cum
312 911 459 965 luctu
483 925 645 981 quam
674 909 855 964 laetitia
885 911 1104 964 ducere.
1159 909 1295 974 Quia
1349 910 1418 973 si,
1454 912 1747 963 secundum

152 1004 501 1058 Domiuieam
528 1018 735 1066 vocem,
762 1003 905 1057 beati
928 1018 993 1057 ac
1028 1002 1211 1057 felices
1241 1014 1401 1057 erunt
1426 1002 1518 1072 qui
1547 1002 1753 1055 lamen-

157 1102 353 1147 tantur
380 1102 436 1149 et
462 1095 647 1165 lugent
683 1092 899 1165 (Matth.
927 1109 984 1159 v,
1014 1094 1107 1165 5);
1150 1109 1182 1148 e
1210 1095 1487 1148 contrario
1514 1094 1756 1149 infelices

154 1198 222 1237 ac
247 1185 437 1239 miseri
468 1184 619 1249 ﬁent,
646 1186 735 1252 qui
761 1185 876 1239 dies
905 1200 1033 1240 suos
1067 1185 1121 1239 in
1157 1183 1272 1257 jugi
1300 1194 1354 1240 et
1385 1186 1637 1241 continua
1665 1185 1755 1239 lae-

152 1272 282 1325 titia
317 1271 477 1329 ﬁnire
498 1290 603 1329 non
637 1281 893 1328 metuunt.

1854 559 1951 613 per
1970 544 2177 601 litteras
2198 554 2318 602 tuas
2346 546 2611 600 consolari
2654 548 2902 618 dignatus
2939 565 3015 603 es.
3059 549 3243 620 Neque
3288 548 3433 608 enim

1856 634 2029 703 majus
2064 644 2154 689 aut
2181 636 2382 690 certius
2408 645 2513 691 tua:
2541 652 2667 703 erga
2716 654 2800 692 me
2824 639 3130 694 dilectionis
3173 641 3434 697 indicium

1854 727 1986 780 dare
2012 727 2279 795 potuistis,
2304 743 2464 797 quam
2493 744 2636 797 aegro
2669 739 2831 797 atque
2849 728 3049 796 jacenti
3079 746 3299 785 manum
3342 748 3436 788 ex-

1856 817 2178 872 hortationis
2224 818 2568 887 porrigendo,
2607 821 2977 889 tnoncudoque
3016 830 3076 876 ut
3111 839 3388 894 surgerem
3421 866 3435 889 ,

1856 922 2016 976 quem
2040 915 2221 961 mente
2244 916 2574 974 prostratum
2602 924 2664 961 ac
2693 925 2928 964 [Παῖτοι-θ
2958 910 3270 981 depressum
3292 914 3438 985 igno-

1856 1018 1981 1056 rare
2018 1018 2124 1056 non
2169 1011 2405 1072 poteras.
2440 1001 2584 1057 Bene
2610 1004 2747 1069 vale,
2776 1004 3099 1060 charissime
3122 1021 3188 1062 ac
3226 1004 3436 1062 deside-

1856 1099 2131 1159 ratissime
2194 1100 2288 1154 fili.

1276 1503 2335 1621 EGINEABDI

403 1736 903 1864 HISTllIiIA
984 1734 1800 1865 TBANSLATIONIS
1881 1730 2050 1860 BB.
2148 1731 2554 1861 CHRISTI
2635 1732 3206 1860 MARTIRUM

819 1966 1781 2073 MARCELLINI
1912 1962 2119 2069 ET
2250 1965 2785 2072 PETRI.

1258 2166 1400 2217 (Acta
1426 2167 1717 2217 Sanctorum
1745 2163 1968 2217 Bollandi
1990 2173 2122 2215 tomo
2146 2165 2165 2215 1
2190 2164 2361 2227 Junii.)

764 2402 1150 2460 PROLOGUS.

236 2505 294 2558 ι.
336 2500 493 2557 Veris
520 2498 636 2554 veri
663 2498 757 2552 Dei
781 2496 1081 2552 cultoribus
1107 2537 1120 2561 ,
1165 2504 1218 2549 et
1235 2492 1373 2559 ,Jesu
1407 2494 1607 2549 Christi
1656 2494 1759 2549 Do-

157 2594 300 2649 mini
336 2591 508 2645 nostri
540 2588 977 2656 Sanctorumque
1023 2584 1140 2652 ejus
1191 2601 1295 2639 non
1337 2584 1477 2638 lictis
1504 2585 1761 2638 amatori-

155 2684 271 2739 bus
303 2680 650 2749 Eginhardus
680 2686 951 2748 peccator.
980 2708 1053 2717 —
1082 2676 1183 2743 Qui
1230 2678 1371 2731 vitas
1392 2684 1448 2730 et
1495 2674 1633 2729 facta
1667 2673 1758 2744 ju-

155 2783 406 2835 storum,
465 2786 531 2826 ac
582 2770 880 2824 secundum
931 2767 1111 2822 divina
1141 2768 1392 2821 mandata
1428 2781 1759 2821 conversan-

158 2865 303 2918 tium
328 2864 653 2923 tltominum,
694 2858 891 2912 litteris
916 2874 980 2913 ac
1006 2860 1282 2913 memoriae
1329 2859 1757 2922 mandaverunt,

155 2970 273 3008 non
310 2952 461 3007 aliud
493 2951 624 3005 mihi
656 2949 869 3005 ellieere
907 2948 1140 3002 voluisse
1168 2948 1443 3012 videntur,
1468 2948 1569 3001 nisi
1600 2957 1658 3001 ut
1694 2948 1762 3002 ad

154 3044 541 3100 emendandos
567 3057 764 3111 pravos
785 3055 986 3104 mores,
1010 3051 1064 3094 et
1096 3038 1503 3094 collaudandam
1524 3038 1618 3093 Dei
1647 3056 1763 3095 om-

154 3134 551 3205 nipotentiam,
585 3148 683 3203 per
714 3132 978 3200 ejusmodi
1021 3129 1288 3200 exempla,
1319 3144 1764 3199 quorumcuuque

154 3228 382 3281 animos
418 3226 725 3280 incitarent.
750 3223 1126 3291 Feceruntque
1149 3222 1271 3286 hoc,
1300 3236 1409 3275 non
1439 3220 1611 3275 solum
1635 3222 1762 3289 quia

152 3316 341 3375 livore
376 3318 659 3381 carebant,
688 3314 782 3369 sed
821 3314 947 3383 quia
996 3312 1301 3376 charitate,
1356 3326 1476 3380 quae
1515 3310 1765 3365 omnibus

153 3408 319 3478 cupit
353 3422 478 3462 esse
520 3406 852 3467 consultum,
879 3402 1157 3471 granditer
1199 3401 1564 3455 abundabant.
1621 3399 1765 3467 Quo-

157 3515 287 3553 rum
312 3497 588 3551 laudabile
617 3496 977 3565 propositum,
1006 3494 1133 3562 quia
1162 3504 1271 3547 tam
1304 3493 1356 3546 in
1380 3492 1665 3563 propatulo
1679 3501 1764 3547 est

156 3599 241 3653 ut,
266 3597 474 3658 praeter
493 3602 557 3641 ea
580 3602 700 3654 qua:
724 3586 857 3649 dixi,
886 3585 1020 3638 nihil
1048 3585 1190 3637 aliud
1214 3600 1306 3638 eos
1328 3583 1505 3638 moliri
1529 3584 1764 3638 voluisse

152 3678 501 3734 lucidissime
530 3677 732 3732 clareat
759 3716 774 3740 ,
834 3690 931 3730 cur
963 3692 993 3728 a
1045 3675 1227 3730 multis
1278 3675 1476 3728 imitari
1530 3691 1635 3728 non
1667 3676 1761 3729 de-

154 3768 312 3831 beat,
346 3768 571 3821 omnino
604 3784 710 3820 non
742 3766 916 3821 video.
948 3766 1026 3820 Ac
1057 3766 1281 3835 proinde
1313 3766 1437 3835 quia
1470 3765 1600 3818 mihi
1629 3778 1759 3818 cou-
1790 3749 1833 3810 Ο

154 3861 313 3916 scius
345 3876 491 3925 sum,
517 3859 661 3929 quod
683 3858 823 3920 libri,
843 3874 977 3927 quos
1003 3858 1068 3911 de
1093 3857 1444 3911 translatione
1468 3869 1762 3925 corporum

151 3950 454 4005 beatorum
480 3949 681 4004 Christi
708 3956 1003 4018 martyrum
1037 3946 1331 4001 Marcellini
1367 3953 1421 3999 et
1461 3943 1642 4009 Petri,
1686 3944 1763 3999 si-

153 4046 399 4116 gnisque
427 4060 492 4100 ac
520 4045 814 4100 virtutibus
835 4085 850 4109 ,
900 4061 1019 4115 quae
1046 4060 1145 4114 per
1175 4060 1268 4101 eos
1301 4045 1561 4100 Dominus
1588 4045 1656 4100 ad
1680 4060 1768 4099 sa-

150 4137 337 4191 lutem
370 4136 707 4192 credentium
741 4137 858 4191 fieri
912 4136 1117 4199 voluit,
1160 4150 1264 4206 qua
1318 4136 1468 4205 potui
1510 4134 1767 4191 facultate

152 4226 494 4296 conscripsi,
521 4228 712 4282 eadem
748 4235 875 4281 sunt
909 4226 1184 4281 voluntate
1234 4234 1398 4295 atque
1464 4226 1764 4279 intentione

153 4318 479 4387 compositi,
496 4319 717 4373 eosdem
737 4319 1001 4383 edere;ac
1028 4319 1120 4372 Dei
1137 4317 1472 4371 amatoribus
1496 4319 1562 4373 ad
1585 4318 1765 4387 legen-

152 4409 293 4465 dum
320 4407 520 4463 offerre
547 4409 783 4463 decrevi.
828 4408 1078 4463 Arbitror
1116 4411 1260 4463 enim
1288 4409 1432 4479 quod
1475 4408 1578 4463 hoc
1632 4422 1767 4477 opus

151 4515 272 4555 non
305 4499 483 4555 solum
513 4500 671 4555 inane
692 4515 756 4555 ac
805 4516 1200 4570 supervacuum
1248 4502 1472 4557 cuilibet
1523 4501 1765 4556 ﬁdelium

149 4591 343 4647 videri
372 4606 477 4646 non
504 4592 722 4657 debeat,
751 4593 844 4647 sed
865 4592 1031 4648 etiam
1058 4592 1335 4648 fructuose
1374 4602 1537 4662 atque
1560 4592 1768 4647 utiliter

150 4695 249 4737 me
287 4681 575 4737 laborasse
607 4697 907 4751 praesumo,
971 4684 1017 4738 si
1062 4683 1276 4742 allicere
1326 4693 1575 4753 potuero,
1607 4691 1666 4736 ut
1710 4683 1765 4737 in

148 4772 388 4830 laudem
424 4775 507 4829 sui
531 4772 840 4830 Conditoris
874 4776 1086 4831 animus
1126 4775 1215 4829 illa
1248 4775 1474 4845 legentis
1496 4786 1763 4844 assurgat.

702 4885 929 4942 CAPUT
963 4885 1256 4942 PRIMUM.

153 4976 329 5034 ιιευε
354 4976 422 5047 qb
437 4976 748 5047 Eglnhardo
766 4977 983 5031 Romam
1007 4978 1074 5030 ad
1101 4978 1465 5047 procuranda:
1496 4976 1764 5047 reliquias.

356 5044 595 5101 Obteittte
632 5058 934 5101 sanctorum
970 5044 1264 5102 Marcellini
1298 5061 1347 5100 et
1374 5046 1539 5101 Petri.

227 5137 291 5193 2.
336 5136 477 5193 Cum
514 5138 692 5193 adhuc
726 5139 777 5195 in
829 5138 1030 5207 palatio
1066 5139 1294 5209 positus,
1323 5154 1387 5193 ac
1418 5140 1646 5209 negotiis
1674 5154 1773 5193 sae-

151 5230 451 5287 cularibus
509 5240 822 5299 occupatus,
852 5232 1043 5295 otium,
1076 5247 1184 5301 quo
1232 5232 1520 5301 aliquando
1566 5231 1769 5302 perfrui

152 5320 483 5390 cupiebam,
516 5320 832 5375 multimoda
886 5323 1213 5391 cogitatione
1248 5322 1558 5386 meditarer,
1583 5339 1771 5392 quem-

151 5413 290 5467 dam
340 5412 520 5466 Iocum
570 5423 837 5468 secretum
872 5424 1034 5485 atque
1083 5431 1113 5469 a
1168 5415 1410 5485 populari
1462 5413 1766 5485 frequentia

153 5504 327 5559 valde
358 5512 626 5557 remotum
658 5512 870 5570 nactus,
902 5513 1065 5575 atque
1092 5506 1255 5571 illius,
1284 5507 1368 5561 cui
1401 5515 1531 5561 tunc
1566 5507 1766 5561 milita-

152 5609 382 5658 veram,
425 5593 686 5663 principis
735 5593 1030 5651 Hludowici
1075 5597 1400 5652 liberalitate
1442 5607 1765 5654 consecutus

232 5746 257 5773 ι
306 5728 412 5783 Sis.
470 5729 711 5799 Regium,
752 5728 1180 5793 Hadrian/maid;
1231 5731 1357 5788 alibi
1411 5731 1753 5787 Odonowuld.

1783 2408 1831 2467 B
1860 2420 2000 2459 sum.
2032 2405 2081 2460 Is
2118 2404 2267 2461 Idcus
2290 2418 2374 2461 est
2401 2408 2455 2462 in
2484 2408 2624 2463 saltu
2650 2408 2976 2473 Germaniae.
2998 2413 3088 2482 qui
3118 2414 3262 2469 inter
3306 2414 3452 2474 Nec-

1862 2513 2049 2551 carum
2085 2508 2139 2552 et
2174 2498 2401 2554 Mtenum
2432 2498 2621 2555 ﬂuvios
2660 2503 2868 2556 medius
2908 2505 3214 2575 interjacet,
3245 2520 3309 2562 ac
3340 2522 3454 2563 mo-

1863 2588 2032 2643 derno
2095 2598 2336 2658 tempore
2406 2591 2473 2643 ah
2532 2591 2722 2647 incolis
2782 2601 2837 2649 et
2899 2595 3449 2652 circummanentibus

1862 2679 2157 2735 Odanwald
2186 2694 2209 2721 ι
2246 2683 2569 2753 appellatur.
2604 2684 2661 2738 In
2716 2700 2823 2754 quo
2871 2702 3017 2751 cum,
3049 2704 3146 2757 pro
3183 2687 3343 2744 modo
3374 2690 3454 2743 fa-

1862 2771 2123 2831 cultatum
2153 2776 2217 2826 ac
2241 2782 2576 2843 sumptuum,
2612 2790 2718 2828 non
2750 2776 2919 2831 solum
2948 2777 3137 2832 domos
3162 2786 3218 2832 et
3242 2778 3454 2833 habita-

1863 2863 1983 2917 cula
2008 2866 2072 2917 ad
2099 2866 2447 2931 manendum,
2472 2882 2660 2920 verum
2686 2868 2849 2922 etiam
2881 2869 3157 2925 basilicam
3183 2912 3199 2927 .
3253 2872 3455 2927 divinis

1860 2951 2051 3006 ciliciis
2082 2951 2342 3008 faciendis
2386 2966 2793 3024 congruentem,
2823 2974 2927 3011 non
2970 2958 3209 3014 indecori
3265 2962 3449 3029 operis

1864 3042 2241 3109 mdificassem,
2279 3045 2525 3101 dubitare
2590 3047 2729 3117 εαξιή
2758 3088 2772 3111 ,
2814 3048 2867 3102 in
2920 3048 3073 3116 cujus
3112 3050 3451 3117 potissimum

1864 3132 2039 3187 sancti
2067 3134 2146 3187 vel
2186 3136 2445 3205 martyris
2473 3137 2689 3191 nomine
2736 3148 2900 3206 atque
2958 3140 3159 3194 honore
3208 3140 3446 3197 dedicari

1864 3226 2103 3280 deberet.
2144 3224 2387 3295 Cumque
2438 3229 2490 3281 in
2528 3230 2629 3283 hac
2680 3230 2844 3283 animi
2898 3229 3245 3285 fluctuatione
3288 3230 3458 3301 pluvi—

1864 3330 2011 3368 mum
2055 3315 2311 3382 temporis
2338 3326 2481 3371 esset
2518 3317 2791 3372 evolutum
2822 3360 2836 3384 ,
2881 3320 3103 3390 contigit
3140 3328 3198 3375 ut
3234 3320 3455 3389 quidam

1864 3403 2122 3463 diaconus
2150 3404 2406 3460 Romana:
2454 3407 2728 3472 Ecclesiae,
2754 3411 2971 3465 nomine
3020 3410 3323 3474 Deusdona,
3358 3426 3459 3483 pro

1864 3496 1978 3549 suis
2004 3495 2415 3552 necessitatibus
2452 3499 2590 3567 regis
2616 3514 2775 3567 opem
2820 3500 3225 3568 imploraturus,
3256 3502 3323 3558 ad
3352 3517 3451 3572 pa—

1864 3583 2050 3637 latium
2074 3585 2300 3639 veniret.
2334 3586 2517 3656 lhique
2536 3587 2842 3657 aliquandiu
2875 3599 3147 3655 utoratus,
3194 3607 3338 3655 cum,
3365 3606 3459 3658 pe-

1868 3686 2018 3731 rat-to
2051 3686 2271 3745 propter
2296 3679 2438 3747 quod
2472 3690 2695 3735 venerat
2735 3682 2973 3751 negotio,
3011 3681 3238 3737 Romam
3280 3683 3459 3739 redire

1866 3777 2109 3837 pararet,
2133 3771 2365 3838 quadam
2386 3771 2493 3834 die,
2520 3772 2871 3829 humanitatis
2917 3790 3104 3838 causa,
3133 3770 3276 3829 vbiut
3302 3792 3458 3845 pcre-

1865 3861 2073 3930 grinus,
2105 3861 2170 3913 ad
2195 3862 2480 3929 prandium
2510 3873 2707 3919 nostra-
2728 3866 3013 3933 parvitatis
3044 3882 3072 3919 a
3095 3867 3251 3921 nobis
3267 3877 3351 3921 est
3374 3869 3456 3921 in-

1866 3949 2105 4005 vitatus:
2138 3951 2316 4020 ibique
2343 3952 2483 4007 inter
2516 3956 2883 4019 prandendum
2918 3956 3072 4026 plura
3101 3956 3461 4019 locuti.eous-

1867 4059 1971 4113 que
2002 4046 2416 4102 sermocinando
2463 4051 2825 4115 pervenimus,
2861 4059 2919 4104 ut
2948 4052 3013 4105 de
3046 4053 3399 4108 translatione
3430 4056 3454 4090 δ

1867 4136 2111 4204 corporis
2138 4136 2280 4190 beati
2310 4136 2615 4192 Sebastiani
2647 4155 2711 4193 ac
2740 4140 2998 4211 neglectis
3027 4151 3325 4213 martyrum
3374 4158 3459 4200 se-

1866 4226 2088 4295 pulcris,
2120 4242 2350 4297 quorum
2378 4227 2563 4283 Roma:
2599 4230 2786 4301 ingens
2811 4232 2965 4301 copia
2995 4242 3098 4297 est,
3130 4234 3332 4289 mentio
3362 4235 3459 4289 fie-

1869 4328 1970 4375 ret.
1996 4319 2124 4374 lnde
2154 4319 2219 4373 ad
2246 4321 2637 4376 dedicationem
2670 4338 2825 4378 nova:
2853 4324 3090 4380 basilica:
3123 4336 3320 4381 nostrae
3346 4343 3460 4379 ser-

1869 4427 2031 4467 mone
2067 4427 2353 4475 converso,
2390 4414 2698 4483 percontari
2728 4416 2891 4482 cmpi,
2916 4430 3151 4483 quonam
3185 4417 3344 4471 modo
3391 4418 3459 4471 ad

1870 4501 1924 4555 id
1950 4502 2501 4572 pervenire'possem,
2527 4510 2585 4554 ut
2611 4502 2813 4571 aliquid
2844 4504 2908 4558 de
2952 4506 3095 4558 veris
3147 4514 3457 4561 sanctarum

1872 4592 2134 4663 reliquiis,
2166 4592 2256 4660 qui
2299 4592 2481 4647 Romae
2511 4594 2878 4662 requiescunt,
2907 4595 3039 4653 mihi
3066 4596 3288 4664 adipisci
3325 4612 3457 4651 con-

1872 4682 2136 4753 tingeret?
2162 4680 2260 4737 llic
2286 4682 2372 4735 ille
2416 4682 2593 4751 primo
2621 4684 2835 4752 quidem
2867 4686 3158 4750 ltzesitavit,
3192 4694 3246 4739 et
3276 4686 3453 4755 quali-

1871 4781 1955 4828 ter
1990 4773 2041 4827 id
2072 4773 2186 4827 lieri
2225 4783 2425 4842 posset,
2450 4789 2509 4828 se
2538 4775 2747 4830 nescire
2773 4776 3066 4845 respondit.
3102 4776 3305 4831 Deinde
3335 4791 3456 4832 cum

1871 4877 1958 4916 me
1985 4864 2048 4917 dt:
2073 4864 2176 4917 hac
2199 4880 2257 4918 re
2278 4864 2573 4921 sollicitum
2602 4865 2759 4919 simul
2788 4873 2842 4918 et
2869 4864 3141 4920 curiosum
3189 4880 3309 4920 esse
3346 4866 3460 4919 ani-

1873 4954 2255 5021 madverteret,
2285 4956 2450 5011 altera
2466 4956 2554 5011 die
2578 4972 2634 5012 se
2662 4958 3055 5027 percontationi
3081 4974 3214 5013 meae
3236 4973 3458 5029 respon-

1875 5062 2060 5101 surum
2091 5063 2211 5102 esse
2238 5047 2503 5116 promisit.

1946 5137 1999 5190 5.
2045 5136 2168 5191 Post
2200 5138 2337 5202 hsce,
2366 5153 2487 5192 cum
2521 5140 2718 5197 iterum
2756 5156 2791 5199 ra
2824 5156 2909 5193 mc
2936 5140 3124 5196 fuisset
3150 5142 3411 5197 invitatus
3438 5182 3455 5207 ,

1872 5232 2173 5300 protinuse
2225 5232 2345 5286 sinu
2396 5231 2635 5285 libellum
2688 5208 2819 5286 milii
2859 5234 3118 5302 porrexit,
3151 5249 3347 5303 rogans
3396 5243 3457 5289 ut

1870 5339 1992 5379 eum
2047 5323 2193 5378 solus
2237 5322 2605 5393 perlegerent;
2648 5322 2859 5390 sibique
2910 5323 2976 5376 de
3007 5323 3111 5382 his,
3143 5338 3261 5391 qua:
3306 5323 3358 5377 in
3390 5337 3461 5378 eo

1868 5416 2069 5484 scripta
2090 5422 2267 5477 erant,
2291 5414 2419 5485 quid
2450 5412 2584 5466 mihi
2617 5412 2875 5482 placeret,
2901 5413 3142 5471 indicare
3166 5428 3270 5466 non
3305 5412 3457 5468 dedi-

1867 5520 2082 5576 gnarer.
2106 5504 2303 5573 Accepi
2340 5502 2596 5566 libellum,
2626 5510 2679 5557 et
2713 5510 2774 5556 ut
2824 5502 2914 5556 ille
2961 5502 3144 5572 petiit,
3193 5502 3343 5557 solus
3375 5518 3459 5556 se-

1871 5605 2018 5651 crete
2044 5594 2266 5665 perlegi.
2322 5593 2711 5648 Continebatur
2748 5594 2801 5648 in
2829 5609 2895 5648 eo
2938 5608 3101 5647 :esse
3154 5592 3255 5647 sibi
3313 5592 3457 5649 domi

1938 5734 1963 5774 δ
2006 5730 2250 5786 Nondum
2282 5730 2500 5801 quidem
2530 5728 2696 5793 facta,
2736 5730 2827 5786 sed
2855 5729 3196 5799 postulanda.
