3928 6324
436 334 544 392 539

1729 330 2113 390 ECINHARDI
2153 333 2447 389 ABBATIS

3626 344 3728 398 550

431 451 697 524 plurimas
738 457 1049 503 sanctorum
1092 446 1368 516 reliquias,
1401 461 1602 516 easque
1654 461 1713 501 se
1743 446 1876 500 mihi
1904 446 2036 500 dare
2065 446 2115 502 A
2142 452 2304 508 esset,
2335 446 2620 501 senescire
2639 447 2933 516 respondit.
2955 449 3089 503 Tum
3119 447 3235 502 ille:
3260 468 3277 500 ι
3310 450 3482 506 Roma
3513 465 3618 519 est,
3643 457 3727 510 in-

433 539 592 605 velle,
619 540 664 595 si
696 555 818 594 meo
847 539 1013 595 fultus
1037 537 1307 606 adiutorio
1341 537 1567 596 Romam
1595 537 1788 593 reverti
1821 538 2029 606 potuis-

432 638 548 697 set;
574 638 914 701 compertum
951 629 1052 684 sibi
1085 627 1200 684 fore
1223 669 1239 693 ,
1294 628 1440 698 quod
1477 628 1613 682 duos
1649 627 1826 681 mulos
1863 626 2029 680 habe-

434 738 575 788 rem,
605 737 834 792 quorum
863 722 907 776 si
933 721 1164 774 alterum
1211 721 1314 776 sibi
1362 721 1570 787 darem,
1605 735 1670 775 ac
1699 734 1882 775 secum
1935 720 2030 775 ho—

434 814 638 868 minem
666 827 848 867 meum
885 812 1099 866 fidelem
1125 812 1422 874 mitterem,
1450 812 1542 880 qui
1600 812 1722 866 illas
1769 812 2029 880 reliquias

430 903 504 957 ab
525 901 620 956 illo
643 902 925 971 reciperet,
943 901 1188 969 mihique
1217 900 1479 963 deferret,
1495 900 1679 954 statim
1699 915 1793 956 eas
1815 901 1949 954 mihi
1970 915 2029 954 se

434 991 593 1066 [Μία.
606 992 751 1064 esse]
768 993 1080 1047 missurum.
1099 991 1438 1060 Complacuit
1459 990 1591 1046 mibi
1609 991 1888 1045 suadentis
1904 1005 2032 1045 con-

432 1087 638 1152 silium,
651 1087 922 1156 statuique
943 1084 1102 1139 fidem
1121 1084 1427 1154 Sponsionis
1444 1084 1665 1138 incerta:
1676 1082 1927 1138 celeriter
1942 1097 2030 1136 ex-

433 1175 635 1246 periri;
663 1191 728 1230 ac
752 1175 997 1244 proinde,
1015 1175 1142 1228 dato
1164 1174 1305 1243 quod
1330 1175 1546 1243 petebat
1553 1173 1820 1243 jumento,
1846 1173 2027 1227 addita

431 1277 656 1342 propter
681 1268 943 1322 viaticum
991 1267 1241 1337 pecunia,
1275 1266 1550 1320 notarium
1577 1280 1775 1328 meum,
1809 1264 2030 1318 nomine

432 1360 765 1425 Ratleicum,
787 1358 914 1428 quia
940 1366 996 1413 et
1022 1358 1137 1427 ipse
1168 1357 1358 1412 orandi
1400 1372 1566 1411 causa
1591 1355 1818 1410 Romam
1865 1354 2029 1410 eundi

429 1459 616 1503 votum
667 1449 922 1511 habebat,
955 1463 1080 1502 cum
1146 1462 1210 1501 eo
1270 1461 1494 1516 pergere
1535 1444 1695 1515 jussi.
1746 1443 1913 1514 Igitur
1965 1443 2030 1498 de

429 1540 755 1609 Aquisgrani
779 1539 982 1608 palatio
1015 1537 1242 1607 profecti
1293 1567 1362 1576 -—
1393 1551 1518 1590 nam
1569 1536 1643 1591 ibi
1671 1550 1736 1591 oo
1788 1543 2032 1602 tempore

432 1633 730 1702 imperator
753 1646 877 1686 cum
905 1646 1004 1685 suo
1033 1631 1293 1685 comitatu
1318 1630 1838 1698 erat—Augustam
1867 1626 2031 1681 Sues-

433 1725 648 1778 sionum
692 1735 718 1763 ι
761 1730 1060 1788 venerunt;
1109 1723 1291 1791 ibique
1325 1737 1446 1776 cum
1495 1721 1748 1776 Hildoino
1776 1720 1804 1759 δ
1833 1720 2028 1774 abbate

433 1814 487 1868 iu
519 1813 852 1867 monasterio
890 1811 950 1867 S.
982 1787 1220 1866 Medardi
1251 1811 1411 1866 loeuti
1441 1819 1587 1875 sunt,
1609 1811 1734 1879 quia
1758 1823 2028 1863 memora-
2056 1787 2103 1845 B

431 1913 518 1960 tus
547 1905 809 1959 diaconus
835 1903 884 1958 ei
920 1903 1194 1973 pollicitus
1241 1911 1344 1965 est,
1374 1917 1432 1955 se
1471 1899 1684 1955 efficere
1729 1914 1922 1968 posse,
1970 1904 2029 1952 ut

428 2011 629 2067 corpus
657 1996 804 2050 beati
829 1995 1088 2060 Tiburtii,
1117 1995 1399 2064 martyris,
1433 1993 1488 2046 iu
1533 1990 1650 2060 ejus
1691 1991 1904 2045 veniret
1927 2005 2026 2058 po-

429 2095 703 2142 testatem.
733 2084 942 2153 Quibus
974 2085 1062 2139 ille
1097 2083 1550 2154 promissiouibus
1585 2082 1826 2146 illectus,
1881 2081 2030 2135 misit

429 2192 554 2233 cum
574 2178 654 2233 eis
691 2179 979 2247 quemdam
999 2177 1400 2246 presbyterum,
1432 2175 1706 2228 hominem
1736 2172 1989 2228 callidum
2011 2212 2026 2236 ,

429 2270 650 2326 nomine
689 2268 924 2333 Hunum,
941 2266 1140 2336 jubens
1171 2274 1529 2335 utacceptum
1563 2264 1630 2318 ab
1658 2281 1722 2319 eo
1745 2263 2027 2318 memorati

429 2361 687 2434 martyris
708 2377 908 2431 corpus
947 2361 1049 2415 sibi
1073 2359 1327 2414 deferret.
1353 2359 1478 2412 Inde
1502 2358 1605 2411 iter
1644 2357 1896 2436 ingressi,
1921 2356 2029 2409 Ro-

429 2468 597 2518 mam,
630 2459 833 2521 quanta
864 2459 1152 2521 potuerunt
1176 2450 1472 2512 celeritate,
1506 2456 1882 2518 perrexerunt.

503 2543 560 2596 ι.
601 2541 842 2613 Contigit
882 2549 1392 2610 autem,postqnam
1420 2539 1625 2592 Italiam
1660 2539 2022 2601 intraverunt,

427 2643 488 2690 ut
535 2645 670 2704 puer
719 2634 918 2689 notarii
955 2633 1086 2696 mei,
1123 2647 1340 2686 nomine
1375 2625 1764 2700 Reginbaldus,
1795 2629 2024 2682 tertiana

429 2723 580 2780 febre
615 2731 897 2792 correptus
922 2764 936 2788 ,
987 2739 1098 2776 non
1152 2721 1423 2775 modicum
1459 2718 1780 2788 profectioni
1834 2733 2028 2772 eorum

427 2815 542 2872 suis
569 2815 845 2870 laboribus
873 2812 1078 2868 faceret
1104 2813 1574 2881 impedimentum;
1639 2809 1894 2879 quoniam
1943 2809 2028 2863 bis

429 2909 601 2973 boris,
627 2909 824 2978 quibus
873 2907 962 2962 ille
1013 2905 1245 2961 febrium
1296 2905 1516 2958 aestibus
1554 2903 1879 2966 tenebatur,
1925 2902 2029 2954 iter

429 3017 723 3073 agere-non
752 3008 1065 3070 potuerunt.
1119 2999 1288 3054 Erant
1315 2998 1460 3050 enim
1504 2996 1686 3064 pauci,
1719 3011 1782 3049 ac
1803 3008 1900 3063 per
1925 2995 2030 3048 hoc

429 3093 499 3148 ab
535 3091 766 3146 invicem
801 3090 1044 3161 separari
1077 3088 1354 3143 nolebant.
1411 3086 1656 3156 Cumque
1686 3088 1792 3142 hoc
1821 3087 2028 3140 incom-

430 3183 594 3239 modo
624 3182 727 3236 iter
753 3181 967 3235 illorum
1013 3195 1118 3233 non
1162 3178 1508 3232 mediocriter
1552 3176 1741 3236 fuisset
1793 3178 2030 3231 retarda-

433 3284 566 3338 tum,
602 3275 674 3328 illi
710 3286 889 3328 tamen
914 3280 1071 3342 prout
1095 3278 1347 3340 poterant
1386 3269 1513 3322 illud
1542 3269 1847 3322 accelerare
1895 3283 2026 3322 con-

431 3367 736 3424 tenderent,
774 3365 951 3417 tribus
981 3363 1171 3415 diebus
1197 3360 1510 3430 priusquam
1542 3359 1608 3414 ad
1650 3358 1849 3413 Urbem
1875 3358 2026 3411 veni-

431 3463 575 3520 rent,
607 3453 859 3524 apparuit
886 3453 938 3506 in
970 3452 1085 3505 visu
1121 3449 1195 3504 iili
1251 3447 1578 3503 febricitanti
1608 3447 1825 3516 quidam
1867 3447 2028 3500 homo

442 3550 497 3603 in
537 3547 723 3602 habitu
762 3543 1006 3607 diaconi,
1041 3541 1366 3612 perquirens
1402 3541 1469 3594 ab
1504 3555 1569 3594 eo
1613 3553 1776 3608 quam
1819 3539 1887 3591 ob
1913 3552 2025 3591 rem

432 3639 685 3694 dominus
713 3650 842 3688 suus
874 3632 1102 3687 Romam
1133 3633 1210 3686 ire
1242 3630 1560 3686 festinaret?
1582 3630 1678 3684 Cui
1701 3645 1824 3684 cum
1867 3629 1952 3682 ille
1974 3638 2027 3682 et

433 3728 704 3800 promissa
737 3727 947 3780 diaconi
997 3727 1062 3779 de
1105 3725 1350 3793 reliquiis
1380 3732 1690 3778 sanctorum
1748 3721 1877 3775 mihi
1912 3722 2028 3774 mit-

433 3819 630 3882 tendis,
664 3827 717 3871 et
747 3817 812 3872 de
840 3817 925 3870 his
953 3830 1072 3884 qua:
1101 3814 1351 3868 llildoino
1398 3813 1576 3867 abbati
1605 3811 1877 3882 pollicitus
1904 3819 1981 3865 est
2010 3852 2023 3874 ,

434 3916 593 3978 prout
620 3907 695 3962 illi
717 3914 993 3975 comperta
1025 3913 1201 3967 erant,
1229 3910 1552 3970 exponeret,
1581 3920 1599 3951 ι
1635 3900 1750 3954 Non
1782 3901 1854 3954 ita
1886 3900 2025 3965 erit,

436 4001 632 4071 inquit,
659 4001 752 4054 sed
783 3999 938 4067 longe
969 3998 1146 4063 aliter,
1180 4013 1341 4065 quam
1379 4010 1476 4050 vos
1520 3995 1862 4055 existimatis,
1897 4009 2026 4048 cau-

434 4106 635 4152 sarum,
669 4097 892 4159 propter
913 4102 1065 4156 quas.
1097 4086 1322 4140 venistis
1349 4125 1364 4150 ,
1413 4083 1588 4138 exitus
1627 4081 2024 4150 adimplebitur.

435 4180 572 4236 Nam
594 4180 855 4234 diaconus
879 4179 1003 4242 iste,
1029 4177 1120 4246 qui
1144 4192 1239 4231 vos
1269 4176 1497 4230 Romam
1551 4174 1737 4228 venire
1781 4172 2025 4242 rogavit,

437 4279 532 4326 aut
560 4285 774 4341 parum,
801 4279 896 4322 aut
920 4268 1050 4322 nihil
1083 4268 1148 4321 de
1172 4269 1275 4331 his,
1299 4283 1420 4336 qua:
1459 4266 1612 4320 vobis
1651 4265 1919 4334 promisit,
1944 4263 2028 4317 fa-

437 4369 626 4416 cturus
647 4366 759 4424 est;
801 4374 865 4412 ac
891 4358 1117 4428 proinde
1146 4356 1265 4408 volo
1307 4355 1554 4423 sequaris
1600 4369 1704 4416 me,
1753 4363 1914 4422 atque
1967 4369 2028 4407 ea

2130 537 2271 604 quit,
2296 552 2458 607 quam
2480 538 2647 594 vides.
2672 558 2689 590 ι
2715 539 3020 610 Statimque
3043 542 3247 596 addidit
3275 561 3286 594 :
3313 545 3524 616 «Dirige
3544 545 3731 603 oculos

2133 627 2185 680 in
2204 627 2460 682 interiora
2477 627 2603 701 [Μδ.
2617 671 2631 695 ,
2646 631 2932 703 ulteriora]
2947 633 3205 698 civitatis,
3220 642 3274 686 et
3290 635 3656 704 contemplare
3681 637 3730 691 si

2130 719 2311 790 aliqua
2339 721 2433 775 tibi
2468 721 2520 775 in
2558 722 2643 776 bis
2682 721 2815 776 locis
2856 732 3116 791 appareat
3143 723 3396 778 ecclesia.
3434 744 3452 775 ι
3483 723 3732 794 Cumque

2131 809 2233 863 sibi
2264 811 2557 879 quamdam
2577 812 2860 866 ecclesiam
2887 823 2908 850 ο
2939 828 3198 881 apparere
3222 815 3469 879 dixisset,
3505 832 3521 864 ι
3553 815 3723 880 Vade,

2131 899 2228 964 ait,
2260 908 2314 954 et
2335 900 2579 956 Ratleico
2629 902 2839 966 nuntia,
2878 903 3130 970 quoniam
3176 904 3227 956 in
3261 903 3513 963 ecclesia,
3563 921 3727 974 quam

2131 990 2292 1044 modo
2322 991 2528 1056 vidisti,
2571 991 2666 1046 illa,
2691 1007 2779 1048 res
2826 1001 2912 1047 est
2948 994 3252 1059 recondita,
3303 1010 3466 1064 quam
3501 995 3592 1049 ille
3628 995 3725 1048 do-

2132 1082 2280 1136 mino
2307 1097 2406 1137 suo
2434 1084 2593 1139 debet
2609 1084 2804 1140 afferre
2837 1103 2849 1138 :
2876 1093 2930 1140 et
2955 1085 3075 1140 ideo
3097 1087 3185 1140 det
3212 1101 3432 1155 operam
3460 1128 3475 1151 ,
3521 1097 3580 1141 ut
3604 1103 3726 1144 eam

2131 1181 2336 1241 quanto
2379 1172 2613 1229 celerius
2639 1175 2757 1229 fieri
2780 1184 2966 1244 potest
2987 1175 3238 1245 accipiat,
3265 1183 3321 1230 et
3351 1176 3418 1230 ad
3443 1176 3727 1231 dominum

2132 1279 2290 1319 suum
2311 1275 2637 1321 revertatur.
2673 1286 2691 1319 ι
2723 1266 2967 1338 Cumque
2999 1268 3088 1322 ille
3115 1268 3341 1332 diceret,
3387 1269 3534 1338 quod
3565 1282 3727 1322 nemo

2131 1360 2198 1416 de
2232 1360 2339 1424 his,
2379 1360 2472 1430 qui
2513 1375 2698 1415 secum
2733 1369 3016 1424 venerant,
3056 1361 3110 1414 in
3141 1360 3452 1430 hujusmodi
3480 1375 3539 1413 re
3565 1360 3725 1415 fidem

2133 1453 2293 1510 dictis
2327 1454 2439 1508 suis
2473 1462 2618 1508 esset
2639 1453 2946 1519 habiturus,
2977 1455 3254 1524 respondit
3286 1463 3341 1509 et
3367 1455 3506 1508 dixit
3539 1473 3551 1508 :
3590 1473 3607 1504 ι
3649 1453 3690 1507 T
3695 1471 3729 1507 ιι

2132 1543 2274 1598 nosti
2325 1543 2467 1612 quod
2517 1557 2730 1608 omnes,
2768 1544 2861 1612 qui
2915 1552 3091 1598 tecum
3129 1545 3232 1599 hoc
3264 1545 3370 1598 iter
3406 1555 3594 1615 agunt,
3632 1545 3731 1599 tibi

2133 1634 2336 1689 conscii
2369 1644 2495 1689 sunt
2536 1636 2662 1703 quia
2702 1635 3008 1704 complures
3062 1635 3180 1690 dies
3212 1637 3264 1690 in
3301 1635 3448 1690 febre
3491 1637 3727 1690 tertiana

2132 1725 2413 1787 laborasti,
2443 1736 2498 1781 et
2544 1727 2781 1781 nondum
2821 1735 2874 1780 te
2905 1728 2971 1781 ab
3001 1727 3092 1780 illa
3142 1727 3307 1781 ullam
3338 1728 3597 1782 habuisse
3644 1743 3732 1781 re-

2131 1819 2466 1872 missionem.
2496 1849 2566 1858 ——-
2599 1818 2666 1873 Et
2702 1819 2790 1874 ille
2834 1837 2845 1871 :
2908 1819 2983 1873 Ita
3015 1829 3119 1883 est,
3154 1820 3347 1889 inquit,
3378 1829 3434 1872 ut
3467 1821 3624 1873 dicis.
3659 1850 3732 1859 —

2133 1909 2492 1980 Quapropter,
2525 1911 2620 1974 ait,
2653 1909 2773 1964 volo
2803 1920 2861 1964 ut
2890 1925 2986 1979 pro
3025 1911 3178 1979 signo
3213 1911 3307 1965 tibi
3331 1911 3418 1972 sit,
3447 1918 3614 1978 atque
3643 1912 3731 1964 his

2132 1999 2329 2068 quibus
2351 2001 2514 2054 verba
2542 2015 2661 2068 quae
2686 1999 2796 2053 dixi
2840 1998 3110 2052 relaturus
3140 2014 3218 2062 es,
3246 2000 3507 2067 quoniam
3535 2014 3601 2052 ex
3627 2001 3732 2052 hac

2131 2087 2285 2151 hora,
2337 2087 2514 2152 febre,
2552 2104 2656 2158 qua
2689 2103 2858 2158 usque
2902 2089 3062 2142 modo
3104 2089 3455 2150 detincbaris,
3509 2090 3590 2144 sic
3632 2106 3730 2158 per

2132 2177 2224 2230 Dei
2253 2179 2682 2242 misericordiam
2706 2179 2979 2233 cariturus
3008 2193 3086 2242 es,
3121 2189 3178 2232 ut
3203 2189 3252 2232 te
3284 2179 3512 2234 ulterius
3543 2181 3595 2233 in
3629 2181 3735 2234 hoc

2132 2269 2327 2324 itinere
2378 2286 2484 2324 non
2535 2272 2828 2341 contingat.
2880 2292 2898 2324 ι
2942 2272 3036 2326 llis
3083 2272 3243 2326 dictis
3287 2271 3727 2342 expergefactus,

2129 2363 2310 2416 omnia
2336 2378 2456 2432 quze
2480 2365 2582 2418 sibi
2600 2365 2798 2418 vidisse
2821 2364 2902 2418 vel
2928 2364 3144 2418 audisse
3162 2363 3466 2428 videbatur,
3489 2364 3730 2418 Ratleico

2132 2453 2334 2507 referre
2354 2455 2582 2508 curavit.
2602 2453 2731 2520 Qua:
2752 2469 2874 2508 cum
2899 2452 3173 2508 Ratleicus
3193 2455 3514 2524 presbytero
3542 2470 3730 2509 secum

2130 2544 2372 2612 pergenti
2416 2545 2774 2614 exposuisset,
2804 2544 2978 2598 visum
3001 2553 3086 2598 est
3108 2545 3372 2600 ambobus
3410 2553 3470 2599 ut
3509 2545 3729 2613 experi-

2129 2641 2371 2686 mentum
2398 2633 2570 2687 somni
2597 2632 2751 2704 μη,
2770 2632 2988 2704 somnii]
3005 2648 3072 2687 ex
3086 2635 3314 2687 veritate
3343 2636 3628 2703 promissa:
3648 2650 3731 2687 sa-

2129 2723 2315 2777 uitatis
2339 2725 2702 2792 approbarent
2734 2741 2746 2774 :
2783 2739 2907 2777 nam
2949 2724 3138 2778 eadem
3180 2725 3285 2786 die,
3309 2723 3463 2792 juxta
3493 2724 3733 2793 quanta-

2129 2821 2234 2866 tem
2257 2813 2507 2875 febrium,
2524 2813 2718 2882 quibus
2740 2814 2990 2870 laborare
3013 2824 3393 2886 cpnsueverat,
3411 2814 3732 2870 febricitare

2129 2903 2360 2958 debebat
2381 2904 2427 2956 is
2451 2903 2541 2972 qui
2565 2904 2835 2958 somnium
2869 2904 3091 2958 viderat.
3121 2904 3185 2956 Et
3211 2911 3396 2957 utnon
3431 2920 3562 2957 vana
3597 2904 3728 2956 illu-

2131 2993 2234 3056 sio,
2277 2993 2371 3047 sed
2412 2993 2595 3062 potius
2638 3007 2767 3046 vera
2798 2993 3057 3047 revelatio
3107 2991 3272 3048 fuisse
3320 2994 3730 3056 ostenderetur,

2132 3097 2307 3150 neque
2331 3080 2422 3136 illa
2444 3081 2547 3144 die,
2587 3096 2762 3150 neque
2797 3081 3010 3136 cazteris
3029 3097 3148 3150 qua:
3179 3082 3324 3135 illam
3348 3090 3546 3136 secuta:
3574 3092 3730 3146 sunt,

2134 3173 2299 3224 ullum
2346 3173 2399 3225 in
2437 3187 2664 3241 corpore
2694 3187 2793 3226 suo
2837 3180 3222 3226 consuetarum
3274 3171 3504 3226 febrium
3549 3175 3732 3227 sensit

2133 3265 2410 3319 iudicium.
2449 3264 2647 3332 Sicque
2672 3263 2876 3318 factum
2907 3272 3011 3328 est,
3043 3275 3103 3317 ut
3123 3274 3176 3318 et
3201 3264 3392 3317 visioni
3417 3264 3733 3329 crederent,

2132 3366 2186 3410 et
2209 3355 2366 3410 fidem
2399 3356 2609 3410 diaconi
2628 3356 2920 3424 promissis
2951 3370 3060 3408 non
3087 3355 3370 3408 haberent.

2200 3446 2253 3499 6.
2291 3445 2460 3515 Igitur
2491 3444 2716 3498 Romam
2752 3444 3052 3506 venientes,
3080 3441 3234 3510 juxta
3263 3441 3539 3495 basilicam
3577 3441 3736 3496 beati

2129 3535 2276 3590 Petri
2326 3534 2576 3604 apostoli,
2623 3550 2742 3603 qum
2772 3534 2974 3588 dicitur
2999 3532 3064 3587 ad
3095 3531 3344 3594 Vincula,
3381 3532 3431 3584 in
3454 3531 3615 3584 domo
3656 3533 3737 3600 ip-

2130 3628 2266 3692 sius,
2297 3641 2418 3680 cum
2444 3641 2550 3694 quo
2585 3633 2872 3689 venerunt,
2907 3624 3142 3686 diaconi,
3176 3622 3467 3690 hospitium
3498 3636 3738 3689 accepe-

2129 3727 2256 3772 runt
2281 3734 2294 3782 ;
2323 3724 2746 3784 manseruntque
2782 3731 2905 3769 cum
2932 3729 2996 3769 eo
3022 3729 3119 3782 per
3151 3713 3356 3780 aliquot
3380 3712 3524 3772 dies,
3557 3725 3739 3782 oppe~

2129 3807 2749 3878 rientespromissorum
2791 3807 2908 3876 ejus
2955 3803 3416 3874 atﬁmpletionem.
3456 3800 3560 3855 Sed
3607 3801 3737 3866 ille,

2129 3900 2221 3970 qui
2240 3914 2366 3953 suas
2395 3897 2812 3969 pollicitationes
2841 3895 3102 3966 perficere
3132 3893 3493 3954 nouvalebat,
3520 3891 3734 3961 ipsum,

2128 3991 2271 4058 quod
2324 4005 2431 4043 non
2485 3996 2716 4058 poterat,
2768 3985 3088 4056 quibusdam
3140 3981 3738 4053 procrastinatiouibus

2127 4082 2403 4154 palliabat.
2444 4081 2686 4134 Tandem
2709 4079 2870 4133 locuti
2903 4093 3024 4132 cum
3055 4076 3167 4140 illo,
3196 4091 3295 4130 cur
3322 4076 3403 4128 eis
3433 4074 3523 4128 illo
3559 4077 3737 4134 modo

2129 4176 2291 4231 vellet
2340 4173 2564 4228 illudere
2611 4172 2912 4242 percontati
2943 4180 3098 4234 sunt;
3130 4179 3387 4240 rogantes
3424 4169 3603 4236 simul,
3659 4188 3736 4226 ne

2131 4284 2188 4324 se
2217 4268 2419 4322 diutius
2467 4265 2699 4319 fallendo
2729 4263 3000 4318 detineret
3027 4302 3040 4326 ,
3092 4271 3146 4315 et
3173 4263 3534 4315 reversionem
3563 4277 3732 4317 suam

2132 4363 2285 4416 vanis
2323 4361 2522 4430 spebus
2553 4357 2859 4427 impediret.
2923 4357 3020 4410 llis
3047 4357 3135 4410 ille
3173 4357 3395 4421 auditis,
3441 4372 3563 4410 cum
3603 4373 3733 4411 cer-

437 4468 558 4520 nua!
583 4455 678 4508 tibi
707 4462 1029 4507 ostensurus
1065 4459 1224 4520 atque
1266 4448 1510 4503 dicturus
1545 4464 1685 4514 sum,
1717 4458 1896 4503 mente
1924 4448 2028 4502 sol-
2055 4465 2107 4524 ι)
2135 4461 2287 4506 neret
2309 4468 2366 4525 se
2389 4448 2693 4520 bujusmodi
2738 4449 3031 4504 calliditate
3055 4449 3134 4502 eis
3175 4447 3286 4515 jam
3331 4449 3560 4516 amplius
3611 4466 3729 4504 non

438 4543 583 4600 licita
612 4558 772 4598 cures
797 4544 1098 4597 advertere.
1140 4560 1159 4591 ι

509 4635 564 4689 5.
599 4635 750 4688 Tunc
779 4650 941 4688 manu
984 4633 1456 4701 comprehensum,
1495 4637 1554 4684 ut
1585 4631 1687 4685 sibi
1716 4633 2024 4694 videbatur,

438 4724 641 4779 montis
663 4723 905 4793 przccelsi
951 4715 1212 4775 cacumen
1244 4735 1426 4774 secum
1479 4721 1842 4774 conscendere
1874 4719 2022 4775 fecit.

438 4814 497 4868 lu
526 4828 633 4882 quo
657 4828 779 4867 cum
806 4812 967 4866 simul
997 4812 1156 4881 positi
1185 4811 1547 4865 consisterent
1575 4829 1586 4864 :
1622 4829 1639 4860 σ
1670 4810 2020 4877 Convertere,

441 4903 639 4974 inquit,
661 4903 726 4958 ad
751 4903 1041 4965 orientem,
1074 4909 1129 4954 et
1174 4897 1445 4966 subjectos
1480 4899 1650 4954 oculis
1677 4900 1782 4954 tuis
1808 4916 2028 4968 campos

441 4993 670 5051 intuere.
711 5012 730 5042 ι
763 4991 917 5058 Quod
953 5006 1074 5045 cum
1099 4989 1336 5052 fecisset,
1363 4997 1418 5042 et
1453 5004 1694 5058 campos,
1735 4990 1800 5044 de
1827 4991 2030 5059 quibus

444 5081 546 5137 sibi
570 5081 805 5143 dixerat,
855 5078 1046 5133 fuisset
1083 5080 1332 5142 intuitus,
1365 5079 1515 5134 videt
1543 5080 1595 5132 in
1632 5080 1712 5134 eis
1740 5081 1898 5134 molis
1923 5081 2026 5134 im-

445 5187 647 5228 mensa:
671 5171 922 5234 fabricas,
952 5173 1004 5224 in
1032 5171 1250 5225 modum
1285 5186 1490 5239 magna:
1525 5170 1805 5239 cujusdam
1838 5173 2032 5227 civita-

445 5263 518 5316 tis
537 5269 832 5324 extructas,
857 5269 930 5325 et,
949 5262 1311 5330 interrogatus
1331 5261 1398 5314 ab
1430 5275 1513 5324 eo,
1531 5262 1574 5314 si
1596 5261 1761 5316 sciret
1776 5262 1900 5330 quid
1929 5264 2030 5317 hoc

516 5405 544 5434 ε
586 5392 779 5446 Surius
816 5394 1103 5462 Augustam
1141 5390 1475 5462 δίιεδεδοιηιηιἱ
1512 5406 1619 5460 quo
1665 5393 1825 5445 etiam
1867 5396 2027 5448 modo

447 5462 502 5520 iu
534 5463 656 5516 Vita
691 5462 750 5516 S.
795 5460 1057 5526 Medardi,
1095 5464 1128 5516 8
1174 5460 1336 5526 Junii,
1373 5477 1401 5514 a
1441 5461 1737 5515 Fortunato
1792 5465 2028 5532 appella-

451 5544 558 5595 tur,
598 5548 744 5586 num.
777 5533 864 5585 56.

522 5605 546 5642 h
590 5603 870 5657 llilduiuus
922 5601 1098 5656 factus
1136 5602 1303 5656 abbas
1355 5616 1497 5654 anno
1551 5599 1676 5664 817,
1742 5603 1832 5656 sed
1886 5620 2028 5658 anno

450 5673 552 5725 830
576 5675 627 5726 iu
648 5673 894 5725 exsilium
929 5673 1130 5742 pulsus.
1166 5682 1218 5723 et
1248 5682 1530 5724 revocatus
1561 5688 1702 5723 anno
1733 5673 1857 5736 855,
1888 5690 2029 5725 mor-

453 5755 575 5796 tuus
607 5753 660 5796 ct
713 5743 763 5796 in
804 5744 1015 5797 ablatia
1071 5744 1126 5794 S.
1194 5741 1423 5794 Medardi
1460 5742 1698 5809 sepultus
1733 5759 1872 5796 anno
1902 5743 2024 5796 842.

2129 4553 2285 4612 poSse
2316 4542 2611 4610 imponere,
2641 4539 2814 4607 primo
2844 4538 3116 4591 notarium
3142 4553 3319 4591 meum
3353 4546 3561 4592 certum
3587 4538 3730 4594 fecit

2131 4634 2197 4688 de
2241 4632 2482 4703 reliquiis
2538 4630 2669 4684 mibi
2718 4629 3025 4699 promissis,
3057 4629 3200 4697 quod
3245 4643 3340 4682 eas
3366 4628 3566 4682 habere
3609 4646 3728 4685 non

2132 4732 2339 4795 posset,
2367 4739 2431 4777 eo
2452 4723 2593 4791 quod
2617 4719 2785 4780 frater
2815 4736 2967 4784 suus,
2990 4720 3076 4773 cui
3096 4720 3404 4781 etdomum,
3437 4729 3490 4772 et.
3523 4732 3725 4775 cuncta

2132 4827 2251 4880 qua:
2305 4812 2553 4871 habebat,
2604 4810 2728 4865 inde
2776 4809 2962 4864 abiens
3008 4809 3505 4871 commendaverat,
3557 4826 3726 4881 nego-

2134 4901 2300 4954 tiandi
2329 4900 2501 4970 gratia
2529 4899 2894 4954 Beneventum
2926 4907 3071 4952 esset
3110 4896 3400 4967 profectus,
3441 4915 3504 4952 ac
3535 4915 3592 4955 se
3629 4915 3726 4968 pe.-

2135 4994 2281 5046 nitus
2324 4993 2575 5060 ignorare
2619 4989 2835 5058 quando
2867 4996 3009 5042 esset
3059 5003 3396 5051 reversurus,
3434 4997 3488 5042 et
3513 4992 3641 5059 quia
3674 4995 3722 5046 ei

2135 5084 2390 5153 reliquias
2436 5083 2576 5144 illas,
2620 5083 2759 5136 sicut
2814 5089 2869 5134 et
2912 5088 3160 5134 cmteram
3207 5079 3617 5148 supellcctilem,
3655 5083 3720 5135 ad

2133 5173 2453 5227 servandum
2487 5172 2851 5233 commiserat,
2892 5186 2992 5224 nec
3029 5171 3252 5224 omnino
3278 5185 3338 5224 se
3364 5171 3508 5224 scire
3537 5186 3717 5240 posse,

2131 5264 2258 5333 quid
2296 5263 2361 5316 de
2411 5262 2494 5316 his
2527 5260 2763 5324 fecisset,
2806 5261 3060 5329 quoniam
3101 5275 3193 5314 eas
3225 5260 3277 5312 in
3323 5259 3515 5314 eadem
3560 5262 3722 5317 domo

2136 5397 2257 5450 Fuit
2308 5397 2446 5450 idem
2479 5393 2640 5449 etiam
2699 5395 2867 5449 abbas
2902 5395 2959 5448 S.
2990 5396 3228 5465 Dionysii
3257 5403 3311 5449 et
3347 5394 3405 5449 S.
3458 5395 3720 5453 Germani

2136 5467 2663 5538 apudﬁParisienses.

2208 5550 2228 5577 ε
2275 5537 2424 5590 Hauc
2461 5551 2579 5588 esse
2639 5534 2922 5588 ecclesiam
2979 5533 3078 5587 SS.
3131 5533 3425 5588 Marcellini
3470 5543 3523 5589 et
3552 5535 3717 5598 Petri,

2137 5625 2164 5660 a
2203 5607 2557 5661 Constantino
2607 5603 2798 5673 Magno
2853 5613 3240 5665 constructam,
3294 5606 3492 5658 asserit
3546 5605 3714 5656 Baro-

2139 5679 2258 5730 nius
2292 5691 2432 5728 anno
2465 5673 2588 5736 8‘26,
2624 5689 2769 5726 num.
2808 5673 2887 5735 l6,
2939 5675 3077 5741 quod
3108 5683 3255 5728 esset
3304 5675 3374 5727 ob
3403 5677 3484 5728 sui
3528 5675 3714 5743 auipii-

2141 5749 2377 5801 tudincm
2409 5752 2460 5797 et
2489 5743 2827 5797 altitudinem
2868 5744 3074 5812 longius
3102 5744 3403 5813 perspicua.
