3928 6358
151 402 252 459 ιιι
981 408 1156 464 HIST.
1203 410 1601 468 TRANSLAT.
1647 415 1749 470 BB.
1799 417 2214 480 MARCELLINI
2255 428 2342 482 ΕΤ
2379 429 2606 484 PETRI.
3136 455 3146 465 '
3331 442 3436 500 54!

148 529 427 622 nusquam
463 515 1068 622 invenisset-:"proi‘nde
1121 521 1325 622 videret
1351 523 1477 592 quid
1518 524 1741 589 faceret,
1776 539 1823 589 Α
1851 534 2103 598 positum,
2137 537 2478 609 tabulamque
2507 556 2867 600 marmoream
2894 547 2964 602 ad
2991 559 3152 620 caput
3177 555 3436 622 positam,

147 605 279 673 quia
309 607 378 660 de
406 616 564 676 parte
582 623 675 661 sua
703 609 835 664 nihil
861 615 1113 672 restaret,
1135 614 1277 680 quod
1300 626 1520 681 sperare
1540 625 1741 683 posset.

145 695 451 768 Postquam
483 700 597 754 haec
640 701 854 754 notario
897 716 1019 755 meo
1063 702 1219 767 dixit,
1253 713 1306 756 et
1359 704 1448 759 ille
1479 721 1537 760 se
1587 707 1655 761 ab
1679 722 1744 762 eo

1845 636 1964 689 quae
2000 625 2175 689 titulo,
2213 643 2373 698 quem
2402 631 2744 700 continebat,
2779 636 3000 692 evidens
3033 640 3291 697 indicium
3333 643 3433 700 da-

1843 713 1967 778 bat,
2003 716 2156 784 cujus
2197 718 2249 771 in
2280 735 2344 774 eo
2385 720 2503 776 loco
2546 725 2799 792 martyris
2830 728 3072 783 membra
3105 731 3428 800 jacuissent.

147 783 372 844 illusum
413 805 478 844 ac
516 790 659 843 male
698 791 799 844 sibi
838 791 1145 861 impositum
1175 803 1518 862 quereretur,
1557 799 1744 852 nescio
1842 800 2028 867 Quod,
2070 783 2132 858 ut
2170 821 2269 874 par
2297 818 2448 874 erat,
2479 826 2603 864 cum
2641 783 2850 866 summa
2879 783 3228 875 veneratione
3257 823 3432 878 susci-

147 879 350 948 quibus
393 880 546 934 vanis
581 880 680 932 hac
703 878 913 934 frivolis
937 882 1103 937 etiam
1135 882 1509 952 presbyterum
1538 885 1742 941 Hildoi-

145 973 202 1026 ni
234 972 522 1036 allocutus,
555 988 650 1042 spe
687 973 850 1028 simili
891 974 1210 1037 animatum,
1243 990 1274 1028 a
1301 990 1358 1029 se
1385 975 1514 1031 fecit
1555 978 1741 1034 absce-

145 1065 297 1118 dere.
329 1063 598 1119 Postridie
639 1080 768 1118 vero
793 1080 916 1120 cum
947 1066 1103 1119 valde
1124 1067 1309 1120 tristes
1335 1067 1568 1133 videret,
1607 1071 1736 1122 hor-

143 1163 295 1208 tatus
319 1163 405 1209 est
432 1164 492 1208 ut
534 1156 692 1209 simul
716 1171 838 1209 cum
871 1155 964 1210 illo
989 1156 1056 1209 ad
1077 1158 1393 1211 coemeteria
1425 1166 1736 1212 sanctorum

142 1251 461 1312 pergerent;
496 1244 663 1298 videri
711 1244 814 1298 sibi
855 1244 999 1312 quod
1028 1246 1082 1299 in
1112 1245 1192 1300 eis
1222 1245 1426 1314 aliquid
1459 1245 1564 1300 tale
1587 1247 1737 1300 inve-

141 1331 248 1384 niri
270 1343 476 1402 posset,
499 1349 606 1403 quo
631 1348 819 1388 eorum
847 1335 1131 1390 desideriis
1158 1335 1471 1401 satisfieret,
1501 1352 1602 1392 nec
1619 1336 1735 1393 fore

140 1420 290 1475 illam
322 1422 476 1493 μη,
516 1423 703 1496 ullam]
729 1425 1106 1480 necessitatem
1136 1436 1197 1480 ut
1224 1427 1278 1480 in
1316 1428 1548 1495 patriam
1577 1430 1731 1483 vacui

139 1520 563 1567 reverterentur.
592 1512 835 1582 Cumque
862 1515 943 1569 eis
973 1516 1076 1570 hoc
1098 1515 1384 1570 consilium
1416 1517 1728 1586 placuisset,

137 1599 446 1669 vellentque
482 1610 540 1655 ut
567 1604 893 1672 quantocius
929 1603 1006 1666 id,
1032 1604 1100 1658 ad
1134 1604 1278 1672 quod
1310 1603 1615 1660 faciendum
1637 1621 1731 1662 eos

128 1690 482 1757 hortabatur,
509 1692 851 1757 inchoarent,
895 1708 1046 1749 more
1080 1693 1260 1760 solito,
1311 1695 1584 1766 negotium
1613 1695 1726 1750 dis-

127 1780 430 1847 simulavit,
453 1791 508 1837 et
529 1799 644 1847 eos,
675 1800 906 1852 quorum
931 1785 1098 1838 animi
1122 1793 1251 1838 tunc
1277 1784 1551 1854 paululum
1572 1795 1726 1840 erant

1840 893 2048 960 pientes
2078 896 2279 961 levant,
2305 909 2356 952 et
2387 904 2584 956 munda
2615 904 2843 960 sindone
2873 905 3171 964 involutum
3199 912 3430 970 diacono

1841 984 2116 1041 ferendum
2159 997 2320 1059 atque
2357 993 2678 1049 servandum
2721 997 2962 1052 tradunt.
3002 998 3080 1053 Ac
3108 1016 3174 1056 ne
3203 1003 3307 1060 ulla
3336 1019 3427 1059 su-

1838 1076 1968 1130 blati
1998 1081 2238 1149 corporis
2269 1081 2467 1137 indicia
2503 1096 2878 1151 remanerent,
2907 1087 3140 1158 lapidem
3177 1091 3296 1146 loco
3325 1109 3425 1149 suo

1839 1181 2180 1238 reponentes,
2223 1175 2275 1227 in
2313 1177 2502 1230 urbem
2542 1178 2609 1232 ad
2652 1179 2882 1247 hospitia
2923 1197 3022 1235 sua
3055 1194 3420 1242 revertuntur.

1837 1253 2105 1318 Diaconus
2150 1275 2330 1320 autem
2372 1283 2569 1339 corpus
2610 1269 2910 1327 beatissimi
2949 1277 3233 1346 martyris,
3280 1280 3423 1346 quod

1836 1360 2141 1420 acceperat,
2165 1353 2320 1422 juxta
2353 1356 2634 1412 basilicam
2664 1359 2809 1414 beati
2837 1361 2980 1416 Petri
3010 1367 3274 1434 apostoli,
3302 1385 3422 1437 qua

1833 1449 2057 1494 vocatur
2083 1443 2150 1496 ad
2179 1443 2434 1509 Vincula,
2474 1447 2563 1500 ubi
2596 1456 2650 1500 et
2677 1448 2790 1517 ipse
2817 1449 3032 1506 domum
3064 1453 3331 1521 habebat,
3361 1472 3422 1512 se

1832 1545 2048 1587 servare
2073 1534 2210 1589 velle
2229 1551 2291 1591 ac
2308 1552 2466 1606 posse
2483 1537 2780 1606 allirmans,
2797 1541 2951 1597 fratri
2968 1560 3064 1599 suo
3083 1550 3299 1603 nomine
3312 1549 3420 1605 Lu-

1831 1623 2089 1678 nisoniad
2112 1628 2524 1684 custodiendum
2543 1633 2846 1699 commisit;
2882 1636 3287 1708 arbitratusque
3313 1656 3415 1695 no-

1829 1712 1970 1765 tario
1986 1729 2106 1768 meo
2121 1715 2225 1768 hoc
2240 1715 2579 1772 satisfactum
2597 1732 2738 1785 esse,
2751 1723 2915 1792 cmpit
2929 1725 3077 1778 illum
3106 1727 3312 1782 hortari
3335 1739 3414 1794 ut,

1828 1816 2051 1876 accepto
2078 1823 2308 1878 corpore
2330 1811 2473 1865 beati
2503 1811 2817 1878 Marcellini,
2840 1817 3041 1872 rediret
3071 1820 3123 1872 in
3157 1821 3409 1889 patriam.

127 1871 324 1970 cretii,
350 1873 404 1926 in
436 1874 1128 1970 ωιξιδωωόεερθηιίοηειιξ
1172 1875 1275 1929 hac
1326 1875 1583 1970 ξῘί¹²ιίο¹¹θ
1631 1877 1724 1970 ἀίξ-
1753 1872 1798 1930 Β
1897 1871 2101 1952 9.-Sed
2124 1871 2211 1954 ille
2238 1899 2393 1970 longe
2414 1901 2557 1956 aliud
2582 1871 3036 1960 meditabaturac

117 1960 284 2030 jecit,
312 1970 392 2026 ut,
417 1961 618 2016 omisso
645 1961 756 2026 illo,
782 1970 1084 2017 statuerent
1116 1963 1168 2016 in
1197 1963 1453 2032 patriam,
1477 1967 1724 2034 quamvis

124 2048 336 2104 infecto
371 2052 608 2121 negotio,
643 2053 860 2106 reverti.

204 2158 260 2213 7.
298 2159 406 2214 Sed
449 2161 693 2215 notarius
740 2177 922 2227 meus,
974 2164 1218 2218 recolens
1264 2167 1531 2219 sonminm
1577 2169 1720 2235 quod

121 2265 268 2318 puer
295 2266 427 2305 suus
450 2252 691 2317 viderat,
733 2254 897 2323 coepit
925 2256 1178 2309 comitem
1218 2271 1375 2308 suum
1406 2256 1622 2310 hortari.
1640 2266 1718 2321 ut,

119 2339 248 2394 sine
289 2339 500 2410 hospite
542 2356 662 2404 suo,
706 2341 847 2395 irent
887 2342 956 2397 ad
996 2344 1332 2408 cmmeteria,
1376 2344 1442 2397 ad
1482 2359 1602 2412 quae
1639 2345 1719 2398 vi-

119 2429 297 2483 senda
337 2429 426 2483 ille
463 2445 557 2484 eos
595 2445 653 2484 se
690 2430 888 2484 ducere
912 2431 1054 2484 velle
1091 2432 1359 2501 promisit.
1407 2432 1592 2502 Itaque
1636 2432 1718 2485 in-

117 2528 291 2574 vento
315 2529 481 2589 atque
505 2521 771 2575 conducto
793 2521 927 2575 duce
953 2521 1304 2589 locorumque
1328 2529 1714 2586 monstratore,

114 2610 303 2679 primo
327 2611 398 2664 ad
433 2611 712 2665 basilicam
753 2611 897 2665 beati
935 2610 1197 2676 Tiburtii,
1235 2611 1513 2681 martyris,
1546 2613 1598 2665 in
1628 2612 1714 2665 via

116 2698 414 2766 Lavicana,
458 2701 629 2756 tribus
661 2703 731 2754 ab
770 2703 900 2755 urbe
944 2717 1199 2769 passuum
1243 2702 1480 2757 millibus
1511 2703 1715 2757 distan-

117 2799 232 2844 tem
251 2830 270 2855 ,
304 2791 564 2854 veniunt,
602 2790 964 2861 martyrisque
992 2793 1235 2844 tumbam
1261 2801 1461 2860 quanta
1486 2801 1712 2861 possunt

115 2882 404 2953 diligentia
429 2884 883 2951 contemplantur,
928 2890 983 2938 et
1019 2891 1200 2937 utrum
1231 2883 1340 2948 sic,
1384 2893 1442 2936 ut
1473 2884 1565 2938 alii
1599 2901 1708 2939 non

114 2973 410 3038 sentirent,
436 2975 633 3042 aperiri
665 2983 868 3044 posset,
892 2984 1049 3028 cauta
1073 2975 1554 3044 circumspectione
1580 2993 1708 3031 con-

114 3064 383 3118 siderant.
413 3065 620 3118 Deinde
653 3065 704 3117 in
735 3073 976 3134 cryptam
1005 3065 1246 3134 ejusdem
1269 3065 1509 3120 basilicae
1534 3068 1708 3122 conti-

112 3168 304 3224 guam,
327 3154 383 3206 in
413 3167 518 3221 qua
545 3153 824 3208 beatorum
851 3153 1054 3208 Christi
1081 3163 1379 3225 martyrum
1411 3155 1704 3211 Marcellini

111 3254 169 3299 et
196 3243 345 3298 Petri
377 3259 601 3312 corpora
635 3252 790 3296 erant
819 3243 1079 3297 tumulata
1099 3285 1114 3309 ,
1147 3244 1510 3310 descendunt;
1540 3254 1704 3316 atque

110 3333 397 3401 explorata
436 3333 602 3385 etiam
642 3331 787 3385 illius
826 3331 1160 3386 monumenti
1201 3334 1494 3401 qualitate,
1532 3333 1704 3388 disce-

112 3425 274 3489 dunt,
311 3425 646 3478 aestimantes
683 3423 786 3477 hoc
817 3422 1017 3477 factum
1058 3424 1322 3492 hospitem
1361 3439 1515 3478 suum
1543 3440 1704 3494 posse

110 3515 305 3570 latere.
336 3515 441 3570 Sed
479 3516 638 3569 aliter
667 3517 878 3579 evenit,
907 3531 1069 3584 quam
1099 3516 1346 3569 arbitrati
1379 3524 1522 3569 sunt.
1566 3516 1700 3570 Nam

109 3606 238 3661 licet
269 3607 370 3675 ipsi
401 3607 672 3660 nescirent
699 3608 896 3676 quibus
923 3607 1156 3670 indiciis,
1191 3607 1298 3660 cito
1327 3614 1506 3660 tamen
1542 3609 1606 3661 ad
1639 3608 1704 3660 il-

109 3698 221 3751 lum
251 3697 414 3766 hujus
445 3698 571 3751 facti
598 3698 786 3751 notitia
818 3697 1066 3767 pervenit
1097 3715 1108 3749 :
1142 3699 1457 3768 veritusque
1486 3714 1554 3753 ne
1584 3699 1701 3754 sine

106 3786 201 3841 illo
227 3787 491 3840 voluntati
519 3802 628 3840 sua:
653 3786 968 3841 satisfacere
997 3787 1326 3850 debuissent,
1359 3789 1546 3842 statuit
1571 3804 1700 3842 con-

105 3877 230 3932 silio
267 3875 420 3948 [Λίδη
454 3876 764 3948 consilium]
804 3892 988 3932 eorum
1033 3876 1337 3932 festinando
1375 3881 1692 3947 praevenire.

107 3966 174 4020 Et
213 3967 346 4035 quia
387 3965 476 4018 ille
522 3965 835 4019 earumdem
883 3964 1123 4018 locorum
1185 3965 1482 4033 plenariam
1533 3975 1694 4035 atque

103 4055 470 4111 omnimodam
500 4055 745 4109 notitiam
773 4055 1025 4110 habebat.
1054 4054 1250 4108 blande
1299 4056 1419 4110 illos
1462 4056 1692 4125 alloqui-

106 4158 211 4214 tur,
242 4150 605 4217 bortaturque
639 4155 699 4200 ut
726 4146 850 4201 illuc
889 4146 1047 4201 simul
1072 4147 1325 4212 veniant;
1372 4157 1428 4203 et
1469 4149 1514 4202 si
1545 4148 1687 4203 Deus

105 4238 243 4292 votis
274 4251 464 4291 eorum
489 4235 669 4290 favere
697 4236 1029 4304 dignaretur,
1054 4237 1328 4292 communi
1359 4237 1586 4291 consilio
1610 4237 1662 4289 fa

104 4336 292 4382 cenem
321 4327 580 4396 quidquid
606 4325 684 4380 eis
712 4326 985 4380 videretur
1009 4325 1334 4380 faciendum.

173 4441 226 4494 8.
267 4438 493 4493 Assensi
521 4445 646 4490 sunt
674 4435 789 4502 ejus
817 4435 1111 4499 voluntati,
1152 4443 1469 4505 tempusque
1501 4437 1554 4491 id
1590 4453 1683 4507 ag-

1823 1987 2002 2040 vebat.
2035 1986 2196 2052 Nam,
2229 1997 2291 2042 ut
2320 1989 2450 2044 mihi
2498 1999 2684 2058 postea
2740 1994 2947 2059 retulit,
3006 1997 3291 2053 videbatur
3333 1997 3410 2054 illi

1822 2093 2162 2148 nequaquam
2196 2080 2296 2135 sibi
2324 2081 2485 2135 licere
2516 2098 2639 2135 cum
2669 2083 2782 2136 solo
2800 2083 2945 2138 beati
2968 2085 3264 2142 Marcellini
3287 2103 3409 2145 cor-

1821 2185 1953 2237 pore
1980 2170 2032 2222 in
2059 2170 2290 2238 patriam
2324 2171 2568 2240 regredi;
2607 2172 2764 2240 quasi
2794 2172 2947 2226 nefas
2992 2185 3157 2240 esset,
3191 2184 3251 2230 ut
3287 2192 3406 2234 cor-

1820 2277 1919 2329 pus
1949 2261 2092 2314 beati
2125 2262 2268 2316 Petri
2300 2264 2572 2333 martyris,
2601 2264 2691 2332 qui
2738 2265 2787 2318 ei
2839 2267 3020 2322 socius
3059 2268 3112 2321 in
3155 2270 3405 2338 passione

1819 2353 2015 2418 fuerat,
2047 2363 2104 2408 et
2140 2369 2240 2423 per
2283 2356 2604 2424 quingentos
2648 2364 2702 2410 et
2755 2372 2820 2410 eo
2860 2359 3092 2427 amplius
3127 2376 3299 2415 annos
3347 2361 3400 2416 in

1817 2443 2007 2496 eodem
2037 2443 2284 2512 sepulcro
2313 2459 2416 2496 una
2457 2460 2580 2498 cum
2625 2445 2716 2500 illo
2762 2447 3122 2514 requieverat,
3156 2449 3246 2502 illo
3276 2449 3402 2504 inde

1816 2542 2151 2598 transeunte,
2198 2533 2270 2587 ibi
2303 2544 2626 2588 remaneret.
2686 2536 2861 2604 Atque
2915 2539 3016 2592 hac
3071 2539 3400 2610 cogitatione

1815 2631 1994 2676 mente
2015 2632 2297 2692 concepta,
2327 2632 2474 2678 tanta
2517 2625 2684 2679 animi
2723 2627 2805 2680 sui
2838 2631 3202 2696 parturitione
3239 2631 3398 2686 simul

1814 2732 1878 2771 ac
1915 2718 2322 2787 perturbatione
2361 2717 2663 2783 laborabat,
2713 2727 2776 2772 ut
2815 2735 2915 2774 nec
2971 2722 3151 2776 cibum
3179 2737 3396 2792 capere,

1813 2821 1914 2862 nec
1944 2822 2135 2862 somno
2157 2807 2504 2877 acquiescere
2532 2809 2686 2864 dulce
2709 2811 2811 2864 sibi
2846 2811 3121 2866 videretur
3141 2812 3395 2881 atquein-

1810 2895 2064 2958 cundum,
2089 2896 2193 2949 nisi
2219 2905 2517 2966 martyrum
2543 2913 2794 2968 corpora,
2823 2900 2963 2954 sicut
2984 2900 3036 2953 in
3052 2902 3303 2968 passione
3330 2918 3395 2957 ac

1809 2994 2159 3040 monumento
2209 2987 2495 3057 conjuncta
2548 2988 2788 3056 fuerant,
2831 2991 2907 3044 sic
2955 2992 3121 3044 etiam
3171 3007 3398 3062 peregre

1808 3075 2115 3146 profectura
2139 3075 2516 3146 jungerentur.
2568 3077 2674 3133 Sed
2725 3080 2792 3134 de
2849 3081 2952 3134 hoc
2997 3081 3231 3150 qualiter
3277 3081 3394 3138 ﬁeri

1810 3177 2010 3239 posset,
2044 3170 2390 3223 vehementer
2437 3169 2743 3238 ambigebat
2789 3185 2802 3222 :
2851 3180 3077 3224 noverat
3111 3171 3253 3224 enim
3297 3185 3391 3228 nc-

1812 3261 2014 3314 minem
2056 3277 2085 3314 a
2113 3276 2173 3314 se
2210 3260 2513 3314 Romanum
2542 3260 2770 3316 inveniri
2814 3277 2993 3330 posse,
3028 3261 3119 3329 qui
3165 3261 3268 3316 sibi
3323 3265 3390 3317 ad

1805 3351 1909 3404 hoc
1928 3351 2097 3404 ullum
2134 3350 2303 3404 ferret
2359 3351 2644 3415 auxilium,
2688 3351 2783 3404 sed
2837 3367 2905 3405 ne
2953 3352 3114 3406 talem
3146 3353 3388 3422 quidem,

1803 3444 1888 3496 cui
1918 3445 2033 3498 haec
2057 3443 2223 3496 animi
2252 3443 2332 3496 sui
2359 3449 2570 3496 secreta
2603 3444 2828 3497 auderet
2854 3444 3164 3499 ostendere.
3198 3443 3258 3498 ln
3283 3444 3389 3500 hac

1801 3535 1981 3588 cordis
2005 3534 2278 3588 anxietate
2303 3534 2656 3598 constitutus,
2683 3536 2884 3604 reperit
2935 3536 3222 3603 quemdam
3272 3550 3390 3590 mo-

1801 3625 2034 3679 nachum
2083 3626 2462 3695 peregrinum,
2519 3626 2736 3679 nomine
2791 3626 3082 3690 Basilium,
3128 3627 3217 3696 qui
3261 3635 3388 3682 ante

1798 3714 2077 3768 biennium
2149 3715 2214 3768 de
2279 3712 2746 3783 Constantinopoli
2824 3715 3050 3768 Romam
3117 3727 3384 3782 venerat,

1799 3813 1963 3872 atque
1991 3804 2064 3856 ibi
2097 3804 2148 3855 in
2182 3812 2366 3858 monte
2387 3802 2634 3858 Palatino
2662 3805 2804 3873 apud
2834 3805 2970 3859 alios
3015 3805 3253 3870 Graecos,
3284 3807 3376 3875 qui

1796 3893 2037 3962 ejusdem
2061 3890 2416 3960 professionis
2453 3899 2631 3956 erant,
2657 3909 2780 3947 cum
2811 3904 3045 3962 quatuor
3095 3896 3378 3965 discipulis

1795 3982 1908 4036 suis
1933 3981 2227 4050 hospitium
2255 3982 2508 4036 habebat.
2557 3982 2711 4037 Hunc
2733 3984 2886 4049 adiit,
2940 3993 3101 4054 atque
3127 3985 3175 4038 ei
3209 4001 3372 4055 quam

1793 4071 2102 4141 patiebatur
2123 4071 2542 4126 sollicitudinem
2569 4074 2802 4140 aperuit.
2837 4073 2972 4127 Tum
3005 4075 3247 4130 consiliis
3260 4075 3375 4144 ejus

1793 4162 2088 4225 animatus,
2121 4170 2176 4216 et
2201 4162 2543 4216 orationibus
2591 4159 2787 4226 fretus,
2815 4169 3020 4219 tantam
3059 4165 3271 4233 accepit
3320 4166 3374 4219 in

1792 4253 1955 4306 corde
1987 4268 2086 4306 suo
2133 4253 2519 4315 constantiam,
2547 4260 2607 4306 ut
2635 4261 2902 4307 statueret
2943 4269 3080 4317 rem,
3127 4257 3375 4324 quamvis

1789 4358 1914 4396 cum
1941 4343 2180 4412 periculo
2205 4343 2401 4412 capitis
2425 4343 2526 4405 sui,
2568 4343 2851 4398 celerrime
2899 4345 3159 4413 experiri.
3199 4346 3374 4400 Voca-

1791 4444 1957 4506 tuque
1986 4437 2054 4491 ad
2090 4452 2147 4490 se
2169 4438 2367 4491 comite
2406 4452 2523 4500 suo,
2549 4436 2784 4490 Hildoini
2808 4436 3146 4506 presbytero,
3199 4440 3370 4508 carpit

103 4531 382 4605 grediendi
420 4530 535 4600 pari
570 4542 830 4582 consensu
870 4527 1224 4580 constituunt.
1273 4527 1426 4583 Tunc
1466 4539 1688 4598 peracto
1712 4546 1765 4608 Ι)
1790 4540 1912 4580 cum
1942 4541 2009 4581 eo
2030 4535 2263 4581 tractare
2294 4536 2352 4580 ut
2375 4528 2568 4581 iterum
2592 4528 2660 4581 ad
2681 4528 2964 4582 basilicam
2993 4528 3138 4582 beati
3171 4529 3370 4584 Tibur-

97 4622 301 4693 jejunio
331 4620 600 4681 triduano,
633 4625 793 4671 noctu
821 4615 888 4670 ad
915 4615 1114 4680 locum,
1142 4616 1290 4671 nullo
1320 4617 1685 4673 Romanorum

104 4714 298 4768 civium
332 4711 618 4773 sentiente,
651 4707 1003 4778 perveniunt;
1043 4706 1382 4777 ingressique
1405 4709 1684 4764 basilicam

106 4803 158 4857 S.
187 4803 449 4864 Tiburtii,
476 4802 649 4870 primo
679 4799 851 4858 altare
879 4798 1028 4861 illud,
1063 4800 1164 4852 sub
1191 4815 1300 4868 quo
1324 4815 1538 4855 sacrum
1567 4803 1686 4871 ejus

101 4910 296 4964 corpus
337 4893 501 4946 situm
532 4891 874 4952 credebatur,
915 4891 1128 4957 aperire
1166 4898 1527 4945 tentaverunt.
1577 4890 1696 4951 Sed

90 5000 285 5054 parum
326 4981 592 5037 successit
627 4995 816 5034 eorum
853 4979 1116 5033 voluntati
1148 4979 1357 5034 molitio
1385 4981 1565 5049 operis
1599 4980 1684 5033 in-

102 5076 274 5129 choati
308 5094 322 5127 :
352 5088 477 5127 nam
507 5078 934 5133 monumentum,
966 5070 1258 5125 durissimo
1287 5087 1558 5126 marmore
1585 5086 1681 5125 ex-

106 5171 368 5216 structum
385 5164 620 5218 inermes
640 5162 692 5216 id
715 5161 926 5231 aperire
969 5163 1278 5216 conantium
1301 5179 1493 5217 manus
1525 5162 1681 5218 facile

103 5256 412 5326 repellebat.
456 5253 648 5324 Igitur,
685 5252 887 5306 omisso
923 5252 1065 5305 illius
1109 5253 1366 5322 martyris
1407 5253 1676 5322 sepulcro,

101 5349 162 5403 ad
179 5347 421 5402 tumbam
445 5346 724 5399 beatorum
747 5341 1042 5398 Marcellini
1069 5353 1123 5398 et
1144 5345 1286 5398 Petri
1310 5345 1674 5411 descendunt;

101 5447 250 5507 atque
290 5437 367 5492 ibi
387 5477 402 5499 ,
442 5435 694 5489 invocato
721 5433 949 5488 Domino
978 5445 1164 5488 nostro
1196 5433 1322 5488 Jesu
1359 5433 1593 5499 Christo,
1624 5445 1679 5489 et

103 5529 336 5584 adoratis
367 5527 570 5582 sanctis
596 5525 940 5595 martyribus,
970 5524 1225 5593 lapidem,
1255 5541 1363 5595 quo
1393 5527 1677 5582 summitas

103 5618 320 5685 sepulcri
369 5616 673 5685 tegebatur,
722 5615 785 5667 de
829 5613 946 5668 loco
990 5629 1089 5668 suo
1134 5615 1314 5669 levare
1360 5615 1666 5671 moliuntur.

104 5705 209 5769 Quo
235 5708 465 5767 sublato,
500 5704 686 5757 vident
713 5702 1138 5757 sacratissimum
1180 5703 1350 5764 sancti
1382 5703 1674 5759 Marcellini

105 5810 302 5866 corpus,
353 5800 404 5852 in
452 5793 817 5864 superioribus
863 5793 1100 5862 ejusdem
1149 5794 1380 5863 sepulcri
1430 5794 1677 5857 partibus

1789 4616 1869 4680 tii,
1896 4616 2036 4671 sicut
2053 4616 2205 4684 prius
2227 4614 2491 4680 fecerant,
2531 4616 2779 4670 clanculo
2805 4626 3114 4687 pergerent,
3147 4634 3210 4672 ac
3227 4627 3372 4674 tum-

1786 4707 1934 4770 bam,
1959 4722 2063 4777 qua
2096 4707 2345 4777 Martyris
2395 4722 2590 4778 corpus
2633 4709 2976 4764 reconditum
3023 4710 3367 4777 credebatur,

1787 4797 1997 4864 aperire
2027 4797 2201 4850 denuo
2228 4797 2568 4852 molirentur.

1859 4887 1946 4940 lt).
1977 4885 2188 4940 Placuit
2212 4880 2532 4949 consilium;
2564 4888 2990 4959 assumptisque,
3012 4904 3148 4960 quos
3176 4905 3363 4946 secum

1785 4979 2148 5043 adduxerant,
2173 4980 2379 5048 pueris,
2410 4979 2622 5049 hospite
2658 4994 2847 5033 eorum
2871 4981 3089 5050 penitus
3115 4981 3363 5052 lgnoran-

1787 5079 1840 5124 te
1870 5084 1979 5139 quo
2003 5071 2167 5135 irent,
2199 5070 2336 5124 clam
2372 5079 2532 5124 noctu
2562 5070 2791 5140 profecti
2816 5080 2960 5127 sunt.
3004 5073 3247 5142 Cumque
3295 5076 3362 5129 ad

1784 5159 1962 5213 locum
1986 5167 2206 5213 ventum
2230 5167 2395 5221 esset,
2421 5160 2563 5213 votis
2587 5175 2685 5228 pro
2727 5176 2786 5214 re
2833 5163 3204 5231 prosperanda
3236 5174 3363 5218 ante

1783 5247 2150 5316 aadisjanuam
2208 5248 2391 5312 factis,
2421 5249 2830 5320 ingrediuntur;
2877 5251 3170 5320 divisisque
3197 5252 3361 5307 sociis

1784 5336 1927 5391 inter
1950 5353 2029 5401 se,
2054 5339 2338 5408 presbyter
2358 5339 2424 5392 ad
2454 5355 2650 5407 corpus
2677 5341 2820 5394 beati
2843 5339 3072 5393 Tiburtii
3105 5357 3356 5410 quaeren-

1780 5427 1907 5481 dum
1934 5427 1990 5480 in
2021 5429 2190 5496 ipsius
2217 5429 2438 5483 basilica
2467 5444 2589 5483 cum
2618 5429 2886 5498 aliquibus
2915 5431 3204 5490 remansit;
3226 5430 3357 5485 Rat-

1779 5519 1950 5574 leicus
1978 5534 2099 5572 cum
2133 5519 2356 5589 reliquis
2397 5520 2449 5573 in
2481 5521 2844 5574 adhzcrentem
2898 5522 3070 5575 eidem
3111 5522 3354 5578 ecclesia:

1778 5619 2044 5681 cryptam,
2083 5610 2146 5663 ad
2179 5610 2320 5664 beati
2352 5608 2495 5663 Petri
2524 5625 2718 5678 corpus
2739 5612 2971 5665 accessit
3008 5629 3018 5661 :
3053 5621 3349 5680 apertoque

1775 5704 1894 5757 sine
1916 5703 2020 5756 ulla
2053 5702 2363 5758 difficultate
2399 5703 2667 5771 sepulcro,
2698 5719 2851 5758 sacra
2881 5706 3051 5758 sancti
3093 5709 3349 5775 martyris

1776 5795 2042 5860 membra,
2072 5793 2216 5848 nullo
2243 5793 2586 5864 prohibente,
2617 5793 2853 5858 sustulit,
2893 5803 2947 5848 ct
2968 5797 3142 5848 serico
3179 5795 3344 5865 pulvi-
