3928 6310
504 307 611 361 5ίὸ

1786 312 2165 373 EGINHARDI
2203 311 2494 371 ABBATIS

3673 321 3770 376 5“

509 436 596 485 no,
634 436 795 491 quem
820 424 888 478 ad
911 424 1011 479 hoc
1031 434 1337 494 paraverat,
1363 435 1576 499 recepta
1608 428 1893 499 diligenter
1924 426 2091 480 inclu-
2122 428 2168 484 A
2196 428 2444 494 superius
2471 428 2697 483 fecimus
2720 432 3071 498 mentionem,
3096 450 3305 489 necnon
3327 442 3383 489 et
3406 435 3771 505 presbyterum

506 512 598 565 sit.
645 511 858 568 Interea
916 516 1222 587 presbyter,
1256 519 1346 587 qui
1395 534 1595 588 corpus
1650 520 1797 574 beati
1859 516 2093 572 Tiburtii

509 612 803 672 quaerebat,
820 620 1016 676 magno
1032 606 1218 662 labore
1233 607 1433 663 frustra
1452 618 1789 679 consumpto,
1806 616 2093 679 postquam

506 705 567 749 se
594 693 730 748 vidit
759 695 895 749 nihil
917 712 1075 767 posse
1095 699 1379 768 prolicere.
1406 700 1596 755 relicto
1624 714 1810 769 opere,
1843 700 1897 753 in
1931 714 2091 769 cryp-

510 796 620 842 tam
648 789 715 843 ad
740 789 1043 846 Ratleicum
1076 794 1376 857 descendit,
1403 801 1459 848 et
1485 794 1614 863 quid
1641 794 1743 847 sibi
1787 792 2093 846 faciendum

510 888 674 943 esset,
712 878 780 934 ab
809 894 877 934 eo
903 895 1150 950 quaerere
1200 884 1383 952 carpit.
1417 881 1513 938 Cui
1544 898 1665 945 cum
1695 882 1783 937 ille
1836 881 2093 936 arbitrari

508 981 570 1022 se
618 968 825 1023 diceret
886 971 1030 1039 quod
1082 972 1255 1026 sancti
1288 960 1541 1026 “Tiburtii
1612 971 1855 1041 reliquiae
1911 976 2097 1023 essent

510 1056 762 1123 inventzc,
791 1060 951 1132 eique
977 1061 1031 1115 id
1052 1061 1118 1116 de
1149 1077 1256 1132 quo
1270 1064 1483 1117 dicebat
1512 1062 1915 1117 ostenderet—
1944 1075 2091 1123 nam,

506 1147 671 1216 paulo
696 1157 823 1203 ante
845 1163 1009 1218 quam
1032 1151 1175 1206 idem
1209 1152 1495 1223 presbyter
1513 1153 1580 1208 ad
1611 1166 1734 1206 eum
1759 1152 1813 1204 in
1850 1158 2094 1221 cryptam

506 1238 769 1304 venisset,
801 1242 1004 1309 reperit
1039 1242 1093 1296 in
1123 1245 1312 1298 eodem
1335 1244 1600 1312 sepulcro,
1645 1246 1698 1297 in
1727 1258 1835 1313 quo
1880 1250 2096 1300 sancto-

507 1340 630 1379 rum
676 1326 971 1383 Marcellini
1015 1340 1070 1385 et
1114 1332 1260 1386 Petri
1310 1348 1466 1389 sacra
1512 1349 1738 1402 corpora
1782 1333 2094 1403 jacuerunl.

504 1414 755 1471 foramen
782 1419 1053 1488 quoddam
1095 1423 1311 1477 rotundi
1350 1424 1664 1487 schematis,
1716 1424 1880 1477 trium
1926 1423 2096 1476 ferme

502 1507 705 1577 pedum
733 1508 1068 1582 longitudine
1094 1514 1365 1570 introrshs
1396 1524 1739 1574 excavatum,
1768 1516 1943 1584 pedali
1976 1531 2092 1569 am-

507 1598 770 1667 plitudine
791 1609 1004 1670 patens,
1029 1612 1085 1659 et
1111 1605 1165 1658 in
1194 1621 1260 1660 eo
1290 1606 1479 1660 minuti
1514 1605 1750 1675 pulveris
1774 1620 1880 1659 non
1918 1605 2092 1659 modi-

506 1691 954 1757 camportiouem
1006 1694 1296 1764 repositam
1344 1696 1650 1760 —,visum
1692 1704 1778 1749 est
1830 1694 2094 1748 ambobus

2190 516 2455 582 'Hildoini,
2473 521 2565 589 qui
2590 536 2776 575 secum
2798 535 3043 589 venerat,
3071 523 3287 593 Papiam
3314 540 3484 593 usque
3504 526 3770 593 deportari

2198 605 2345 661 fecit.
2374 608 2493 677 Ipse
2530 625 2653 665 eum
2682 612 2871 666 codem
2922 614 3132 684 hospite
3175 629 3273 669 suo
3302 614 3488 669 Roma:
3515 614 3771 680 substitit,

2197 697 2485 763 opperiens
2528 708 2693 770 atque
2735 703 3049 758 auscultans
3092 720 3189 774 per
3240 706 3527 760 continuos
3574 716 3773 775 septem

2198 787 2333 852 dies,
2360 789 2403 843 si
2428 790 2494 845 de
2522 791 2750 847 sublatis
2787 802 3098 849 sanctorum
3131 797 3449 864 corporibus
3473 795 3680 865 aliquid
3715 796 3773 849 ad

2198 881 2443 935 notitiam
2473 883 2671 938 civium
2720 886 3072 953 pervenisset.
3120 886 3364 955 Cumque
3402 887 3630 941 vidisset
3668 886 3776 939 nul-

2197 972 2304 1028 lam
2343 989 2372 1027 a
2412 975 2653 1043 quolibet
2679 985 2939 1033 extraneo
2963 979 3030 1033 de
3059 980 3161 1034 hoc
3202 978 3344 1033 facto
3392 979 3508 1034 fieri
3545 980 3771 1034 mentio-

2197 1078 2353 1128 nem,
2395 1063 2563 1118 latere
2615 1065 2747 1121 illud
2780 1067 3119 1132 existimans,
3164 1075 3290 1137 post
3322 1082 3435 1131 eos,
3469 1084 3606 1137 quos
3644 1082 3779 1137 prte-

2197 1154 2443 1218 miserat,
2482 1163 2695 1225 sumpto
2723 1171 2907 1211 secum
2952 1157 3161 1225 hospite
3189 1173 3321 1221 suo,
3366 1156 3645 1227 profectus
3674 1166 3774 1214 est.

2198 1242 2345 1309 Quos
2390 1260 2514 1299 cum
2569 1245 2783 1310 Ticini,
2830 1247 2971 1316 apud
3017 1247 3295 1302 basilicam
3352 1248 3496 1302 beati
3555 1246 3778 1305 Joannis

2196 1331 2472 1402 Baptistaz,
2495 1349 2616 1403 quae
2640 1335 2799 1405 vulgo
2828 1348 2854 1377 ι
2879 1334 3173 1390 Domnante
3200 1345 3443 1399 vocatur,
3472 1352 3537 1391 ac
3558 1345 3690 1392 tunc
3714 1354 3774 1392 ex

2196 1421 2461 1478 beneflcio
2507 1438 2693 1495 regum
2751 1426 2819 1480 ad
2873 1441 3051 1481 meam
3102 1426 3364 1496 pertinuit
3415 1438 3775 1495 potestatem,

2196 1512 2486 1566 adventum
2527 1528 2713 1569 eorum
2751 1516 3128 1584 praestolantes
3172 1516 3539 1579 invenissent,
3574 1525 3770 1571 statue-

2198 1611 2326 1658 runt
2354 1605 2519 1659 etiam
2565 1613 2626 1659 ut
2651 1614 2707 1660 et
2744 1607 2846 1675 ipsi
2884 1607 3095 1677 aliquot
3145 1608 3338 1661 diebus
3375 1606 3448 1660 ibi
3504 1622 3777 1661 moraren-

2199 1701 2319 1758 tur,
2350 1702 2407 1749 et
2451 1703 2673 1766 propter
2711 1694 3112 1765 jumentorum,
3164 1697 3221 1751 in
3270 1697 3467 1766 quibus
3500 1708 3776 1760 venerant,

505 1776 650 1844 quod
672 1776 762 1831 hic
801 1778 977 1848 pulvis
1002 1780 1070 1835 de
1111 1797 1341 1853 corpore
1394 1785 1537 1839 beati
1587 1784 1840 1849 Tiburtii,
1881 1785 2093 1839 ossibus
2122 1764 2170 1823 Β
2199 1764 2571 1851 refectionem,
2601 1794 2656 1841 et
2685 1764 2909 1858 propter
2954 1788 3161 1858 seipsos
3193 1788 3261 1843 ad
3293 1764 3602 1859 longiorem
3641 1789 3777 1843 viam

508 1867 634 1923 inde
655 1869 902 1936 sublatis,
928 1888 1212 1930 remanere
1234 1878 1499 1946 potuisset
1525 1896 1536 1931 :
1562 1886 1617 1932 et
1645 1879 1715 1933 ob
1746 1878 1866 1942 hoc,
1900 1887 1963 1931 ut
1992 1878 2095 1932 dif.-

508 1956 704 2013 ﬂcilius
741 1960 1097 2032 inveniretur,
1128 1968 1305 2022 medio
1326 1968 1444 2023 loco
1463 1969 1605 2024 inter
1627 1970 1817 2026 beatos
1871 1970 2094 2025 Marcel-

510 2048 678 2103 linum
709 2060 763 2105 et
784 2051 1027 2119 Petrum,
1048 2056 1098 2109 in
1117 2059 1308 2117 eadem
1338 2058 1545 2123 tumba,
1570 2059 1767 2114 fuisset
1791 2062 2090 2130 repositus:

507 2144 871 2212 convenitque
903 2146 1046 2201 inter
1064 2164 1157 2203 eos
1207 2158 1265 2203 ut
1316 2167 1441 2206 eum
1502 2153 1787 2223 presbyter
1830 2163 2093 2219 sumeret,

502 2240 561 2285 et
598 2247 698 2301 pro
721 2234 963 2303 reliquiis
987 2238 1127 2293 beati
1162 2239 1393 2296 Tiburtii
1428 2257 1612 2297 secum
1654 2242 1910 2299 deferret.

579 2320 665 2377 II.
700 2323 795 2379 His
830 2326 902 2380 ita
936 2332 1403 2402 transactisatque
1425 2334 1719 2403 dispositis,
1750 2350 1875 2390 cum
1908 2336 2093 2402 rebus,

506 2432 642 2487 quas
676 2431 1017 2488 repererunt,
1055 2424 1123 2478 ad
1149 2425 1385 2495 hOSpitia
1422 2442 1519 2481 sua
1552 2428 1755 2481 reversi
1786 2435 1933 2482 sunt.
1966 2428 2096 2482 Post

506 2508 623 2563 haec
654 2509 946 2578 Balleicus,
977 2530 1099 2569 cum
1147 2516 1359 2586 hospite
1411 2533 1509 2572 suo
1565 2518 1797 2584 locutus,
1855 2528 2013 2590 rogat
2037 2528 2097 2573 ut

509 2601 609 2655 sibi
642 2617 829 2659 sacros
854 2606 997 2661 beati
1035 2607 1329 2665 Marcellini
1359 2612 1591 2677 cineres,
1617 2628 1753 2682 quos
1774 2613 1836 2683 ei
1885 2614 1953 2669 ad
1980 2630 2096 2669 scr-

512 2692 745 2745 vandum
772 2696 1270 2764 commendaverat,
1300 2701 1505 2763 reddat,
1561 2716 1727 2771 seque
1758 2703 1811 2757 in
1860 2704 2094 2772 patriam

508 2781 689 2836 redire
719 2783 990 2839 volentem
1021 2788 1166 2841 nulla
1196 2805 1301 2844 non
1330 2792 1637 2846 necessaria
1671 2792 1928 2848 dilatione
1959 2795 2096 2849 deti-

510 2880 653 2925 neat.
682 2872 786 2953 _Cui
813 2874 901 2929 ille
932 2892 1037 2931 non
1066 2880 1240 2933 solum
1267 2883 1411 2949 quod
1456 2885 1732 2952 repetebat
1780 2886 1897 2939 sine
1943 2902 2093 2940 mora

509 2962 768 3027 restituit,
795 2980 983 3019 verum
1018 2968 1183 3023 etiam
1241 2971 1306 3025 de
1356 2982 1666 3028 sanctorum
1718 2974 1982 3044 reliquiis,
2038 2977 2091 3030 in

508 3068 614 3106 una
647 3054 880 3123 ligatura
909 3059 1169 3125 collectis,
1200 3062 1341 3116 haud
1375 3078 1597 3132 parvam
1626 3066 1928 3133 portionem
1957 3067 2092 3121 mihi

508 3143 851 3200 deferendam
874 3148 1066 3203 obtulit
1096 3169 1107 3204 :
1136 3160 1191 3206 et
1219 3154 1511 3221 requisitus
1542 3155 1607 3209 de
1629 3157 1938 3213 nominibus
1996 3174 2090 3214 eo-

511 3246 647 3297 rum,
684 3235 816 3289 mihi
853 3251 913 3291 se
941 3238 1027 3291 illa
1050 3240 1342 3307 dicturum,
1369 3244 1583 3313 quando
1612 3242 1680 3299 ad
1704 3260 1790 3300 me
1833 3248 2092 3312 venisset,

509 3326 799 3393 respondit.
832 3326 1039 3383 Monuit
1068 3338 1245 3387 tamen
1274 3342 1334 3389 ut
1355 3335 1544 3388 eadem
1569 3337 1943 3401 veneratione,
1989 3353 2097 3407 qua

508 3424 721 3470 caetera:
762 3426 1073 3474 sanctorum
1127 3430 1427 3493 martyrum
1478 3425 1721 3494 reliquim
1766 3427 2090 3491 colerentur,

506 3519 575 3559 eo
602 3506 745 3575 quod
774 3523 876 3562 non
897 3511 1120 3565 minoris
1146 3515 1287 3582 apud
1315 3515 1484 3568 Deum
1501 3528 1685 3571 essent
1710 3518 1915 3582 meriti,
1932 3535 2094 3586 quam

510 3598 651 3651 beati
678 3597 1023 3655 Marcellinus
1045 3613 1101 3657 et
1124 3603 1318 3659 Petrus
1352 3616 1445 3661 :et
1481 3608 1583 3663 hoc
1614 3624 1700 3663 me
1748 3618 1869 3665 esSe
1922 3614 2098 3665 credi-

508 3696 712 3754 turum,
743 3707 865 3745 cum
894 3695 1129 3762 primum
1160 3697 1226 3750 ad
1258 3714 1343 3753 me
1385 3700 1665 3755 nominum
1707 3702 1920 3757 illorum
1956 3706 2097 3759 noti-

510 3780 583 3834 tia
609 3783 965 3849 pertzenisset.
997 3784 1247 3857 Suscrpit
1287 3789 1375 3843 ille
1406 3806 1601 3845 munus
1648 3791 1910 3857 oblatum,
1934 3802 2096 3862 atque

510 3870 585 3935 id,
610 3881 673 3926 ut
702 3871 802 3928 sibi
829 3889 1146 3943 persuasum
1175 3887 1312 3944 erat,
1340 3891 1648 3936 sanctorum
1666 3883 1961 3954 Martyrum
1975 3902 2097 3941 cor-

507 3962 731 4031 poribus
752 3965 1001 4019 sociavit.

1176 4058 1401 4116 CAPUT
1440 4061 1504 4116 II.

508 4161 694 4237 Sacra:
746 4164 978 4237 reliqum
1018 4186 1109 4237 per
1141 4170 1345 4225 diversa
1394 4173 1507 4227 loca
1555 4173 1744 4229 delata:
1795 4175 1850 4229 in
1901 4177 2092 4231 Hic/ii-

579 4232 928 4314 limtadtJ‘Vet
983 4232 1318 4314 postremas
1363 4245 1583 4298 visiones
1634 4246 1691 4298 in
1750 4244 2090 4314 Mulinheim,

578 4313 758 4371 postea
796 4304 1149 4374 Seligcrutadt
1178 4310 1395 4365 dictum.

2193 1880 2591 1946 praeparandos.
2799 1954 2802 1958 Δ

2268 1970 2354 2023 I3.
2383 1969 2441 2023 In
2474 1970 2577 2025 hoc
2606 1985 2883 2025 morarum
2933 1987 3156 2027 suarum
3203 1971 3435 2028 articulo
3476 1972 3624 2025 fama
3652 1971 3780 2025 exiit

2196 2061 2402 2133 legatos
2427 2071 2630 2119 sanctte
2660 2064 2917 2119 Romana:
2948 2065 3204 2120 Ecclesiae
3235 2081 3265 2120 a
3299 2065 3556 2135 pontifice
3583 2065 3661 2133 ad
3681 2066 3779 2117 im-

2195 2162 2498 2223 peratorem
2528 2154 2556 2194 b
2578 2154 2834 2217 directos,
2852 2155 2943 2210 illo
2964 2156 3115 2210 brevi
3144 2171 3264 2211 esse
3293 2164 3570 2209 venturos.
3598 2152 3779 2224 Itaque

2195 2244 2354 2298 veriti
2375 2247 2441 2299 de
2463 2243 2697 2300 adventu
2722 2245 2933 2300 illorum
2962 2246 3167 2315 aliquid
3190 2246 3289 2301 sibi
3313 2246 3669 2308 incommodi,
3700 2244 3779 2298 vel

2196 2334 2360 2388 etiam
2385 2334 2757 2404 impedimenti
2779 2336 3027 2390 accidere
3044 2352 3223 2405 posse,
3241 2338 3284 2390 si
3309 2352 3367 2389 se
3392 2337 3461 2389 ibi
3484 2335 3783 2404 deprchen-

2197 2422 2406 2486 dereut,
2440 2425 2799 2479 decreverunt
2825 2434 2882 2478 ut
2926 2427 3144 2495 quidam
3170 2441 3237 2480 ex
3272 2426 3351 2480 eis
3382 2426 3656 2487 abeundo,
3684 2426 3781 2479 ad-

2198 2523 2417 2569 ventum
2436 2530 2624 2573 eorum
2642 2514 2949 2571 festinando
2972 2518 3332 2586 praevenirent
3362 2515 3518 2588 [Ms.,
3542 2530 3778 2587 praever-

2198 2605 2431 2678 terent];
2462 2607 2554 2660 alii
2580 2607 2632 2660 in
2660 2606 2780 2661 loco
2799 2616 3233 2672 remanerent,et
3260 2622 3319 2661 re
3342 2608 3409 2662 de
3432 2624 3538 2675 qua
3567 2607 3781 2661 solliciti

2195 2705 2354 2751 erant
2382 2697 2665 2767 diligenter
2696 2698 3042 2768 investigata,
3074 2707 3197 2768 post
3233 2697 3549 2753 eorumdem
3580 2698 3782 2767 legato-

2198 2805 2319 2843 rum
2347 2790 2656 2842 abscessum
2682 2789 2858 2843 socios
2882 2804 3030 2854 suos,
3046 2805 3183 2858 quos
3204 2790 3605 2859 prmmiscrant,
3631 2789 3781 2856 sequi

2196 2886 2566 2949 properarent.
2596 2878 2729 2932 Cum
2761 2878 2834 2932 ita
2863 2878 3005 2932 inter
3032 2893 3123 2932 eos
3149 2878 3215 2932 de
3262 2879 3366 2932 hac
3412 2894 3469 2932 re
3510 2879 3783 2933 constitis-

2197 2976 2295 3031 set,
2324 2968 2609 3023 Deusdona
2640 2982 2765 3021 cum
2788 2967 3105 3037 presbytero
3133 2966 3365 3020 IIildoiui
3390 2965 3600 3034 legatos
3613 2966 3782 3019 Roma

2198 3060 2476 3113 venientes
2508 3058 2805 3127 prtecessit,
2839 3064 2894 3113 et
2942 3057 3239 3127 Augustam
3278 3054 3658 3117 Suessionum,
3690 3056 3780 3108 ubi

2199 3148 2508 3204 Ilildolnum
2533 3162 2655 3203 esse
2701 3148 2938 3211 rebatur,
2979 3154 3182 3216 quanta
3227 3145 3405 3215 potuit
3435 3143 3784 3199 festinatione

2197 3242 2501 3305 contendit;
2533 3239 2810 3295 Ratleicus
2854 3254 2986 3293 vero
3008 3253 3132 3293 cum
3162 3239 3421 3292 thesauro
3441 3278 3457 3300 ,
3506 3252 3669 3306 quem
3699 3253 3785 3292 se-

2196 3349 2319 3389 cum
2363 3332 2622 3403 habebat,
2673 3332 2852 3401 Papite
2898 3330 3188 3395 remansit,
3234 3339 3554 3399 exspectans
3614 3331 3785 3384 donec

2196 3427 2357 3496 legati
2389 3426 2545 3479 Sedis
2584 3422 2908 3493 Apostolicte
2955 3422 3315 3492 praeterirent,
3347 3430 3437 3482 ut,
3466 3419 3570 3474 illis
3620 3420 3787 3488 Alpes

2198 3517 2570 3587 transgressis,
2602 3516 2743 3569 viam
2772 3531 2926 3571 suam
2972 3515 3217 3569 securius
3245 3527 3469 3581 carpere
3494 3514 3782 3581 potuisset.

2200 3607 2414 3662 Veritus
2441 3608 2623 3675 itaque
2647 3621 2715 3661 ne
2739 3606 3021 3676 presbyter
3045 3603 3303 3667 Hildoini,
3328 3603 3420 3670 qui
3457 3618 3576 3656 cum
3617 3602 3786 3655 Deus-

2197 3700 2333 3753 dona
2378 3705 2752 3768 praecesserat,
2778 3696 2979 3765 quique
3028 3694 3291 3756 omnium,
3325 3708 3446 3761 qum
3497 3692 3641 3761 apud
3692 3708 3786 3746 eos

2197 3798 2345 3859 gesta
2372 3788 2456 3841 vel
2488 3795 2715 3841 tractata
2746 3786 2981 3850 fuerant,
3000 3784 3295 3853 plenariam
3324 3792 3485 3851 atque
3513 3783 3785 3851 integram

2196 3882 2445 3937 notitiam
2478 3882 2727 3942 habebat,
2762 3880 2888 3948 quia
2922 3878 3075 3933 vafer
3102 3892 3166 3932 ac
3197 3879 3418 3932 lubricae
3465 3878 3584 3931 fidei
3636 3880 3785 3933 vide-

2196 3973 2373 4037 batur,
2411 3971 2613 4041 aliquid
2634 3970 3001 4039 impedimenti
3025 3970 3124 4023 sibi
3153 3970 3206 4023 in
3235 3971 3341 4032 via,
3370 3985 3473 4038 qua
3500 3969 3577 4023 ite
3600 3971 3787 4040 dispo-

2197 4063 2359 4117 situm
2384 4062 2639 4124 habebat,
2664 4061 2963 4114 machinari
2980 4059 3283 4122 debuisset,
3316 4058 3489 4113 altera
3514 4058 3613 4111 sibi
3649 4074 3784 4112 eun-

2197 4153 2324 4207 dum
2348 4151 2639 4221 judicavit;
2671 4151 2944 4220 missoque
2972 4150 3039 4204 ad
3066 4164 3153 4202 me
3190 4150 3560 4219 procuratoris
3603 4152 3783 4205 nostri

2195 4244 2394 4300 Ascolli
2442 4259 2611 4315 puero
2642 4260 2765 4298 cum
2796 4237 2993 4297 litteris
3026 4242 3224 4311 quibus
3263 4256 3349 4295 me
3385 4249 3441 4296 et
3487 4241 3552 4295 de
3596 4256 3785 4296 rever—

2197 4340 2348 4394 sione
2375 4353 2492 4400 sua,
2521 4345 2577 4391 et
2615 4336 2683 4391 de
2726 4336 2979 4389 allatione
3010 4333 3274 4397 thesauri,
3322 4346 3483 4401 quem
3519 4332 3783 4388 divinitus

582 4417 667 4472 12.
696 4418 833 4474 Inito
863 4423 1087 4477 consilio
1122 4441 1244 4479 cum
1273 4428 1495 4496 hospite
1525 4444 1643 4492 suo,
1686 4446 1899 4486 sacrum
1937 4433 2087 4489 illum
2114 4440 2167 4500 1)
2192 4429 2406 4498 adjutus
2454 4428 2752 4490 invenerat,
2783 4433 2991 4481 certum
3034 4423 3291 4487 elliceret,
3324 4424 3459 4493 ipse,
3491 4431 3780 4492 postquam

510 4524 574 4564 ac
616 4511 1026 4568 desiderabilem
1059 4516 1390 4583 thesaurum,
1422 4521 1476 4573 in
1512 4522 1727 4577 scriniis
1750 4525 2087 4579 reconditum

507 4610 673 4671 atque
697 4604 991 4673 signatum,
1022 4621 1118 4675 per
1141 4606 1468 4664 Lunisonem
1514 4610 1737 4666 fratrem
1768 4611 1903 4681 ejus,
1936 4615 2091 4685 cujus

580 4746 607 4775 ι
643 4733 914 4803 Impressa
984 4736 1314 4803 Donnarum,
1372 4756 1465 4795 seu
1520 4740 1863 4797 Dominarum
1908 4759 1926 4797 :
1974 4745 2093 4799 dum

508 4803 656 4858 enim
681 4816 839 4860 erant
859 4805 1045 4882 Papho
1138 4805 1641 4882 JoannisBaptistze
1670 4813 1931 4876 ecclesiae,
1960 4830 2089 4882 qua-

510 4889 630 4953 rum
661 4884 766 4928 una
800 4891 829 4929 a
858 4876 1223 4953 Theodelinda
1274 4876 1480 4953 regina'
1511 4879 1613 4953 fuit
1666 4876 2087 4953 magnificentis-

508 4944 976 5019 sime__exstructa
1033 4957 1090 5002 et
1114 4949 1315 5019 dotata,
1340 4944 1412 5003 'de
1432 4966 1547 5019 qua
1582 4944 1890 5006 Bernartius
1923 4953 2087 5007 Scae-

508 5030 607 5091 cus
639 5013 1082 5091 IIist._Ticiuen.,
1124 5016 1333 5091 lib.g_tx,
1364 5013 1481 5089 cap'.
1512 5020 1567 5084 5,
1590 5024 1943 5091 eamdemque
1966 5023 2085 5077 Ste-

510 5083 721 5153 phanus
746 5085 1161 5163 .Breventanus,
1202 5088 1295 5143 lib.
1352 5083 1445 5152 ηιξ
1472 5105 1590 5158 cap.
1646 5091 1698 5148 2.
1745 5093 1820 5145 ait
1849 5083 1879 5145 ἆ
1911 5092 2085 5163 Burgo

511 5156 901 5228 cognominati,
944 5160 1067 5228 quia
1106 5156 1343 5228 fitextra
1375 5156 1607 5227 primum
1663 5176 1941 5215 murorum
1971 5156 2086 5215 aui-

513 5223 716 5289 bitum;
750 5236 842 5279 aut
869 5223 1032 5281 etiam
1072 5243 1102 5280 a
1142 5223 1388 5281 Paludef
1408 5228 1568 5281 Aliud
1602 5238 1779 5285 tamen
1810 5240 1961 5286 vetus
1988 5248 2084 5286 co-

549 5308 740 5347 nomeu
776 5294 922 5349 fuit;
984 5313 1109 5351 nam
1175 5297 1372 5352 Paulus
1431 5298 1722 5362 Diaconus,
1774 5301 1839 5354 de
1903 5301 2084 5360 Gestis

534 5362 852 5441 iongobard:
884 5367 1073 5441 Iib_.giv,
1111 5379 1271 5435 caput
1292 5367 1380 5431 49,
1405 5369 1470 5441 de
1499 5366 1841 5441 Gnndiberga
1875 5374 2079 5441 regina,

513 5432 894 5506 'I'hebdelindze
924 5437 1052 5498 filia,
1085 5432 1249 5506 agens
1282 5454 1293 5489 :
1342 5455 1361 5488 α
1404 5438 1547 5501 llaec,
1583 5432 1864 5506 iuquitfid
1896 5432 2084 5495 ciem;

511 5502 665 5586 plum.
708 5502 1158 5586 sum_ge_nitricis,
1215 5508 1355 5586 sicut
1384 5508 1472 5561 illa
1503 5508 1555 5586 in
1620 5502 1866 5586 Medicis,
1915 5513 2001 5586 _sic
2030 5520 2084 5563 et

515 5575 612 5625 ista
652 5572 793 5627 intra
825 5572 1163 5630 Ticiueusent
1194 5578 1490 5636 civitatem,
1526 5580 1799 5632 basilicam
1834 5581 1883 5634 in
1915 5582 2080 5633 hom»

516 5642 721 5716 templ}.
753 5643 976 5700 Joannis
1003 5646 1254 5716 Baptista
1308 5650 1628 5712 construxit.
1670 5669 1685 5698 ι
1722 5650 1956 5703 Seaccus
1989 5652 2076 5703 ad-

513 5713 589 5766 dit
618 5712 707 5768 lib.
778 5732 855 5780 Ix,
913 5712 1157 5785 caput-tl,
1206 5717 1347 5786 quod
1376 5733 1493 5771 eam
1540 5737 1557 5767 ‹
1614 5718 1664 5771 iu
1700 5719 1958 5773 ll'lllOl'mll
1996 5721 2075 5773 sui

2195 4522 2469 4576 Romanos
2509 4533 2576 4572 ex
2626 4514 2935 4582 conjectura
2987 4514 3328 4568 mansionum
3354 4529 3477 4581 qum
3503 4514 3581 4568 eis
3618 4530 3782 4582 para—

2196 4610 2412 4674 bantur,
2444 4607 2605 4675 Alpes
2632 4619 2917 4675 superasse
2946 4604 3178 4674 putavit,
3196 4602 3361 4672 Papia
3390 4603 3597 4670 relicta,
3623 4614 3779 4659 sexta

2196 4758 2377 4806 sexus,
2410 4742 2719 4794 Donnarum
2777 4738 2851 4808 (id
2880 4744 2965 4791 est
3002 4735 3308 4808 mulierum)
3359 4738 3714 4808 nuncupavit.
3755 4758 3771 4788 ι

2195 4812 2474 4879 Quomodo
2500 4818 2678 4864 autem
2711 4805 2804 4862 aut
2827 4808 3195 4879 quandohaﬁc
3228 4805 3355 4860 data
3381 4807 3453 4859 sit
3475 4805 3775 4879 monachis.

2196 4824 2474 4879 gnomone
2500 4824 2678 4864 autem
2711 4824 2804 4862 aut
2865 4824 3045 4861 uanuo
3080 4824 3195 4861 nare
3228 4824 3355 4860 cata
3381 4824 3453 4859 sit
3475 4824 3775 4867 monacms,

2196 4893 2358 4957 atque
2388 4883 2459 4934 ita
2490 4881 2543 4957 i_n
2568 4824 2879 4957 _Eginh_ar3i
2898 4876 3332 4957 jurisdictionem
3362 4876 3776 4957 vener‘itaj‘ici-

2189 4945 2445 5007 nensibus
2494 4945 2854 5015 indagandum
2902 4945 3151 5015 relinquo
3184 4963 3197 4999 :
3233 4946 3451 5015 interim
3508 4945 3774 4999 Platinam

2188 5030 2336 5077 recte
2366 5014 2590 5086 corrigit
2611 5014 2867 5080 Scaccus,
2900 5017 2991 5086 qui
3020 5014 3073 5069 in
3102 5014 3219 5069 Vita
3247 5014 3473 5069 Joannis
3499 5015 3588 5079 IV,
3618 5015 3772 5068 illam

2187 5092 2471 5147 ecclesiam
2501 5086 2811 5143 Terracina:
2839 5087 3123 5156 adscripsit
3172 5086 3310 5156 etin
3339 5086 3588 5139 eumdem
3616 5098 3775 5139 erro-

2190 5176 2302 5242 rem
2334 5160 2539 5242 “(cujus
2604 5159 2750 5213 nulla
2806 5155 3031 5227 uspiam
3068 5155 3284 5211 occasio
3321 5156 3569 5226 apparet)
3604 5158 3775 5209 traxit

2190 5231 2535 5286 Sabellicum.

2260 5303 2285 5341 δ
2326 5300 2571 5369 Scriptor
2597 5306 2870 5369 gestorum
2896 5295 3152 5369 Ludovici
3180 5295 3261 5369 Pii
3292 5295 3359 5369 ad
3390 5312 3480 5349 an.
3511 5294 3644 5369 A826.
3680 5296 3775 5369 hu-

2180 5370 2271 5439 jus
2299 5365 2893 5440 legati-onisjmeminit,
2948 5376 3003 5419 et
3049 5365 3368 5440 Ingelhemii
3419 5366 3667 5440 auditavi:
3696 5366 3771 5416 ait

2185 5434 2255 5495 ad
2284 5434 2551 5494 Kalendas
2577 5438 2793 5499 Junias;
2834 5451 3004 5505 eaque
3059 5436 3288 5494 functos,
3349 5434 3580 5505 Leonem
3623 5434 3774 5486 Cen-

2184 5511 2585 5565 tumcellensem
2650 5504 2985 5577 episcopum,
3040 5515 3095 5558 et
3152 5504 3630 5577 'I‘hcophylactunL
3678 5520 3774 5553 no.

2184 5582 2588 5642 meuclatoreiu,
2644 5571 2737 5647 pro
2797 5571 2921 5630 tunc
2978 5577 3215 5629 Romano
3283 5571 3535 5640 pontifice
3592 5571 3777 5644 Erge—

2186 5654 2272 5704 nio
2307 5651 2367 5703 II.
