3928 6306
133 405 237 459 513

954 404 1129 461 lllST.
1174 404 1564 460 TRANSLAT.
1607 402 1711 457 ΒΒ.
1753 402 2169 460 MARCELLINI
2210 406 2297 459 ET
2336 406 2560 460 PETRI.

3296 410 3399 464 546

131 523 219 575 die
239 520 306 575 ad
338 534 360 559 ιι
394 517 455 574 S.
484 518 793 575 Mauritium
813 520 981 575 venit.
1014 518 1223 589 Ibique,
1251 519 1579 588 comparatis
1605 531 1725 586 quae
1752 518 1800 575 Α
1827 531 1963 584 puer
1990 518 2239 584 Ratleici,
2265 517 2490 587 jubente
2536 535 2601 573 co
2620 560 2634 584 ,
2661 518 2837 574 ollicio
2865 535 3211 591 vesperarnm
3252 536 3401 575 eom-

131 610 202 663 ad
248 609 356 666 hoc
386 610 702 664 necessaria
746 609 1092 673 videbantur,
1120 623 1277 663 sacra
1327 608 1415 662 illa
1465 620 1715 675 corpora,

132 700 314 756 loculo
347 700 579 766 inclusa,
617 700 816 755 feretro
852 701 1139 771 imposuit;
1169 709 1331 770 atque
1355 698 1478 754 inde
1497 712 1719 769 promo-

134 802 289 851 vens,
320 787 498 858 palam
526 796 581 842 et
607 796 813 858 aperte.
858 803 982 843 cum
1027 789 1297 859 adjutorio
1322 787 1504 857 populi
1533 800 1721 841 occur-

132 878 329 943 rentis,
361 888 581 948 portare
614 877 795 946 capit.

208 967 295 1020 Li.
328 966 428 1022 Ubi
458 977 637 1021 autem
666 965 876 1031 locum,
915 966 1006 1036 qui
1048 965 1381 1036 Caput-Laei
1415 966 1445 1007 ὶ)
1472 972 1719 1030 vocatur,

128 1066 573 1126 praetergressus,
620 1055 820 1110 bivium
854 1065 905 1121 α,
948 1070 1055 1124 quo
1092 1055 1287 1109 itinera
1335 1055 1388 1108 in
1433 1053 1721 1107 Franciam

129 1146 385 1201 ducentia
415 1146 765 1212 dirimuntur,
804 1146 1015 1216 attigit;
1063 1145 1425 1199 dexteriorem
1447 1144 1593 1197 viam
1646 1144 1724 1197 in-

128 1252 374 1307 gressus,
399 1252 496 1305 per
524 1236 950 1291 Alamannorum
998 1235 1134 1290 fines
1183 1250 1355 1305 usque
1381 1235 1448 1290 ad
1486 1233 1718 1288 Solodo-

128 1327 320 1391 rum,d
350 1326 791 1398 Burgundionum
809 1327 1084 1397 oppidum,
1100 1328 1269 1382 venit.
1302 1326 1379 1381 lbi
1410 1326 1599 1381 obvios
1623 1326 1721 1380 ha-

126 1418 275 1484 buit,
303 1433 439 1489 quos
474 1435 597 1491 ego,
638 1428 761 1490 post
793 1418 1053 1474 indicium
1102 1419 1369 1473 adventus
1409 1418 1552 1473 illius
1590 1418 1723 1472 mihi

127 1506 359 1574 laetum,
391 1509 456 1563 de
491 1520 514 1548 ε
545 1507 796 1577 Trajecto
837 1509 887 1563 ci
932 1522 1224 1563 occurrere
1264 1508 1422 1577 jussi.
1454 1508 1587 1562 Nam
1626 1521 1726 1577 ego

128 1607 267 1655 tunc
310 1600 567 1670 temporis
592 1599 748 1669 juxta
796 1598 1033 1653 Scaldim
1086 1597 1305 1652 ﬂuvium
1353 1598 1407 1651 in
1455 1605 1724 1651 monaste-

130 1687 221 1742 rio
261 1687 279 1725 τ
301 1687 359 1741 S.
380 1688 611 1743 Bavonis
631 1702 803 1753 eram,
833 1688 1049 1756 quando
1074 1686 1268 1741 littera:
1289 1687 1486 1741 notarii
1508 1686 1614 1740 mei
1629 1700 1727 1755 per

127 1792 368 1847 puerum
399 1777 771 1848 procuratoris
804 1777 999 1840 nostri,
1027 1776 1182 1846 cujus
1207 1776 1456 1846 superius
1496 1775 1727 1830 mentio-

1819 608 1987 678 pleto,
2011 612 2222 665 caeteris
2247 611 2586 674 exeuntibus,
2610 611 2758 666 solus
2788 612 2839 666 in
2861 613 3089 667 ecclesia
3113 614 3399 667 remansis-

1821 704 1922 762 set,
1957 707 2033 763 et,
2063 698 2256 754 clausis
2281 699 2491 769 januis,
2534 700 2692 770 juxta
2740 699 2825 753 illa
2870 716 3027 756 sacra
3076 716 3307 770 corpora
3346 702 3401 755 in

1820 802 1986 856 parva
2038 788 2227 843 cellula
2269 789 2426 859 quasi
2453 789 2776 860 vigilaturus
2800 792 3154 857 concedisset,
3197 791 3402 847 subita-

1821 891 1925 931 neo
1951 892 2139 933 somno
2167 879 2474 948 depressus,
2497 879 2633 934 vidit
2656 879 2813 949 quasi
2840 879 2974 934 duas
3007 880 3283 935 columbas
3305 895 3405 950 per

1822 966 2184 1024 dexteriorem
2206 970 2411 1025 absidte
2435 968 2730 1025 fenestram
2759 970 2988 1025 volando
3019 970 3239 1037 intrare,
3266 979 3323 1025 et
3346 972 3405 1025 in

1821 1057 2053 1113 culmine
2080 1059 2205 1113 lecti
2248 1072 2411 1127 super
2454 1059 2569 1129 ipsa
2602 1058 2925 1113 Sanctorum
2970 1074 3195 1129 corpora
3227 1061 3406 1115 consi-

1823 1147 1988 1202 dere:
2016 1163 2248 1218 quarum
2290 1147 2461 1202 altera
2497 1156 2606 1203 tota
2641 1149 2779 1214 alba,
2816 1149 2986 1203 altera
3028 1150 3151 1204 cani
3198 1158 3254 1205 et
3298 1150 3405 1205 albi

1822 1236 2018 1292 coloris
2041 1238 2291 1291 mixtura:
2316 1238 2478 1292 varize
2514 1238 2819 1292 videbatur.
2850 1237 3095 1309 Cumque
3126 1239 3185 1293 in
3213 1240 3404 1295 eodem

1822 1325 2057 1379 culmine
2103 1326 2307 1380 diutius
2356 1326 2799 1392 deambularent,
2834 1337 2891 1382 et
2942 1338 3257 1385 consuetum
3307 1345 3402 1387 co-

1821 1415 2018 1470 lumbis
2039 1417 2295 1487 gemitum
2322 1417 2561 1472 vicissim
2583 1417 2731 1472 velut
2762 1418 3131 1489 colloquentes
3154 1420 3402 1485 ederent,

1825 1522 2010 1561 rursus
2033 1522 2133 1577 per
2170 1508 2415 1561 eamdem
2441 1507 2740 1562 fenestram
2771 1523 3023 1579 egressae,
3045 1525 3153 1564 non
3187 1525 3405 1580 compa-

1826 1607 2071 1654 ruerunt.
2113 1597 2419 1669 Secutaquc
2446 1615 2548 1653 vox
2579 1614 2739 1669 supra
2787 1609 2949 1669 caput
2979 1602 3134 1670 pueri
3179 1602 3405 1656 sonuit:

1830 1706 1848 1739 ι
1894 1688 2069 1754 Vade,
2104 1686 2298 1758 inquit,
2345 1697 2402 1744 et
2439 1690 2527 1744 dic
2555 1690 2799 1745 ltatleico
2846 1699 2907 1744 ut
2952 1692 3157 1746 indicet
3188 1690 3411 1746 domino

1826 1794 1947 1844 suo,
1972 1780 2100 1849 quia
2132 1780 2218 1834 isti
2245 1780 2416 1835 sancti
2448 1780 2713 1851 Martyres
2743 1781 2932 1835 nolunt
2976 1791 3036 1835 ut
3062 1796 3251 1837 eorum
3288 1798 3410 1838 cor-

128 1885 263 1924 nem
293 1869 537 1932 fecimus,
564 1871 697 1925 mihi
728 1871 948 1926 reddita:
978 1879 1122 1924 sunt.
1144 1870 1224 1924 Ex
1245 1886 1473 1939 quarum
1496 1870 1726 1925 lectione
1756 1858 1800 1915 B
1828 1883 1958 1938 pora
1983 1869 2036 1921 in
2063 1868 2165 1922 hoc
2187 1869 2306 1923 loco
2332 1870 2673 1938 requiescant
2699 1887 2712 1924 :
2748 1870 2912 1925 alium
2944 1871 3086 1925 enim
3109 1871 3408 1943 elegerunt,

126 1959 198 2011 de
233 1960 469 2013 adventu
522 1958 846 2015 Sanctorum
880 1959 1081 2013 certior
1124 1957 1299 2013 factus
1321 1998 1336 2023 ,
1382 1959 1525 2012 illico
1558 1973 1723 2011 unum

1830 1959 1897 2011 ad
1925 1972 2083 2027 quem
2105 1956 2352 2013 celeriter
2383 1958 2618 2029 migrare
2643 1959 2962 2028 dispositum
2992 1960 3210 2016 habent.
3252 1981 3270 2014 ι
3300 1962 3409 2017 Hu-

126 2065 195 2103 ex
240 2049 598 2104 familiaribus
624 2049 827 2103 nostris
851 2048 1158 2117 Trajectum
1182 2049 1281 2113 ire,
1306 2049 1486 2118 ibique
1506 2049 1728 2120 presby-
1818 2045 1914 2114 jus
1942 2048 2093 2101 vocis
2120 2056 2309 2102 auctor
2328 2047 2397 2101 ab
2425 2063 2490 2102 eo
2524 2048 2694 2103 videri
2717 2064 2821 2102 non
2850 2051 3054 2118 potuit;
3083 2066 3190 2119 qua
3226 2060 3410 2106 tamen

128 2148 286 2192 teres
316 2147 479 2207 atque
511 2137 646 2191 alios
677 2137 937 2202 clericos,
982 2152 1189 2191 necnon
1235 2144 1291 2191 et
1332 2137 1499 2191 laicos
1539 2150 1724 2191 secum

126 2243 373 2293 sumere,
410 2242 475 2283 ac
513 2227 731 2282 Sanctis
760 2227 1118 2287 venientibus,
1152 2226 1456 2294 ubicunque
1490 2226 1725 2295 primum

128 2318 428 2388 potuisset,
460 2318 673 2372 obviam
707 2317 967 2371 festinare
995 2316 1245 2387 prtecepi.
1280 2316 1346 2370 Et
1369 2318 1415 2371 is
1442 2317 1575 2371 nihil
1606 2332 1722 2371 mo—

129 2418 312 2473 ratus,
346 2424 469 2461 cum
495 2408 579 2462 his
602 2423 738 2476 quos
773 2422 955 2463 secum
999 2407 1229 2461 duxerat
1269 2406 1324 2459 in
1364 2405 1482 2461 loco
1524 2420 1725 2460 memo-

130 2508 282 2565 rato,
322 2508 446 2569 post
481 2514 681 2569 paucos
705 2499 821 2554 dies
845 2499 950 2565 his,
991 2498 1083 2569 qui
1116 2497 1347 2554 Sanctos
1385 2496 1723 2562 adferebant,

126 2590 380 2645 obviavit
410 2589 727 2659 :junetique
777 2588 958 2654 simul,
1004 2588 1391 2643 comitantibus
1420 2586 1534 2656 jam
1565 2596 1727 2657 atque

132 2682 271 2737 hinc
331 2682 458 2736 inle
511 2681 961 2737 concurrentibus
1020 2680 1346 2751 hymnidicis
1407 2679 1726 2750 populorum

131 2776 361 2837 turmis,
394 2789 518 2829 cum
568 2775 770 2845 ingenti
806 2774 1046 2829 omnium
1076 2774 1296 2836 laetitia,
1335 2776 1360 2815 Β
1400 2773 1729 2845 Argentora-

134 2873 262 2918 tum
289 2865 504 2929 urbem,
534 2880 653 2933 quae
695 2879 838 2919 nunc
863 2862 1158 2933 Strasburg
1185 2864 1506 2934 appellatur,
1538 2864 1729 2918 celeri-

133 2967 225 3014 ter
254 2958 496 3013 veniunt.
515 2956 642 3012 lnde
662 2972 759 3029 per
778 2958 1018 3011 Hrenum
1042 2958 1275 3013 secunda
1301 2971 1441 3026 aqua
1463 2956 1725 3026 navigan-

135 3058 249 3114 tes,
279 3063 403 3103 cum
440 3048 507 3103 ad
526 3049 728 3113 locum,
755 3049 847 3119 qui
877 3050 904 3088 ιι
934 3048 1130 3103 Portus
1153 3054 1395 3110 vocatur,
1428 3046 1725 3111 venissent,

138 3137 523 3211 f1!s.add.einj
540 3137 855 3193 orientalem
878 3136 1113 3191 fluminis
1135 3138 1308 3206 ripam
1338 3135 1728 3205 egressi.quin-

142 3240 194 3283 ta
242 3228 530 3284 mansione
558 3228 626 3283 ad
656 3227 830 3282 locum
870 3228 885 3268 ί
924 3226 1313 3281 Michilinstadt
1342 3235 1731 3295 nuncupatum,

140 3336 270 3375 cum
293 3318 581 3374 immodica
596 3318 872 3373 hominum
900 3319 951 3371 in
974 3317 1068 3371 Dei
1086 3316 1333 3371 laudibus
1350 3316 1736 3370 exsultantium

141 3410 515 3473 multitudine,
541 3409 883 3478 perveniunt.
902 3406 952 3461 Is
979 3406 1130 3460 locus
1159 3414 1243 3460 est
1272 3404 1326 3458 in
1355 3420 1420 3459 eo
1445 3404 1583 3459 saltu
1606 3403 1739 3458 Ger-

143 3501 367 3564 maniae,
398 3500 491 3569 qui
524 3508 763 3567 tempore
795 3497 1054 3552 moderno
1087 3495 1110 3577 ’ἱ
1164 3496 1459 3552 Odamvald
1505 3496 1738 3567 appella-

144 3604 255 3661 tur,
287 3602 346 3649 et
379 3594 547 3648 distat
576 3608 605 3647 a
646 3592 818 3647 Mteno
864 3591 1084 3646 ﬂumine
1131 3590 1351 3645 circiter
1397 3590 1582 3645 leucas
1620 3606 1735 3645 sex.

140 3685 201 3741 In
231 3699 347 3755 quo
375 3698 498 3739 cum
520 3682 800 3737 basilicam
834 3680 1048 3734 noviter
1067 3696 1097 3734 a
1126 3693 1213 3734 me
1235 3686 1621 3743 constructam,
1646 3680 1739 3733 sed

141 3775 392 3831 nondum
421 3773 725 3828 dedicatam
754 3771 1108 3836 invenissent,
1143 3770 1197 3823 in
1234 3770 1375 3824 hanc
1411 3769 1530 3824 illos
1561 3785 1743 3825 sacros

140 3866 367 3921 cineres
396 3864 715 3929 intulerunt,
742 3872 799 3918 et
821 3861 968 3917 velut
1011 3862 1083 3917 ibi
1124 3870 1388 3932 perpetuo
1433 3876 1745 3930 permansu-

145 3966 239 4010 ros
266 3956 659 4022 deposuerunt.

217 4046 309 4100 15.
339 4045 582 4115 Cumque
614 4043 667 4097 id
695 4043 827 4098 mihi
857 4041 1048 4098 fuisset
1090 4040 1334 4105 allatum,
1370 4040 1653 4095 confestim
1682 4042 1743 4095 il-

144 4136 255 4201 luc,
290 4143 493 4205 quanta
523 4133 673 4203 potui
697 4133 974 4188 celeritate
1012 4144 1038 4172 ι
1078 4132 1266 4186 venire
1312 4131 1581 4187 festinari.
1619 4133 1740 4197 Ubi,

146 4242 300 4291 eum,
334 4224 515 4279 triduo
536 4230 657 4294 post
689 4223 981 4278 adventum
1013 4231 1257 4277 nostrum
1285 4232 1496 4286 exacto,
1523 4223 1742 4292 quidam

221 4401 593 4481 {Agannum‘
668 4397 949 4481 intelligit,
992 4400 1116 4481 Auln’
1158 4395 1216 4450 S.
1275 4395 1557 4481 Mauritius
1587 4413 1741 4481 Icum

148 4466 407 4525 Thebteis
460 4470 719 4539 martyrio
784 4466 1097 4539 coronatus,
1156 4482 1369 4539 nomen_
1418 4466 1738 4539 locogdedit,

1827 2140 1996 2205 ﬁnita,
2029 2138 2324 2208 evigilavit,
2352 2152 2647 2207 somnoque
2683 2140 2916 2203 excitus,
2955 2155 3176 2195 reverso
3217 2142 3283 2196 ad
3314 2142 3408 2195 ba-

1826 2226 2033 2282 silicam
2067 2227 2332 2291 Ratieico,
2364 2227 2490 2295 quid
2531 2227 2754 2282 vidisset
2784 2228 3059 2283 indicavit.
3106 2229 3178 2283 At
3226 2231 3314 2287 ille
3353 2233 3408 2287 in

1826 2319 2147 2382 crastinum,
2178 2318 2271 2372 ubi
2314 2333 2399 2372 me
2436 2318 2671 2387 primum
2710 2319 3002 2374 convenire
3048 2322 3242 2391 potuit,
3274 2324 3407 2391 quid

1827 2411 1926 2466 sibi
1957 2427 2092 2481 puer
2115 2428 2247 2466 suus
2277 2410 2572 2476 retulisset,
2596 2411 2727 2466 mihi
2760 2412 3010 2467 nuntiare
3034 2414 3261 2468 curavit.
3297 2415 3411 2485 Ego

1826 2509 2028 2566 autem,
2067 2502 2193 2555 licet
2222 2502 2444 2572 hujusce
2469 2502 2693 2557 visionis
2727 2517 2987 2557 arcanum
3016 2518 3273 2572 spernere
3299 2521 3407 2559 non

1826 2594 2100 2657 auderem,
2148 2594 2312 2647 statui
2364 2601 2545 2647 tamen
2588 2594 2937 2663 operiendum
2990 2593 3216 2662 alicujus
3270 2596 3407 2667 signi

1827 2685 2075 2739 certioris
2120 2685 2411 2750 indicium;
2436 2694 2597 2753 atque
2628 2685 2847 2739 interim
2894 2684 3013 2739 illos
3056 2700 3244 2741 sacros
3272 2688 3406 2743 cine-

1829 2793 1935 2844 res,
1974 2779 2040 2834 de
2080 2778 2261 2835 linteis
2304 2780 2358 2834 in
2406 2781 2602 2848 quibus
2636 2779 2788 2851 ligati
2831 2790 3089 2836 venerant
3142 2783 3410 2846 sublatos,

1828 2870 2017 2924 sericis
2044 2885 2107 2925 ac
2150 2870 2303 2924 novis
2358 2869 2593 2940 pulvinis
2641 2874 2857 2926 insuere
2902 2870 3023 2925 feci.
3074 2872 3318 2944 Cumque
3351 2874 3406 2928 in

1828 2973 2017 3014 eorum
2061 2960 2393 3029 inspectione
2425 2960 2682 3029 reliquias
2716 2961 2859 3015 beati
2908 2961 3206 3017 Marcellini
3236 2964 3411 3019 mino-

1829 3051 1908 3106 ris
1935 3052 2255 3121 quantitatis
2281 3068 2443 3122 quam
2468 3053 2640 3107 sancti
2671 3051 2815 3107 Petri
2844 3067 2965 3109 esse
2987 3069 3293 3121 cernerem,
3330 3071 3409 3111 ar-

1834 3142 2064 3197 bitratus
2105 3158 2223 3197 sum
2261 3158 2384 3197 eum
2429 3144 2482 3198 in
2533 3150 2741 3200 statura
2772 3146 3027 3215 corporis
3066 3147 3149 3201 sui
3194 3147 3418 3202 minoris

1838 3231 2004 3286 fuisse
2027 3248 2293 3288 mensura:
2314 3248 2475 3302 quam
2504 3245 2751 3289 sanctum
2778 3235 3018 3290 Petrum.
3051 3234 3159 3290 Sed
3195 3237 3298 3291 hoc
3322 3236 3418 3290 ali-

1838 3331 1924 3377 ter
1948 3338 2007 3378 se
2032 3323 2230 3378 habere
2253 3322 2451 3378 furtum
2480 3334 2667 3394 postea
2696 3325 3023 3396 patefactum
3053 3326 3416 3398 approbavit:

1837 3413 1978 3481 quod
2010 3413 2120 3477 ubi,
2156 3412 2238 3468 vel
2264 3414 2493 3482 quando,
2523 3414 2659 3467 vela
2687 3430 2815 3483 quo,
2850 3415 2931 3469 vel
2960 3414 3193 3485 qualiter
3217 3416 3417 3470 admis-

1839 3517 1958 3555 sum
1994 3517 2060 3555 ac
2105 3502 2375 3571 proditum
2405 3502 2498 3567 sit,
2530 3517 2628 3557 suo
2667 3503 2786 3558 loco
2813 3503 3055 3559 dicturus
3087 3519 3205 3558 sum
3238 3522 3251 3558 :
3278 3519 3421 3561 nunc

1838 3592 1972 3646 ordo
2024 3592 2355 3646 narrationis
2395 3591 2662 3647 inchoatae
2698 3592 2961 3647 texendus
3021 3599 3188 3662 atque
3238 3599 3419 3647 tenen-

1841 3680 1940 3735 dus
1978 3689 2079 3735 est.

1914 3770 2001 3824 l6.
2032 3771 2198 3841 Igitur
2224 3776 2510 3840 postquam
2532 3769 2680 3824 illum
2708 3785 2963 3841 magnum
2992 3777 3154 3841 atque
3196 3771 3418 3827 mirabi—

1844 3862 1970 3925 lem,
2000 3863 2257 3930 omnique
2278 3877 2411 3917 auro
2435 3862 2836 3931 pretiosiorem,
2855 3862 3063 3932 inspexi
3084 3864 3421 3929 thesaurum,

1842 3953 2069 4018 loculus,
2099 3952 2152 4005 in
2181 3967 2288 4021 quo
2324 3951 2465 4008 idem
2493 3952 2885 4017 continebatur,
2912 3966 3134 4024 propter
3157 3956 3421 4012 vilitatem

1842 4043 2110 4107 materiae,
2139 4043 2207 4096 de
2234 4058 2339 4111 qua
2368 4052 2682 4111 compactos
2707 4053 2845 4110 erat,
2870 4046 3036 4114 erepit
3055 4046 3187 4101 mihi
3227 4050 3426 4118 oppido

1843 4133 2149 4203 displicere.
2190 4132 2361 4199 Quem
2410 4133 2697 4187 emendare
2751 4136 3007 4203 cupiens,
3037 4137 3271 4206 quadam
3314 4139 3421 4205 die,

1842 4232 1965 4294 post
2009 4224 2338 4293 completum
2378 4222 2746 4293 vespertinum
2775 4222 3042 4291 ollicium,
3071 4227 3301 4297 prmcepi
3328 4229 3419 4282 uni

1843 4397 2135 4461 alibatiam,
2158 4397 2316 4467 eique
2332 4398 2562 4451 vicinam
2590 4397 2645 4452 S.
2666 4397 2810 4452 Petri
2840 4399 2893 4453 in
2917 4409 3098 4455 monte
3122 4400 3422 4467 Blandinio,

1843 4468 2182 4540 Eginhardus
2218 4467 2451 4531 tenebat,
2510 4469 2602 4536 qui
2634 4470 2916 4538 utriusque
2956 4471 3008 4523 in
3043 4471 3155 4525 suis
3182 4475 3425 4540 epistolis

148 4541 231 4595 uti
262 4541 478 4593 dicetur
505 4539 575 4591 2‘2
603 4532 950 4606 Septembris
981 4557 993 4589 :
1029 4545 1113 4590 est
1139 4545 1330 4606 autem
1357 4535 1505 4589 locus
1532 4534 1739 4606 Sabau-
1766 4532 1817 4590 D
1843 4532 2109 4592 meminit.

148 4613 240 4665 dia
276 4610 345 4663 ad
380 4605 719 4667 Rhodanum,
750 4608 781 4658 9
813 4607 1034 4660 circiter
1085 4606 1254 4660 leucis
1286 4605 1491 4660 distans
1522 4605 1740 4660 Seduuo

148 4679 552 4741 Helvetiorum,
585 4677 724 4747 quod
756 4677 804 4731 ei
839 4677 906 4730 ad
925 4678 1187 4747 orientem
1212 4675 1379 4747 jacet.

224 4751 254 4789 δ
296 4748 476 4802 Lacus
504 4744 772 4803 Lemanus
798 4762 891 4800 seu
930 4744 1282 4808 Genevensis,
1334 4745 1547 4799 initium
1579 4746 1743 4800 sumit

150 4821 219 4874 ad
248 4818 509 4888 oppidum
542 4817 803 4888 Neuvilie,
835 4818 909 4888 ita
946 4816 1151 4888 forsan
1175 4824 1382 4868 mutato
1414 4816 1631 4871 nomine
1656 4817 1743 4870 hic

150 4884 386 4952 dictum,
415 4887 449 4941 5
478 4888 642 4942 leucis
680 4886 816 4940 infra
854 4886 911 4940 S.
944 4884 1270 4938 Mauritium.

226 4971 250 4997 ε
293 4956 509 5011 Bivlum
545 4958 649 5011 hoc
679 4958 819 5011 haud
876 4957 1033 5024 longe
1077 4953 1436 5026 ultra._|acum
1474 4957 1741 5026 concipio,

150 5028 555 5085 distinctiorem
614 5028 857 5081 notitiam
922 5026 1149 5079 libenter
1187 5039 1216 5076 a
1246 5024 1487 5078 locorum
1554 5024 1744 5095 peritis

150 5109 506 5155 accepturus.

222 5170 253 5209 d
293 5161 415 5222 lloc
472 5175 713 5235 tempore
778 5164 1095 5219 Solodorum
1159 5178 1251 5216 seu
1310 5161 1631 5218 Sulodurum
1663 5176 1747 5219 est

152 5240 291 5293 urbs
330 5237 715 5291 foederatorum
748 5235 1130 5295 Helvetiorum,
1164 5248 1395 5301 quorum
1451 5244 1556 5287 tnta
1612 5237 1745 5287 ditio

152 5310 285 5365 olim
323 5314 467 5360 inter
494 5306 822 5359 Alamannos
847 5313 900 5359 et
936 5304 1251 5374 Burgundos
1306 5304 1473 5358 divisa
1508 5305 1627 5363 fuit.
1668 5307 1745 5359 sic

156 5388 213 5433 ut
256 5380 456 5432 horum
496 5390 623 5444 pars
651 5376 812 5429 etiam
858 5372 1410 5444 minor'Biirgtmdia
1450 5376 1738 5427 diceretur.

156 5448 341 5502 Distat
370 5440 550 5499 autem
588 5444 909 5498 SoloJurum
939 5446 1005 5498 ab
1032 5440 1228 5512 oppido
1260 5440 1317 5493 S.
1363 5442 1597 5497 Mauritii
1622 5446 1743 5513 plus

155 5532 323 5587 quam
357 5516 426 5587 Ml
454 5515 622 5569 leucis
652 5515 705 5566 in
732 5516 974 5587 boream.

231 5600 256 5627 ε
299 5585 611 5655 Trajectum
676 5585 742 5637 ad
778 5583 980 5638 Mosam
1037 5584 1174 5639 infra
1230 5585 1486 5640 Leodium
1544 5582 1743 5636 intelli-

191 5659 323 5712 itur.

192 5676 203 5711 ι
236 5674 323 5710 nr.

154 5673 186 5727 g
214 5673 255 5765 ιτ
296 5727 357 5781 S.
385 5722 615 5779 Bavonis
647 5724 1028 5778 monasterium
1056 5734 1171 5779 erat
1202 5724 1253 5778 in
1285 5724 1419 5778 urbe
1448 5722 1746 5787 Gandensi,

157 5812 267 5868 quo
300 5796 422 5851 1000
470 5801 712 5848 castrum
745 5808 887 5846 llllllC
923 5805 1005 5847 ES!
1034 5806 1308 5850 erectum:
1366 5810 1491 5847 llﬂlll
1519 5802 1573 5845 Cl.
1606 5793 1745 5848 hanc

1919 4610 1943 4647 5
1984 4607 2091 4660 lter
2121 4606 2387 4660 Soloduro
2419 4604 2828 4677 Strashurgnm,
2872 4608 3141 4663 civitatem
3174 4610 3240 4664 ad
3278 4610 3423 4667 Rhe-

1845 4693 1974 4731 num
1999 4678 2194 4748 sitam,
2220 4688 2382 4748 atque
2398 4676 2624 4748 Alsatia:
2647 4676 3005 4748 metropolim,
3034 4690 3284 4735 censetur
3305 4698 3425 4738 esse

1846 4748 2118 4801 leucarum
2151 4747 2370 4800 circiter
2389 4746 2478 4799 50.

1917 4818 1943 4856 h
2001 4815 2227 4869 Videtur
2283 4816 2372 4870 hic
2419 4825 2606 4886 portus
2659 4817 3011 4872 inveniendus
3062 4818 3222 4886 paulo
3284 4820 3425 4876 infra

1847 4886 2075 4941 Neckari
2108 4896 2162 4940 et
2191 4886 2364 4939 Rheni
2400 4884 2753 4950 confluentes,
2802 4888 2853 4941 id
2879 4898 2982 4951 est,
3018 4884 3155 4941 infra
3202 4888 3422 4945 Manne-

1848 4957 2206 5026 mium,unde
2229 4956 2261 5009 8
2288 4956 2505 5009 circiter
2528 4956 2695 5011 leucis
2718 4959 2915 5020 distat,
2948 4958 3037 5026 qui
3079 4958 3323 5026 signatur
3347 4961 3426 5013 lo-

1842 5042 1957 5080 cus.
2011 5024 2316 5096 Mansiones
2350 5036 2527 5080 autem
2562 5028 2648 5080 hic
2674 5028 2944 5091 dicuntur,
2965 5024 3104 5096 'quze
3134 5024 3427 5083 Germanis

1842 5096 1991 5158 Ηαει,
2036 5094 2149 5148 loca
2207 5096 2423 5163 quietis,
2458 5106 2512 5148 et
2564 5097 2880 5164 sesquihora
2925 5094 3040 5150 fere
3090 5098 3157 5149 ab
3192 5098 3425 5153 invicem

1840 5167 2062 5227 distant,
2090 5164 2156 5235 ad
2171 5166 2605 5235 commoditatem
2620 5180 2784 5219 onera
2802 5168 3131 5235 portantium
3162 5166 3423 5222 instructa

1844 5234 2220 5297 reclinatoriis,
2246 5234 2280 5286 4
2310 5234 2419 5288 fere
2449 5236 2613 5302 pedes
2635 5234 2859 5290 elevatis
2884 5251 2912 5289 a
2945 5244 3107 5290 terra.

1919 5308 1933 5345 ί
1974 5304 2426 5369 Michelstadinm,
2457 5320 2550 5359 seu
2586 5306 2897 5361 Miehelstad
2924 5306 2978 5359 in
3030 5305 3289 5361 comitatu
3321 5307 3423 5361 ho-

1851 5376 2038 5429 dierno
2067 5374 2415 5441 Erpacltensi.

1926 5457 1938 5494 l
1987 5444 2156 5497 Hodie
2192 5442 2504 5497 Oltenwald.

1926 5516 1950 5553 ιι
1991 5515 2219 5568 Emenso
2242 5514 2462 5567 circiter
2485 5514 2585 5566 1ἳο
2616 5511 2887 5583 leucarum
2915 5513 3124 5576 itinere,
3161 5528 3424 5583 quantum

1851 5584 2162 5638 Gandavum
2193 5583 2305 5652 (ubi
2330 5596 2455 5636 tunc
2478 5592 2595 5636 erat
2624 5582 2982 5650 Eginhardus)
3007 5582 3425 5641 distat’Michel-

1851 5655 2053 5707 stadio:
2078 5652 2213 5725 adeo
2235 5653 2591 5725 ut,isi_me_nse
2604 5652 2820 5725 Octobri
2854 5652 3010 5725 illatae
3040 5652 3163 5707 illuc
3188 5656 3428 5725 reliquire

1851 5732 1997 5785 sunt,
2024 5723 2167 5776 credi
2192 5724 2359 5791 possit
2379 5722 2651 5775 Ratlcicus
2683 5722 2786 5777 huc
2812 5722 3077 5791 appulisse
3108 5722 3425 5782 mense'No-

1852 5794 2081 5859 vembri,
2111 5792 2191 5847 vel
2223 5792 2389 5846 etiam
2406 5791 2707 5847 Decembri.
