  <div class='ocr_page' id='page_1' title='image "/cluster/home/n/w/nwhite01/storage/ocr_20150623/104/uva.x000827061/281.png"; bbox 0 0 3928 6324; ppageno 0'>
   <div class='ocr_carea' id='block_1_1' title="bbox 506 368 613 427">
    <p class='ocr_par' dir='ltr' id='par_1_1' title="bbox 506 368 613 427">
     <span class='ocr_line' id='line_1_1' title="bbox 506 368 613 427; baseline -0.009 0"><span class='ocrx_word' id='word_1_1' title='bbox 506 368 613 427; x_wconf 66' lang='grc'><strong>867</strong></span> 
     </span>
    </p>
   </div>
   <div class='ocr_carea' id='block_1_2' title="bbox 1794 375 2508 432">
    <p class='ocr_par' dir='ltr' id='par_1_2' title="bbox 1794 375 2508 432">
     <span class='ocr_line' id='line_1_2' title="bbox 1794 375 2508 432; baseline 0.004 -3"><span class='ocrx_word' id='word_1_2' title='bbox 1794 375 2173 432; x_wconf 80' lang='lat' dir='ltr'><strong>EGINHARDI</strong></span> <span class='ocrx_word' id='word_1_3' title='bbox 2213 376 2508 432; x_wconf 77' lang='lat' dir='ltr'><strong>ABBATIS</strong></span> 
     </span>
    </p>
   </div>
   <div class='ocr_carea' id='block_1_3' title="bbox 3696 386 3793 443">
    <p class='ocr_par' dir='ltr' id='par_1_3' title="bbox 3696 386 3793 443">
     <span class='ocr_line' id='line_1_3' title="bbox 3696 386 3793 443; baseline 0.031 -4"><span class='ocrx_word' id='word_1_4' title='bbox 3696 386 3793 443; x_wconf 71' lang='grc' dir='ltr'><strong>διε</strong></span> 
     </span>
    </p>
   </div>
   <div class='ocr_carea' id='block_1_4' title="bbox 505 484 3796 566">
    <p class='ocr_par' dir='ltr' id='par_1_4' title="bbox 505 484 3796 566">
     <span class='ocr_line' id='line_1_4' title="bbox 505 484 3796 566; baseline 0.002 -24"><span class='ocrx_word' id='word_1_5' title='bbox 505 499 577 542; x_wconf 77' lang='lat' dir='ltr'><strong>ex</strong></span> <span class='ocrx_word' id='word_1_6' title='bbox 600 485 833 548; x_wconf 66' lang='lat' dir='ltr'><strong>adituis,</strong></span> <span class='ocrx_word' id='word_1_7' title='bbox 864 498 923 539; x_wconf 92' lang='grc' dir='ltr'>ιι.</span> <span class='ocrx_word' id='word_1_8' title='bbox 944 498 1255 539; x_wconf 78' lang='lat' dir='ltr'><strong>mensuram</strong></span> <span class='ocrx_word' id='word_1_9' title='bbox 1286 484 1447 539; x_wconf 85' lang='lat' dir='ltr'><strong>loculi</strong></span> <span class='ocrx_word' id='word_1_10' title='bbox 1474 486 1621 556; x_wconf 80' lang='lat' dir='ltr'><strong>virga</strong></span> <span class='ocrx_word' id='word_1_11' title='bbox 1648 485 1928 543; x_wconf 84' lang='lat' dir='ltr'><strong>collectam</strong></span> <span class='ocrx_word' id='word_1_12' title='bbox 1962 488 2093 542; x_wconf 87' lang='lat' dir='ltr'><strong>mihi</strong></span> <span class='ocrx_word' id='word_1_13' title='bbox 2124 492 2176 551; x_wconf 79' lang='grc' dir='ltr'><strong>Α</strong></span> <span class='ocrx_word' id='word_1_14' title='bbox 2200 497 2510 543; x_wconf 87' lang='lat' dir='ltr'><strong>sanctorum</strong></span> <span class='ocrx_word' id='word_1_15' title='bbox 2539 497 2843 560; x_wconf 76' lang='lat' dir='ltr'><strong>martyrum</strong></span> <span class='ocrx_word' id='word_1_16' title='bbox 2872 487 3185 560; x_wconf 72' lang='lat' dir='ltr'><strong>sull‘ragium</strong></span> <span class='ocrx_word' id='word_1_17' title='bbox 3214 489 3619 560; x_wconf 85' lang='lat' dir='ltr'><strong>implorassem,</strong></span> <span class='ocrx_word' id='word_1_18' title='bbox 3642 505 3796 566; x_wconf 85' lang='lat' dir='ltr'><strong>atque</strong></span> 
     </span>
    </p>
   </div>
   <div class='ocr_carea' id='block_1_5' title="bbox 505 573 2100 647">
    <p class='ocr_par' dir='ltr' id='par_1_5' title="bbox 505 573 2100 647">
     <span class='ocr_line' id='line_1_5' title="bbox 505 573 2100 647; baseline 0.001 -13"><span class='ocrx_word' id='word_1_19' title='bbox 505 573 749 634; x_wconf 77' lang='lat' dir='ltr'><strong>afferret.</strong></span> <span class='ocrx_word' id='word_1_20' title='bbox 773 574 910 632; x_wconf 89' lang='lat' dir='ltr'><strong>Cum</strong></span> <span class='ocrx_word' id='word_1_21' title='bbox 949 576 1041 631; x_wconf 89' lang='lat' dir='ltr'><strong>ille</strong></span> <span class='ocrx_word' id='word_1_22' title='bbox 1075 576 1179 631; x_wconf 84' lang='lat' dir='ltr'><strong>hoc</strong></span> <span class='ocrx_word' id='word_1_23' title='bbox 1218 576 1461 633; x_wconf 85' lang='lat' dir='ltr'><strong>facturus</strong></span> <span class='ocrx_word' id='word_1_24' title='bbox 1496 592 1715 633; x_wconf 82' lang='lat' dir='ltr'><strong>cereum</strong></span> <span class='ocrx_word' id='word_1_25' title='bbox 1756 580 2100 647; x_wconf 90' lang='lat' dir='ltr'><strong>accenderet,</strong></span> 
     </span>
    </p>
   </div>
   <div class='ocr_carea' id='block_1_6' title="bbox 507 667 2105 743">
    <p class='ocr_par' dir='ltr' id='par_1_6' title="bbox 507 667 2105 743">
     <span class='ocr_line' id='line_1_6' title="bbox 507 667 2105 743; baseline 0.001 -18"><span class='ocrx_word' id='word_1_26' title='bbox 507 674 569 725; x_wconf 82' lang='lat' dir='ltr'><strong>et</strong></span> <span class='ocrx_word' id='word_1_27' title='bbox 591 667 1098 743; x_wconf 83' lang='lat' dir='ltr'><strong>circumpendentia</strong></span> <span class='ocrx_word' id='word_1_28' title='bbox 1117 667 1304 737; x_wconf 88' lang='lat' dir='ltr'><strong>pallia,</strong></span> <span class='ocrx_word' id='word_1_29' title='bbox 1331 668 1529 739; x_wconf 83' lang='lat' dir='ltr'><strong>quibus</strong></span> <span class='ocrx_word' id='word_1_30' title='bbox 1557 669 1700 724; x_wconf 88' lang='lat' dir='ltr'><strong>idem</strong></span> <span class='ocrx_word' id='word_1_31' title='bbox 1725 670 1933 728; x_wconf 88' lang='lat' dir='ltr'><strong>loculus</strong></span> <span class='ocrx_word' id='word_1_32' title='bbox 1958 681 2105 743; x_wconf 78' lang='lat' dir='ltr'><strong>tege-</strong></span> 
     </span>
    </p>
   </div>
   <div class='ocr_carea' id='block_1_7' title="bbox 508 742 2105 826">
    <p class='ocr_par' dir='ltr' id='par_1_7' title="bbox 508 742 2105 826">
     <span class='ocr_line' id='line_1_7' title="bbox 508 742 2105 826; baseline 0.002 -9"><span class='ocrx_word' id='word_1_33' title='bbox 508 761 699 826; x_wconf 77' lang='lat' dir='ltr'><strong>batur,</strong></span> <span class='ocrx_word' id='word_1_34' title='bbox 727 742 1061 825; x_wconf 77' lang='lat' dir='ltr'><strong>sublevaret,</strong></span> <span class='ocrx_word' id='word_1_35' title='bbox 1090 760 1479 817; x_wconf 87' lang='lat' dir='ltr'><strong>animadvertit</strong></span> <span class='ocrx_word' id='word_1_36' title='bbox 1520 761 1757 819; x_wconf 73' lang='lat' dir='ltr'><strong>loculum</strong></span> <span class='ocrx_word' id='word_1_37' title='bbox 1800 765 2000 819; x_wconf 90' lang='lat' dir='ltr'><strong>mirum</strong></span> <span class='ocrx_word' id='word_1_38' title='bbox 2026 742 2105 821; x_wconf 12' lang='lat' dir='ltr'><strong>fin</strong></span> 
     </span>
    </p>
   </div>
   <div class='ocr_carea' id='block_1_8' title="bbox 506 850 2105 923">
    <p class='ocr_par' dir='ltr' id='par_1_8' title="bbox 506 850 2105 923">
     <span class='ocr_line' id='line_1_8' title="bbox 506 850 2105 923; baseline 0.003 -17"><span class='ocrx_word' id='word_1_39' title='bbox 506 851 727 906; x_wconf 77' lang='lat' dir='ltr'><strong>modum</strong></span> <span class='ocrx_word' id='word_1_40' title='bbox 744 850 972 906; x_wconf 87' lang='lat' dir='ltr'><strong>humore</strong></span> <span class='ocrx_word' id='word_1_41' title='bbox 985 851 1281 923; x_wconf 67' lang='lat' dir='ltr'><strong>sanguineo</strong></span> <span class='ocrx_word' id='word_1_42' title='bbox 1294 852 1534 923; x_wconf 88' lang='lat' dir='ltr'><strong>undique</strong></span> <span class='ocrx_word' id='word_1_43' title='bbox 1545 852 1893 910; x_wconf 84' lang='lat' dir='ltr'><strong>distillantem</strong></span> <span class='ocrx_word' id='word_1_44' title='bbox 1912 872 1926 920; x_wconf 87' lang='lat'><strong>;</strong></span> <span class='ocrx_word' id='word_1_45' title='bbox 1953 864 2008 910; x_wconf 89' lang='lat' dir='ltr'><strong>et</strong></span> <span class='ocrx_word' id='word_1_46' title='bbox 2027 856 2105 910; x_wconf 85' lang='lat' dir='ltr'><strong>rei</strong></span> 
     </span>
    </p>
   </div>
   <div class='ocr_carea' id='block_1_9' title="bbox 508 942 2105 1014">
    <p class='ocr_par' dir='ltr' id='par_1_9' title="bbox 508 942 2105 1014">
     <span class='ocr_line' id='line_1_9' title="bbox 508 942 2105 1014; baseline 0.001 -17"><span class='ocrx_word' id='word_1_47' title='bbox 508 944 751 999; x_wconf 86' lang='lat' dir='ltr'><strong>novitate</strong></span> <span class='ocrx_word' id='word_1_48' title='bbox 780 942 1128 1012; x_wconf 88' lang='lat' dir='ltr'><strong>perterritus,</strong></span> <span class='ocrx_word' id='word_1_49' title='bbox 1158 942 1265 997; x_wconf 87' lang='lat' dir='ltr'><strong>hoc</strong></span> <span class='ocrx_word' id='word_1_50' title='bbox 1294 943 1439 1012; x_wconf 85' lang='lat' dir='ltr'><strong>quod</strong></span> <span class='ocrx_word' id='word_1_51' title='bbox 1462 942 1672 998; x_wconf 91' lang='lat' dir='ltr'><strong>viderat</strong></span> <span class='ocrx_word' id='word_1_52' title='bbox 1699 958 1930 1014; x_wconf 84' lang='lat' dir='ltr'><strong>propere</strong></span> <span class='ocrx_word' id='word_1_53' title='bbox 1970 945 2105 999; x_wconf 86' lang='lat' dir='ltr'><strong>mihi</strong></span> 
     </span>
    </p>
   </div>
   <div class='ocr_carea' id='block_1_10' title="bbox 509 1030 2103 1104">
    <p class='ocr_par' dir='ltr' id='par_1_10' title="bbox 509 1030 2103 1104">
     <span class='ocr_line' id='line_1_10' title="bbox 509 1030 2103 1104; baseline 0.003 -17"><span class='ocrx_word' id='word_1_54' title='bbox 509 1032 765 1087; x_wconf 86' lang='lat' dir='ltr'><strong>nuntiare</strong></span> <span class='ocrx_word' id='word_1_55' title='bbox 782 1030 1016 1087; x_wconf 80' lang='lat' dir='ltr'><strong>curavit.</strong></span> <span class='ocrx_word' id='word_1_56' title='bbox 1050 1031 1189 1086; x_wconf 89' lang='lat' dir='ltr'><strong>Tum</strong></span> <span class='ocrx_word' id='word_1_57' title='bbox 1226 1046 1350 1102; x_wconf 72' lang='lat' dir='ltr'><strong>ego,</strong></span> <span class='ocrx_word' id='word_1_58' title='bbox 1381 1047 1506 1089; x_wconf 85' lang='lat' dir='ltr'><strong>cum</strong></span> <span class='ocrx_word' id='word_1_59' title='bbox 1526 1033 1613 1089; x_wconf 90' lang='lat' dir='ltr'><strong>his</strong></span> <span class='ocrx_word' id='word_1_60' title='bbox 1634 1034 1728 1104; x_wconf 82' lang='lat' dir='ltr'><strong>qui</strong></span> <span class='ocrx_word' id='word_1_61' title='bbox 1748 1034 1978 1091; x_wconf 88' lang='lat' dir='ltr'><strong>aderant</strong></span> <span class='ocrx_word' id='word_1_62' title='bbox 2012 1050 2103 1091; x_wconf 85' lang='lat' dir='ltr'><strong>sa-</strong></span> 
     </span>
    </p>
   </div>
   <div class='ocr_carea' id='block_1_11' title="bbox 508 1123 2107 1196">
    <p class='ocr_par' dir='ltr' id='par_1_11' title="bbox 508 1123 2107 1196">
     <span class='ocr_line' id='line_1_11' title="bbox 508 1123 2107 1196; baseline 0.001 -16"><span class='ocrx_word' id='word_1_63' title='bbox 508 1123 825 1180; x_wconf 81' lang='lat' dir='ltr'><strong>cerdotibus</strong></span> <span class='ocrx_word' id='word_1_64' title='bbox 851 1124 1083 1189; x_wconf 80' lang='lat' dir='ltr'><strong>accessi,</strong></span> <span class='ocrx_word' id='word_1_65' title='bbox 1106 1132 1164 1179; x_wconf 91' lang='lat' dir='ltr'><strong>et</strong></span> <span class='ocrx_word' id='word_1_66' title='bbox 1198 1124 1328 1180; x_wconf 91' lang='lat' dir='ltr'><strong>illud</strong></span> <span class='ocrx_word' id='word_1_67' title='bbox 1372 1125 1701 1196; x_wconf 70' lang='lat' dir='ltr'><strong>stupendum</strong></span> <span class='ocrx_word' id='word_1_68' title='bbox 1748 1134 1913 1196; x_wconf 84' lang='lat' dir='ltr'><strong>atque</strong></span> <span class='ocrx_word' id='word_1_69' title='bbox 1956 1126 2107 1182; x_wconf 87' lang='lat' dir='ltr'><strong>omni</strong></span> 
     </span>
    </p>
   </div>
   <div class='ocr_carea' id='block_1_12' title="bbox 510 1213 2110 1288">
    <p class='ocr_par' dir='ltr' id='par_1_12' title="bbox 510 1213 2110 1288">
     <span class='ocr_line' id='line_1_12' title="bbox 510 1213 2110 1288; baseline 0.003 -19"><span class='ocrx_word' id='word_1_70' title='bbox 510 1213 873 1270; x_wconf 67' lang='lat' dir='ltr'><strong>arhiratione</strong></span> <span class='ocrx_word' id='word_1_71' title='bbox 899 1214 1125 1285; x_wconf 76' lang='lat' dir='ltr'><strong>dignum</strong></span> <span class='ocrx_word' id='word_1_72' title='bbox 1150 1216 1476 1273; x_wconf 86' lang='lat' dir='ltr'><strong>miraculum</strong></span> <span class='ocrx_word' id='word_1_73' title='bbox 1503 1216 1713 1288; x_wconf 90' lang='lat' dir='ltr'><strong>aspexi.</strong></span> <span class='ocrx_word' id='word_1_74' title='bbox 1754 1216 1890 1272; x_wconf 83' lang='lat' dir='ltr'><strong>Nam</strong></span> <span class='ocrx_word' id='word_1_75' title='bbox 1929 1228 1991 1274; x_wconf 91' lang='lat' dir='ltr'><strong>ut</strong></span> <span class='ocrx_word' id='word_1_76' title='bbox 2019 1233 2110 1273; x_wconf 90' lang='lat' dir='ltr'><strong>co-</strong></span> 
     </span>
    </p>
   </div>
   <div class='ocr_carea' id='block_1_13' title="bbox 505 1305 2109 1379">
    <p class='ocr_par' dir='ltr' id='par_1_13' title="bbox 505 1305 2109 1379">
     <span class='ocr_line' id='line_1_13' title="bbox 505 1305 2109 1379; baseline 0.002 -18"><span class='ocrx_word' id='word_1_77' title='bbox 505 1305 707 1363; x_wconf 67' lang='lat' dir='ltr'><strong>lumna:</strong></span> <span class='ocrx_word' id='word_1_78' title='bbox 733 1313 901 1377; x_wconf 82' lang='lat' dir='ltr'><strong>atque</strong></span> <span class='ocrx_word' id='word_1_79' title='bbox 930 1307 1088 1363; x_wconf 81' lang='lat' dir='ltr'><strong>abaci</strong></span> <span class='ocrx_word' id='word_1_80' title='bbox 1114 1307 1202 1363; x_wconf 91' lang='lat' dir='ltr'><strong>vel</strong></span> <span class='ocrx_word' id='word_1_81' title='bbox 1230 1309 1386 1379; x_wconf 74' lang='lat' dir='ltr'><strong>signa</strong></span> <span class='ocrx_word' id='word_1_82' title='bbox 1428 1323 1760 1376; x_wconf 84' lang='lat' dir='ltr'><strong>marmorea,</strong></span> <span class='ocrx_word' id='word_1_83' title='bbox 1799 1309 1982 1379; x_wconf 89' lang='lat' dir='ltr'><strong>pluvia</strong></span> <span class='ocrx_word' id='word_1_84' title='bbox 2025 1311 2109 1364; x_wconf 86' lang='lat' dir='ltr'><strong>in-</strong></span> 
     </span>
    </p>
   </div>
   <div class='ocr_carea' id='block_1_14' title="bbox 505 1399 2104 1469">
    <p class='ocr_par' dir='ltr' id='par_1_14' title="bbox 505 1399 2104 1469">
     <span class='ocr_line' id='line_1_14' title="bbox 505 1399 2104 1469; baseline 0.001 -14"><span class='ocrx_word' id='word_1_85' title='bbox 505 1405 708 1465; x_wconf 63' lang='lat' dir='ltr'><strong>ﬂente,</strong></span> <span class='ocrx_word' id='word_1_86' title='bbox 730 1399 931 1457; x_wconf 79' lang='lat' dir='ltr'><strong>sudare</strong></span> <span class='ocrx_word' id='word_1_87' title='bbox 943 1414 1010 1455; x_wconf 88' lang='lat' dir='ltr'><strong>ac</strong></span> <span class='ocrx_word' id='word_1_88' title='bbox 1020 1399 1402 1458; x_wconf 73' lang='lat' dir='ltr'><strong>circumﬂuere</strong></span> <span class='ocrx_word' id='word_1_89' title='bbox 1424 1400 1621 1469; x_wconf 84' lang='lat' dir='ltr'><strong>solent,</strong></span> <span class='ocrx_word' id='word_1_90' title='bbox 1658 1402 1739 1459; x_wconf 86' lang='lat' dir='ltr'><strong>sie</strong></span> <span class='ocrx_word' id='word_1_91' title='bbox 1762 1402 1971 1459; x_wconf 86' lang='lat' dir='ltr'><strong>loculus</strong></span> <span class='ocrx_word' id='word_1_92' title='bbox 1995 1402 2104 1467; x_wconf 90' lang='lat' dir='ltr'><strong>ille,</strong></span> 
     </span>
    </p>
   </div>
   <div class='ocr_carea' id='block_1_15' title="bbox 513 1491 2108 1563">
    <p class='ocr_par' dir='ltr' id='par_1_15' title="bbox 513 1491 2108 1563">
     <span class='ocr_line' id='line_1_15' title="bbox 513 1491 2108 1563; baseline 0.003 -17"><span class='ocrx_word' id='word_1_93' title='bbox 513 1491 609 1562; x_wconf 82' lang='lat' dir='ltr'><strong>qui</strong></span> <span class='ocrx_word' id='word_1_94' title='bbox 660 1492 1035 1548; x_wconf 76' lang='lat' dir='ltr'><strong>sacratissima</strong></span> <span class='ocrx_word' id='word_1_95' title='bbox 1096 1506 1327 1563; x_wconf 82' lang='lat' dir='ltr'><strong>corpora</strong></span> <span class='ocrx_word' id='word_1_96' title='bbox 1367 1495 1699 1559; x_wconf 87' lang='lat' dir='ltr'><strong>continebat,</strong></span> <span class='ocrx_word' id='word_1_97' title='bbox 1739 1508 1870 1550; x_wconf 90' lang='lat' dir='ltr'><strong>vero</strong></span> <span class='ocrx_word' id='word_1_98' title='bbox 1915 1509 2108 1550; x_wconf 89' lang='lat' dir='ltr'><strong>cruore</strong></span> 
     </span>
    </p>
   </div>
   <div class='ocr_carea' id='block_1_16' title="bbox 508 1580 2103 1654">
    <p class='ocr_par' dir='ltr' id='par_1_16' title="bbox 508 1580 2103 1654">
     <span class='ocr_line' id='line_1_16' title="bbox 508 1580 2103 1654; baseline 0.001 -18"><span class='ocrx_word' id='word_1_99' title='bbox 508 1580 759 1647; x_wconf 81' lang='lat' dir='ltr'><strong>madens,</strong></span> <span class='ocrx_word' id='word_1_100' title='bbox 784 1588 844 1635; x_wconf 89' lang='lat' dir='ltr'><strong>et</strong></span> <span class='ocrx_word' id='word_1_101' title='bbox 889 1597 957 1638; x_wconf 87' lang='lat' dir='ltr'><strong>ex</strong></span> <span class='ocrx_word' id='word_1_102' title='bbox 1001 1583 1150 1638; x_wconf 85' lang='lat' dir='ltr'><strong>omni</strong></span> <span class='ocrx_word' id='word_1_103' title='bbox 1196 1592 1354 1654; x_wconf 89' lang='lat' dir='ltr'><strong>parte</strong></span> <span class='ocrx_word' id='word_1_104' title='bbox 1400 1583 1654 1653; x_wconf 86' lang='lat' dir='ltr'><strong>perfusus</strong></span> <span class='ocrx_word' id='word_1_105' title='bbox 1700 1585 1954 1640; x_wconf 88' lang='lat' dir='ltr'><strong>inventus</strong></span> <span class='ocrx_word' id='word_1_106' title='bbox 2001 1593 2103 1641; x_wconf 88' lang='lat' dir='ltr'><strong>est.</strong></span> 
     </span>
    </p>
   </div>
   <div class='ocr_carea' id='block_1_17' title="bbox 506 1668 2109 1746">
    <p class='ocr_par' dir='ltr' id='par_1_17' title="bbox 506 1668 2109 1746">
     <span class='ocr_line' id='line_1_17' title="bbox 506 1668 2109 1746; baseline 0.001 -18"><span class='ocrx_word' id='word_1_107' title='bbox 506 1668 730 1728; x_wconf 69' lang='lat' dir='ltr'><strong>Terruit</strong></span> <span class='ocrx_word' id='word_1_108' title='bbox 759 1687 858 1729; x_wconf 85' lang='lat' dir='ltr'><strong>nos</strong></span> <span class='ocrx_word' id='word_1_109' title='bbox 889 1673 1109 1729; x_wconf 85' lang='lat' dir='ltr'><strong>insolita</strong></span> <span class='ocrx_word' id='word_1_110' title='bbox 1131 1682 1189 1733; x_wconf 88' lang='lat' dir='ltr'><strong>et</strong></span> <span class='ocrx_word' id='word_1_111' title='bbox 1222 1690 1502 1745; x_wconf 81' lang='lat' dir='ltr'><strong>nunquam</strong></span> <span class='ocrx_word' id='word_1_112' title='bbox 1535 1676 1688 1746; x_wconf 89' lang='lat' dir='ltr'><strong>prius</strong></span> <span class='ocrx_word' id='word_1_113' title='bbox 1717 1677 1900 1731; x_wconf 88' lang='lat' dir='ltr'><strong>audita</strong></span> <span class='ocrx_word' id='word_1_114' title='bbox 1941 1676 2109 1731; x_wconf 89' lang='lat' dir='ltr'><strong>mira-</strong></span> 
     </span>
    </p>
   </div>
   <div class='ocr_carea' id='block_1_18' title="bbox 510 1760 2105 1836">
    <p class='ocr_par' dir='ltr' id='par_1_18' title="bbox 510 1760 2105 1836">
     <span class='ocr_line' id='line_1_18' title="bbox 510 1760 2105 1836; baseline 0.001 -19"><span class='ocrx_word' id='word_1_115' title='bbox 510 1760 621 1817; x_wconf 83' lang='lat' dir='ltr'><strong>culi</strong></span> <span class='ocrx_word' id='word_1_116' title='bbox 661 1764 893 1833; x_wconf 81' lang='lat' dir='ltr'><strong>species.</strong></span> <span class='ocrx_word' id='word_1_117' title='bbox 925 1762 1293 1836; x_wconf 79' lang='lat' dir='ltr'><strong>Quapropter,</strong></span> <span class='ocrx_word' id='word_1_118' title='bbox 1320 1766 1459 1821; x_wconf 87' lang='lat' dir='ltr'><strong>inito</strong></span> <span class='ocrx_word' id='word_1_119' title='bbox 1504 1765 1755 1829; x_wconf 89' lang='lat' dir='ltr'><strong>consilio,</strong></span> <span class='ocrx_word' id='word_1_120' title='bbox 1797 1766 2105 1821; x_wconf 86' lang='lat' dir='ltr'><strong>triduanum</strong></span> 
     </span>
    </p>
   </div>
   <div class='ocr_carea' id='block_1_19' title="bbox 2203 580 3798 652">
    <p class='ocr_par' dir='ltr' id='par_1_19' title="bbox 2203 580 3798 652">
     <span class='ocr_line' id='line_1_19' title="bbox 2203 580 3798 652; baseline 0.008 -20"><span class='ocrx_word' id='word_1_121' title='bbox 2203 593 2394 633; x_wconf 85' lang='lat' dir='ltr'><strong>omnes</strong></span> <span class='ocrx_word' id='word_1_122' title='bbox 2420 580 2513 648; x_wconf 89' lang='lat' dir='ltr'><strong>qui</strong></span> <span class='ocrx_word' id='word_1_123' title='bbox 2538 595 2642 634; x_wconf 88' lang='lat' dir='ltr'><strong>una</strong></span> <span class='ocrx_word' id='word_1_124' title='bbox 2676 580 2958 635; x_wconf 84' lang='lat' dir='ltr'><strong>nobiscum</strong></span> <span class='ocrx_word' id='word_1_125' title='bbox 2978 588 3157 645; x_wconf 88' lang='lat' dir='ltr'><strong>erant,</strong></span> <span class='ocrx_word' id='word_1_126' title='bbox 3172 590 3233 636; x_wconf 88' lang='lat' dir='ltr'><strong>ut</strong></span> <span class='ocrx_word' id='word_1_127' title='bbox 3259 580 3403 638; x_wconf 85' lang='lat' dir='ltr'><strong>idem</strong></span> <span class='ocrx_word' id='word_1_128' title='bbox 3431 583 3698 652; x_wconf 84' lang='lat' dir='ltr'><strong>facerent,</strong></span> <span class='ocrx_word' id='word_1_129' title='bbox 3720 602 3798 643; x_wconf 85' lang='lat' dir='ltr'><strong>sc-</strong></span> 
     </span>
    </p>
   </div>
   <div class='ocr_carea' id='block_1_20' title="bbox 2203 667 3795 751">
    <p class='ocr_par' dir='ltr' id='par_1_20' title="bbox 2203 667 3795 751">
     <span class='ocr_line' id='line_1_20' title="bbox 2203 667 3795 751; baseline 0.006 -28"><span class='ocrx_word' id='word_1_130' title='bbox 2203 667 2330 723; x_wconf 90' lang='lat' dir='ltr'><strong>dulo</strong></span> <span class='ocrx_word' id='word_1_131' title='bbox 2350 670 2826 735; x_wconf 88' lang='lat' dir='ltr'><strong>commonuissem,</strong></span> <span class='ocrx_word' id='word_1_132' title='bbox 2840 670 3043 727; x_wconf 85' lang='lat' dir='ltr'><strong>factum</strong></span> <span class='ocrx_word' id='word_1_133' title='bbox 3058 680 3143 725; x_wconf 90' lang='lat' dir='ltr'><strong>est</strong></span> <span class='ocrx_word' id='word_1_134' title='bbox 3158 679 3220 726; x_wconf 91' lang='lat' dir='ltr'><strong>ut</strong></span> <span class='ocrx_word' id='word_1_135' title='bbox 3239 687 3338 742; x_wconf 88' lang='lat' dir='ltr'><strong>per</strong></span> <span class='ocrx_word' id='word_1_136' title='bbox 3355 675 3651 733; x_wconf 78' lang='lat' dir='ltr'><strong>continuos</strong></span> <span class='ocrx_word' id='word_1_137' title='bbox 3670 676 3795 751; x_wconf 65' lang='grc'><strong>[11³.</strong></span> 
     </span>
    </p>
   </div>
   <div class='ocr_carea' id='block_1_21' title="bbox 2202 755 3800 837">
    <p class='ocr_par' dir='ltr' id='par_1_21' title="bbox 2202 755 3800 837">
     <span class='ocr_line' id='line_1_21' title="bbox 2202 755 3800 837; baseline 0.01 -29"><span class='ocrx_word' id='word_1_138' title='bbox 2202 755 2653 829; x_wconf 82' lang='lat' dir='ltr'><strong>add.duodecim]</strong></span> <span class='ocrx_word' id='word_1_139' title='bbox 2680 759 2797 813; x_wconf 88' lang='lat' dir='ltr'><strong>dies</strong></span> <span class='ocrx_word' id='word_1_140' title='bbox 2819 758 2966 813; x_wconf 89' lang='lat' dir='ltr'><strong>nulla</strong></span> <span class='ocrx_word' id='word_1_141' title='bbox 3000 776 3106 815; x_wconf 78' lang='lat' dir='ltr'><strong>nox</strong></span> <span class='ocrx_word' id='word_1_142' title='bbox 3148 764 3477 831; x_wconf 64' lang='lat' dir='ltr'><strong>praeteriret,</strong></span> <span class='ocrx_word' id='word_1_143' title='bbox 3502 766 3557 821; x_wconf 90' lang='lat' dir='ltr'><strong>in</strong></span> <span class='ocrx_word' id='word_1_144' title='bbox 3578 783 3691 837; x_wconf 85' lang='lat' dir='ltr'><strong>qua</strong></span> <span class='ocrx_word' id='word_1_145' title='bbox 3721 770 3800 825; x_wconf 83' lang='lat' dir='ltr'><strong>vel</strong></span> 
     </span>
    </p>
   </div>
   <div class='ocr_carea' id='block_1_22' title="bbox 2204 846 3796 925">
    <p class='ocr_par' dir='ltr' id='par_1_22' title="bbox 2204 846 3796 925">
     <span class='ocr_line' id='line_1_22' title="bbox 2204 846 3796 925; baseline 0.01 -26"><span class='ocrx_word' id='word_1_146' title='bbox 2204 846 2298 900; x_wconf 86' lang='lat' dir='ltr'><strong>uni</strong></span> <span class='ocrx_word' id='word_1_147' title='bbox 2322 847 2406 902; x_wconf 87' lang='lat' dir='ltr'><strong>vel</strong></span> <span class='ocrx_word' id='word_1_148' title='bbox 2422 848 2652 913; x_wconf 90' lang='lat' dir='ltr'><strong>duobus,</strong></span> <span class='ocrx_word' id='word_1_149' title='bbox 2674 849 2759 903; x_wconf 88' lang='lat' dir='ltr'><strong>vel</strong></span> <span class='ocrx_word' id='word_1_150' title='bbox 2778 851 2943 905; x_wconf 90' lang='lat' dir='ltr'><strong>etiam</strong></span> <span class='ocrx_word' id='word_1_151' title='bbox 2974 851 3147 905; x_wconf 88' lang='lat' dir='ltr'><strong>tribus</strong></span> <span class='ocrx_word' id='word_1_152' title='bbox 3174 853 3444 909; x_wconf 87' lang='lat' dir='ltr'><strong>sociorum</strong></span> <span class='ocrx_word' id='word_1_153' title='bbox 3467 866 3796 925; x_wconf 86' lang='lat' dir='ltr'><strong>nostrorum,</strong></span> 
     </span>
    </p>
   </div>
   <div class='ocr_carea' id='block_1_23' title="bbox 2205 932 3800 1011">
    <p class='ocr_par' dir='ltr' id='par_1_23' title="bbox 2205 932 3800 1011">
     <span class='ocr_line' id='line_1_23' title="bbox 2205 932 3800 1011; baseline 0.009 -23"><span class='ocrx_word' id='word_1_154' title='bbox 2205 932 2260 988; x_wconf 89' lang='lat' dir='ltr'><strong>in</strong></span> <span class='ocrx_word' id='word_1_155' title='bbox 2282 936 2492 991; x_wconf 78' lang='lat' dir='ltr'><strong>somnis</strong></span> <span class='ocrx_word' id='word_1_156' title='bbox 2521 936 2820 992; x_wconf 87' lang='lat' dir='ltr'><strong>revelatum</strong></span> <span class='ocrx_word' id='word_1_157' title='bbox 2844 953 2951 992; x_wconf 92' lang='lat' dir='ltr'><strong>non</strong></span> <span class='ocrx_word' id='word_1_158' title='bbox 2974 936 3185 1005; x_wconf 80' lang='lat' dir='ltr'><strong>fuisset,</strong></span> <span class='ocrx_word' id='word_1_159' title='bbox 3209 942 3353 1011; x_wconf 90' lang='lat' dir='ltr'><strong>quod</strong></span> <span class='ocrx_word' id='word_1_160' title='bbox 3373 942 3465 997; x_wconf 86' lang='lat' dir='ltr'><strong>illa</strong></span> <span class='ocrx_word' id='word_1_161' title='bbox 3486 953 3800 1003; x_wconf 84' lang='lat' dir='ltr'><strong>sanctorum</strong></span> 
     </span>
    </p>
   </div>
   <div class='ocr_carea' id='block_1_24' title="bbox 2204 1028 3801 1096">
    <p class='ocr_par' dir='ltr' id='par_1_24' title="bbox 2204 1028 3801 1096">
     <span class='ocr_line' id='line_1_24' title="bbox 2204 1028 3801 1096; baseline 0.01 -16"><span class='ocrx_word' id='word_1_162' title='bbox 2204 1039 2436 1095; x_wconf 86' lang='lat' dir='ltr'><strong>corpora</strong></span> <span class='ocrx_word' id='word_1_163' title='bbox 2468 1028 2535 1084; x_wconf 90' lang='lat' dir='ltr'><strong>de</strong></span> <span class='ocrx_word' id='word_1_164' title='bbox 2563 1042 2630 1082; x_wconf 90' lang='lat' dir='ltr'><strong>eo</strong></span> <span class='ocrx_word' id='word_1_165' title='bbox 2652 1028 2775 1084; x_wconf 89' lang='lat' dir='ltr'><strong>loco</strong></span> <span class='ocrx_word' id='word_1_166' title='bbox 2798 1030 2853 1084; x_wconf 92' lang='lat' dir='ltr'><strong>in</strong></span> <span class='ocrx_word' id='word_1_167' title='bbox 2881 1031 3049 1085; x_wconf 90' lang='lat' dir='ltr'><strong>alium</strong></span> <span class='ocrx_word' id='word_1_168' title='bbox 3076 1043 3264 1087; x_wconf 88' lang='lat' dir='ltr'><strong>essent</strong></span> <span class='ocrx_word' id='word_1_169' title='bbox 3293 1034 3692 1093; x_wconf 81' lang='lat' dir='ltr'><strong>transferenda.</strong></span> <span class='ocrx_word' id='word_1_170' title='bbox 3723 1041 3801 1096; x_wconf 75' lang='lat' dir='ltr'><strong>Ad</strong></span> 
     </span>
    </p>
   </div>
   <div class='ocr_carea' id='block_1_25' title="bbox 2204 1121 3802 1199">
    <p class='ocr_par' dir='ltr' id='par_1_25' title="bbox 2204 1121 3802 1199">
     <span class='ocr_line' id='line_1_25' title="bbox 2204 1121 3802 1199; baseline 0.01 -29"><span class='ocrx_word' id='word_1_171' title='bbox 2204 1124 2511 1172; x_wconf 81' lang='lat' dir='ltr'><strong>extremum</strong></span> <span class='ocrx_word' id='word_1_172' title='bbox 2542 1126 2723 1173; x_wconf 87' lang='lat' dir='ltr'><strong>autem</strong></span> <span class='ocrx_word' id='word_1_173' title='bbox 2747 1121 2961 1175; x_wconf 88' lang='lat' dir='ltr'><strong>cuidam</strong></span> <span class='ocrx_word' id='word_1_174' title='bbox 2990 1122 3308 1193; x_wconf 84' lang='lat' dir='ltr'><strong>presbytero</strong></span> <span class='ocrx_word' id='word_1_175' title='bbox 3348 1125 3414 1179; x_wconf 89' lang='lat' dir='ltr'><strong>de</strong></span> <span class='ocrx_word' id='word_1_176' title='bbox 3462 1126 3552 1183; x_wconf 88' lang='lat' dir='ltr'><strong>his</strong></span> <span class='ocrx_word' id='word_1_177' title='bbox 3590 1130 3689 1199; x_wconf 88' lang='lat' dir='ltr'><strong>qui</strong></span> <span class='ocrx_word' id='word_1_178' title='bbox 3731 1131 3802 1186; x_wconf 86' lang='lat' dir='ltr'><strong>ibi</strong></span> 
     </span>
    </p>
   </div>
   <div class='ocr_carea' id='block_1_26' title="bbox 2206 1205 3803 1285">
    <p class='ocr_par' dir='ltr' id='par_1_26' title="bbox 2206 1205 3803 1285">
     <span class='ocr_line' id='line_1_26' title="bbox 2206 1205 3803 1285; baseline 0.01 -25"><span class='ocrx_word' id='word_1_179' title='bbox 2206 1205 2491 1263; x_wconf 83' lang='lat' dir='ltr'><strong>nobiscum</strong></span> <span class='ocrx_word' id='word_1_180' title='bbox 2517 1216 2698 1275; x_wconf 88' lang='lat' dir='ltr'><strong>erant,</strong></span> <span class='ocrx_word' id='word_1_181' title='bbox 2726 1211 2945 1265; x_wconf 90' lang='lat' dir='ltr'><strong>nomine</strong></span> <span class='ocrx_word' id='word_1_182' title='bbox 2968 1210 3255 1278; x_wconf 81' lang='lat' dir='ltr'><strong>Hildfrido,</strong></span> <span class='ocrx_word' id='word_1_183' title='bbox 3282 1218 3531 1285; x_wconf 89' lang='lat' dir='ltr'><strong>apparuit</strong></span> <span class='ocrx_word' id='word_1_184' title='bbox 3560 1219 3617 1273; x_wconf 89' lang='lat' dir='ltr'><strong>in</strong></span> <span class='ocrx_word' id='word_1_185' title='bbox 3640 1221 3803 1276; x_wconf 86' lang='lat' dir='ltr'><strong>visio-</strong></span> 
     </span>
    </p>
   </div>
   <div class='ocr_carea' id='block_1_27' title="bbox 2207 1298 3802 1377">
    <p class='ocr_par' dir='ltr' id='par_1_27' title="bbox 2207 1298 3802 1377">
     <span class='ocr_line' id='line_1_27' title="bbox 2207 1298 3802 1377; baseline 0.011 -27"><span class='ocrx_word' id='word_1_186' title='bbox 2207 1312 2297 1363; x_wconf 90' lang='lat' dir='ltr'><strong>ne,</strong></span> <span class='ocrx_word' id='word_1_187' title='bbox 2318 1305 2380 1353; x_wconf 93' lang='lat' dir='ltr'><strong>ut</strong></span> <span class='ocrx_word' id='word_1_188' title='bbox 2401 1298 2517 1367; x_wconf 89' lang='lat' dir='ltr'><strong>ipse</strong></span> <span class='ocrx_word' id='word_1_189' title='bbox 2547 1298 2842 1366; x_wconf 78' lang='lat' dir='ltr'><strong>fatebatur,</strong></span> <span class='ocrx_word' id='word_1_190' title='bbox 2864 1300 2949 1354; x_wconf 90' lang='lat' dir='ltr'><strong>vir</strong></span> <span class='ocrx_word' id='word_1_191' title='bbox 2979 1303 3203 1370; x_wconf 89' lang='lat' dir='ltr'><strong>quidam</strong></span> <span class='ocrx_word' id='word_1_192' title='bbox 3236 1306 3425 1360; x_wconf 84' lang='lat' dir='ltr'><strong>habitu</strong></span> <span class='ocrx_word' id='word_1_193' title='bbox 3455 1311 3802 1377; x_wconf 85' lang='lat' dir='ltr'><strong>sacerdotali,</strong></span> 
     </span>
    </p>
   </div>
   <div class='ocr_carea' id='block_1_28' title="bbox 2205 1387 3804 1465">
    <p class='ocr_par' dir='ltr' id='par_1_28' title="bbox 2205 1387 3804 1465">
     <span class='ocr_line' id='line_1_28' title="bbox 2205 1387 3804 1465; baseline 0.009 -24"><span class='ocrx_word' id='word_1_194' title='bbox 2205 1387 2407 1442; x_wconf 84' lang='lat' dir='ltr'><strong>canitie</strong></span> <span class='ocrx_word' id='word_1_195' title='bbox 2424 1388 2733 1443; x_wconf 86' lang='lat' dir='ltr'><strong>veneranda</strong></span> <span class='ocrx_word' id='word_1_196' title='bbox 2753 1390 3100 1459; x_wconf 85' lang='lat' dir='ltr'><strong>conspicuus,</strong></span> <span class='ocrx_word' id='word_1_197' title='bbox 3118 1395 3351 1449; x_wconf 88' lang='lat' dir='ltr'><strong>candida</strong></span> <span class='ocrx_word' id='word_1_198' title='bbox 3377 1406 3529 1453; x_wconf 86' lang='lat' dir='ltr'><strong>veste</strong></span> <span class='ocrx_word' id='word_1_199' title='bbox 3556 1400 3804 1465; x_wconf 78' lang='lat' dir='ltr'><strong>indutus.</strong></span> 
     </span>
    </p>
   </div>
   <div class='ocr_carea' id='block_1_29' title="bbox 2207 1476 3802 1559">
    <p class='ocr_par' dir='ltr' id='par_1_29' title="bbox 2207 1476 3802 1559">
     <span class='ocr_line' id='line_1_29' title="bbox 2207 1476 3802 1559; baseline 0.009 -30"><span class='ocrx_word' id='word_1_200' title='bbox 2207 1476 2301 1545; x_wconf 91' lang='lat' dir='ltr'><strong>qui</strong></span> <span class='ocrx_word' id='word_1_201' title='bbox 2336 1491 2464 1531; x_wconf 88' lang='lat' dir='ltr'><strong>eum</strong></span> <span class='ocrx_word' id='word_1_202' title='bbox 2515 1476 2712 1533; x_wconf 84' lang='lat' dir='ltr'><strong>talibus</strong></span> <span class='ocrx_word' id='word_1_203' title='bbox 2741 1479 2923 1534; x_wconf 84' lang='lat' dir='ltr'><strong>verbis</strong></span> <span class='ocrx_word' id='word_1_204' title='bbox 2957 1482 3305 1551; x_wconf 79' lang='lat' dir='ltr'><strong>compellavit</strong></span> <span class='ocrx_word' id='word_1_205' title='bbox 3340 1502 3353 1539; x_wconf 92' lang='lat'><strong>:</strong></span> <span class='ocrx_word' id='word_1_206' title='bbox 3392 1503 3412 1535; x_wconf 87' lang='grc'><strong><em>‹</em></strong></span> <span class='ocrx_word' id='word_1_207' title='bbox 3447 1485 3578 1554; x_wconf 87' lang='lat' dir='ltr'><strong>Cur,</strong></span> <span class='ocrx_word' id='word_1_208' title='bbox 3605 1489 3802 1559; x_wconf 87' lang='lat' dir='ltr'><strong>inquit.</strong></span> 
     </span>
    </p>
   </div>
   <div class='ocr_carea' id='block_1_30' title="bbox 2207 1566 3807 1646">
    <p class='ocr_par' dir='ltr' id='par_1_30' title="bbox 2207 1566 3807 1646">
     <span class='ocr_line' id='line_1_30' title="bbox 2207 1566 3807 1646; baseline 0.011 -26"><span class='ocrx_word' id='word_1_209' title='bbox 2207 1566 2548 1635; x_wconf 71' lang='lat' dir='ltr'><strong>Egiuhardus</strong></span> <span class='ocrx_word' id='word_1_210' title='bbox 2572 1577 2683 1623; x_wconf 88' lang='lat' dir='ltr'><strong>tam</strong></span> <span class='ocrx_word' id='word_1_211' title='bbox 2713 1569 2834 1624; x_wconf 89' lang='lat' dir='ltr'><strong>duri</strong></span> <span class='ocrx_word' id='word_1_212' title='bbox 2874 1572 3055 1627; x_wconf 84' lang='lat' dir='ltr'><strong>cordis</strong></span> <span class='ocrx_word' id='word_1_213' title='bbox 3111 1582 3384 1646; x_wconf 62' lang='lat' dir='ltr'><strong>tantaeque</strong></span> <span class='ocrx_word' id='word_1_214' title='bbox 3419 1580 3807 1638; x_wconf 83' lang='lat' dir='ltr'><strong>obstinationis</strong></span> 
     </span>
    </p>
   </div>
   <div class='ocr_carea' id='block_1_31' title="bbox 2208 1661 3802 1738">
    <p class='ocr_par' dir='ltr' id='par_1_31' title="bbox 2208 1661 3802 1738">
     <span class='ocr_line' id='line_1_31' title="bbox 2208 1661 3802 1738; baseline 0.009 -25"><span class='ocrx_word' id='word_1_215' title='bbox 2208 1667 2312 1724; x_wconf 89' lang='lat' dir='ltr'><strong>est,</strong></span> <span class='ocrx_word' id='word_1_216' title='bbox 2338 1668 2401 1714; x_wconf 93' lang='lat' dir='ltr'><strong>ut</strong></span> <span class='ocrx_word' id='word_1_217' title='bbox 2422 1668 2501 1714; x_wconf 90' lang='lat' dir='ltr'><strong>tot</strong></span> <span class='ocrx_word' id='word_1_218' title='bbox 2520 1661 2941 1719; x_wconf 87' lang='lat' dir='ltr'><strong>revelationibus</strong></span> <span class='ocrx_word' id='word_1_219' title='bbox 2970 1679 3078 1719; x_wconf 93' lang='lat' dir='ltr'><strong>non</strong></span> <span class='ocrx_word' id='word_1_220' title='bbox 3124 1668 3330 1733; x_wconf 86' lang='lat' dir='ltr'><strong>credat,</strong></span> <span class='ocrx_word' id='word_1_221' title='bbox 3357 1684 3424 1724; x_wconf 91' lang='lat' dir='ltr'><strong>ac</strong></span> <span class='ocrx_word' id='word_1_222' title='bbox 3452 1679 3530 1725; x_wconf 91' lang='lat' dir='ltr'><strong>tot</strong></span> <span class='ocrx_word' id='word_1_223' title='bbox 3563 1675 3769 1729; x_wconf 79' lang='lat' dir='ltr'><strong>monita</strong></span> <span class='ocrx_word' id='word_1_224' title='bbox 3788 1716 3802 1738; x_wconf 83' lang='lat'><strong>,</strong></span> 
     </span>
    </p>
   </div>
   <div class='ocr_carea' id='block_1_32' title="bbox 2211 1748 3805 1819">
    <p class='ocr_par' dir='ltr' id='par_1_32' title="bbox 2211 1748 3805 1819">
     <span class='ocr_line' id='line_1_32' title="bbox 2211 1748 3805 1819; baseline 0.009 -17"><span class='ocrx_word' id='word_1_225' title='bbox 2211 1750 2280 1803; x_wconf 90' lang='lat' dir='ltr'><strong>ad</strong></span> <span class='ocrx_word' id='word_1_226' title='bbox 2302 1763 2361 1804; x_wconf 89' lang='lat' dir='ltr'><strong>se</strong></span> <span class='ocrx_word' id='word_1_227' title='bbox 2383 1748 2646 1804; x_wconf 88' lang='lat' dir='ltr'><strong>divinitus</strong></span> <span class='ocrx_word' id='word_1_228' title='bbox 2684 1751 2869 1816; x_wconf 87' lang='lat' dir='ltr'><strong>missa,</strong></span> <span class='ocrx_word' id='word_1_229' title='bbox 2898 1753 3197 1809; x_wconf 73' lang='lat' dir='ltr'><strong>arLitretur</strong></span> <span class='ocrx_word' id='word_1_230' title='bbox 3221 1772 3342 1812; x_wconf 88' lang='lat' dir='ltr'><strong>esse</strong></span> <span class='ocrx_word' id='word_1_231' title='bbox 3374 1765 3805 1819; x_wconf 78' lang='lat' dir='ltr'><strong>contemnenda?</strong></span> 
     </span>
    </p>
   </div>
   <div class='ocr_carea' id='block_1_33' title="bbox 504 1830 3806 1928">
    <p class='ocr_par' dir='ltr' id='par_1_33' title="bbox 504 1830 3806 1928">
     <span class='ocr_line' id='line_1_33' title="bbox 504 1830 3806 1928; baseline 0.007 -22"><span class='ocrx_word' id='word_1_232' title='bbox 504 1830 925 1921; x_wconf 63' lang='lat' dir='ltr'><strong>jejuniumcum</strong></span> <span class='ocrx_word' id='word_1_233' title='bbox 978 1830 1467 1926; x_wconf 72' lang='lat' dir='ltr'><strong>supplicationibus</strong></span> <span class='ocrx_word' id='word_1_234' title='bbox 1504 1855 1687 1913; x_wconf 85' lang='lat' dir='ltr'><strong>facere</strong></span> <span class='ocrx_word' id='word_1_235' title='bbox 1738 1859 2102 1925; x_wconf 83' lang='lat' dir='ltr'><strong>decrevimus,</strong></span> <span class='ocrx_word' id='word_1_236' title='bbox 2135 1830 2181 1888; x_wconf 76' lang='grc' dir='ltr'>Β</span> <span class='ocrx_word' id='word_1_237' title='bbox 2210 1842 2358 1898; x_wconf 68' lang='lat' dir='ltr'><strong>Vade</strong></span> <span class='ocrx_word' id='word_1_238' title='bbox 2384 1851 2441 1900; x_wconf 68' lang='grc' dir='ltr'>ει</span> <span class='ocrx_word' id='word_1_239' title='bbox 2472 1845 2560 1899; x_wconf 70' lang='grc' dir='ltr'><strong>δίο</strong></span> <span class='ocrx_word' id='word_1_240' title='bbox 2605 1846 2679 1910; x_wconf 58' lang='lat' dir='ltr'><strong>ei:</strong></span> <span class='ocrx_word' id='word_1_241' title='bbox 2726 1847 2851 1916; x_wconf 70' lang='grc' dir='ltr'><strong>(ιυίει</strong></span> <span class='ocrx_word' id='word_1_242' title='bbox 2882 1849 3008 1913; x_wconf 63' lang='lat' dir='ltr'><strong>hoc»</strong></span> <span class='ocrx_word' id='word_1_243' title='bbox 3041 1852 3186 1919; x_wconf 65' lang='lat' dir='ltr'><strong>fl“0d</strong></span> <span class='ocrx_word' id='word_1_244' title='bbox 3236 1852 3379 1909; x_wconf 67' lang='grc' dir='ltr'>δθθιί</span> <span class='ocrx_word' id='word_1_245' title='bbox 3425 1868 3702 1928; x_wconf 56' lang='lat' dir='ltr'><strong>martyres</strong></span> <span class='ocrx_word' id='word_1_246' title='bbox 3744 1862 3806 1915; x_wconf 65' lang='lat' dir='ltr'><strong>de</strong></span> 
     </span>
    </p>
   </div>
   <div class='ocr_carea' id='block_1_34' title="bbox 506 1944 2107 2019">
    <p class='ocr_par' dir='ltr' id='par_1_34' title="bbox 506 1944 2107 2019">
     <span class='ocr_line' id='line_1_34' title="bbox 506 1944 2107 2019; baseline 0.005 -22"><span class='ocrx_word' id='word_1_247' title='bbox 506 1950 573 1998; x_wconf 86' lang='lat' dir='ltr'><strong>ut</strong></span> <span class='ocrx_word' id='word_1_248' title='bbox 602 1956 672 1997; x_wconf 87' lang='lat' dir='ltr'><strong>ex</strong></span> <span class='ocrx_word' id='word_1_249' title='bbox 700 1944 1034 2000; x_wconf 79' lang='lat' dir='ltr'><strong>revelatione</strong></span> <span class='ocrx_word' id='word_1_250' title='bbox 1066 1947 1250 2001; x_wconf 89' lang='lat' dir='ltr'><strong>divina</strong></span> <span class='ocrx_word' id='word_1_251' title='bbox 1281 1947 1425 2002; x_wconf 89' lang='lat' dir='ltr'><strong>scire</strong></span> <span class='ocrx_word' id='word_1_252' title='bbox 1456 1964 1814 2015; x_wconf 83' lang='lat' dir='ltr'><strong>mereremur,</strong></span> <span class='ocrx_word' id='word_1_253' title='bbox 1847 1950 1978 2019; x_wconf 91' lang='lat' dir='ltr'><strong>quid</strong></span> <span class='ocrx_word' id='word_1_254' title='bbox 2003 1951 2107 2006; x_wconf 87' lang='lat' dir='ltr'><strong>sibi</strong></span> 
     </span>
    </p>
   </div>
   <div class='ocr_carea' id='block_1_35' title="bbox 505 2026 2110 2114">
    <p class='ocr_par' dir='ltr' id='par_1_35' title="bbox 505 2026 2110 2114">
     <span class='ocr_line' id='line_1_35' title="bbox 505 2026 2110 2114; baseline 0.005 -23"><span class='ocrx_word' id='word_1_255' title='bbox 505 2036 696 2103; x_wconf 82' lang='lat' dir='ltr'><strong>vellet,</strong></span> <span class='ocrx_word' id='word_1_256' title='bbox 724 2039 924 2106; x_wconf 85' lang='lat' dir='ltr'><strong>quidve</strong></span> <span class='ocrx_word' id='word_1_257' title='bbox 951 2026 1259 2094; x_wconf 82' lang='lat' dir='ltr'><strong>faciendum</strong></span> <span class='ocrx_word' id='word_1_258' title='bbox 1290 2048 1536 2097; x_wconf 88' lang='lat' dir='ltr'><strong>moneret</strong></span> <span class='ocrx_word' id='word_1_259' title='bbox 1584 2058 1837 2114; x_wconf 78' lang='lat' dir='ltr'><strong>magnum</strong></span> <span class='ocrx_word' id='word_1_260' title='bbox 1876 2044 2006 2099; x_wconf 89' lang='lat' dir='ltr'><strong>illud</strong></span> <span class='ocrx_word' id='word_1_261' title='bbox 2054 2053 2110 2099; x_wconf 93' lang='lat' dir='ltr'><strong>et</strong></span> 
     </span>
    </p>
   </div>
   <div class='ocr_carea' id='block_1_36' title="bbox 508 2127 2109 2206">
    <p class='ocr_par' dir='ltr' id='par_1_36' title="bbox 508 2127 2109 2206">
     <span class='ocr_line' id='line_1_36' title="bbox 508 2127 2109 2206; baseline 0.006 -24"><span class='ocrx_word' id='word_1_262' title='bbox 508 2127 784 2184; x_wconf 83' lang='lat' dir='ltr'><strong>ineffabile</strong></span> <span class='ocrx_word' id='word_1_263' title='bbox 803 2131 1131 2203; x_wconf 73' lang='lat' dir='ltr'><strong>prodigium.</strong></span> <span class='ocrx_word' id='word_1_264' title='bbox 1165 2133 1352 2204; x_wconf 87' lang='lat' dir='ltr'><strong>Itaque</strong></span> <span class='ocrx_word' id='word_1_265' title='bbox 1382 2141 1604 2204; x_wconf 87' lang='lat' dir='ltr'><strong>peracto</strong></span> <span class='ocrx_word' id='word_1_266' title='bbox 1631 2135 1721 2190; x_wconf 91' lang='lat' dir='ltr'><strong>illo</strong></span> <span class='ocrx_word' id='word_1_267' title='bbox 1749 2137 2001 2191; x_wconf 88' lang='lat' dir='ltr'><strong>triduano</strong></span> <span class='ocrx_word' id='word_1_268' title='bbox 2022 2136 2109 2206; x_wconf 92' lang='lat' dir='ltr'><strong>je-</strong></span> 
     </span>
    </p>
   </div>
   <div class='ocr_carea' id='block_1_37' title="bbox 500 2216 2107 2293">
    <p class='ocr_par' dir='ltr' id='par_1_37' title="bbox 500 2216 2107 2293">
     <span class='ocr_line' id='line_1_37' title="bbox 500 2216 2107 2293; baseline 0.006 -20"><span class='ocrx_word' id='word_1_269' title='bbox 500 2216 677 2290; x_wconf 80' lang='lat' dir='ltr'><strong>junio,</strong></span> <span class='ocrx_word' id='word_1_270' title='bbox 707 2235 835 2275; x_wconf 92' lang='lat' dir='ltr'><strong>cum</strong></span> <span class='ocrx_word' id='word_1_271' title='bbox 857 2222 972 2291; x_wconf 91' lang='lat' dir='ltr'><strong>jam</strong></span> <span class='ocrx_word' id='word_1_272' title='bbox 1002 2222 1500 2293; x_wconf 87' lang='lat' dir='ltr'><strong>advesperasceret,</strong></span> <span class='ocrx_word' id='word_1_273' title='bbox 1528 2226 1723 2279; x_wconf 83' lang='lat' dir='ltr'><strong>humor</strong></span> <span class='ocrx_word' id='word_1_274' title='bbox 1768 2226 1856 2280; x_wconf 89' lang='lat' dir='ltr'><strong>ille</strong></span> <span class='ocrx_word' id='word_1_275' title='bbox 1892 2229 2107 2283; x_wconf 88' lang='lat' dir='ltr'><strong>cruoris</strong></span> 
     </span>
    </p>
   </div>
   <div class='ocr_carea' id='block_1_38' title="bbox 505 2311 2105 2386">
    <p class='ocr_par' dir='ltr' id='par_1_38' title="bbox 505 2311 2105 2386">
     <span class='ocr_line' id='line_1_38' title="bbox 505 2311 2105 2386; baseline 0.004 -19"><span class='ocrx_word' id='word_1_276' title='bbox 505 2311 765 2368; x_wconf 83' lang='lat' dir='ltr'><strong>horrendi</strong></span> <span class='ocrx_word' id='word_1_277' title='bbox 783 2314 964 2369; x_wconf 90' lang='lat' dir='ltr'><strong>subito</strong></span> <span class='ocrx_word' id='word_1_278' title='bbox 982 2316 1444 2386; x_wconf 65' lang='lat' dir='ltr'><strong>caspitarescere;</strong></span> <span class='ocrx_word' id='word_1_279' title='bbox 1477 2333 1543 2373; x_wconf 89' lang='lat' dir='ltr'><strong>ac</strong></span> <span class='ocrx_word' id='word_1_280' title='bbox 1567 2317 1763 2372; x_wconf 88' lang='lat' dir='ltr'><strong>mirum</strong></span> <span class='ocrx_word' id='word_1_281' title='bbox 1787 2319 1838 2372; x_wconf 92' lang='lat' dir='ltr'><strong>in</strong></span> <span class='ocrx_word' id='word_1_282' title='bbox 1865 2320 2105 2385; x_wconf 89' lang='lat' dir='ltr'><strong>modum,</strong></span> 
     </span>
    </p>
   </div>
   <div class='ocr_carea' id='block_1_39' title="bbox 504 2404 2107 2482">
    <p class='ocr_par' dir='ltr' id='par_1_39' title="bbox 504 2404 2107 2482">
     <span class='ocr_line' id='line_1_39' title="bbox 504 2404 2107 2482; baseline 0.003 -22"><span class='ocrx_word' id='word_1_283' title='bbox 504 2404 604 2477; x_wconf 85' lang='lat' dir='ltr'><strong>qui</strong></span> <span class='ocrx_word' id='word_1_284' title='bbox 623 2419 723 2477; x_wconf 89' lang='lat' dir='ltr'><strong>per</strong></span> <span class='ocrx_word' id='word_1_285' title='bbox 750 2407 1041 2462; x_wconf 85' lang='lat' dir='ltr'><strong>continuos</strong></span> <span class='ocrx_word' id='word_1_286' title='bbox 1070 2417 1276 2482; x_wconf 85' lang='lat' dir='ltr'><strong>septem</strong></span> <span class='ocrx_word' id='word_1_287' title='bbox 1308 2409 1425 2464; x_wconf 88' lang='lat' dir='ltr'><strong>dies</strong></span> <span class='ocrx_word' id='word_1_288' title='bbox 1460 2423 1613 2463; x_wconf 91' lang='lat' dir='ltr'><strong>more</strong></span> <span class='ocrx_word' id='word_1_289' title='bbox 1658 2410 1913 2478; x_wconf 88' lang='lat' dir='ltr'><strong>perennis</strong></span> <span class='ocrx_word' id='word_1_290' title='bbox 1954 2424 2107 2478; x_wconf 71' lang='lat' dir='ltr'><strong>aqua:</strong></span> 
     </span>
    </p>
   </div>
   <div class='ocr_carea' id='block_1_40' title="bbox 508 2494 2107 2570">
    <p class='ocr_par' dir='ltr' id='par_1_40' title="bbox 508 2494 2107 2570">
     <span class='ocr_line' id='line_1_40' title="bbox 508 2494 2107 2570; baseline 0.002 -18"><span class='ocrx_word' id='word_1_291' title='bbox 508 2494 628 2552; x_wconf 70' lang='lat' dir='ltr'><strong>sine</strong></span> <span class='ocrx_word' id='word_1_292' title='bbox 657 2496 1065 2553; x_wconf 84' lang='lat' dir='ltr'><strong>intermissione</strong></span> <span class='ocrx_word' id='word_1_293' title='bbox 1092 2499 1417 2564; x_wconf 69' lang='lat' dir='ltr'><strong>distillalrat,</strong></span> <span class='ocrx_word' id='word_1_294' title='bbox 1446 2499 1528 2555; x_wconf 89' lang='lat' dir='ltr'><strong>sic</strong></span> <span class='ocrx_word' id='word_1_295' title='bbox 1566 2501 1709 2554; x_wconf 90' lang='lat' dir='ltr'><strong>intra</strong></span> <span class='ocrx_word' id='word_1_296' title='bbox 1749 2502 2107 2570; x_wconf 88' lang='lat' dir='ltr'><strong>paucissimas</strong></span> 
     </span>
    </p>
   </div>
   <div class='ocr_carea' id='block_1_41' title="bbox 505 2581 2108 2659">
    <p class='ocr_par' dir='ltr' id='par_1_41' title="bbox 505 2581 2108 2659">
     <span class='ocr_line' id='line_1_41' title="bbox 505 2581 2108 2659; baseline 0.002 -20"><span class='ocrx_word' id='word_1_297' title='bbox 505 2581 674 2640; x_wconf 80' lang='lat' dir='ltr'><strong>horas</strong></span> <span class='ocrx_word' id='word_1_298' title='bbox 693 2587 1005 2642; x_wconf 83' lang='lat' dir='ltr'><strong>exsiccatus</strong></span> <span class='ocrx_word' id='word_1_299' title='bbox 1035 2597 1137 2652; x_wconf 90' lang='lat' dir='ltr'><strong>est,</strong></span> <span class='ocrx_word' id='word_1_300' title='bbox 1162 2594 1222 2643; x_wconf 89' lang='lat' dir='ltr'><strong>ut</strong></span> <span class='ocrx_word' id='word_1_301' title='bbox 1249 2603 1317 2643; x_wconf 91' lang='lat' dir='ltr'><strong>eo</strong></span> <span class='ocrx_word' id='word_1_302' title='bbox 1346 2588 1525 2643; x_wconf 88' lang='lat' dir='ltr'><strong>noctis</strong></span> <span class='ocrx_word' id='word_1_303' title='bbox 1552 2597 1795 2659; x_wconf 90' lang='lat' dir='ltr'><strong>tempore</strong></span> <span class='ocrx_word' id='word_1_304' title='bbox 1824 2588 1971 2659; x_wconf 83' lang='lat' dir='ltr'><strong>(nam</strong></span> <span class='ocrx_word' id='word_1_305' title='bbox 2002 2588 2108 2643; x_wconf 82' lang='lat' dir='ltr'><strong>Do-</strong></span> 
     </span>
    </p>
   </div>
   <div class='ocr_carea' id='block_1_42' title="bbox 512 2675 2108 2749">
    <p class='ocr_par' dir='ltr' id='par_1_42' title="bbox 512 2675 2108 2749">
     <span class='ocr_line' id='line_1_42' title="bbox 512 2675 2108 2749; baseline 0.002 -19"><span class='ocrx_word' id='word_1_306' title='bbox 512 2675 713 2730; x_wconf 82' lang='lat' dir='ltr'><strong>minica</strong></span> <span class='ocrx_word' id='word_1_307' title='bbox 737 2676 880 2749; x_wconf 87' lang='lat' dir='ltr'><strong>erat)</strong></span> <span class='ocrx_word' id='word_1_308' title='bbox 912 2693 1022 2748; x_wconf 90' lang='lat' dir='ltr'><strong>quo</strong></span> <span class='ocrx_word' id='word_1_309' title='bbox 1050 2679 1205 2749; x_wconf 77' lang='lat' dir='ltr'><strong>signo</strong></span> <span class='ocrx_word' id='word_1_310' title='bbox 1228 2678 1353 2733; x_wconf 90' lang='lat' dir='ltr'><strong>dato</strong></span> <span class='ocrx_word' id='word_1_311' title='bbox 1383 2679 1453 2733; x_wconf 89' lang='lat' dir='ltr'><strong>ad</strong></span> <span class='ocrx_word' id='word_1_312' title='bbox 1472 2679 1853 2734; x_wconf 80' lang='lat' dir='ltr'><strong>antelucanum</strong></span> <span class='ocrx_word' id='word_1_313' title='bbox 1872 2678 2108 2734; x_wconf 78' lang='lat' dir='ltr'><strong>cilicium</strong></span> 
     </span>
    </p>
   </div>
   <div class='ocr_carea' id='block_1_43' title="bbox 508 2762 2106 2836">
    <p class='ocr_par' dir='ltr' id='par_1_43' title="bbox 508 2762 2106 2836">
     <span class='ocr_line' id='line_1_43' title="bbox 508 2762 2106 2836; baseline 0.003 -18"><span class='ocrx_word' id='word_1_314' title='bbox 508 2762 898 2819; x_wconf 74' lang='lat' dir='ltr'><strong>celebrandum</strong></span> <span class='ocrx_word' id='word_1_315' title='bbox 931 2765 1220 2821; x_wconf 81' lang='lat' dir='ltr'><strong>ecclesiam</strong></span> <span class='ocrx_word' id='word_1_316' title='bbox 1262 2768 1603 2833; x_wconf 86' lang='lat' dir='ltr'><strong>intravimus,</strong></span> <span class='ocrx_word' id='word_1_317' title='bbox 1655 2769 1864 2823; x_wconf 90' lang='lat' dir='ltr'><strong>nullum</strong></span> <span class='ocrx_word' id='word_1_318' title='bbox 1896 2767 2009 2836; x_wconf 88' lang='lat' dir='ltr'><strong>jam</strong></span> <span class='ocrx_word' id='word_1_319' title='bbox 2052 2769 2106 2822; x_wconf 92' lang='lat' dir='ltr'><strong>in</strong></span> 
     </span>
    </p>
   </div>
   <div class='ocr_carea' id='block_1_44' title="bbox 508 2849 2103 2927">
    <p class='ocr_par' dir='ltr' id='par_1_44' title="bbox 508 2849 2103 2927">
     <span class='ocr_line' id='line_1_44' title="bbox 508 2849 2103 2927; baseline 0.002 -19"><span class='ocrx_word' id='word_1_320' title='bbox 508 2849 691 2908; x_wconf 84' lang='lat' dir='ltr'><strong>locqu</strong></span> <span class='ocrx_word' id='word_1_321' title='bbox 712 2853 999 2924; x_wconf 75' lang='lat' dir='ltr'><strong>vestigium</strong></span> <span class='ocrx_word' id='word_1_322' title='bbox 1025 2854 1174 2911; x_wconf 83' lang='lat' dir='ltr'><strong>illius</strong></span> <span class='ocrx_word' id='word_1_323' title='bbox 1204 2866 1390 2927; x_wconf 72' lang='lat' dir='ltr'><strong>posset</strong></span> <span class='ocrx_word' id='word_1_324' title='bbox 1414 2858 1666 2913; x_wconf 88' lang='lat' dir='ltr'><strong>inveniri.</strong></span> <span class='ocrx_word' id='word_1_325' title='bbox 1715 2857 1907 2912; x_wconf 84' lang='lat' dir='ltr'><strong>Lintea</strong></span> <span class='ocrx_word' id='word_1_326' title='bbox 1950 2874 2103 2922; x_wconf 89' lang='lat' dir='ltr'><strong>vero,</strong></span> 
     </span>
    </p>
   </div>
   <div class='ocr_carea' id='block_1_45' title="bbox 506 2943 2107 3021">
    <p class='ocr_par' dir='ltr' id='par_1_45' title="bbox 506 2943 2107 3021">
     <span class='ocr_line' id='line_1_45' title="bbox 506 2943 2107 3021; baseline 0.004 -25"><span class='ocrx_word' id='word_1_327' title='bbox 506 2957 632 3014; x_wconf 74' lang='lat' dir='ltr'><strong>qua:</strong></span> <span class='ocrx_word' id='word_1_328' title='bbox 655 2943 803 2998; x_wconf 86' lang='lat' dir='ltr'><strong>circa</strong></span> <span class='ocrx_word' id='word_1_329' title='bbox 831 2944 1067 2999; x_wconf 87' lang='lat' dir='ltr'><strong>loculum</strong></span> <span class='ocrx_word' id='word_1_330' title='bbox 1085 2947 1417 3017; x_wconf 88' lang='lat' dir='ltr'><strong>pendebant,</strong></span> <span class='ocrx_word' id='word_1_331' title='bbox 1432 2948 1658 3021; x_wconf 76' lang='lat' dir='ltr'><strong>ut[Ms.,</strong></span> <span class='ocrx_word' id='word_1_332' title='bbox 1682 2948 1759 3021; x_wconf 89' lang='lat' dir='ltr'><strong>et]</strong></span> <span class='ocrx_word' id='word_1_333' title='bbox 1776 2950 1966 3004; x_wconf 82' lang='lat' dir='ltr'><strong>eodem</strong></span> <span class='ocrx_word' id='word_1_334' title='bbox 1991 2948 2107 3003; x_wconf 86' lang='lat' dir='ltr'><strong>fue-</strong></span> 
     </span>
    </p>
   </div>
   <div class='ocr_carea' id='block_1_46' title="bbox 510 3038 2108 3113">
    <p class='ocr_par' dir='ltr' id='par_1_46' title="bbox 510 3038 2108 3113">
     <span class='ocr_line' id='line_1_46' title="bbox 510 3038 2108 3113; baseline 0.004 -22"><span class='ocrx_word' id='word_1_335' title='bbox 510 3044 641 3092; x_wconf 88' lang='lat' dir='ltr'><strong>runt</strong></span> <span class='ocrx_word' id='word_1_336' title='bbox 660 3038 890 3093; x_wconf 87' lang='lat' dir='ltr'><strong>humore</strong></span> <span class='ocrx_word' id='word_1_337' title='bbox 907 3052 1180 3109; x_wconf 86' lang='lat' dir='ltr'><strong>respersa,</strong></span> <span class='ocrx_word' id='word_1_338' title='bbox 1196 3039 1275 3094; x_wconf 89' lang='lat' dir='ltr'><strong>ita</strong></span> <span class='ocrx_word' id='word_1_339' title='bbox 1295 3050 1356 3095; x_wconf 92' lang='lat' dir='ltr'><strong>ut</strong></span> <span class='ocrx_word' id='word_1_340' title='bbox 1374 3052 1533 3096; x_wconf 87' lang='lat' dir='ltr'><strong>erant</strong></span> <span class='ocrx_word' id='word_1_341' title='bbox 1551 3042 1864 3113; x_wconf 79' lang='lat' dir='ltr'><strong>sanguineis</strong></span> <span class='ocrx_word' id='word_1_342' title='bbox 1878 3042 2108 3097; x_wconf 83' lang='lat' dir='ltr'><strong>maculis</strong></span> 
     </span>
    </p>
   </div>
   <div class='ocr_carea' id='block_1_47' title="bbox 508 3126 2105 3207">
    <p class='ocr_par' dir='ltr' id='par_1_47' title="bbox 508 3126 2105 3207">
     <span class='ocr_line' id='line_1_47' title="bbox 508 3126 2105 3207; baseline 0.005 -23"><span class='ocrx_word' id='word_1_343' title='bbox 508 3126 734 3195; x_wconf 80' lang='lat' dir='ltr'><strong>infecta,</strong></span> <span class='ocrx_word' id='word_1_344' title='bbox 756 3132 1158 3201; x_wconf 82' lang='lat' dir='ltr'><strong>servarejussi:</strong></span> <span class='ocrx_word' id='word_1_345' title='bbox 1185 3132 1238 3187; x_wconf 90' lang='lat' dir='ltr'><strong>in</strong></span> <span class='ocrx_word' id='word_1_346' title='bbox 1256 3134 1454 3202; x_wconf 83' lang='lat' dir='ltr'><strong>quibus</strong></span> <span class='ocrx_word' id='word_1_347' title='bbox 1477 3135 1655 3190; x_wconf 90' lang='lat' dir='ltr'><strong>adhuc</strong></span> <span class='ocrx_word' id='word_1_348' title='bbox 1681 3151 1938 3207; x_wconf 78' lang='lat' dir='ltr'><strong>magnum</strong></span> <span class='ocrx_word' id='word_1_349' title='bbox 1962 3137 2105 3192; x_wconf 90' lang='lat' dir='ltr'><strong>illius</strong></span> 
     </span>
    </p>
   </div>
   <div class='ocr_carea' id='block_1_48' title="bbox 510 3216 2107 3291">
    <p class='ocr_par' dir='ltr' id='par_1_48' title="bbox 510 3216 2107 3291">
     <span class='ocr_line' id='line_1_48' title="bbox 510 3216 2107 3291; baseline 0.004 -16"><span class='ocrx_word' id='word_1_350' title='bbox 510 3216 737 3275; x_wconf 82' lang='lat' dir='ltr'><strong>inauditi</strong></span> <span class='ocrx_word' id='word_1_351' title='bbox 760 3221 994 3289; x_wconf 89' lang='lat' dir='ltr'><strong>portenti</strong></span> <span class='ocrx_word' id='word_1_352' title='bbox 1024 3229 1182 3291; x_wconf 88' lang='lat' dir='ltr'><strong>paret</strong></span> <span class='ocrx_word' id='word_1_353' title='bbox 1216 3223 1496 3279; x_wconf 90' lang='lat' dir='ltr'><strong>indicium.</strong></span> <span class='ocrx_word' id='word_1_354' title='bbox 1543 3223 1771 3280; x_wconf 83' lang='lat' dir='ltr'><strong>Constat</strong></span> <span class='ocrx_word' id='word_1_355' title='bbox 1817 3228 1963 3281; x_wconf 91' lang='lat' dir='ltr'><strong>enim</strong></span> <span class='ocrx_word' id='word_1_356' title='bbox 2006 3228 2107 3282; x_wconf 88' lang='lat' dir='ltr'><strong>hu-</strong></span> 
     </span>
    </p>
   </div>
   <div class='ocr_carea' id='block_1_49' title="bbox 509 3309 2107 3389">
    <p class='ocr_par' dir='ltr' id='par_1_49' title="bbox 509 3309 2107 3389">
     <span class='ocr_line' id='line_1_49' title="bbox 509 3309 2107 3389; baseline 0.006 -24"><span class='ocrx_word' id='word_1_357' title='bbox 509 3322 720 3365; x_wconf 74' lang='lat' dir='ltr'><strong>morem</strong></span> <span class='ocrx_word' id='word_1_358' title='bbox 744 3309 897 3363; x_wconf 92' lang='lat' dir='ltr'><strong>illum</strong></span> <span class='ocrx_word' id='word_1_359' title='bbox 925 3312 1138 3379; x_wconf 87' lang='lat' dir='ltr'><strong>saporis</strong></span> <span class='ocrx_word' id='word_1_360' title='bbox 1166 3311 1336 3369; x_wconf 85' lang='lat' dir='ltr'><strong>fuisse</strong></span> <span class='ocrx_word' id='word_1_361' title='bbox 1358 3316 1610 3380; x_wconf 86' lang='lat' dir='ltr'><strong>subsalsi,</strong></span> <span class='ocrx_word' id='word_1_362' title='bbox 1636 3318 1704 3371; x_wconf 88' lang='lat' dir='ltr'><strong>ad</strong></span> <span class='ocrx_word' id='word_1_363' title='bbox 1742 3318 2107 3389; x_wconf 85' lang='lat' dir='ltr'><strong>lacrymarum</strong></span> 
     </span>
    </p>
   </div>
   <div class='ocr_carea' id='block_1_50' title="bbox 508 3399 2107 3482">
    <p class='ocr_par' dir='ltr' id='par_1_50' title="bbox 508 3399 2107 3482">
     <span class='ocr_line' id='line_1_50' title="bbox 508 3399 2107 3482; baseline 0.007 -27"><span class='ocrx_word' id='word_1_364' title='bbox 508 3399 764 3456; x_wconf 76' lang='lat' dir='ltr'><strong>videlicet</strong></span> <span class='ocrx_word' id='word_1_365' title='bbox 815 3401 1155 3471; x_wconf 68' lang='lat' dir='ltr'><strong>qualitatem,</strong></span> <span class='ocrx_word' id='word_1_366' title='bbox 1184 3412 1244 3459; x_wconf 86' lang='lat' dir='ltr'><strong>et</strong></span> <span class='ocrx_word' id='word_1_367' title='bbox 1292 3407 1615 3462; x_wconf 86' lang='lat' dir='ltr'><strong>tenuitatem</strong></span> <span class='ocrx_word' id='word_1_368' title='bbox 1662 3410 1884 3478; x_wconf 88' lang='lat' dir='ltr'><strong>quidem</strong></span> <span class='ocrx_word' id='word_1_369' title='bbox 1928 3428 2107 3482; x_wconf 62' lang='lat' dir='ltr'><strong>aqum,</strong></span> 
     </span>
    </p>
   </div>
   <div class='ocr_carea' id='block_1_51' title="bbox 508 3486 1713 3565">
    <p class='ocr_par' dir='ltr' id='par_1_51' title="bbox 508 3486 1713 3565">
     <span class='ocr_line' id='line_1_51' title="bbox 508 3486 1713 3565; baseline 0.008 -22"><span class='ocrx_word' id='word_1_370' title='bbox 508 3486 749 3544; x_wconf 85' lang='lat' dir='ltr'><strong>colorem</strong></span> <span class='ocrx_word' id='word_1_371' title='bbox 773 3498 959 3546; x_wconf 65' lang='lat' dir='ltr'><strong>autem</strong></span> <span class='ocrx_word' id='word_1_372' title='bbox 991 3492 1106 3547; x_wconf 86' lang='lat' dir='ltr'><strong>veri</strong></span> <span class='ocrx_word' id='word_1_373' title='bbox 1132 3493 1413 3565; x_wconf 72' lang='lat' dir='ltr'><strong>sanguinis</strong></span> <span class='ocrx_word' id='word_1_374' title='bbox 1436 3496 1713 3553; x_wconf 88' lang='lat' dir='ltr'><strong>habuisse.</strong></span> 
     </span>
    </p>
   </div>
   <div class='ocr_carea' id='block_1_52' title="bbox 568 3578 2109 3658">
    <p class='ocr_par' dir='ltr' id='par_1_52' title="bbox 568 3578 2109 3658">
     <span class='ocr_line' id='line_1_52' title="bbox 568 3578 2109 3658; baseline 0.01 -23"><span class='ocrx_word' id='word_1_375' title='bbox 568 3578 674 3635; x_wconf 68' lang='grc'><strong>17.</strong></span> <span class='ocrx_word' id='word_1_376' title='bbox 698 3579 901 3637; x_wconf 77' lang='lat' dir='ltr'><strong>Eadem</strong></span> <span class='ocrx_word' id='word_1_377' title='bbox 925 3591 1087 3639; x_wconf 84' lang='lat' dir='ltr'><strong>nocte</strong></span> <span class='ocrx_word' id='word_1_378' title='bbox 1109 3585 1327 3640; x_wconf 88' lang='lat' dir='ltr'><strong>cuidam</strong></span> <span class='ocrx_word' id='word_1_379' title='bbox 1347 3601 1416 3641; x_wconf 83' lang='lat' dir='ltr'><strong>ex</strong></span> <span class='ocrx_word' id='word_1_380' title='bbox 1438 3589 1623 3658; x_wconf 89' lang='lat' dir='ltr'><strong>pueris</strong></span> <span class='ocrx_word' id='word_1_381' title='bbox 1645 3593 1869 3657; x_wconf 86' lang='lat' dir='ltr'><strong>nostris,</strong></span> <span class='ocrx_word' id='word_1_382' title='bbox 1887 3590 2109 3651; x_wconf 88' lang='lat' dir='ltr'><strong>nomine</strong></span> 
     </span>
    </p>
   </div>
   <div class='ocr_carea' id='block_1_53' title="bbox 513 3666 2112 3747">
    <p class='ocr_par' dir='ltr' id='par_1_53' title="bbox 513 3666 2112 3747">
     <span class='ocr_line' id='line_1_53' title="bbox 513 3666 2112 3747; baseline 0.009 -21"><span class='ocrx_word' id='word_1_383' title='bbox 513 3666 856 3736; x_wconf 74' lang='lat' dir='ltr'><strong>Buodlando,</strong></span> <span class='ocrx_word' id='word_1_384' title='bbox 889 3687 987 3743; x_wconf 93' lang='lat' dir='ltr'><strong>per</strong></span> <span class='ocrx_word' id='word_1_385' title='bbox 1014 3675 1255 3743; x_wconf 89' lang='lat' dir='ltr'><strong>quietem</strong></span> <span class='ocrx_word' id='word_1_386' title='bbox 1286 3677 1393 3732; x_wconf 92' lang='lat' dir='ltr'><strong>duo</strong></span> <span class='ocrx_word' id='word_1_387' title='bbox 1418 3676 1647 3747; x_wconf 86' lang='lat' dir='ltr'><strong>juvenes</strong></span> <span class='ocrx_word' id='word_1_388' title='bbox 1693 3681 1795 3736; x_wconf 86' lang='lat' dir='ltr'><strong>visi</strong></span> <span class='ocrx_word' id='word_1_389' title='bbox 1842 3691 1971 3738; x_wconf 90' lang='lat' dir='ltr'><strong>sunt</strong></span> <span class='ocrx_word' id='word_1_390' title='bbox 2017 3687 2112 3740; x_wconf 89' lang='lat' dir='ltr'><strong>ad-</strong></span> 
     </span>
    </p>
   </div>
   <div class='ocr_carea' id='block_1_54' title="bbox 514 3761 2109 3837">
    <p class='ocr_par' dir='ltr' id='par_1_54' title="bbox 514 3761 2109 3837">
     <span class='ocr_line' id='line_1_54' title="bbox 514 3761 2109 3837; baseline 0.008 -20"><span class='ocrx_word' id='word_1_391' title='bbox 514 3761 745 3828; x_wconf 73' lang='lat' dir='ltr'><strong>stitisse,</strong></span> <span class='ocrx_word' id='word_1_392' title='bbox 771 3764 867 3833; x_wconf 89' lang='lat' dir='ltr'><strong>qui</strong></span> <span class='ocrx_word' id='word_1_393' title='bbox 892 3765 965 3830; x_wconf 92' lang='lat' dir='ltr'><strong>ei,</strong></span> <span class='ocrx_word' id='word_1_394' title='bbox 1002 3774 1065 3820; x_wconf 91' lang='lat' dir='ltr'><strong>ut</strong></span> <span class='ocrx_word' id='word_1_395' title='bbox 1088 3767 1206 3837; x_wconf 90' lang='lat' dir='ltr'><strong>ipse</strong></span> <span class='ocrx_word' id='word_1_396' title='bbox 1232 3776 1463 3824; x_wconf 85' lang='lat' dir='ltr'><strong>testatus</strong></span> <span class='ocrx_word' id='word_1_397' title='bbox 1488 3780 1593 3836; x_wconf 91' lang='lat' dir='ltr'><strong>est,</strong></span> <span class='ocrx_word' id='word_1_398' title='bbox 1624 3772 1690 3826; x_wconf 90' lang='lat' dir='ltr'><strong>de</strong></span> <span class='ocrx_word' id='word_1_399' title='bbox 1718 3773 2109 3831; x_wconf 78' lang='lat' dir='ltr'><strong>transferendis</strong></span> 
     </span>
    </p>
   </div>
   <div class='ocr_carea' id='block_1_55' title="bbox 515 3856 2108 3927">
    <p class='ocr_par' dir='ltr' id='par_1_55' title="bbox 515 3856 2108 3927">
     <span class='ocr_line' id='line_1_55' title="bbox 515 3856 2108 3927; baseline 0.008 -20"><span class='ocrx_word' id='word_1_400' title='bbox 515 3861 839 3922; x_wconf 70' lang='lat' dir='ltr'><strong>sanctorum</strong></span> <span class='ocrx_word' id='word_1_401' title='bbox 856 3856 1180 3927; x_wconf 86' lang='lat' dir='ltr'><strong>corporibus</strong></span> <span class='ocrx_word' id='word_1_402' title='bbox 1202 3858 1373 3913; x_wconf 89' lang='lat' dir='ltr'><strong>multa</strong></span> <span class='ocrx_word' id='word_1_403' title='bbox 1400 3860 1532 3914; x_wconf 86' lang='lat' dir='ltr'><strong>mihi</strong></span> <span class='ocrx_word' id='word_1_404' title='bbox 1557 3862 1783 3918; x_wconf 83' lang='lat' dir='ltr'><strong>dicenda</strong></span> <span class='ocrx_word' id='word_1_405' title='bbox 1817 3867 2108 3920; x_wconf 88' lang='lat' dir='ltr'><strong>mandave-</strong></span> 
     </span>
    </p>
   </div>
   <div class='ocr_carea' id='block_1_56' title="bbox 513 3943 2103 4019">
    <p class='ocr_par' dir='ltr' id='par_1_56' title="bbox 513 3943 2103 4019">
     <span class='ocr_line' id='line_1_56' title="bbox 513 3943 2103 4019; baseline 0.004 -18"><span class='ocrx_word' id='word_1_406' title='bbox 513 3949 674 4008; x_wconf 78' lang='grc' dir='ltr'>ιίιιιις</span> <span class='ocrx_word' id='word_1_407' title='bbox 700 3950 758 3999; x_wconf 86' lang='lat' dir='ltr'><strong>et</strong></span> <span class='ocrx_word' id='word_1_408' title='bbox 780 3943 848 3997; x_wconf 81' lang='lat' dir='ltr'><strong>ad</strong></span> <span class='ocrx_word' id='word_1_409' title='bbox 866 3959 1028 4014; x_wconf 83' lang='lat' dir='ltr'><strong>quem</strong></span> <span class='ocrx_word' id='word_1_410' title='bbox 1051 3945 1356 4010; x_wconf 87' lang='lat' dir='ltr'><strong>Iocum,vel</strong></span> <span class='ocrx_word' id='word_1_411' title='bbox 1385 3949 1618 4017; x_wconf 87' lang='lat' dir='ltr'><strong>qualiter</strong></span> <span class='ocrx_word' id='word_1_412' title='bbox 1638 3951 1690 4005; x_wconf 92' lang='lat' dir='ltr'><strong>id</strong></span> <span class='ocrx_word' id='word_1_413' title='bbox 1720 3951 1838 4007; x_wconf 85' lang='lat' dir='ltr'><strong>fieri</strong></span> <span class='ocrx_word' id='word_1_414' title='bbox 1866 3953 2103 4019; x_wconf 88' lang='lat' dir='ltr'><strong>deberet,</strong></span> 
     </span>
    </p>
   </div>
   <div class='ocr_carea' id='block_1_57' title="bbox 511 4033 2107 4099">
    <p class='ocr_par' dir='ltr' id='par_1_57' title="bbox 511 4033 2107 4099">
     <span class='ocr_line' id='line_1_57' title="bbox 511 4033 2107 4099; baseline 0.006 -9"><span class='ocrx_word' id='word_1_415' title='bbox 511 4033 871 4090; x_wconf 78' lang='lat' dir='ltr'><strong>ostenderunt</strong></span> <span class='ocrx_word' id='word_1_416' title='bbox 900 4052 915 4089; x_wconf 86' lang='lat'><strong>:</strong></span> <span class='ocrx_word' id='word_1_417' title='bbox 948 4043 1005 4090; x_wconf 86' lang='lat' dir='ltr'><strong>et</strong></span> <span class='ocrx_word' id='word_1_418' title='bbox 1033 4044 1093 4090; x_wconf 88' lang='lat' dir='ltr'><strong>ut</strong></span> <span class='ocrx_word' id='word_1_419' title='bbox 1119 4037 1224 4092; x_wconf 86' lang='lat' dir='ltr'><strong>hoc</strong></span> <span class='ocrx_word' id='word_1_420' title='bbox 1247 4038 1381 4091; x_wconf 84' lang='lat' dir='ltr'><strong>mihi</strong></span> <span class='ocrx_word' id='word_1_421' title='bbox 1407 4039 1524 4093; x_wconf 89' lang='lat' dir='ltr'><strong>sine</strong></span> <span class='ocrx_word' id='word_1_422' title='bbox 1561 4055 1714 4094; x_wconf 87' lang='lat' dir='ltr'><strong>mora</strong></span> <span class='ocrx_word' id='word_1_423' title='bbox 1754 4042 1944 4098; x_wconf 80' lang='lat' dir='ltr'><strong>fuisset</strong></span> <span class='ocrx_word' id='word_1_424' title='bbox 1972 4062 2107 4099; x_wconf 90' lang='lat' dir='ltr'><strong>nun-</strong></span> 
     </span>
    </p>
   </div>
   <div class='ocr_carea' id='block_1_58' title="bbox 515 4123 2106 4201">
    <p class='ocr_par' dir='ltr' id='par_1_58' title="bbox 515 4123 2106 4201">
     <span class='ocr_line' id='line_1_58' title="bbox 515 4123 2106 4201; baseline 0.004 -20"><span class='ocrx_word' id='word_1_425' title='bbox 515 4123 1090 4190; x_wconf 79' lang='lat' dir='ltr'><strong>tiatum,terribiliter</strong></span> <span class='ocrx_word' id='word_1_426' title='bbox 1137 4128 1519 4183; x_wconf 88' lang='lat' dir='ltr'><strong>comminando</strong></span> <span class='ocrx_word' id='word_1_427' title='bbox 1564 4142 1954 4201; x_wconf 67' lang='lat' dir='ltr'><strong>praeceperunt.</strong></span> <span class='ocrx_word' id='word_1_428' title='bbox 2004 4134 2106 4200; x_wconf 85' lang='lat' dir='ltr'><strong>Qui</strong></span> 
     </span>
    </p>
   </div>
   <div class='ocr_carea' id='block_1_59' title="bbox 515 4215 2108 4290">
    <p class='ocr_par' dir='ltr' id='par_1_59' title="bbox 515 4215 2108 4290">
     <span class='ocr_line' id='line_1_59' title="bbox 515 4215 2108 4290; baseline 0.004 -21"><span class='ocrx_word' id='word_1_429' title='bbox 515 4224 644 4269; x_wconf 82' lang='lat' dir='ltr'><strong>mox</strong></span> <span class='ocrx_word' id='word_1_430' title='bbox 694 4222 755 4267; x_wconf 89' lang='lat' dir='ltr'><strong>ut</strong></span> <span class='ocrx_word' id='word_1_431' title='bbox 810 4228 897 4269; x_wconf 90' lang='lat' dir='ltr'><strong>me</strong></span> <span class='ocrx_word' id='word_1_432' title='bbox 939 4215 1088 4271; x_wconf 89' lang='lat' dir='ltr'><strong>adire</strong></span> <span class='ocrx_word' id='word_1_433' title='bbox 1130 4217 1328 4285; x_wconf 88' lang='lat' dir='ltr'><strong>potuit,</strong></span> <span class='ocrx_word' id='word_1_434' title='bbox 1353 4218 1535 4271; x_wconf 87' lang='lat' dir='ltr'><strong>omnia</strong></span> <span class='ocrx_word' id='word_1_435' title='bbox 1567 4221 1894 4290; x_wconf 70' lang='lat' dir='ltr'><strong>quzejussus</strong></span> <span class='ocrx_word' id='word_1_436' title='bbox 1932 4221 2108 4276; x_wconf 84' lang='lat' dir='ltr'><strong>fuerat</strong></span> 
     </span>
    </p>
   </div>
   <div class='ocr_carea' id='block_1_60' title="bbox 513 4299 2109 4379">
    <p class='ocr_par' dir='ltr' id='par_1_60' title="bbox 513 4299 2109 4379">
     <span class='ocr_line' id='line_1_60' title="bbox 513 4299 2109 4379; baseline 0.005 -22"><span class='ocrx_word' id='word_1_437' title='bbox 513 4299 650 4357; x_wconf 87' lang='lat' dir='ltr'><strong>mihi</strong></span> <span class='ocrx_word' id='word_1_438' title='bbox 677 4302 929 4357; x_wconf 87' lang='lat' dir='ltr'><strong>intimare</strong></span> <span class='ocrx_word' id='word_1_439' title='bbox 953 4305 1184 4359; x_wconf 89' lang='lat' dir='ltr'><strong>curavit.</strong></span> <span class='ocrx_word' id='word_1_440' title='bbox 1210 4303 1417 4371; x_wconf 88' lang='lat' dir='ltr'><strong>Quibus</strong></span> <span class='ocrx_word' id='word_1_441' title='bbox 1439 4306 1653 4370; x_wconf 86' lang='lat' dir='ltr'><strong>auditis,</strong></span> <span class='ocrx_word' id='word_1_442' title='bbox 1684 4309 1832 4363; x_wconf 90' lang='lat' dir='ltr'><strong>curis</strong></span> <span class='ocrx_word' id='word_1_443' title='bbox 1878 4309 2109 4379; x_wconf 81' lang='lat' dir='ltr'><strong>ingenti-</strong></span> 
     </span>
    </p>
   </div>
   <div class='ocr_carea' id='block_1_61' title="bbox 516 4390 2109 4465">
    <p class='ocr_par' dir='ltr' id='par_1_61' title="bbox 516 4390 2109 4465">
     <span class='ocr_line' id='line_1_61' title="bbox 516 4390 2109 4465; baseline 0.006 -19"><span class='ocrx_word' id='word_1_444' title='bbox 516 4390 623 4446; x_wconf 82' lang='lat' dir='ltr'><strong>bus</strong></span> <span class='ocrx_word' id='word_1_445' title='bbox 647 4400 906 4458; x_wconf 64' lang='lat' dir='ltr'><strong>aestuare,</strong></span> <span class='ocrx_word' id='word_1_446' title='bbox 936 4401 992 4448; x_wconf 90' lang='lat' dir='ltr'><strong>et</strong></span> <span class='ocrx_word' id='word_1_447' title='bbox 1018 4394 1149 4463; x_wconf 91' lang='lat' dir='ltr'><strong>quid</strong></span> <span class='ocrx_word' id='word_1_448' title='bbox 1170 4396 1303 4449; x_wconf 89' lang='lat' dir='ltr'><strong>mihi</strong></span> <span class='ocrx_word' id='word_1_449' title='bbox 1325 4404 1473 4450; x_wconf 86' lang='lat' dir='ltr'><strong>esset</strong></span> <span class='ocrx_word' id='word_1_450' title='bbox 1496 4400 1761 4465; x_wconf 77' lang='lat' dir='ltr'><strong>agendum</strong></span> <span class='ocrx_word' id='word_1_451' title='bbox 1788 4400 1970 4455; x_wconf 89' lang='lat' dir='ltr'><strong>animo</strong></span> <span class='ocrx_word' id='word_1_452' title='bbox 2000 4408 2109 4456; x_wconf 88' lang='lat' dir='ltr'><strong>tra-</strong></span> 
     </span>
    </p>
   </div>
   <div class='ocr_carea' id='block_1_62' title="bbox 513 4484 2186 4588">
    <p class='ocr_par' dir='ltr' id='par_1_62' title="bbox 513 4484 2186 4588">
     <span class='ocr_line' id='line_1_62' title="bbox 513 4484 2186 4588; baseline 0.009 -53"><span class='ocrx_word' id='word_1_453' title='bbox 513 4489 670 4537; x_wconf 77' lang='lat' dir='ltr'><strong>ctare</strong></span> <span class='ocrx_word' id='word_1_454' title='bbox 687 4484 830 4553; x_wconf 73' lang='lat' dir='ltr'><strong>crepi</strong></span> <span class='ocrx_word' id='word_1_455' title='bbox 857 4502 870 4537; x_wconf 92' lang='lat'><strong>:</strong></span> <span class='ocrx_word' id='word_1_456' title='bbox 897 4493 1079 4539; x_wconf 90' lang='lat' dir='ltr'><strong>utrum</strong></span> <span class='ocrx_word' id='word_1_457' title='bbox 1108 4486 1306 4541; x_wconf 83' lang='lat' dir='ltr'><strong>iterum</strong></span> <span class='ocrx_word' id='word_1_458' title='bbox 1344 4485 1551 4557; x_wconf 86' lang='lat' dir='ltr'><strong>jejunia</strong></span> <span class='ocrx_word' id='word_1_459' title='bbox 1589 4497 1645 4544; x_wconf 90' lang='lat' dir='ltr'><strong>et</strong></span> <span class='ocrx_word' id='word_1_460' title='bbox 1685 4492 2106 4562; x_wconf 87' lang='lat' dir='ltr'><strong>supplicationes</strong></span> <span class='ocrx_word' id='word_1_461' title='bbox 2134 4528 2186 4588; x_wconf 75' lang='grc' dir='ltr'><strong>Ι)</strong></span> 
     </span>
    </p>
   </div>
   <div class='ocr_carea' id='block_1_63' title="bbox 512 4572 2109 4648">
    <p class='ocr_par' dir='ltr' id='par_1_63' title="bbox 512 4572 2109 4648">
     <span class='ocr_line' id='line_1_63' title="bbox 512 4572 2109 4648; baseline 0.008 -20"><span class='ocrx_word' id='word_1_462' title='bbox 512 4572 875 4641; x_wconf 72' lang='lat' dir='ltr'><strong>celebrandae,</strong></span> <span class='ocrx_word' id='word_1_463' title='bbox 910 4592 975 4632; x_wconf 89' lang='lat' dir='ltr'><strong>ac</strong></span> <span class='ocrx_word' id='word_1_464' title='bbox 1009 4578 1154 4633; x_wconf 86' lang='lat' dir='ltr'><strong>Deus</strong></span> <span class='ocrx_word' id='word_1_465' title='bbox 1183 4594 1373 4634; x_wconf 86' lang='lat' dir='ltr'><strong>rursus</strong></span> <span class='ocrx_word' id='word_1_466' title='bbox 1402 4595 1502 4648; x_wconf 92' lang='lat' dir='ltr'><strong>pro</strong></span> <span class='ocrx_word' id='word_1_467' title='bbox 1552 4590 1741 4637; x_wconf 88' lang='lat' dir='ltr'><strong>nostra</strong></span> <span class='ocrx_word' id='word_1_468' title='bbox 1793 4586 2109 4642; x_wconf 82' lang='lat' dir='ltr'><strong>curiositate</strong></span> 
     </span>
    </p>
   </div>
   <div class='ocr_carea' id='block_1_64' title="bbox 514 4662 2107 4741">
    <p class='ocr_par' dir='ltr' id='par_1_64' title="bbox 514 4662 2107 4741">
     <span class='ocr_line' id='line_1_64' title="bbox 514 4662 2107 4741; baseline 0.007 -22"><span class='ocrx_word' id='word_1_469' title='bbox 514 4662 918 4731; x_wconf 78' lang='lat' dir='ltr'><strong>sollicitandus;</strong></span> <span class='ocrx_word' id='word_1_470' title='bbox 951 4681 1017 4720; x_wconf 90' lang='lat' dir='ltr'><strong>an</strong></span> <span class='ocrx_word' id='word_1_471' title='bbox 1045 4667 1264 4736; x_wconf 84' lang='lat' dir='ltr'><strong>aliquis.</strong></span> <span class='ocrx_word' id='word_1_472' title='bbox 1290 4669 1401 4723; x_wconf 90' lang='lat' dir='ltr'><strong>Deo</strong></span> <span class='ocrx_word' id='word_1_473' title='bbox 1424 4670 1615 4723; x_wconf 89' lang='lat' dir='ltr'><strong>devote</strong></span> <span class='ocrx_word' id='word_1_474' title='bbox 1638 4686 1702 4725; x_wconf 91' lang='lat' dir='ltr'><strong>ac</strong></span> <span class='ocrx_word' id='word_1_475' title='bbox 1726 4671 1965 4741; x_wconf 88' lang='lat' dir='ltr'><strong>perfecte</strong></span> <span class='ocrx_word' id='word_1_476' title='bbox 1994 4690 2107 4729; x_wconf 88' lang='lat' dir='ltr'><strong>ser-</strong></span> 
     </span>
    </p>
   </div>
   <div class='ocr_carea' id='block_1_65' title="bbox 516 4755 2105 4827">
    <p class='ocr_par' dir='ltr' id='par_1_65' title="bbox 516 4755 2105 4827">
     <span class='ocr_line' id='line_1_65' title="bbox 516 4755 2105 4827; baseline 0.009 -18"><span class='ocrx_word' id='word_1_477' title='bbox 516 4755 690 4819; x_wconf 86' lang='lat' dir='ltr'><strong>viens,</strong></span> <span class='ocrx_word' id='word_1_478' title='bbox 715 4764 863 4812; x_wconf 89' lang='lat' dir='ltr'><strong>esset</strong></span> <span class='ocrx_word' id='word_1_479' title='bbox 882 4760 1224 4827; x_wconf 70' lang='lat' dir='ltr'><strong>quaerendus,</strong></span> <span class='ocrx_word' id='word_1_480' title='bbox 1250 4761 1335 4815; x_wconf 91' lang='lat' dir='ltr'><strong>cui</strong></span> <span class='ocrx_word' id='word_1_481' title='bbox 1365 4763 1694 4819; x_wconf 81' lang='lat' dir='ltr'><strong>anxietatem</strong></span> <span class='ocrx_word' id='word_1_482' title='bbox 1720 4768 1900 4822; x_wconf 89' lang='lat' dir='ltr'><strong>cordis</strong></span> <span class='ocrx_word' id='word_1_483' title='bbox 1934 4771 2105 4824; x_wconf 85' lang='lat' dir='ltr'><strong>nostri</strong></span> 
     </span>
    </p>
   </div>
   <div class='ocr_carea' id='block_1_66' title="bbox 511 4835 2107 4928">
    <p class='ocr_par' dir='ltr' id='par_1_66' title="bbox 511 4835 2107 4928">
     <span class='ocr_line' id='line_1_66' title="bbox 511 4835 2107 4928; baseline 0.009 -27"><span class='ocrx_word' id='word_1_484' title='bbox 511 4855 569 4901; x_wconf 91' lang='lat' dir='ltr'><strong>et</strong></span> <span class='ocrx_word' id='word_1_485' title='bbox 592 4861 849 4902; x_wconf 89' lang='lat' dir='ltr'><strong>curarum</strong></span> <span class='ocrx_word' id='word_1_486' title='bbox 873 4835 1180 4904; x_wconf 86' lang='lat' dir='ltr'><strong>nostrarum</strong></span> <span class='ocrx_word' id='word_1_487' title='bbox 1207 4853 1581 4921; x_wconf 86' lang='lat' dir='ltr'><strong>querimonias</strong></span> <span class='ocrx_word' id='word_1_488' title='bbox 1618 4854 1887 4923; x_wconf 88' lang='lat' dir='ltr'><strong>iudicare,</strong></span> <span class='ocrx_word' id='word_1_489' title='bbox 1920 4874 2107 4928; x_wconf 87' lang='lat' dir='ltr'><strong>quem-</strong></span> 
     </span>
    </p>
   </div>
   <div class='ocr_carea' id='block_1_67' title="bbox 514 4942 2106 5010">
    <p class='ocr_par' dir='ltr' id='par_1_67' title="bbox 514 4942 2106 5010">
     <span class='ocr_line' id='line_1_67' title="bbox 514 4942 2106 5010; baseline 0.011 -20"><span class='ocrx_word' id='word_1_490' title='bbox 514 4951 624 5008; x_wconf 90' lang='lat' dir='ltr'><strong>que</strong></span> <span class='ocrx_word' id='word_1_491' title='bbox 652 4953 847 5009; x_wconf 72' lang='lat' dir='ltr'><strong>rogare</strong></span> <span class='ocrx_word' id='word_1_492' title='bbox 884 4942 1266 5010; x_wconf 87' lang='lat' dir='ltr'><strong>potuissemus,</strong></span> <span class='ocrx_word' id='word_1_493' title='bbox 1298 4953 1358 4999; x_wconf 90' lang='lat' dir='ltr'><strong>ut</strong></span> <span class='ocrx_word' id='word_1_494' title='bbox 1388 4946 1725 5004; x_wconf 87' lang='lat' dir='ltr'><strong>orationibus</strong></span> <span class='ocrx_word' id='word_1_495' title='bbox 1754 4951 1866 5005; x_wconf 91' lang='lat' dir='ltr'><strong>suis</strong></span> <span class='ocrx_word' id='word_1_496' title='bbox 1920 4967 1950 5005; x_wconf 91' lang='lat' dir='ltr'><strong>a</strong></span> <span class='ocrx_word' id='word_1_497' title='bbox 1995 4953 2106 5008; x_wconf 84' lang='lat' dir='ltr'><strong>Deo</strong></span> 
     </span>
    </p>
   </div>
   <div class='ocr_carea' id='block_1_68' title="bbox 518 5028 2106 5110">
    <p class='ocr_par' dir='ltr' id='par_1_68' title="bbox 518 5028 2106 5110">
     <span class='ocr_line' id='line_1_68' title="bbox 518 5028 2106 5110; baseline 0.01 -27"><span class='ocrx_word' id='word_1_498' title='bbox 518 5029 681 5084; x_wconf 87' lang='lat' dir='ltr'><strong>nobis</strong></span> <span class='ocrx_word' id='word_1_499' title='bbox 702 5032 865 5102; x_wconf 79' lang='lat' dir='ltr'><strong>hujus</strong></span> <span class='ocrx_word' id='word_1_500' title='bbox 884 5028 960 5087; x_wconf 74' lang='lat' dir='ltr'><strong>rei</strong></span> <span class='ocrx_word' id='word_1_501' title='bbox 986 5034 1477 5093; x_wconf 84' lang='lat' dir='ltr'><strong>manifestationem</strong></span> <span class='ocrx_word' id='word_1_502' title='bbox 1507 5040 1857 5110; x_wconf 87' lang='lat' dir='ltr'><strong>impetraret?</strong></span> <span class='ocrx_word' id='word_1_503' title='bbox 1886 5043 1991 5098; x_wconf 79' lang='lat' dir='ltr'><strong>Sed</strong></span> <span class='ocrx_word' id='word_1_504' title='bbox 2016 5047 2106 5101; x_wconf 89' lang='lat' dir='ltr'><strong>ubi</strong></span> 
     </span>
    </p>
   </div>
   <div class='ocr_carea' id='block_1_69' title="bbox 519 5122 2109 5210">
    <p class='ocr_par' dir='ltr' id='par_1_69' title="bbox 519 5122 2109 5210">
     <span class='ocr_line' id='line_1_69' title="bbox 519 5122 2109 5210; baseline 0.014 -36"><span class='ocrx_word' id='word_1_505' title='bbox 519 5122 606 5181; x_wconf 84' lang='lat' dir='ltr'><strong>vel</strong></span> <span class='ocrx_word' id='word_1_506' title='bbox 638 5126 861 5193; x_wconf 81' lang='lat' dir='ltr'><strong>quando</strong></span> <span class='ocrx_word' id='word_1_507' title='bbox 887 5126 976 5182; x_wconf 86' lang='lat' dir='ltr'><strong>ille</strong></span> <span class='ocrx_word' id='word_1_508' title='bbox 1001 5129 1125 5184; x_wconf 88' lang='lat' dir='ltr'><strong>talis</strong></span> <span class='ocrx_word' id='word_1_509' title='bbox 1149 5130 1351 5188; x_wconf 88' lang='lat' dir='ltr'><strong>Christi</strong></span> <span class='ocrx_word' id='word_1_510' title='bbox 1378 5132 1612 5192; x_wconf 87' lang='lat' dir='ltr'><strong>famulus</strong></span> <span class='ocrx_word' id='word_1_511' title='bbox 1638 5152 1670 5191; x_wconf 91' lang='lat' dir='ltr'><strong>a</strong></span> <span class='ocrx_word' id='word_1_512' title='bbox 1718 5140 1874 5195; x_wconf 89' lang='lat' dir='ltr'><strong>nobis</strong></span> <span class='ocrx_word' id='word_1_513' title='bbox 1925 5152 2109 5210; x_wconf 88' lang='lat' dir='ltr'><strong>posset</strong></span> 
     </span>
    </p>
   </div>
   <div class='ocr_carea' id='block_1_70' title="bbox 516 5211 2105 5299">
    <p class='ocr_par' dir='ltr' id='par_1_70' title="bbox 516 5211 2105 5299">
     <span class='ocr_line' id='line_1_70' title="bbox 516 5211 2105 5299; baseline 0.013 -34"><span class='ocrx_word' id='word_1_514' title='bbox 516 5211 772 5279; x_wconf 84' lang='lat' dir='ltr'><strong>inveniri,</strong></span> <span class='ocrx_word' id='word_1_515' title='bbox 798 5219 1101 5285; x_wconf 62' lang='lat' dir='ltr'><strong>praesertim</strong></span> <span class='ocrx_word' id='word_1_516' title='bbox 1132 5221 1183 5274; x_wconf 88' lang='lat' dir='ltr'><strong>in</strong></span> <span class='ocrx_word' id='word_1_517' title='bbox 1224 5222 1316 5276; x_wconf 90' lang='lat' dir='ltr'><strong>illa</strong></span> <span class='ocrx_word' id='word_1_518' title='bbox 1341 5226 1592 5295; x_wconf 77' lang='lat' dir='ltr'><strong>regione,</strong></span> <span class='ocrx_word' id='word_1_519' title='bbox 1625 5227 1680 5281; x_wconf 90' lang='lat' dir='ltr'><strong>in</strong></span> <span class='ocrx_word' id='word_1_520' title='bbox 1731 5244 1837 5299; x_wconf 90' lang='lat' dir='ltr'><strong>qua</strong></span> <span class='ocrx_word' id='word_1_521' title='bbox 1890 5234 2105 5286; x_wconf 87' lang='lat' dir='ltr'><strong>tametsi</strong></span> 
     </span>
    </p>
   </div>
   <div class='ocr_carea' id='block_1_71' title="bbox 516 5302 2108 5385">
    <p class='ocr_par' dir='ltr' id='par_1_71' title="bbox 516 5302 2108 5385">
     <span class='ocr_line' id='line_1_71' title="bbox 516 5302 2108 5385; baseline 0.014 -30"><span class='ocrx_word' id='word_1_522' title='bbox 516 5302 763 5371; x_wconf 62' lang='lat' dir='ltr'><strong>quaedam</strong></span> <span class='ocrx_word' id='word_1_523' title='bbox 793 5309 1041 5363; x_wconf 74' lang='lat' dir='ltr'><strong>omnobia</strong></span> <span class='ocrx_word' id='word_1_524' title='bbox 1067 5311 1136 5364; x_wconf 88' lang='lat' dir='ltr'><strong>ab</strong></span> <span class='ocrx_word' id='word_1_525' title='bbox 1164 5325 1230 5364; x_wconf 91' lang='lat' dir='ltr'><strong>eo</strong></span> <span class='ocrx_word' id='word_1_526' title='bbox 1274 5312 1412 5377; x_wconf 87' lang='lat' dir='ltr'><strong>loco,</strong></span> <span class='ocrx_word' id='word_1_527' title='bbox 1456 5316 1507 5370; x_wconf 86' lang='lat' dir='ltr'><strong>in</strong></span> <span class='ocrx_word' id='word_1_528' title='bbox 1551 5332 1658 5385; x_wconf 89' lang='lat' dir='ltr'><strong>quo</strong></span> <span class='ocrx_word' id='word_1_529' title='bbox 1701 5333 1936 5383; x_wconf 90' lang='lat' dir='ltr'><strong>eramus,</strong></span> <span class='ocrx_word' id='word_1_530' title='bbox 1965 5324 2108 5378; x_wconf 86' lang='lat' dir='ltr'><strong>haud</strong></span> 
     </span>
    </p>
   </div>
   <div class='ocr_carea' id='block_1_72' title="bbox 518 5392 2109 5478">
    <p class='ocr_par' dir='ltr' id='par_1_72' title="bbox 518 5392 2109 5478">
     <span class='ocr_line' id='line_1_72' title="bbox 518 5392 2109 5478; baseline 0.015 -33"><span class='ocrx_word' id='word_1_531' title='bbox 518 5392 675 5461; x_wconf 78' lang='lat' dir='ltr'><strong>longe</strong></span> <span class='ocrx_word' id='word_1_532' title='bbox 697 5396 871 5463; x_wconf 89' lang='lat' dir='ltr'><strong>posita</strong></span> <span class='ocrx_word' id='word_1_533' title='bbox 898 5413 1019 5453; x_wconf 83' lang='lat' dir='ltr'><strong>esse</strong></span> <span class='ocrx_word' id='word_1_534' title='bbox 1042 5403 1343 5465; x_wconf 85' lang='lat' dir='ltr'><strong>constabat,</strong></span> <span class='ocrx_word' id='word_1_535' title='bbox 1375 5414 1577 5473; x_wconf 89' lang='lat' dir='ltr'><strong>tamen,</strong></span> <span class='ocrx_word' id='word_1_536' title='bbox 1599 5418 1822 5478; x_wconf 88' lang='lat' dir='ltr'><strong>propter</strong></span> <span class='ocrx_word' id='word_1_537' title='bbox 1844 5415 2032 5468; x_wconf 76' lang='lat' dir='ltr'><strong>rudem</strong></span> <span class='ocrx_word' id='word_1_538' title='bbox 2059 5417 2109 5469; x_wconf 89' lang='lat' dir='ltr'><strong>in</strong></span> 
     </span>
    </p>
   </div>
   <div class='ocr_carea' id='block_1_73' title="bbox 521 5480 2111 5567">
    <p class='ocr_par' dir='ltr' id='par_1_73' title="bbox 521 5480 2111 5567">
     <span class='ocr_line' id='line_1_73' title="bbox 521 5480 2111 5567; baseline 0.014 -31"><span class='ocrx_word' id='word_1_539' title='bbox 521 5480 605 5537; x_wconf 73' lang='lat' dir='ltr'><strong>llis</strong></span> <span class='ocrx_word' id='word_1_540' title='bbox 631 5482 766 5539; x_wconf 88' lang='lat' dir='ltr'><strong>locis</strong></span> <span class='ocrx_word' id='word_1_541' title='bbox 794 5487 912 5557; x_wconf 89' lang='lat' dir='ltr'><strong>ejus</strong></span> <span class='ocrx_word' id='word_1_542' title='bbox 934 5495 1363 5551; x_wconf 86' lang='lat' dir='ltr'><strong>conversationis</strong></span> <span class='ocrx_word' id='word_1_543' title='bbox 1396 5497 1814 5567; x_wconf 86' lang='lat' dir='ltr'><strong>institutionem,</strong></span> <span class='ocrx_word' id='word_1_544' title='bbox 1841 5513 1935 5558; x_wconf 87' lang='lat' dir='ltr'><strong>aut</strong></span> <span class='ocrx_word' id='word_1_545' title='bbox 1956 5520 2111 5560; x_wconf 84' lang='lat' dir='ltr'><strong>rarus</strong></span> 
     </span>
    </p>
   </div>
   <div class='ocr_carea' id='block_1_74' title="bbox 516 5576 2108 5663">
    <p class='ocr_par' dir='ltr' id='par_1_74' title="bbox 516 5576 2108 5663">
     <span class='ocr_line' id='line_1_74' title="bbox 516 5576 2108 5663; baseline 0.013 -35"><span class='ocrx_word' id='word_1_546' title='bbox 516 5581 614 5628; x_wconf 83' lang='lat' dir='ltr'><strong>aut</strong></span> <span class='ocrx_word' id='word_1_547' title='bbox 644 5576 823 5632; x_wconf 90' lang='lat' dir='ltr'><strong>nullus</strong></span> <span class='ocrx_word' id='word_1_548' title='bbox 854 5590 994 5645; x_wconf 84' lang='lat' dir='ltr'><strong>erat,</strong></span> <span class='ocrx_word' id='word_1_549' title='bbox 1024 5582 1089 5638; x_wconf 90' lang='lat' dir='ltr'><strong>dc</strong></span> <span class='ocrx_word' id='word_1_550' title='bbox 1117 5584 1272 5655; x_wconf 90' lang='lat' dir='ltr'><strong>cujus</strong></span> <span class='ocrx_word' id='word_1_551' title='bbox 1316 5589 1606 5644; x_wconf 88' lang='lat' dir='ltr'><strong>sanctitate</strong></span> <span class='ocrx_word' id='word_1_552' title='bbox 1646 5592 1753 5647; x_wconf 87' lang='lat' dir='ltr'><strong>tale</strong></span> <span class='ocrx_word' id='word_1_553' title='bbox 1795 5592 1995 5663; x_wconf 88' lang='lat' dir='ltr'><strong>aliquid</strong></span> <span class='ocrx_word' id='word_1_554' title='bbox 2028 5596 2108 5649; x_wconf 76' lang='lat' dir='ltr'><strong>vel</strong></span> 
     </span>
    </p>
   </div>
   <div class='ocr_carea' id='block_1_75' title="bbox 520 5666 2107 5743">
    <p class='ocr_par' dir='ltr' id='par_1_75' title="bbox 520 5666 2107 5743">
     <span class='ocr_line' id='line_1_75' title="bbox 520 5666 2107 5743; baseline 0.014 -27"><span class='ocrx_word' id='word_1_555' title='bbox 520 5667 701 5722; x_wconf 85' lang='lat' dir='ltr'><strong>tenuis</strong></span> <span class='ocrx_word' id='word_1_556' title='bbox 714 5666 854 5726; x_wconf 88' lang='lat' dir='ltr'><strong>fama</strong></span> <span class='ocrx_word' id='word_1_557' title='bbox 872 5670 1201 5743; x_wconf 84' lang='lat' dir='ltr'><strong>loqueretur.</strong></span> <span class='ocrx_word' id='word_1_558' title='bbox 1219 5676 1427 5733; x_wconf 87' lang='lat' dir='ltr'><strong>Interea</strong></span> <span class='ocrx_word' id='word_1_559' title='bbox 1444 5681 1570 5735; x_wconf 88' lang='lat' dir='ltr'><strong>dum</strong></span> <span class='ocrx_word' id='word_1_560' title='bbox 1592 5682 1677 5736; x_wconf 89' lang='lat' dir='ltr'><strong>his</strong></span> <span class='ocrx_word' id='word_1_561' title='bbox 1697 5684 1948 5739; x_wconf 86' lang='lat' dir='ltr'><strong>anxiatus</strong></span> <span class='ocrx_word' id='word_1_562' title='bbox 1963 5688 2107 5741; x_wconf 80' lang='lat' dir='ltr'><strong>curis</strong></span> 
     </span>
    </p>
   </div>
   <div class='ocr_carea' id='block_1_76' title="bbox 2211 1931 3805 2007">
    <p class='ocr_par' dir='ltr' id='par_1_76' title="bbox 2211 1931 3805 2007">
     <span class='ocr_line' id='line_1_76' title="bbox 2211 1931 3805 2007; baseline 0.013 -20"><span class='ocrx_word' id='word_1_563' title='bbox 2211 1931 2325 1987; x_wconf 89' lang='lat' dir='ltr'><strong>suis</strong></span> <span class='ocrx_word' id='word_1_564' title='bbox 2345 1934 2665 2003; x_wconf 91' lang='lat' dir='ltr'><strong>corporibus</strong></span> <span class='ocrx_word' id='word_1_565' title='bbox 2691 1936 2809 1990; x_wconf 79' lang='lat' dir='ltr'><strong>fieri</strong></span> <span class='ocrx_word' id='word_1_566' title='bbox 2834 1937 3177 2007; x_wconf 88' lang='lat' dir='ltr'><strong>desiderant,</strong></span> <span class='ocrx_word' id='word_1_567' title='bbox 3212 1942 3472 2000; x_wconf 87' lang='lat' dir='ltr'><strong>infectum</strong></span> <span class='ocrx_word' id='word_1_568' title='bbox 3518 1964 3805 2006; x_wconf 87' lang='lat' dir='ltr'><strong>remanere</strong></span> 
     </span>
    </p>
   </div>
   <div class='ocr_carea' id='block_1_77' title="bbox 2210 2025 3805 2098">
    <p class='ocr_par' dir='ltr' id='par_1_77' title="bbox 2210 2025 3805 2098">
     <span class='ocr_line' id='line_1_77' title="bbox 2210 2025 3805 2098; baseline 0.013 -20"><span class='ocrx_word' id='word_1_569' title='bbox 2210 2039 2317 2078; x_wconf 92' lang='lat' dir='ltr'><strong>non</strong></span> <span class='ocrx_word' id='word_1_570' title='bbox 2342 2026 2559 2094; x_wconf 85' lang='lat' dir='ltr'><strong>poterit.</strong></span> <span class='ocrx_word' id='word_1_571' title='bbox 2579 2025 2841 2093; x_wconf 89' lang='lat' dir='ltr'><strong>Quamvis</strong></span> <span class='ocrx_word' id='word_1_572' title='bbox 2861 2029 2950 2085; x_wconf 89' lang='lat' dir='ltr'><strong>ille</strong></span> <span class='ocrx_word' id='word_1_573' title='bbox 2970 2031 3237 2090; x_wconf 87' lang='lat' dir='ltr'><strong>hactenus</strong></span> <span class='ocrx_word' id='word_1_574' title='bbox 3262 2036 3597 2095; x_wconf 77' lang='lat' dir='ltr'><strong>voluntatem</strong></span> <span class='ocrx_word' id='word_1_575' title='bbox 3617 2057 3805 2098; x_wconf 85' lang='lat' dir='ltr'><strong>eorum</strong></span> 
     </span>
    </p>
   </div>
   <div class='ocr_carea' id='block_1_78' title="bbox 2212 2114 3808 2195">
    <p class='ocr_par' dir='ltr' id='par_1_78' title="bbox 2212 2114 3808 2195">
     <span class='ocr_line' id='line_1_78' title="bbox 2212 2114 3808 2195; baseline 0.014 -28"><span class='ocrx_word' id='word_1_576' title='bbox 2212 2114 2266 2168; x_wconf 92' lang='lat' dir='ltr'><strong>in</strong></span> <span class='ocrx_word' id='word_1_577' title='bbox 2302 2115 2402 2169; x_wconf 90' lang='lat' dir='ltr'><strong>hac</strong></span> <span class='ocrx_word' id='word_1_578' title='bbox 2432 2131 2493 2171; x_wconf 90' lang='lat' dir='ltr'><strong>re</strong></span> <span class='ocrx_word' id='word_1_579' title='bbox 2522 2116 2704 2173; x_wconf 88' lang='lat' dir='ltr'><strong>facere</strong></span> <span class='ocrx_word' id='word_1_580' title='bbox 2731 2120 3057 2189; x_wconf 82' lang='lat' dir='ltr'><strong>distulisset,</strong></span> <span class='ocrx_word' id='word_1_581' title='bbox 3088 2126 3254 2180; x_wconf 88' lang='lat' dir='ltr'><strong>etiam</strong></span> <span class='ocrx_word' id='word_1_582' title='bbox 3283 2145 3446 2195; x_wconf 89' lang='lat' dir='ltr'><strong>nunc,</strong></span> <span class='ocrx_word' id='word_1_583' title='bbox 3470 2133 3514 2186; x_wconf 90' lang='lat' dir='ltr'><strong>si</strong></span> <span class='ocrx_word' id='word_1_584' title='bbox 3543 2149 3650 2187; x_wconf 91' lang='lat' dir='ltr'><strong>non</strong></span> <span class='ocrx_word' id='word_1_585' title='bbox 3682 2135 3808 2189; x_wconf 82' lang='lat' dir='ltr'><strong>velit</strong></span> 
     </span>
    </p>
   </div>
   <div class='ocr_carea' id='block_1_79' title="bbox 2210 2205 3809 2287">
    <p class='ocr_par' dir='ltr' id='par_1_79' title="bbox 2210 2205 3809 2287">
     <span class='ocr_line' id='line_1_79' title="bbox 2210 2205 3809 2287; baseline 0.014 -30"><span class='ocrx_word' id='word_1_586' title='bbox 2210 2213 2271 2258; x_wconf 93' lang='lat' dir='ltr'><strong>ut</strong></span> <span class='ocrx_word' id='word_1_587' title='bbox 2300 2205 2462 2275; x_wconf 87' lang='lat' dir='ltr'><strong>hujus</strong></span> <span class='ocrx_word' id='word_1_588' title='bbox 2492 2205 2618 2261; x_wconf 84' lang='lat' dir='ltr'><strong>facti</strong></span> <span class='ocrx_word' id='word_1_589' title='bbox 2648 2210 2905 2265; x_wconf 89' lang='lat' dir='ltr'><strong>meritum</strong></span> <span class='ocrx_word' id='word_1_590' title='bbox 2953 2214 3020 2268; x_wconf 89' lang='lat' dir='ltr'><strong>ad</strong></span> <span class='ocrx_word' id='word_1_591' title='bbox 3066 2214 3232 2269; x_wconf 88' lang='lat' dir='ltr'><strong>alium</strong></span> <span class='ocrx_word' id='word_1_592' title='bbox 3281 2226 3547 2287; x_wconf 85' lang='lat' dir='ltr'><strong>transeat,</strong></span> <span class='ocrx_word' id='word_1_593' title='bbox 3589 2223 3809 2279; x_wconf 82' lang='lat' dir='ltr'><strong>festinet</strong></span> 
     </span>
    </p>
   </div>
   <div class='ocr_carea' id='block_1_80' title="bbox 2208 2294 3804 2382">
    <p class='ocr_par' dir='ltr' id='par_1_80' title="bbox 2208 2294 3804 2382">
     <span class='ocr_line' id='line_1_80' title="bbox 2208 2294 3804 2382; baseline 0.013 -36"><span class='ocrx_word' id='word_1_594' title='bbox 2208 2308 2398 2347; x_wconf 88' lang='lat' dir='ltr'><strong>eorum</strong></span> <span class='ocrx_word' id='word_1_595' title='bbox 2422 2294 2720 2365; x_wconf 87' lang='lat' dir='ltr'><strong>adimplere</strong></span> <span class='ocrx_word' id='word_1_596' title='bbox 2739 2298 3075 2367; x_wconf 74' lang='lat' dir='ltr'><strong>iussionem;</strong></span> <span class='ocrx_word' id='word_1_597' title='bbox 3109 2311 3163 2357; x_wconf 90' lang='lat' dir='ltr'><strong>et</strong></span> <span class='ocrx_word' id='word_1_598' title='bbox 3190 2305 3259 2359; x_wconf 91' lang='lat' dir='ltr'><strong>ad</strong></span> <span class='ocrx_word' id='word_1_599' title='bbox 3287 2305 3489 2371; x_wconf 90' lang='lat' dir='ltr'><strong>locum,</strong></span> <span class='ocrx_word' id='word_1_600' title='bbox 3514 2325 3678 2380; x_wconf 90' lang='lat' dir='ltr'><strong>quem</strong></span> <span class='ocrx_word' id='word_1_601' title='bbox 3710 2313 3804 2382; x_wconf 86' lang='lat' dir='ltr'><strong>ipsi</strong></span> 
     </span>
    </p>
   </div>
   <div class='ocr_carea' id='block_1_81' title="bbox 2208 2382 3899 2473">
    <p class='ocr_par' dir='ltr' id='par_1_81' title="bbox 2208 2382 3899 2473">
     <span class='ocr_line' id='line_1_81' title="bbox 2208 2382 3899 2473; baseline 0.014 -38"><span class='ocrx_word' id='word_1_602' title='bbox 2208 2382 2515 2453; x_wconf 71' lang='lat' dir='ltr'><strong>elegerunt,</strong></span> <span class='ocrx_word' id='word_1_603' title='bbox 2547 2400 2775 2456; x_wconf 87' lang='lat' dir='ltr'><strong>corpora</strong></span> <span class='ocrx_word' id='word_1_604' title='bbox 2798 2388 3013 2445; x_wconf 90' lang='lat' dir='ltr'><strong>illorum</strong></span> <span class='ocrx_word' id='word_1_605' title='bbox 3037 2393 3323 2463; x_wconf 85' lang='lat' dir='ltr'><strong>deportare</strong></span> <span class='ocrx_word' id='word_1_606' title='bbox 3344 2414 3453 2453; x_wconf 90' lang='lat' dir='ltr'><strong>non</strong></span> <span class='ocrx_word' id='word_1_607' title='bbox 3485 2402 3747 2473; x_wconf 79' lang='lat' dir='ltr'><strong>negligat.</strong></span> <span class='ocrx_word' id='word_1_608' title='bbox 3789 2428 3801 2455; x_wconf 86' lang='grc' dir='ltr'><strong>ι</strong></span> <span class='ocrx_word' id='word_1_609' title='bbox 3898 2418 3899 2459; x_wconf 53' lang='grc' dir='ltr'>ξ</span> 
     </span>
    </p>
   </div>
   <div class='ocr_carea' id='block_1_82' title="bbox 2282 2476 3899 2562">
    <p class='ocr_par' dir='ltr' id='par_1_82' title="bbox 2282 2476 3899 2562">
     <span class='ocr_line' id='line_1_82' title="bbox 2282 2476 3899 2562; baseline 0.015 -35"><span class='ocrx_word' id='word_1_610' title='bbox 2282 2477 2367 2531; x_wconf 84' lang='lat' dir='ltr'><strong>l8.</strong></span> <span class='ocrx_word' id='word_1_611' title='bbox 2391 2476 2520 2532; x_wconf 86' lang='lat' dir='ltr'><strong>Post</strong></span> <span class='ocrx_word' id='word_1_612' title='bbox 2544 2477 2641 2533; x_wconf 87' lang='lat' dir='ltr'><strong>bas</strong></span> <span class='ocrx_word' id='word_1_613' title='bbox 2669 2480 2911 2551; x_wconf 89' lang='lat' dir='ltr'><strong>aliasque</strong></span> <span class='ocrx_word' id='word_1_614' title='bbox 2938 2485 3287 2542; x_wconf 70' lang='lat' dir='ltr'><strong>multimodas</strong></span> <span class='ocrx_word' id='word_1_615' title='bbox 3330 2490 3400 2543; x_wconf 88' lang='lat' dir='ltr'><strong>ad</strong></span> <span class='ocrx_word' id='word_1_616' title='bbox 3442 2507 3530 2546; x_wconf 88' lang='lat' dir='ltr'><strong>me</strong></span> <span class='ocrx_word' id='word_1_617' title='bbox 3573 2495 3809 2562; x_wconf 72' lang='lat' dir='ltr'><strong>perlatas</strong></span> <span class='ocrx_word' id='word_1_618' title='bbox 3898 2494 3899 2499; x_wconf 52' lang='grc'><em>“</em></span> 
     </span>
    </p>
   </div>
   <div class='ocr_carea' id='block_1_83' title="bbox 2208 2565 3807 2639">
    <p class='ocr_par' dir='ltr' id='par_1_83' title="bbox 2208 2565 3807 2639">
     <span class='ocr_line' id='line_1_83' title="bbox 2208 2565 3807 2639; baseline 0.013 -21"><span class='ocrx_word' id='word_1_619' title='bbox 2208 2565 2625 2636; x_wconf 87' lang='lat' dir='ltr'><strong>admonitiones,</strong></span> <span class='ocrx_word' id='word_1_620' title='bbox 2640 2570 2817 2625; x_wconf 87' lang='lat' dir='ltr'><strong>visum</strong></span> <span class='ocrx_word' id='word_1_621' title='bbox 2837 2581 2923 2626; x_wconf 91' lang='lat' dir='ltr'><strong>est</strong></span> <span class='ocrx_word' id='word_1_622' title='bbox 2938 2574 3069 2628; x_wconf 89' lang='lat' dir='ltr'><strong>mihi</strong></span> <span class='ocrx_word' id='word_1_623' title='bbox 3091 2574 3237 2630; x_wconf 83' lang='lat' dir='ltr'><strong>illam</strong></span> <span class='ocrx_word' id='word_1_624' title='bbox 3259 2593 3540 2635; x_wconf 87' lang='lat' dir='ltr'><strong>sacrorum</strong></span> <span class='ocrx_word' id='word_1_625' title='bbox 3559 2583 3807 2639; x_wconf 87' lang='lat' dir='ltr'><strong>cinerum</strong></span> 
     </span>
    </p>
   </div>
   <div class='ocr_carea' id='block_1_84' title="bbox 2210 2658 3810 2745">
    <p class='ocr_par' dir='ltr' id='par_1_84' title="bbox 2210 2658 3810 2745">
     <span class='ocr_line' id='line_1_84' title="bbox 2210 2658 3810 2745; baseline 0.013 -35"><span class='ocrx_word' id='word_1_626' title='bbox 2210 2658 2616 2714; x_wconf 85' lang='lat' dir='ltr'><strong>translationem</strong></span> <span class='ocrx_word' id='word_1_627' title='bbox 2642 2678 2747 2716; x_wconf 91' lang='lat' dir='ltr'><strong>non</strong></span> <span class='ocrx_word' id='word_1_628' title='bbox 2774 2679 2897 2718; x_wconf 86' lang='lat' dir='ltr'><strong>esse</strong></span> <span class='ocrx_word' id='word_1_629' title='bbox 2922 2666 3128 2721; x_wconf 89' lang='lat' dir='ltr'><strong>diutius</strong></span> <span class='ocrx_word' id='word_1_630' title='bbox 3151 2668 3534 2736; x_wconf 79' lang='lat' dir='ltr'><strong>differendam;</strong></span> <span class='ocrx_word' id='word_1_631' title='bbox 3585 2689 3649 2728; x_wconf 90' lang='lat' dir='ltr'><strong>ac</strong></span> <span class='ocrx_word' id='word_1_632' title='bbox 3681 2693 3810 2745; x_wconf 80' lang='lat' dir='ltr'><strong>pm-</strong></span> 
     </span>
    </p>
   </div>
   <div class='ocr_carea' id='block_1_85' title="bbox 2209 2752 3811 2833">
    <p class='ocr_par' dir='ltr' id='par_1_85' title="bbox 2209 2752 3811 2833">
     <span class='ocr_line' id='line_1_85' title="bbox 2209 2752 3811 2833; baseline 0.009 -28"><span class='ocrx_word' id='word_1_633' title='bbox 2209 2752 2356 2817; x_wconf 88' lang='lat' dir='ltr'><strong>inde,</strong></span> <span class='ocrx_word' id='word_1_634' title='bbox 2388 2753 2523 2807; x_wconf 89' lang='lat' dir='ltr'><strong>inito</strong></span> <span class='ocrx_word' id='word_1_635' title='bbox 2550 2756 2803 2821; x_wconf 88' lang='lat' dir='ltr'><strong>concilio,</strong></span> <span class='ocrx_word' id='word_1_636' title='bbox 2828 2757 3172 2814; x_wconf 83' lang='lat' dir='ltr'><strong>decrevimus</strong></span> <span class='ocrx_word' id='word_1_637' title='bbox 3222 2770 3281 2814; x_wconf 93' lang='lat' dir='ltr'><strong>ut</strong></span> <span class='ocrx_word' id='word_1_638' title='bbox 3308 2762 3361 2815; x_wconf 91' lang='lat' dir='ltr'><strong>id</strong></span> <span class='ocrx_word' id='word_1_639' title='bbox 3381 2803 3396 2827; x_wconf 92' lang='lat'><strong>,</strong></span> <span class='ocrx_word' id='word_1_640' title='bbox 3424 2772 3629 2833; x_wconf 89' lang='lat' dir='ltr'><strong>quanto</strong></span> <span class='ocrx_word' id='word_1_641' title='bbox 3665 2768 3811 2821; x_wconf 76' lang='lat' dir='ltr'><strong>cele-</strong></span> 
     </span>
    </p>
   </div>
   <div class='ocr_carea' id='block_1_86' title="bbox 2209 2843 3811 2925">
    <p class='ocr_par' dir='ltr' id='par_1_86' title="bbox 2209 2843 3811 2925">
     <span class='ocr_line' id='line_1_86' title="bbox 2209 2843 3811 2925; baseline 0.01 -30"><span class='ocrx_word' id='word_1_642' title='bbox 2209 2843 2322 2896; x_wconf 89' lang='lat' dir='ltr'><strong>rius</strong></span> <span class='ocrx_word' id='word_1_643' title='bbox 2345 2843 2461 2897; x_wconf 88' lang='lat' dir='ltr'><strong>Iieri</strong></span> <span class='ocrx_word' id='word_1_644' title='bbox 2485 2845 2768 2913; x_wconf 87' lang='lat' dir='ltr'><strong>potuisset,</strong></span> <span class='ocrx_word' id='word_1_645' title='bbox 2794 2847 3057 2916; x_wconf 83' lang='lat' dir='ltr'><strong>perﬁcere</strong></span> <span class='ocrx_word' id='word_1_646' title='bbox 3082 2860 3438 2908; x_wconf 84' lang='lat' dir='ltr'><strong>certaremus.</strong></span> <span class='ocrx_word' id='word_1_647' title='bbox 3489 2856 3656 2925; x_wconf 74' lang='lat' dir='ltr'><strong>Igitur</strong></span> <span class='ocrx_word' id='word_1_648' title='bbox 3702 2874 3811 2912; x_wconf 87' lang='lat' dir='ltr'><strong>om-</strong></span> 
     </span>
    </p>
   </div>
   <div class='ocr_carea' id='block_1_87' title="bbox 2209 2934 3813 3004">
    <p class='ocr_par' dir='ltr' id='par_1_87' title="bbox 2209 2934 3813 3004">
     <span class='ocr_line' id='line_1_87' title="bbox 2209 2934 3813 3004; baseline 0.01 -18"><span class='ocrx_word' id='word_1_649' title='bbox 2209 2934 2387 2997; x_wconf 88' lang='lat' dir='ltr'><strong>nibus,</strong></span> <span class='ocrx_word' id='word_1_650' title='bbox 2423 2950 2543 3004; x_wconf 66' lang='lat' dir='ltr'><strong>quae</strong></span> <span class='ocrx_word' id='word_1_651' title='bbox 2569 2936 2639 2990; x_wconf 91' lang='lat' dir='ltr'><strong>ad</strong></span> <span class='ocrx_word' id='word_1_652' title='bbox 2664 2936 2806 2991; x_wconf 90' lang='lat' dir='ltr'><strong>hanc</strong></span> <span class='ocrx_word' id='word_1_653' title='bbox 2826 2939 3197 2995; x_wconf 90' lang='lat' dir='ltr'><strong>devectionem</strong></span> <span class='ocrx_word' id='word_1_654' title='bbox 3219 2945 3527 2999; x_wconf 87' lang='lat' dir='ltr'><strong>necessaria</strong></span> <span class='ocrx_word' id='word_1_655' title='bbox 3548 2946 3813 3002; x_wconf 82' lang='lat' dir='ltr'><strong>videban-</strong></span> 
     </span>
    </p>
   </div>
   <div class='ocr_carea' id='block_1_88' title="bbox 2212 3027 3811 3109">
    <p class='ocr_par' dir='ltr' id='par_1_88' title="bbox 2212 3027 3811 3109">
     <span class='ocr_line' id='line_1_88' title="bbox 2212 3027 3811 3109; baseline 0.011 -31"><span class='ocrx_word' id='word_1_656' title='bbox 2212 3033 2320 3089; x_wconf 86' lang='lat' dir='ltr'><strong>tur,</strong></span> <span class='ocrx_word' id='word_1_657' title='bbox 2352 3027 2546 3095; x_wconf 89' lang='lat' dir='ltr'><strong>raptim</strong></span> <span class='ocrx_word' id='word_1_658' title='bbox 2584 3036 2640 3082; x_wconf 91' lang='lat' dir='ltr'><strong>et</strong></span> <span class='ocrx_word' id='word_1_659' title='bbox 2665 3043 2788 3082; x_wconf 91' lang='lat' dir='ltr'><strong>cum</strong></span> <span class='ocrx_word' id='word_1_660' title='bbox 2818 3045 3030 3086; x_wconf 91' lang='lat' dir='ltr'><strong>summo</strong></span> <span class='ocrx_word' id='word_1_661' title='bbox 3060 3033 3239 3088; x_wconf 91' lang='lat' dir='ltr'><strong>studio</strong></span> <span class='ocrx_word' id='word_1_662' title='bbox 3260 3039 3602 3105; x_wconf 73' lang='lat' dir='ltr'><strong>praeparatis,</strong></span> <span class='ocrx_word' id='word_1_663' title='bbox 3629 3042 3811 3109; x_wconf 84' lang='lat' dir='ltr'><strong>prima</strong></span> 
     </span>
    </p>
   </div>
   <div class='ocr_carea' id='block_1_89' title="bbox 2211 3113 3811 3190">
    <p class='ocr_par' dir='ltr' id='par_1_89' title="bbox 2211 3113 3811 3190">
     <span class='ocr_line' id='line_1_89' title="bbox 2211 3113 3811 3190; baseline 0.011 -23"><span class='ocrx_word' id='word_1_664' title='bbox 2211 3113 2351 3179; x_wconf 90' lang='lat' dir='ltr'><strong>luce,</strong></span> <span class='ocrx_word' id='word_1_665' title='bbox 2381 3125 2511 3184; x_wconf 73' lang='lat' dir='ltr'><strong>post</strong></span> <span class='ocrx_word' id='word_1_666' title='bbox 2549 3118 2879 3188; x_wconf 88' lang='lat' dir='ltr'><strong>completum</strong></span> <span class='ocrx_word' id='word_1_667' title='bbox 2930 3122 3539 3190; x_wconf 84' lang='lat' dir='ltr'><strong>matutinumollicium,</strong></span> <span class='ocrx_word' id='word_1_668' title='bbox 3590 3144 3811 3184; x_wconf 88' lang='lat' dir='ltr'><strong>sacrum</strong></span> 
     </span>
    </p>
   </div>
   <div class='ocr_carea' id='block_1_90' title="bbox 2212 3204 3813 3288">
    <p class='ocr_par' dir='ltr' id='par_1_90' title="bbox 2212 3204 3813 3288">
     <span class='ocr_line' id='line_1_90' title="bbox 2212 3204 3813 3288; baseline 0.012 -30"><span class='ocrx_word' id='word_1_669' title='bbox 2212 3204 2362 3259; x_wconf 89' lang='lat' dir='ltr'><strong>illum</strong></span> <span class='ocrx_word' id='word_1_670' title='bbox 2385 3215 2441 3260; x_wconf 91' lang='lat' dir='ltr'><strong>et</strong></span> <span class='ocrx_word' id='word_1_671' title='bbox 2457 3207 2886 3265; x_wconf 71' lang='lat' dir='ltr'><strong>inrestimabilem</strong></span> <span class='ocrx_word' id='word_1_672' title='bbox 2916 3213 3396 3281; x_wconf 87' lang='lat' dir='ltr'><strong>thesaurum,eum</strong></span> <span class='ocrx_word' id='word_1_673' title='bbox 3429 3220 3631 3288; x_wconf 77' lang='lat' dir='ltr'><strong>ingenti</strong></span> <span class='ocrx_word' id='word_1_674' title='bbox 3661 3222 3813 3277; x_wconf 88' lang='lat' dir='ltr'><strong>luctu</strong></span> 
     </span>
    </p>
   </div>
   <div class='ocr_carea' id='block_1_91' title="bbox 2212 3299 3813 3376">
    <p class='ocr_par' dir='ltr' id='par_1_91' title="bbox 2212 3299 3813 3376">
     <span class='ocr_line' id='line_1_91' title="bbox 2212 3299 3813 3376; baseline 0.012 -28"><span class='ocrx_word' id='word_1_675' title='bbox 2212 3310 2277 3350; x_wconf 87' lang='lat' dir='ltr'><strong>ac</strong></span> <span class='ocrx_word' id='word_1_676' title='bbox 2306 3309 2545 3352; x_wconf 76' lang='lat' dir='ltr'><strong>moerere</strong></span> <span class='ocrx_word' id='word_1_677' title='bbox 2568 3299 2782 3354; x_wconf 90' lang='lat' dir='ltr'><strong>illorum</strong></span> <span class='ocrx_word' id='word_1_678' title='bbox 2808 3303 2899 3370; x_wconf 92' lang='lat' dir='ltr'><strong>qui</strong></span> <span class='ocrx_word' id='word_1_679' title='bbox 2924 3303 2977 3356; x_wconf 92' lang='lat' dir='ltr'><strong>in</strong></span> <span class='ocrx_word' id='word_1_680' title='bbox 3007 3303 3126 3359; x_wconf 89' lang='lat' dir='ltr'><strong>loco</strong></span> <span class='ocrx_word' id='word_1_681' title='bbox 3156 3315 3314 3361; x_wconf 88' lang='lat' dir='ltr'><strong>erant</strong></span> <span class='ocrx_word' id='word_1_682' title='bbox 3337 3312 3813 3376; x_wconf 84' lang='lat' dir='ltr'><strong>remansuri,sus-</strong></span> 
     </span>
    </p>
   </div>
   <div class='ocr_carea' id='block_1_92' title="bbox 2215 3384 3815 3467">
    <p class='ocr_par' dir='ltr' id='par_1_92' title="bbox 2215 3384 3815 3467">
     <span class='ocr_line' id='line_1_92' title="bbox 2215 3384 3815 3467; baseline 0.011 -30"><span class='ocrx_word' id='word_1_683' title='bbox 2215 3384 2457 3448; x_wconf 90' lang='lat' dir='ltr'><strong>tulimus,</strong></span> <span class='ocrx_word' id='word_1_684' title='bbox 2503 3395 2670 3456; x_wconf 87' lang='lat' dir='ltr'><strong>atque</strong></span> <span class='ocrx_word' id='word_1_685' title='bbox 2695 3390 2800 3443; x_wconf 89' lang='lat' dir='ltr'><strong>iter</strong></span> <span class='ocrx_word' id='word_1_686' title='bbox 2829 3392 3057 3461; x_wconf 82' lang='lat' dir='ltr'><strong>ingressi</strong></span> <span class='ocrx_word' id='word_1_687' title='bbox 3086 3403 3305 3463; x_wconf 87' lang='lat' dir='ltr'><strong>portare</strong></span> <span class='ocrx_word' id='word_1_688' title='bbox 3331 3398 3618 3467; x_wconf 73' lang='lat' dir='ltr'><strong>empimus,</strong></span> <span class='ocrx_word' id='word_1_689' title='bbox 3640 3402 3815 3455; x_wconf 81' lang='lat' dir='ltr'><strong>comi-</strong></span> 
     </span>
    </p>
   </div>
   <div class='ocr_carea' id='block_1_93' title="bbox 2213 3481 3814 3555">
    <p class='ocr_par' dir='ltr' id='par_1_93' title="bbox 2213 3481 3814 3555">
     <span class='ocr_line' id='line_1_93' title="bbox 2213 3481 3814 3555; baseline 0.014 -29"><span class='ocrx_word' id='word_1_690' title='bbox 2213 3481 2361 3528; x_wconf 79' lang='lat' dir='ltr'><strong>tante</strong></span> <span class='ocrx_word' id='word_1_691' title='bbox 2388 3490 2486 3530; x_wconf 89' lang='lat' dir='ltr'><strong>nos</strong></span> <span class='ocrx_word' id='word_1_692' title='bbox 2515 3492 2812 3548; x_wconf 87' lang='lat' dir='ltr'><strong>pauperum</strong></span> <span class='ocrx_word' id='word_1_693' title='bbox 2843 3482 2997 3535; x_wconf 88' lang='lat' dir='ltr'><strong>turba</strong></span> <span class='ocrx_word' id='word_1_694' title='bbox 3017 3523 3033 3548; x_wconf 92' lang='lat'><strong>,</strong></span> <span class='ocrx_word' id='word_1_695' title='bbox 3073 3499 3194 3552; x_wconf 72' lang='lat' dir='ltr'><strong>qua:</strong></span> <span class='ocrx_word' id='word_1_696' title='bbox 3227 3485 3319 3541; x_wconf 88' lang='lat' dir='ltr'><strong>illo</strong></span> <span class='ocrx_word' id='word_1_697' title='bbox 3352 3502 3450 3555; x_wconf 85' lang='lat' dir='ltr'><strong>per</strong></span> <span class='ocrx_word' id='word_1_698' title='bbox 3477 3503 3571 3543; x_wconf 88' lang='lat' dir='ltr'><strong>eos</strong></span> <span class='ocrx_word' id='word_1_699' title='bbox 3604 3491 3727 3546; x_wconf 84' lang='lat' dir='ltr'><strong>dies</strong></span> <span class='ocrx_word' id='word_1_700' title='bbox 3746 3494 3814 3548; x_wconf 88' lang='lat' dir='ltr'><strong>ob</strong></span> 
     </span>
    </p>
   </div>
   <div class='ocr_carea' id='block_1_94' title="bbox 2211 3565 3809 3646">
    <p class='ocr_par' dir='ltr' id='par_1_94' title="bbox 2211 3565 3809 3646">
     <span class='ocr_line' id='line_1_94' title="bbox 2211 3565 3809 3646; baseline 0.009 -26"><span class='ocrx_word' id='word_1_701' title='bbox 2211 3565 2609 3637; x_wconf 88' lang='lat' dir='ltr'><strong>eleemosynam</strong></span> <span class='ocrx_word' id='word_1_702' title='bbox 2640 3570 3005 3639; x_wconf 88' lang='lat' dir='ltr'><strong>accipiendam</strong></span> <span class='ocrx_word' id='word_1_703' title='bbox 3037 3576 3397 3646; x_wconf 87' lang='lat' dir='ltr'><strong>undecunque</strong></span> <span class='ocrx_word' id='word_1_704' title='bbox 3417 3580 3766 3637; x_wconf 84' lang='lat' dir='ltr'><strong>conﬂuxerat</strong></span> <span class='ocrx_word' id='word_1_705' title='bbox 3795 3602 3809 3635; x_wconf 92' lang='lat'>:</span> 
     </span>
    </p>
   </div>
   <div class='ocr_carea' id='block_1_95' title="bbox 2212 3654 3810 3741">
    <p class='ocr_par' dir='ltr' id='par_1_95' title="bbox 2212 3654 3810 3741">
     <span class='ocr_line' id='line_1_95' title="bbox 2212 3654 3810 3741; baseline 0.012 -35"><span class='ocrx_word' id='word_1_706' title='bbox 2212 3668 2338 3706; x_wconf 89' lang='lat' dir='ltr'><strong>nam</strong></span> <span class='ocrx_word' id='word_1_707' title='bbox 2358 3654 2503 3710; x_wconf 89' lang='lat' dir='ltr'><strong>circa</strong></span> <span class='ocrx_word' id='word_1_708' title='bbox 2532 3667 2817 3713; x_wconf 86' lang='lat' dir='ltr'><strong>manentes</strong></span> <span class='ocrx_word' id='word_1_709' title='bbox 2836 3662 3040 3730; x_wconf 85' lang='lat' dir='ltr'><strong>pepuli,</strong></span> <span class='ocrx_word' id='word_1_710' title='bbox 3065 3664 3193 3732; x_wconf 91' lang='lat' dir='ltr'><strong>quid</strong></span> <span class='ocrx_word' id='word_1_711' title='bbox 3224 3668 3365 3735; x_wconf 86' lang='lat' dir='ltr'><strong>apud</strong></span> <span class='ocrx_word' id='word_1_712' title='bbox 3399 3684 3498 3724; x_wconf 89' lang='lat' dir='ltr'><strong>nos</strong></span> <span class='ocrx_word' id='word_1_713' title='bbox 3529 3684 3810 3741; x_wconf 81' lang='lat' dir='ltr'><strong>ageretur,</strong></span> 
     </span>
    </p>
   </div>
   <div class='ocr_carea' id='block_1_96' title="bbox 2210 3743 3814 3825">
    <p class='ocr_par' dir='ltr' id='par_1_96' title="bbox 2210 3743 3814 3825">
     <span class='ocr_line' id='line_1_96' title="bbox 2210 3743 3814 3825; baseline 0.014 -30"><span class='ocrx_word' id='word_1_714' title='bbox 2210 3743 2427 3809; x_wconf 82' lang='lat' dir='ltr'><strong>penitus</strong></span> <span class='ocrx_word' id='word_1_715' title='bbox 2455 3746 2794 3813; x_wconf 79' lang='lat' dir='ltr'><strong>ignorabant.</strong></span> <span class='ocrx_word' id='word_1_716' title='bbox 2832 3749 2965 3805; x_wconf 85' lang='lat' dir='ltr'><strong>Erat</strong></span> <span class='ocrx_word' id='word_1_717' title='bbox 3001 3752 3198 3806; x_wconf 61' lang='lat' dir='ltr'><strong>caelum</strong></span> <span class='ocrx_word' id='word_1_718' title='bbox 3231 3771 3397 3825; x_wconf 81' lang='lat' dir='ltr'><strong>grave</strong></span> <span class='ocrx_word' id='word_1_719' title='bbox 3438 3758 3679 3817; x_wconf 82' lang='lat' dir='ltr'><strong>sordidis</strong></span> <span class='ocrx_word' id='word_1_720' title='bbox 3715 3780 3814 3817; x_wconf 89' lang='lat' dir='ltr'><strong>nu-</strong></span> 
     </span>
    </p>
   </div>
   <div class='ocr_carea' id='block_1_97' title="bbox 2212 3832 3811 3924">
    <p class='ocr_par' dir='ltr' id='par_1_97' title="bbox 2212 3832 3811 3924">
     <span class='ocr_line' id='line_1_97' title="bbox 2212 3832 3811 3924; baseline 0.015 -38"><span class='ocrx_word' id='word_1_721' title='bbox 2212 3832 2389 3898; x_wconf 90' lang='lat' dir='ltr'><strong>bibus,</strong></span> <span class='ocrx_word' id='word_1_722' title='bbox 2413 3841 2470 3889; x_wconf 90' lang='lat' dir='ltr'><strong>et</strong></span> <span class='ocrx_word' id='word_1_723' title='bbox 2492 3851 2613 3904; x_wconf 70' lang='lat' dir='ltr'><strong>qure</strong></span> <span class='ocrx_word' id='word_1_724' title='bbox 2636 3837 2691 3891; x_wconf 92' lang='lat' dir='ltr'><strong>in</strong></span> <span class='ocrx_word' id='word_1_725' title='bbox 2726 3837 3001 3909; x_wconf 77' lang='lat' dir='ltr'><strong>ingentem</strong></span> <span class='ocrx_word' id='word_1_726' title='bbox 3035 3842 3271 3910; x_wconf 77' lang='lat' dir='ltr'><strong>pluviam</strong></span> <span class='ocrx_word' id='word_1_727' title='bbox 3300 3846 3411 3902; x_wconf 85' lang='lat' dir='ltr'><strong>cito</strong></span> <span class='ocrx_word' id='word_1_728' title='bbox 3439 3850 3643 3906; x_wconf 83' lang='lat' dir='ltr'><strong>resolvi</strong></span> <span class='ocrx_word' id='word_1_729' title='bbox 3684 3868 3811 3924; x_wconf 84' lang='lat' dir='ltr'><strong>pns-</strong></span> 
     </span>
    </p>
   </div>
   <div class='ocr_carea' id='block_1_98' title="bbox 2212 3926 3811 4006">
    <p class='ocr_par' dir='ltr' id='par_1_98' title="bbox 2212 3926 3811 4006">
     <span class='ocr_line' id='line_1_98' title="bbox 2212 3926 3811 4006; baseline 0.014 -29"><span class='ocrx_word' id='word_1_730' title='bbox 2212 3932 2353 3990; x_wconf 88' lang='lat' dir='ltr'><strong>sent,</strong></span> <span class='ocrx_word' id='word_1_731' title='bbox 2381 3926 2485 3980; x_wconf 91' lang='lat' dir='ltr'><strong>nisi</strong></span> <span class='ocrx_word' id='word_1_732' title='bbox 2516 3926 2571 3981; x_wconf 89' lang='lat' dir='ltr'><strong>id</strong></span> <span class='ocrx_word' id='word_1_733' title='bbox 2607 3929 2788 3983; x_wconf 89' lang='lat' dir='ltr'><strong>divina</strong></span> <span class='ocrx_word' id='word_1_734' title='bbox 2819 3931 2992 3987; x_wconf 85' lang='lat' dir='ltr'><strong>virtus</strong></span> <span class='ocrx_word' id='word_1_735' title='bbox 3018 3933 3133 4006; x_wconf 79' lang='lat' dir='ltr'><strong>fieri</strong></span> <span class='ocrx_word' id='word_1_736' title='bbox 3160 3940 3475 4006; x_wconf 89' lang='lat' dir='ltr'><strong>prohiberet</strong></span> <span class='ocrx_word' id='word_1_737' title='bbox 3500 3961 3513 3996; x_wconf 90' lang='lat'>:</span> <span class='ocrx_word' id='word_1_738' title='bbox 3538 3959 3668 3998; x_wconf 87' lang='lat' dir='ltr'><strong>nam</strong></span> <span class='ocrx_word' id='word_1_739' title='bbox 3700 3956 3811 3999; x_wconf 83' lang='lat' dir='ltr'><strong>tnta</strong></span> 
     </span>
    </p>
   </div>
   <div class='ocr_carea' id='block_1_99' title="bbox 2212 4000 3815 4104">
    <p class='ocr_par' dir='ltr' id='par_1_99' title="bbox 2212 4000 3815 4104">
     <span class='ocr_line' id='line_1_99' title="bbox 2212 4000 3815 4104; baseline 0.014 -35"><span class='ocrx_word' id='word_1_740' title='bbox 2212 4024 2371 4071; x_wconf 89' lang='lat' dir='ltr'><strong>nocte</strong></span> <span class='ocrx_word' id='word_1_741' title='bbox 2412 4017 2501 4071; x_wconf 87' lang='lat' dir='ltr'><strong>illa</strong></span> <span class='ocrx_word' id='word_1_742' title='bbox 2530 4020 2584 4072; x_wconf 91' lang='lat' dir='ltr'><strong>in</strong></span> <span class='ocrx_word' id='word_1_743' title='bbox 2624 4028 2856 4088; x_wconf 89' lang='lat' dir='ltr'><strong>tantum,</strong></span> <span class='ocrx_word' id='word_1_744' title='bbox 2885 4024 3003 4079; x_wconf 89' lang='lat' dir='ltr'><strong>sine</strong></span> <span class='ocrx_word' id='word_1_745' title='bbox 3030 4000 3456 4098; x_wconf 68' lang='lat' dir='ltr'><strong>intermissione,</strong></span> <span class='ocrx_word' id='word_1_746' title='bbox 3482 4034 3729 4104; x_wconf 82' lang='lat' dir='ltr'><strong>pluebat,</strong></span> <span class='ocrx_word' id='word_1_747' title='bbox 3758 4048 3815 4091; x_wconf 90' lang='lat' dir='ltr'><strong>ut</strong></span> 
     </span>
    </p>
   </div>
   <div class='ocr_carea' id='block_1_100' title="bbox 2212 4108 3812 4189">
    <p class='ocr_par' dir='ltr' id='par_1_100' title="bbox 2212 4108 3812 4189">
     <span class='ocr_line' id='line_1_100' title="bbox 2212 4108 3812 4189; baseline 0.014 -30"><span class='ocrx_word' id='word_1_748' title='bbox 2212 4108 2367 4162; x_wconf 89' lang='lat' dir='ltr'><strong>nobis</strong></span> <span class='ocrx_word' id='word_1_749' title='bbox 2394 4110 2499 4163; x_wconf 87' lang='lat' dir='ltr'><strong>iter</strong></span> <span class='ocrx_word' id='word_1_750' title='bbox 2533 4110 2757 4166; x_wconf 77' lang='lat' dir='ltr'><strong>illud-ea</strong></span> <span class='ocrx_word' id='word_1_751' title='bbox 2781 4113 2867 4168; x_wconf 88' lang='lat' dir='ltr'><strong>die</strong></span> <span class='ocrx_word' id='word_1_752' title='bbox 2915 4116 3159 4172; x_wconf 89' lang='lat' dir='ltr'><strong>inchoari</strong></span> <span class='ocrx_word' id='word_1_753' title='bbox 3203 4136 3363 4189; x_wconf 91' lang='lat' dir='ltr'><strong>posse</strong></span> <span class='ocrx_word' id='word_1_754' title='bbox 3410 4125 3635 4180; x_wconf 88' lang='lat' dir='ltr'><strong>minime</strong></span> <span class='ocrx_word' id='word_1_755' title='bbox 3665 4130 3812 4181; x_wconf 78' lang='lat' dir='ltr'><strong>vide-</strong></span> 
     </span>
    </p>
   </div>
   <div class='ocr_carea' id='block_1_101' title="bbox 2214 4196 3812 4276">
    <p class='ocr_par' dir='ltr' id='par_1_101' title="bbox 2214 4196 3812 4276">
     <span class='ocr_line' id='line_1_101' title="bbox 2214 4196 3812 4276; baseline 0.015 -29"><span class='ocrx_word' id='word_1_756' title='bbox 2214 4204 2379 4249; x_wconf 89' lang='lat' dir='ltr'><strong>retur.</strong></span> <span class='ocrx_word' id='word_1_757' title='bbox 2406 4196 2512 4251; x_wconf 88' lang='lat' dir='ltr'><strong>Sed</strong></span> <span class='ocrx_word' id='word_1_758' title='bbox 2535 4199 2679 4253; x_wconf 87' lang='lat' dir='ltr'><strong>illam</strong></span> <span class='ocrx_word' id='word_1_759' title='bbox 2699 4211 2941 4257; x_wconf 89' lang='lat' dir='ltr'><strong>nostram</strong></span> <span class='ocrx_word' id='word_1_760' title='bbox 2962 4206 3069 4261; x_wconf 89' lang='lat' dir='ltr'><strong>dub</strong></span> <span class='ocrx_word' id='word_1_761' title='bbox 3094 4211 3377 4276; x_wconf 83' lang='lat' dir='ltr'><strong>tationem,</strong></span> <span class='ocrx_word' id='word_1_762' title='bbox 3398 4229 3464 4267; x_wconf 83' lang='lat' dir='ltr'><strong>ex</strong></span> <span class='ocrx_word' id='word_1_763' title='bbox 3492 4215 3812 4271; x_wconf 81' lang='lat' dir='ltr'><strong>infirmitate</strong></span> 
     </span>
    </p>
   </div>
   <div class='ocr_carea' id='block_1_102' title="bbox 2212 4285 3809 4366">
    <p class='ocr_par' dir='ltr' id='par_1_102' title="bbox 2212 4285 3809 4366">
     <span class='ocr_line' id='line_1_102' title="bbox 2212 4285 3809 4366; baseline 0.015 -29"><span class='ocrx_word' id='word_1_764' title='bbox 2212 4285 2335 4339; x_wconf 86' lang='lat' dir='ltr'><strong>fidei</strong></span> <span class='ocrx_word' id='word_1_765' title='bbox 2363 4287 2694 4355; x_wconf 86' lang='lat' dir='ltr'><strong>venientem,</strong></span> <span class='ocrx_word' id='word_1_766' title='bbox 2720 4306 2953 4361; x_wconf 88' lang='lat' dir='ltr'><strong>superna</strong></span> <span class='ocrx_word' id='word_1_767' title='bbox 2976 4297 3147 4365; x_wconf 76' lang='lat' dir='ltr'><strong>gratia</strong></span> <span class='ocrx_word' id='word_1_768' title='bbox 3187 4314 3286 4366; x_wconf 90' lang='lat' dir='ltr'><strong>per</strong></span> <span class='ocrx_word' id='word_1_769' title='bbox 3329 4315 3554 4357; x_wconf 91' lang='lat' dir='ltr'><strong>suorum</strong></span> <span class='ocrx_word' id='word_1_770' title='bbox 3610 4308 3809 4360; x_wconf 83' lang='lat' dir='ltr'><strong>merita</strong></span> 
     </span>
    </p>
   </div>
   <div class='ocr_carea' id='block_1_103' title="bbox 2213 4383 3811 4463">
    <p class='ocr_par' dir='ltr' id='par_1_103' title="bbox 2213 4383 3811 4463">
     <span class='ocr_line' id='line_1_103' title="bbox 2213 4383 3811 4463; baseline 0.013 -29"><span class='ocrx_word' id='word_1_771' title='bbox 2213 4390 2547 4447; x_wconf 89' lang='lat' dir='ltr'><strong>sanctorum,</strong></span> <span class='ocrx_word' id='word_1_772' title='bbox 2574 4383 2729 4456; x_wconf 75' lang='lat' dir='ltr'><strong>longe</strong></span> <span class='ocrx_word' id='word_1_773' title='bbox 2756 4388 2914 4445; x_wconf 85' lang='lat' dir='ltr'><strong>aliter</strong></span> <span class='ocrx_word' id='word_1_774' title='bbox 2936 4398 3101 4458; x_wconf 88' lang='lat' dir='ltr'><strong>atque</strong></span> <span class='ocrx_word' id='word_1_775' title='bbox 3126 4394 3576 4463; x_wconf 77' lang='lat' dir='ltr'><strong>existimavimus,</strong></span> <span class='ocrx_word' id='word_1_776' title='bbox 3603 4398 3811 4456; x_wconf 78' lang='lat' dir='ltr'><strong>habere</strong></span> 
     </span>
    </p>
   </div>
   <div class='ocr_carea' id='block_1_104' title="bbox 2214 4472 3809 4552">
    <p class='ocr_par' dir='ltr' id='par_1_104' title="bbox 2214 4472 3809 4552">
     <span class='ocr_line' id='line_1_104' title="bbox 2214 4472 3809 4552; baseline 0.011 -26"><span class='ocrx_word' id='word_1_777' title='bbox 2214 4488 2272 4527; x_wconf 90' lang='lat' dir='ltr'><strong>se</strong></span> <span class='ocrx_word' id='word_1_778' title='bbox 2319 4472 2483 4539; x_wconf 88' lang='lat' dir='ltr'><strong>fecit;</strong></span> <span class='ocrx_word' id='word_1_779' title='bbox 2527 4477 2744 4545; x_wconf 88' lang='lat' dir='ltr'><strong>quando</strong></span> <span class='ocrx_word' id='word_1_780' title='bbox 2787 4480 2951 4544; x_wconf 88' lang='lat' dir='ltr'><strong>viam,</strong></span> <span class='ocrx_word' id='word_1_781' title='bbox 2998 4495 3097 4549; x_wconf 89' lang='lat' dir='ltr'><strong>per</strong></span> <span class='ocrx_word' id='word_1_782' title='bbox 3145 4499 3307 4552; x_wconf 89' lang='lat' dir='ltr'><strong>quam</strong></span> <span class='ocrx_word' id='word_1_783' title='bbox 3371 4486 3721 4551; x_wconf 87' lang='lat' dir='ltr'><strong>incessimus,</strong></span> <span class='ocrx_word' id='word_1_784' title='bbox 3760 4493 3809 4544; x_wconf 92' lang='lat' dir='ltr'><strong>in</strong></span> 
     </span>
    </p>
   </div>
   <div class='ocr_carea' id='block_1_105' title="bbox 2215 4567 3811 4644">
    <p class='ocr_par' dir='ltr' id='par_1_105' title="bbox 2215 4567 3811 4644">
     <span class='ocr_line' id='line_1_105' title="bbox 2215 4567 3811 4644; baseline 0.01 -24"><span class='ocrx_word' id='word_1_785' title='bbox 2215 4567 2376 4621; x_wconf 80' lang='lat' dir='ltr'><strong>aliam</strong></span> <span class='ocrx_word' id='word_1_786' title='bbox 2424 4584 2587 4637; x_wconf 91' lang='lat' dir='ltr'><strong>quam</strong></span> <span class='ocrx_word' id='word_1_787' title='bbox 2626 4571 2947 4640; x_wconf 86' lang='lat' dir='ltr'><strong>sperabatur</strong></span> <span class='ocrx_word' id='word_1_788' title='bbox 2988 4574 3304 4644; x_wconf 89' lang='lat' dir='ltr'><strong>qualitatem</strong></span> <span class='ocrx_word' id='word_1_789' title='bbox 3351 4579 3585 4633; x_wconf 78' lang='lat' dir='ltr'><strong>vidimus</strong></span> <span class='ocrx_word' id='word_1_790' title='bbox 3643 4580 3811 4636; x_wconf 85' lang='lat' dir='ltr'><strong>fuisse</strong></span> 
     </span>
    </p>
   </div>
   <div class='ocr_carea' id='block_1_106' title="bbox 2216 4664 3809 4734">
    <p class='ocr_par' dir='ltr' id='par_1_106' title="bbox 2216 4664 3809 4734">
     <span class='ocr_line' id='line_1_106' title="bbox 2216 4664 3809 4734; baseline 0.008 -21"><span class='ocrx_word' id='word_1_791' title='bbox 2216 4668 2606 4715; x_wconf 83' lang='lat' dir='ltr'><strong>commutatam</strong></span> <span class='ocrx_word' id='word_1_792' title='bbox 2630 4678 2641 4714; x_wconf 91' lang='lat'>:</span> <span class='ocrx_word' id='word_1_793' title='bbox 2669 4678 2793 4715; x_wconf 88' lang='lat' dir='ltr'><strong>nam</strong></span> <span class='ocrx_word' id='word_1_794' title='bbox 2812 4672 2867 4717; x_wconf 89' lang='lat' dir='ltr'><strong>et</strong></span> <span class='ocrx_word' id='word_1_795' title='bbox 2888 4664 2985 4718; x_wconf 90' lang='lat' dir='ltr'><strong>luti</strong></span> <span class='ocrx_word' id='word_1_796' title='bbox 3008 4680 3199 4734; x_wconf 87' lang='lat' dir='ltr'><strong>parum</strong></span> <span class='ocrx_word' id='word_1_797' title='bbox 3225 4667 3549 4734; x_wconf 86' lang='lat' dir='ltr'><strong>invenimus,</strong></span> <span class='ocrx_word' id='word_1_798' title='bbox 3564 4680 3619 4723; x_wconf 86' lang='lat' dir='ltr'><strong>et</strong></span> <span class='ocrx_word' id='word_1_799' title='bbox 3640 4674 3809 4734; x_wconf 80' lang='lat' dir='ltr'><strong>rivos.</strong></span> 
     </span>
    </p>
   </div>
   <div class='ocr_carea' id='block_1_107' title="bbox 2215 4751 3806 4827">
    <p class='ocr_par' dir='ltr' id='par_1_107' title="bbox 2215 4751 3806 4827">
     <span class='ocr_line' id='line_1_107' title="bbox 2215 4751 3806 4827; baseline 0.007 -23"><span class='ocrx_word' id='word_1_800' title='bbox 2215 4752 2306 4821; x_wconf 87' lang='lat' dir='ltr'><strong>qui</strong></span> <span class='ocrx_word' id='word_1_801' title='bbox 2338 4751 2391 4805; x_wconf 89' lang='lat' dir='ltr'><strong>in</strong></span> <span class='ocrx_word' id='word_1_802' title='bbox 2419 4757 2529 4805; x_wconf 88' lang='lat' dir='ltr'><strong>tam</strong></span> <span class='ocrx_word' id='word_1_803' title='bbox 2553 4753 2741 4821; x_wconf 76' lang='lat' dir='ltr'><strong>grandi</strong></span> <span class='ocrx_word' id='word_1_804' title='bbox 2768 4769 2834 4809; x_wconf 88' lang='lat' dir='ltr'><strong>ac</strong></span> <span class='ocrx_word' id='word_1_805' title='bbox 2852 4755 2967 4825; x_wconf 83' lang='lat' dir='ltr'><strong>jugi</strong></span> <span class='ocrx_word' id='word_1_806' title='bbox 2996 4756 3193 4826; x_wconf 88' lang='lat' dir='ltr'><strong>pluvia,</strong></span> <span class='ocrx_word' id='word_1_807' title='bbox 3224 4765 3284 4811; x_wconf 91' lang='lat' dir='ltr'><strong>ut</strong></span> <span class='ocrx_word' id='word_1_808' title='bbox 3333 4772 3397 4812; x_wconf 86' lang='lat' dir='ltr'><strong>ea</strong></span> <span class='ocrx_word' id='word_1_809' title='bbox 3455 4771 3614 4816; x_wconf 87' lang='lat' dir='ltr'><strong>nocte</strong></span> <span class='ocrx_word' id='word_1_810' title='bbox 3669 4775 3806 4827; x_wconf 81' lang='lat' dir='ltr'><strong>erat,</strong></span> 
     </span>
    </p>
   </div>
   <div class='ocr_carea' id='block_1_108' title="bbox 2214 4841 3807 4921">
    <p class='ocr_par' dir='ltr' id='par_1_108' title="bbox 2214 4841 3807 4921">
     <span class='ocr_line' id='line_1_108' title="bbox 2214 4841 3807 4921; baseline 0.009 -29"><span class='ocrx_word' id='word_1_811' title='bbox 2214 4855 2461 4894; x_wconf 86' lang='lat' dir='ltr'><strong>crescere</strong></span> <span class='ocrx_word' id='word_1_812' title='bbox 2505 4841 2789 4908; x_wconf 81' lang='lat' dir='ltr'><strong>solebant,</strong></span> <span class='ocrx_word' id='word_1_813' title='bbox 2834 4860 2970 4914; x_wconf 78' lang='lat' dir='ltr'><strong>pene</strong></span> <span class='ocrx_word' id='word_1_814' title='bbox 3010 4846 3143 4900; x_wconf 84' lang='lat' dir='ltr'><strong>nihil</strong></span> <span class='ocrx_word' id='word_1_815' title='bbox 3193 4849 3434 4905; x_wconf 84' lang='lat' dir='ltr'><strong>crevisse</strong></span> <span class='ocrx_word' id='word_1_816' title='bbox 3479 4853 3807 4921; x_wconf 83' lang='lat' dir='ltr'><strong>reperimus.</strong></span> 
     </span>
    </p>
   </div>
   <div class='ocr_carea' id='block_1_109' title="bbox 2218 4928 3809 5005">
    <p class='ocr_par' dir='ltr' id='par_1_109' title="bbox 2218 4928 3809 5005">
     <span class='ocr_line' id='line_1_109' title="bbox 2218 4928 3809 5005; baseline 0.008 -22"><span class='ocrx_word' id='word_1_817' title='bbox 2218 4928 2317 4983; x_wconf 89' lang='lat' dir='ltr'><strong>Ubi</strong></span> <span class='ocrx_word' id='word_1_818' title='bbox 2361 4944 2490 4983; x_wconf 83' lang='lat' dir='ltr'><strong>vero</strong></span> <span class='ocrx_word' id='word_1_819' title='bbox 2518 4932 2583 4986; x_wconf 85' lang='lat' dir='ltr'><strong>de</strong></span> <span class='ocrx_word' id='word_1_820' title='bbox 2608 4933 2749 4986; x_wconf 89' lang='lat' dir='ltr'><strong>saltu</strong></span> <span class='ocrx_word' id='word_1_821' title='bbox 2788 4937 3327 5005; x_wconf 80' lang='lat' dir='ltr'><strong>egressi,proxitnas</strong></span> <span class='ocrx_word' id='word_1_822' title='bbox 3369 4941 3525 4996; x_wconf 87' lang='lat' dir='ltr'><strong>villas</strong></span> <span class='ocrx_word' id='word_1_823' title='bbox 3570 4944 3809 4999; x_wconf 81' lang='lat' dir='ltr'><strong>accessi-</strong></span> 
     </span>
    </p>
   </div>
   <div class='ocr_carea' id='block_1_110' title="bbox 2212 5017 3807 5087">
    <p class='ocr_par' dir='ltr' id='par_1_110' title="bbox 2212 5017 3807 5087">
     <span class='ocr_line' id='line_1_110' title="bbox 2212 5017 3807 5087; baseline 0.009 -18"><span class='ocrx_word' id='word_1_824' title='bbox 2212 5032 2350 5077; x_wconf 87' lang='lat' dir='ltr'><strong>mus,</strong></span> <span class='ocrx_word' id='word_1_825' title='bbox 2374 5017 2748 5087; x_wconf 87' lang='lat' dir='ltr'><strong>frequentibus</strong></span> <span class='ocrx_word' id='word_1_826' title='bbox 2775 5023 3057 5077; x_wconf 85' lang='lat' dir='ltr'><strong>obviorum</strong></span> <span class='ocrx_word' id='word_1_827' title='bbox 3087 5040 3150 5079; x_wconf 90' lang='lat' dir='ltr'><strong>ac</strong></span> <span class='ocrx_word' id='word_1_828' title='bbox 3175 5026 3285 5081; x_wconf 88' lang='lat' dir='ltr'><strong>Deo</strong></span> <span class='ocrx_word' id='word_1_829' title='bbox 3304 5027 3491 5084; x_wconf 89' lang='lat' dir='ltr'><strong>laudes</strong></span> <span class='ocrx_word' id='word_1_830' title='bbox 3510 5030 3807 5087; x_wconf 82' lang='lat' dir='ltr'><strong>dicentium</strong></span> 
     </span>
    </p>
   </div>
   <div class='ocr_carea' id='block_1_111' title="bbox 2214 5106 3806 5183">
    <p class='ocr_par' dir='ltr' id='par_1_111' title="bbox 2214 5106 3806 5183">
     <span class='ocr_line' id='line_1_111' title="bbox 2214 5106 3806 5183; baseline 0.011 -25"><span class='ocrx_word' id='word_1_831' title='bbox 2214 5106 2386 5161; x_wconf 88' lang='lat' dir='ltr'><strong>turbis</strong></span> <span class='ocrx_word' id='word_1_832' title='bbox 2410 5110 2710 5179; x_wconf 82' lang='lat' dir='ltr'><strong>excipimur</strong></span> <span class='ocrx_word' id='word_1_833' title='bbox 2740 5130 2751 5164; x_wconf 87' lang='lat'><strong>:</strong></span> <span class='ocrx_word' id='word_1_834' title='bbox 2779 5113 2870 5180; x_wconf 90' lang='lat' dir='ltr'><strong>qui</strong></span> <span class='ocrx_word' id='word_1_835' title='bbox 2916 5129 3015 5168; x_wconf 86' lang='lat' dir='ltr'><strong>nos</strong></span> <span class='ocrx_word' id='word_1_836' title='bbox 3062 5129 3160 5183; x_wconf 89' lang='lat' dir='ltr'><strong>per</strong></span> <span class='ocrx_word' id='word_1_837' title='bbox 3202 5128 3325 5172; x_wconf 90' lang='lat' dir='ltr'><strong>octo</strong></span> <span class='ocrx_word' id='word_1_838' title='bbox 3371 5119 3486 5174; x_wconf 89' lang='lat' dir='ltr'><strong>fere</strong></span> <span class='ocrx_word' id='word_1_839' title='bbox 3525 5121 3806 5175; x_wconf 87' lang='lat' dir='ltr'><strong>leucarum</strong></span> 
     </span>
    </p>
   </div>
   <div class='ocr_carea' id='block_1_112' title="bbox 2216 5200 3807 5268">
    <p class='ocr_par' dir='ltr' id='par_1_112' title="bbox 2216 5200 3807 5268">
     <span class='ocr_line' id='line_1_112' title="bbox 2216 5200 3807 5268; baseline 0.011 -17"><span class='ocrx_word' id='word_1_840' title='bbox 2216 5200 2451 5266; x_wconf 85' lang='lat' dir='ltr'><strong>spatium</strong></span> <span class='ocrx_word' id='word_1_841' title='bbox 2472 5203 2733 5266; x_wconf 86' lang='lat' dir='ltr'><strong>comitati,</strong></span> <span class='ocrx_word' id='word_1_842' title='bbox 2758 5205 2915 5260; x_wconf 78' lang='lat' dir='ltr'><strong>nobis</strong></span> <span class='ocrx_word' id='word_1_843' title='bbox 2943 5221 3007 5261; x_wconf 90' lang='lat' dir='ltr'><strong>ac</strong></span> <span class='ocrx_word' id='word_1_844' title='bbox 3031 5210 3232 5264; x_wconf 85' lang='lat' dir='ltr'><strong>nostris</strong></span> <span class='ocrx_word' id='word_1_845' title='bbox 3257 5218 3311 5263; x_wconf 89' lang='lat' dir='ltr'><strong>et</strong></span> <span class='ocrx_word' id='word_1_846' title='bbox 3344 5212 3397 5264; x_wconf 90' lang='lat' dir='ltr'><strong>in</strong></span> <span class='ocrx_word' id='word_1_847' title='bbox 3440 5227 3593 5267; x_wconf 84' lang='lat' dir='ltr'><strong>sacro</strong></span> <span class='ocrx_word' id='word_1_848' title='bbox 3638 5229 3807 5268; x_wconf 83' lang='lat' dir='ltr'><strong>onere</strong></span> 
     </span>
    </p>
   </div>
   <div class='ocr_carea' id='block_1_113' title="bbox 2218 5288 3808 5360">
    <p class='ocr_par' dir='ltr' id='par_1_113' title="bbox 2218 5288 3808 5360">
     <span class='ocr_line' id='line_1_113' title="bbox 2218 5288 3808 5360; baseline 0.011 -18"><span class='ocrx_word' id='word_1_849' title='bbox 2218 5288 2440 5345; x_wconf 87' lang='lat' dir='ltr'><strong>ferendo</strong></span> <span class='ocrx_word' id='word_1_850' title='bbox 2464 5291 2641 5345; x_wconf 87' lang='lat' dir='ltr'><strong>devoti</strong></span> <span class='ocrx_word' id='word_1_851' title='bbox 2664 5292 2959 5360; x_wconf 86' lang='lat' dir='ltr'><strong>adjutores,</strong></span> <span class='ocrx_word' id='word_1_852' title='bbox 2993 5306 3048 5351; x_wconf 90' lang='lat' dir='ltr'><strong>et</strong></span> <span class='ocrx_word' id='word_1_853' title='bbox 3083 5299 3137 5353; x_wconf 89' lang='lat' dir='ltr'><strong>in</strong></span> <span class='ocrx_word' id='word_1_854' title='bbox 3186 5300 3383 5355; x_wconf 87' lang='lat' dir='ltr'><strong>divinis</strong></span> <span class='ocrx_word' id='word_1_855' title='bbox 3429 5288 3683 5359; x_wconf 84' lang='lat' dir='ltr'><strong>laudibus</strong></span> <span class='ocrx_word' id='word_1_856' title='bbox 3730 5307 3808 5359; x_wconf 85' lang='lat' dir='ltr'><strong>di-</strong></span> 
     </span>
    </p>
   </div>
   <div class='ocr_carea' id='block_1_114' title="bbox 2218 5381 3221 5451">
    <p class='ocr_par' dir='ltr' id='par_1_114' title="bbox 2218 5381 3221 5451">
     <span class='ocr_line' id='line_1_114' title="bbox 2218 5381 3221 5451; baseline 0.009 -16"><span class='ocrx_word' id='word_1_857' title='bbox 2218 5381 2404 5436; x_wconf 84' lang='lat' dir='ltr'><strong>cendis</strong></span> <span class='ocrx_word' id='word_1_858' title='bbox 2434 5381 2647 5451; x_wconf 79' lang='lat' dir='ltr'><strong>impigri</strong></span> <span class='ocrx_word' id='word_1_859' title='bbox 2670 5382 2820 5439; x_wconf 89' lang='lat' dir='ltr'><strong>fuere</strong></span> <span class='ocrx_word' id='word_1_860' title='bbox 2847 5395 3221 5444; x_wconf 89' lang='lat' dir='ltr'><strong>concentores.</strong></span> 
     </span>
    </p>
   </div>
   <div class='ocr_carea' id='block_1_115' title="bbox 2289 5508 3806 5587">
    <p class='ocr_par' dir='ltr' id='par_1_115' title="bbox 2289 5508 3806 5587">
     <span class='ocr_line' id='line_1_115' title="bbox 2289 5508 3806 5587; baseline 0.009 -23"><span class='ocrx_word' id='word_1_861' title='bbox 2289 5511 2375 5565; x_wconf 86' lang='grc'><strong>19.</strong></span> <span class='ocrx_word' id='word_1_862' title='bbox 2406 5511 2477 5564; x_wconf 80' lang='lat' dir='ltr'><strong>At</strong></span> <span class='ocrx_word' id='word_1_863' title='bbox 2503 5512 2594 5566; x_wconf 89' lang='lat' dir='ltr'><strong>ubi</strong></span> <span class='ocrx_word' id='word_1_864' title='bbox 2620 5508 2872 5581; x_wconf 87' lang='lat' dir='ltr'><strong>vidimus,</strong></span> <span class='ocrx_word' id='word_1_865' title='bbox 2896 5517 3036 5587; x_wconf 92' lang='lat' dir='ltr'><strong>quod</strong></span> <span class='ocrx_word' id='word_1_866' title='bbox 3066 5534 3129 5574; x_wconf 87' lang='lat' dir='ltr'><strong>ea</strong></span> <span class='ocrx_word' id='word_1_867' title='bbox 3160 5520 3247 5575; x_wconf 90' lang='lat' dir='ltr'><strong>die</strong></span> <span class='ocrx_word' id='word_1_868' title='bbox 3278 5519 3341 5576; x_wconf 89' lang='lat' dir='ltr'><strong>ad</strong></span> <span class='ocrx_word' id='word_1_869' title='bbox 3369 5522 3546 5577; x_wconf 88' lang='lat' dir='ltr'><strong>locum</strong></span> <span class='ocrx_word' id='word_1_870' title='bbox 3566 5525 3806 5579; x_wconf 83' lang='lat' dir='ltr'><strong>destina-</strong></span> 
     </span>
    </p>
   </div>
   <div class='ocr_carea' id='block_1_116' title="bbox 2218 5603 3805 5675">
    <p class='ocr_par' dir='ltr' id='par_1_116' title="bbox 2218 5603 3805 5675">
     <span class='ocr_line' id='line_1_116' title="bbox 2218 5603 3805 5675; baseline 0.008 -21"><span class='ocrx_word' id='word_1_871' title='bbox 2218 5610 2329 5654; x_wconf 89' lang='lat' dir='ltr'><strong>tum</strong></span> <span class='ocrx_word' id='word_1_872' title='bbox 2361 5603 2646 5669; x_wconf 86' lang='lat' dir='ltr'><strong>pervenire</strong></span> <span class='ocrx_word' id='word_1_873' title='bbox 2675 5621 2779 5659; x_wconf 89' lang='lat' dir='ltr'><strong>non</strong></span> <span class='ocrx_word' id='word_1_874' title='bbox 2808 5619 3143 5675; x_wconf 88' lang='lat' dir='ltr'><strong>poteramus,</strong></span> <span class='ocrx_word' id='word_1_875' title='bbox 3178 5612 3499 5669; x_wconf 88' lang='lat' dir='ltr'><strong>divertimus</strong></span> <span class='ocrx_word' id='word_1_876' title='bbox 3530 5616 3597 5669; x_wconf 88' lang='lat' dir='ltr'><strong>ad</strong></span> <span class='ocrx_word' id='word_1_877' title='bbox 3621 5616 3805 5669; x_wconf 84' lang='lat' dir='ltr'><strong>villam</strong></span> 
     </span>
    </p>
   </div>
   <div class='ocr_carea' id='block_1_117' title="bbox 2215 5691 3807 5775">
    <p class='ocr_par' dir='ltr' id='par_1_117' title="bbox 2215 5691 3807 5775">
     <span class='ocr_line' id='line_1_117' title="bbox 2215 5691 3807 5775; baseline 0.006 -30"><span class='ocrx_word' id='word_1_878' title='bbox 2215 5706 2238 5732; x_wconf 69' lang='grc' dir='ltr'><strong>ε</strong></span> <span class='ocrx_word' id='word_1_879' title='bbox 2282 5691 2522 5746; x_wconf 83' lang='lat' dir='ltr'><strong>Ostheim</strong></span> <span class='ocrx_word' id='word_1_880' title='bbox 2578 5696 2931 5765; x_wconf 84' lang='lat' dir='ltr'><strong>appellatam,</strong></span> <span class='ocrx_word' id='word_1_881' title='bbox 2976 5714 3096 5769; x_wconf 71' lang='lat' dir='ltr'><strong>quze</strong></span> <span class='ocrx_word' id='word_1_882' title='bbox 3152 5704 3252 5757; x_wconf 71' lang='lat' dir='ltr'><strong>via:</strong></span> <span class='ocrx_word' id='word_1_883' title='bbox 3310 5714 3506 5759; x_wconf 70' lang='lat' dir='ltr'><strong>nostra:</strong></span> <span class='ocrx_word' id='word_1_884' title='bbox 3552 5710 3807 5775; x_wconf 71' lang='lat' dir='ltr'><strong>contigua</strong></span> 
     </span>
    </p>
   </div>
   <div class='ocr_carea' id='block_1_118' title="bbox 592 5783 3799 5895">
    <p class='ocr_par' dir='ltr' id='par_1_118' title="bbox 592 5783 3799 5895">
     <span class='ocr_line' id='line_1_118' title="bbox 592 5783 3799 5895; baseline 0.011 -55"><span class='ocrx_word' id='word_1_885' title='bbox 592 5795 618 5825; x_wconf 74' lang='grc' dir='ltr'><strong>ι</strong></span> <span class='ocrx_word' id='word_1_886' title='bbox 651 5783 917 5853; x_wconf 84' lang='lat' dir='ltr'><strong>Oslhcim,</strong></span> <span class='ocrx_word' id='word_1_887' title='bbox 968 5790 1185 5849; x_wconf 79' lang='lat' dir='ltr'><strong>notatur</strong></span> <span class='ocrx_word' id='word_1_888' title='bbox 1230 5794 1294 5849; x_wconf 88' lang='lat' dir='ltr'><strong>ad</strong></span> <span class='ocrx_word' id='word_1_889' title='bbox 1341 5796 1549 5849; x_wconf 69' lang='lat' dir='ltr'><strong>exitum</strong></span> <span class='ocrx_word' id='word_1_890' title='bbox 1585 5796 1729 5852; x_wconf 72' lang='lat' dir='ltr'><strong>silva:</strong></span> <span class='ocrx_word' id='word_1_891' title='bbox 1773 5798 2098 5871; x_wconf 64' lang='lat' dir='ltr'><strong>Ottoniaure,</strong></span> <span class='ocrx_word' id='word_1_892' title='bbox 2128 5807 2299 5861; x_wconf 81' lang='lat' dir='ltr'><strong>tribus</strong></span> <span class='ocrx_word' id='word_1_893' title='bbox 2330 5804 2443 5861; x_wconf 85' lang='lat' dir='ltr'><strong>fere</strong></span> <span class='ocrx_word' id='word_1_894' title='bbox 2489 5808 2656 5865; x_wconf 85' lang='lat' dir='ltr'><strong>lcucis</strong></span> <span class='ocrx_word' id='word_1_895' title='bbox 2686 5820 2977 5884; x_wconf 84' lang='lat' dir='ltr'><strong>antequam</strong></span> <span class='ocrx_word' id='word_1_896' title='bbox 3006 5819 3252 5876; x_wconf 83' lang='lat' dir='ltr'><strong>veniatur</strong></span> <span class='ocrx_word' id='word_1_897' title='bbox 3277 5822 3799 5895; x_wconf 77' lang='lat' dir='ltr'><strong>Scliugestandium.</strong></span> 
     </span>
    </p>
   </div>
  </div>
