3928 6330
212 414 324 471 510

1038 413 1219 469 lllST.
1264 411 1659 467 TRANSLAT.
1701 411 1805 465 BB.
1852 410 2274 467 MARCELLINI
2313 413 2401 468 ΕΤ
2441 410 2667 469 PETRI.

3377 416 3483 473 550

204 531 572 597 cernebatur;
602 539 656 586 et
684 532 980 587 inclinante
999 527 1111 595 jam
1152 541 1401 597 vespera,
1434 526 1487 580 in
1515 524 1798 580 basilicam
1828 525 1879 583 Α
1904 522 2021 592 ejus
2050 523 2155 579 diei
2180 533 2327 579 tanta
2354 535 2408 581 et
2428 534 2534 581 tam
2556 527 2700 582 clara
2729 528 3017 594 serenitas,
3041 535 3099 583 ut
3122 530 3290 585 :estivi
3308 533 3480 597 splen-

208 622 270 679 Β.
305 622 548 688 Martini,
576 640 695 695 qua:
718 624 773 678 in
806 623 996 678 eadem
1031 620 1156 674 villa
1196 627 1299 679 est,
1343 624 1530 673 sancta
1563 615 1649 670 illa
1680 629 1801 669 cor-

206 728 343 781 pora
371 714 652 768 intulimus
678 729 692 768 :
718 726 772 769 et
797 712 959 768 sociis
981 710 1185 765 nostris
1212 710 1279 763 ad
1315 705 1573 763 excubias
1601 704 1800 759 ducen-

205 803 311 857 das
340 801 414 856 ibi
437 801 699 868 dimissis,
728 816 827 872 ego
853 817 976 857 cum
1004 801 1213 871 paucis,
1250 798 1320 853 ad
1346 796 1527 851 locum
1555 812 1663 865 quo
1682 805 1800 851 teu-

206 897 491 960 debamus,
523 893 833 950 festinando
868 894 1123 963 praecessi
1148 909 1163 957 ξ
1208 898 1265 945 et
1291 905 1374 953 ea,
1405 902 1525 957 quae
1550 887 1618 941 ad
1649 902 1800 941 rece-

203 986 449 1053 ptionem
489 994 802 1039 sanctorum
845 997 1135 1054 corpon
1171 996 1301 1036 usus
1331 977 1661 1051 postulabat,
1701 991 1801 1044 per

184 1084 425 1129 noctem
471 1074 791 1144 praeparavi.
842 1074 922 1127 Ad
968 1072 1247 1127 basilicam
1295 1084 1444 1133 vero,
1476 1068 1529 1122 in
1582 1081 1689 1137 qua
1737 1065 1799 1119 il-

203 1162 383 1218 lorum
429 1173 834 1219 sacrosanctum
888 1164 1201 1217 thesaurum
1227 1160 1550 1222 dimisimus,
1596 1156 1798 1211 sancti-

202 1253 459 1308 monialis
494 1253 739 1322 quaedam
786 1252 1101 1322 paralytica,
1137 1250 1356 1304 nomine
1397 1248 1697 1316 Buodlang,
1732 1246 1797 1299 de

202 1344 542 1398 monasterio
572 1342 880 1406 Makesbah,
909 1341 1053 1410 quod
1071 1342 1139 1395 ab
1166 1340 1357 1395 eadem
1383 1337 1613 1393 ecclesia
1638 1336 1797 1390 unius

202 1433 377 1489 leuca:
425 1435 600 1504 spatio
650 1433 997 1502 disparatum.
1037 1440 1175 1496 erat,
1226 1431 1295 1486 ab
1342 1430 1534 1485 amicis
1582 1428 1694 1483 suis
1735 1442 1798 1482 ac

199 1524 527 1595 propinquis
576 1524 632 1578 in
677 1536 837 1578 carro
880 1522 1129 1583 adducta,
1174 1535 1298 1575 cum
1340 1518 1497 1588 juxta
1532 1517 1795 1573 feretrum

199 1623 519 1670 sanctorum
547 1615 687 1668 inter
710 1622 938 1667 ueteres
975 1611 1202 1682 vigilans
1228 1618 1392 1679 atque
1416 1623 1582 1663 orans
1603 1620 1799 1677 perno-

198 1715 401 1770 ctaret,
446 1712 664 1775 recepta
713 1702 956 1758 omnium
984 1700 1351 1756 membrorum
1393 1699 1648 1763 sanitate,
1674 1712 1797 1768 pro-

196 1797 343 1867 priis
384 1795 631 1865 pedibus,
665 1793 814 1847 nullo
855 1800 1215 1856 sustentante,
1242 1790 1326 1845 vel
1356 1790 1602 1860 quolibet
1640 1790 1799 1843 modo

198 1887 652 1953 adminiculante,
705 1884 773 1939 ad
818 1883 995 1939 locum
1044 1883 1184 1938 unde
1226 1891 1469 1949 venerat,
1501 1882 1555 1935 in
1601 1880 1794 1936 crasti-
1825 1866 1868 1923 Β

197 1994 337 2033 num
368 1991 618 2047 regressa
644 1982 747 2029 est.

273 2069 365 2123 20.
405 2069 475 2123 At
501 2083 600 2122 nos
628 2067 937 2121 albescente
972 2063 1112 2119 crelo
1144 2071 1452 2135 surgentes,
1481 2062 1644 2119 sociis
1695 2075 1795 2114 no—

195 2163 337 2217 stris
380 2161 728 2216 venientibus
758 2159 975 2214 obviam
1020 2158 1101 2212 ire
1125 2157 1505 2227 perreximus;
1535 2157 1798 2211 habentes

196 2251 487 2308 nobiscum
518 2248 861 2304 immodicam
887 2248 1188 2302 vicinorum
1216 2253 1529 2303 nostrorum
1555 2245 1798 2300 multitu-

195 2343 407 2407 dinem,
441 2342 535 2411 qui
558 2340 700 2395 fama
734 2341 999 2395 adventus
1023 2348 1334 2394 sanctorum
1367 2338 1553 2403 exciti,
1586 2331 1655 2391 ad
1692 2338 1797 2392 hoc

195 2434 381 2503 primo
418 2432 653 2487 diluculo
693 2447 792 2502 pro
835 2430 1041 2487 foribus
1078 2432 1281 2485 nostris
1323 2432 1705 2495 constiterunt,
1739 2440 1799 2483 ut

195 2538 309 2577 una
337 2523 619 2578 nobiscum
646 2524 853 2578 sanctis
877 2523 1088 2577 obviam
1111 2523 1488 2593 procederent.
1513 2523 1581 2577 Et
1602 2537 1795 2577 occur-

193 2618 375 2671 rimus
402 2615 482 2669 eis
506 2615 559 2669 in
584 2629 650 2669 eo
689 2614 831 2679 loco,
860 2614 951 2669 ubi
979 2626 1005 2655 ι
1034 2613 1327 2684 Gaspcntia
1354 2613 1603 2669 ﬂuviolus
1628 2613 1799 2669 Μίεηο

199 2705 489 2760 miscetur.
521 2705 648 2759 Inde
670 2705 876 2773 pariter
902 2704 1242 2769 incedentes,
1286 2718 1352 2758 ac
1381 2704 1590 2758 Domini
1621 2705 1797 2759 nostri

193 2792 332 2851 Jesu
361 2795 564 2850 Christi
592 2796 1021 2850 misericordiam
1049 2794 1440 2858 collaudantes,
1470 2810 1654 2849 sacras
1683 2793 1799 2848 illas

194 2886 641 2941 beatissimorum
684 2884 978 2954 Martyrum
1031 2884 1256 2939 exuvias
1297 2884 1363 2938 ad
1410 2883 1438 2923 δ
1488 2883 1797 2937 Mulinheim

195 2974 717 3045 superiorem—sic
747 2974 894 3029 enim
941 2973 1203 3029 moderno
1248 2983 1493 3044 tempore
1532 2974 1681 3028 locus
1710 2974 1801 3027 ille

196 3074 649 3120 vocatur—cum
673 3080 866 3135 magna
896 3066 1137 3119 omnium
1161 3065 1251 3134 qui
1294 3066 1365 3119 ibi
1395 3066 1585 3121 adesse
1611 3075 1803 3134 potue—

196 3161 334 3209 runt
370 3153 554 3207 laetitia
596 3161 651 3208 et
678 3153 1059 3219 exSultatione,
1095 3154 1425 3209 detulimus:
1458 3154 1552 3209 sed
1576 3170 1687 3225 praa
1718 3158 1800 3208 ni-

198 3244 311 3299 mia
343 3243 524 3313 populi
552 3243 917 3307 multitudine,
947 3258 1066 3312 qua:
1097 3244 1409 3313 praecedens
1437 3252 1631 3298 cuncta
1654 3260 1800 3298 eom-

198 3336 470 3405 pleverat,
500 3350 676 3404 neque
703 3334 989 3399 ecclesiam
1021 3336 1186 3398 adire,
1239 3350 1415 3404 neque
1459 3336 1716 3390 feretrum
1744 3336 1799 3389 in

198 3441 328 3480 eam
364 3424 567 3479 inferre
604 3425 913 3479 valuimus:
961 3424 1162 3479 idcirco
1188 3425 1243 3478 in
1274 3440 1466 3495 campo
1497 3427 1795 3496 adiacente,

200 3526 373 3585 atque
403 3516 457 3570 in
486 3515 605 3569 loco
636 3515 884 3579 editiore,
916 3514 1087 3569 altare
1108 3517 1209 3569 sub
1235 3516 1361 3569 divo
1386 3516 1663 3572 ereximus
1688 3534 1701 3578 ;
1735 3532 1799 3571 ac

201 3604 413 3660 feretro
440 3619 577 3673 pone
613 3604 785 3659 altare
810 3604 1075 3674 deposito,
1109 3604 1395 3659 missarum
1425 3606 1685 3661 solemnia
1712 3622 1796 3662 ce-

202 3694 559 3749 lcbravimus.
609 3693 816 3760 Quibus
843 3694 1094 3764 expletis,
1126 3709 1191 3749 ac
1234 3695 1575 3750 multitudine
1599 3697 1667 3750 ad
1702 3712 1798 3751 sua

202 3786 518 3850 recedente,
549 3785 605 3838 in
635 3785 919 3839 ecclesiam
948 3801 977 3839 a
1003 3786 1178 3840 beatis
1210 3784 1535 3856 Martyribus
1568 3786 1795 3855 jussam,

200 3888 396 3928 eorum
436 3873 800 3928 sacratissima
834 3888 1064 3943 corpora
1110 3874 1430 3940 intulimus;
1482 3890 1564 3941 ac,
1599 3876 1799 3930 feretro

198 3971 431 4034 propter
449 3961 620 4016 altare
646 3962 841 4027 locato,
871 3964 1067 4016 iterum
1092 3964 1313 4019 missam
1339 3965 1615 4019 celebrare
1644 3982 1798 4020 cura-

199 4054 405 4107 vimus.
438 4052 622 4122 lbique
652 4054 793 4109 inter
835 4054 1236 4119 celebrandum,
1264 4070 1398 4124 puer
1424 4057 1665 4125 quidam,
1696 4074 1796 4113 an-

199 4160 403 4200 norum
446 4146 664 4199 circiter
695 4146 1019 4215 quindecim,
1053 4147 1270 4200 nomine
1311 4147 1516 4213 Daniel,
1564 4149 1628 4203 de
1662 4165 1799 4221 pago

200 4236 490 4300 l’ortiano,
517 4237 609 4306 qui
639 4236 763 4291 illuc
804 4238 949 4291 inter
975 4237 1109 4292 alios
1153 4253 1415 4307 pauperes
1444 4241 1798 4296 mendicando

201 4336 453 4388 venerat,
484 4335 646 4395 atque
676 4326 749 4380 ita
782 4342 979 4381 curvus
1007 4335 1146 4391 erat,
1178 4336 1238 4381 ut
1266 4328 1367 4382 nisi
1392 4330 1616 4398 supinus
1637 4339 1798 4399 atque

199 4416 393 4483 iacens
412 4417 611 4471 caelum
637 4418 880 4486 aspicere
922 4419 1270 4487 nequivisset,
1312 4420 1377 4472 ad
1421 4419 1679 4475 feretrum
1707 4439 1796 4477 ac-

1905 618 2090 673 dorem
2115 620 2243 674 solis
2271 620 2616 691 adaequaret;
2659 630 2820 691 atque
2850 622 3018 691 ipsius
3040 624 3184 678 aeris
3205 632 3311 677 tam
3341 626 3490 682 mitis

1903 717 2065 778 atque
2087 709 2325 778 jucunda
2350 712 2727 780 tranquillitas,
2761 723 2821 768 ut
2840 715 2982 769 veris
3003 716 3321 785 temperiem
3343 717 3491 785 apri.

1901 801 2069 854 citate
2095 801 2287 856 blanda
2315 804 2664 871 praecederet.

1969 891 2059 945 2i.
2090 892 2360 948 Postridie
2387 908 2517 948 vero
2545 908 2699 949 sacra
2728 894 3007 949 beatorum
3039 908 3338 969 martyrum
3367 912 3491 954 cor-

1898 998 2031 1053 pora
2059 999 2199 1038 novo
2223 984 2399 1038 loculo
2434 984 2733 1049 recondita,
2766 984 2821 1038 in
2866 985 3052 1039 absida
3079 987 3317 1043 basilicae
3344 987 3489 1041 loca-

1897 1075 2113 1139 vimus;
2157 1084 2233 1139 et,
2279 1075 2418 1129 sicut
2468 1075 2521 1128 in
2569 1074 2798 1129 Francia
2842 1091 2959 1130 mos
3001 1085 3105 1143 est,
3153 1078 3489 1149 superposito

1898 1164 2075 1235 ligneo
2104 1164 2358 1229 culmine,
2386 1165 2568 1218 linteis
2594 1179 2658 1219 ac
2683 1166 2870 1221 sericis
2894 1167 3072 1235 palliis
3102 1170 3330 1223 ornandi
3364 1185 3490 1241 gra-

1901 1258 1974 1311 tia
2000 1256 2363 1319 eonteximus,
2412 1264 2746 1325 apponentes
2790 1256 3004 1321 altare;
3054 1272 3120 1311 ac
3156 1258 3264 1311 duo
3292 1258 3489 1312 vexilla

1896 1346 2177 1402 dominicae
2215 1346 2499 1415 passionis,
2533 1362 2653 1417 qua:
2681 1348 2734 1401 in
2762 1348 2849 1401 via
2892 1345 3155 1402 feretrum
3182 1348 3490 1417 praecedere

1897 1438 2158 1502 solebant,
2188 1438 2314 1493 hinc
2348 1448 2509 1508 atque
2538 1438 2660 1493 inde
2690 1439 2979 1510 erigentes,
3006 1439 3185 1494 locum
3225 1440 3378 1495 illum
3406 1440 3491 1496 di-

1896 1528 2037 1582 vinis
2084 1526 2276 1582 olliciis
2330 1527 2685 1589 celebrandis,
2740 1543 2838 1597 pro
2889 1528 3103 1583 modulo
3154 1531 3492 1599 paupertatis

1899 1630 2115 1683 nostra,
2164 1618 2416 1673 idoneum
2463 1627 2625 1687 atque
2678 1627 2862 1688 aptum
2902 1618 3081 1675 facere
3125 1621 3485 1685 curavimus;

1898 1709 2273 1779 ordinatisque
2311 1708 2527 1763 clericis
2547 1708 2597 1774 ἀ,
2629 1711 2720 1778 qui
2750 1710 2878 1764 inibi
2907 1710 3124 1764 assidue
3150 1718 3205 1765 et
3228 1712 3491 1766 excubias

1901 1798 2182 1863 ducerent,
2208 1814 2272 1853 ac
2293 1799 2489 1853 divinis
2518 1798 2764 1854 laudibus
2790 1799 3030 1854 dicendis
3055 1816 3241 1854 curam
3264 1802 3493 1857 solerter

1898 1889 2289 1959 impenderent.
2315 1890 2419 1960 Ipsi
2441 1906 2546 1944 non
2569 1890 2743 1945 solum
2768 1898 2948 1945 nostra
2971 1899 3182 1961 sponte,
3206 1892 3302 1947 sed
3324 1892 3489 1948 etiam

1897 1981 2061 2050 regali
2087 1981 2398 2051 diplomate,
2424 1981 2568 2051 quod
2594 1981 2749 2035 nobis
2792 1981 2847 2035 in
2883 1982 2969 2035 via
3000 1980 3217 2035 obviam
3246 1992 3491 2050 venerat,

1896 2072 2129 2135 evocati,
2177 2071 2407 2126 Domino
2450 2072 2553 2125 iter
2592 2079 2833 2125 nostrum
2869 2080 3240 2140 prosperante,
3280 2074 3346 2128 ad
3390 2088 3491 2144 pa-

1896 2158 2081 2213 latium
2112 2170 2136 2198 ο
2167 2174 2354 2214 sumus
2382 2175 2505 2215 cum
2534 2174 2725 2229 magna
2746 2161 3107 2215 exsultatione
3127 2164 3381 2233 regressi.

2527 2270 2757 2326 CAPUT
2795 2272 2879 2326 Ill.

1898 2378 2110 2462 Ali—qum
2134 2378 2376 2462 reliquiae
2398 2382 2566 2462 structi
2596 2380 2919 2462 Marcellini,
2944 2382 3069 2436 olim
3089 2383 3305 2462 ablatis,
3332 2388 3494 2462 impe-

1968 2458 2201 2587 ;rantur,
2234 2460 2281 2503 et
2306 2450 2376 2502 ad
2406 2449 2515 2503 alia
2546 2450 2663 2504 loca
2690 2452 3103 2520 transferuntur.
3128 2484 3198 2493 —
3228 2449 3495 2512 Miracnla

1997 2530 2136 2572 acta.
2644 2554 2651 2563 -

1967 2610 2057 2664 22.
2126 2610 2435 2667 Transaclis
2485 2611 2773 2667 admodum
2822 2614 3036 2682 paucis,
3102 2626 3385 2685 postquam
3425 2619 3493 2673 ad

1898 2701 2215 2759 comitatum
2244 2699 2263 2738 ί
2290 2716 2567 2766 veneram,
2591 2702 3248 2773 diebus,ego,secundum
3272 2722 3495 2763 censue

1899 2790 2139 2845 tudinem
2182 2790 2479 2845 aulicorum
2510 2792 2775 2846 maturius
2818 2809 3064 2863 surgens,
3110 2795 3288 2864 primo
3333 2812 3494 2855 mane

1898 2882 2156 2952 palatium
2183 2882 2335 2951 petii.
2364 2881 2442 2936 Ibi
2473 2898 2595 2936 cum
2630 2883 2923 2952 ingressus,
2970 2884 3301 2949 Hildoinum,
3332 2887 3492 2955 cujus

1900 2971 2039 3025 libro
2061 2970 2335 3039 superiore
2364 2970 2694 3024 mentionem
2738 2969 2861 3035 feci,
2891 2980 3016 3025 ante
3061 2971 3209 3026 fores
3238 2973 3371 3043 regii
3402 2990 3497 3028 cu-

1898 3061 2064 3116 biculi
2101 3061 2401 3125 sedentem,
2442 3069 2605 3130 atque
2633 3076 2908 3131 egressum
2938 3063 3198 3132 principis
3239 3066 3495 3133 operien-

1904 3152 2397 3217 tem,invenissem,
2414 3167 2480 3206 ex
2504 3168 2653 3207 more
2676 3152 2965 3207 salutatum
2991 3168 3232 3224 surgere,
3250 3167 3413 3225 atque
3424 3157 3494 3212 ad

1903 3244 2191 3311 quamdam
2206 3242 2520 3307 fenestram,
2538 3244 2603 3298 de
2614 3258 2720 3312 qua
2738 3245 2790 3297 in
2807 3243 3061 3298 inferiora
3075 3244 3258 3312 palatii
3274 3261 3495 3316 conspe-

1901 3343 2020 3388 ctus
2042 3332 2193 3405 [Ms.,
2234 3333 2574 3406 prospectus]
2596 3343 2734 3398 erat,
2764 3350 2976 3389 meeum
2998 3336 3257 3392 accedere
3285 3339 3490 3409 rogavi.

1898 3423 1980 3477 Ad
2006 3440 2167 3493 quam
2189 3426 2395 3494 pariter
2418 3426 2608 3479 stando
2633 3426 3108 3487 incumbentes.“
3139 3425 3496 3486 translatione

1899 3525 2211 3571 sanctorum
2234 3526 2556 3589 martyrum,
2577 3516 2880 3598 Marcellini
2905 3527 2962 3573 et
2993 3517 3163 3584 Petri,
3184 3535 3285 3576 nec
3310 3538 3417 3578 non
3438 3534 3496 3581 et

1899 3606 1965 3660 de
1987 3607 2272 3673 miraculo,
2286 3609 2429 3677 quod
2452 3608 2504 3661 in
2518 3607 2665 3661 ﬂuxu
2682 3608 2911 3669 cruoris.
2928 3624 3035 3678 quo
3052 3609 3287 3666 loculum
3302 3627 3491 3670 eorum

1901 3704 2107 3763 septem
2133 3697 2321 3751 diebus
2348 3699 2572 3753 sudasse
2610 3701 3050 3767 commemoravi,
3082 3711 3357 3758 ostensum
3384 3715 3490 3772 est,

1900 3786 2147 3841 mirando
2175 3788 2341 3841 multa
2372 3803 2557 3843 sumus
2595 3788 2777 3843 locuti.
2810 3789 3053 3859 Cumque
3076 3792 3143 3846 ad
3168 3791 3222 3846 id
3246 3791 3349 3847 loci
3372 3810 3499 3849 sero

1898 3877 2222 3931 mocinando
2244 3879 2599 3941 venissemus,
2626 3887 2683 3930 ut
2706 3880 2871 3931 etiam
2896 3879 2962 3931 de
2984 3880 3343 3947 vestimentis,
3370 3898 3491 3952 qua:

1899 3979 2021 4017 cum
2052 3965 2375 4034 corporibus
2403 3979 2590 4018 eorum
2623 3965 2839 4019 inventa
2867 3973 3011 4031 sunt,
3056 3968 3261 4023 mentio
3294 3969 3448 4025 ﬁeret
3473 3988 3489 4036 ;

1898 4062 2062 4122 atque
2089 4069 2189 4123 ego
2234 4054 2383 4107 mirae
2428 4053 2745 4108 subtilitatis
2774 4064 2980 4109 vestem
3008 4056 3152 4110 beati
3190 4056 3489 4115 Marcellini

1900 4142 2066 4198 fuisse
2096 4145 2330 4199 dicerem
2356 4160 2370 4208 ;
2405 4143 2514 4207 ille,
2555 4145 2702 4197 velut
2730 4146 2820 4214 qui
2851 4162 2965 4200 rem
2993 4162 3148 4215 aque
3178 4156 3235 4202 ut
3267 4164 3367 4219 ego
3394 4165 3491 4205 no-

1901 4242 2011 4287 tam
2040 4233 2283 4298 haberet,
2317 4249 2445 4288 vera
2475 4249 2561 4287 me
2586 4234 2653 4288 de
2682 4235 2920 4289 vestibus
2955 4235 3157 4291 dixisse
3188 4240 3483 4306 respondit.

1900 4323 1999 4377 Hie
2021 4338 2120 4392 ego
2144 4321 2477 4393 stupefactus
2497 4332 2659 4391 atque
2678 4322 2975 4389 admirans,
2992 4328 3299 4397 percontari
3321 4329 3484 4398 cmpi,

1899 4412 2038 4465 unde
2068 4409 2140 4463 illi
2169 4412 2283 4492 bare
2308 4411 2772 4477 vestimentorum,
2804 4427 2923 4481 qua:
2949 4428 3227 4482 nunquam
3254 4416 3483 4483 viderat,

199 4506 374 4560 cessit
402 4522 419 4569 ;
452 4520 515 4558 ac
542 4505 736 4570 subito,
770 4506 913 4559 velut
936 4508 1006 4559 ab
1031 4506 1213 4575 aliquo
1251 4508 1533 4576 impulsus,
1565 4512 1791 4565 corruit.

1906 4502 2091 4556 notitia
2143 4502 2455 4572 contingere
2506 4502 2787 4571 potuisset.
2842 4502 2913 4555 At
2960 4502 3047 4556 ille
3096 4519 3181 4558 me
3230 4505 3479 4569 intuitus,

200 4596 455 4649 Cumque
482 4595 571 4648 diu
604 4595 747 4649 velut
790 4595 1079 4651 dormienti
1114 4597 1305 4651 similis
1340 4597 1626 4666 jacuisset,
1675 4616 1796 4655 cor-

202 4685 375 4739 rectis
397 4681 651 4738 omnibus
682 4684 955 4746 membris,
990 4693 1042 4739 et
1081 4694 1298 4754 recepta
1325 4686 1579 4743 firmitate
1605 4704 1763 4744 nem

202 4788 353 4837 nitri,
388 4786 571 4827 coram
591 4775 762 4825 oculis
794 4772 998 4827 nostris
1032 4775 1272 4828 surrexit
1295 4774 1596 4831 incolumis.
1628 4778 1794 4833 Facta

202 4872 340 4917 sunt
366 4863 481 4916 haec
501 4863 711 4917 decumo
739 4872 893 4917 sexto
917 4862 1175 4919 kalendas
1203 4864 1503 4921 februarias
1531 4878 1577 4933 ε,
1606 4880 1660 4923 et
1678 4879 1795 4924 erat

276 5035 299 5060 ἰ
321 5019 674 5093 Utiqueinter
687 5018 1172 5093 Seliugenstaclium
1187 5028 1241 5093 et
1253 5018 1790 5093 Aschafl‘enburgum;

200 5089 459 5163 quantivis
486 5089 687 5163 nullum
718 5090 801 5163 ibi
829 5090 1059 5163 rivulum
1089 5091 1394 5159 exprimant
1426 5091 1616 5145 tabulae
1641 5089 1791 5163 [θρο-

204 5158 499 5229 graphicxc,
520 5228 523 5229 ν
543 5158 734 5211 nedum
765 5158 1068 5229 Gaspeiitiie
1091 5158 1305 5212 nomen.

280 5228 308 5266 δ
346 5227 680 5297 illulinheim,
720 5238 801 5282 est
825 5227 1242 5297 Sclingenslatlt.

280 5309 302 5335 ο
348 5296 515 5351 Festo
535 5298 739 5352 scilicet
761 5298 931 5352 sancti
946 5296 1184 5362 Antonii,
1199 5312 1263 5352 eo
1283 5313 1426 5352 anno
1448 5298 1551 5353 827
1567 5300 1792 5355 cadente

206 5368 259 5421 iu
288 5367 481 5420 feriam
509 5367 773 5434 quintam.
1669 5425 1677 5434 θ

275 5436 304 5474 ἀ
330 5436 509 5507 Putat
541 5434 775 5507 Mabilio,
806 5437 948 5506 quod
986 5437 1341 5507 Eginhardus,
1375 5436 1479 5492 hoc
1515 5438 1569 5492 in
1600 5453 1784 5507 opere,

206 5506 535 5559 clericorum
574 5506 789 5560 nomine
844 5506 1135 5561 monachos
1168 5507 1446 5574 intelligat,
1501 5517 1593 5561 aut
1638 5506 1791 5563 certe

208 5575 500 5629 dicendum
527 5582 625 5637 est,
652 5574 843 5645 inquit,
862 5577 1086 5630 clericos
1115 5577 1368 5645 primum,
1396 5587 1576 5643 postea
1603 5593 1790 5631 mona—

208 5644 346 5716 chos
371 5645 651 5716 institutos
669 5643 834 5716 fuisse
859 5661 922 5716 co
951 5643 1159 5701 inloco.
1200 5645 1469 5700 Posterior
1483 5648 1790 5716 conjectura

210 5715 383 5785 magis
411 5714 647 5785 genuina
687 5715 1079 5769 mihividctur:
1126 5732 1223 5769 nec
1271 5717 1431 5770 etiam
1484 5714 1593 5769 Iani
1637 5717 1789 5771 facile

210 5780 529 5839 fuit/statim
558 5785 943 5839 monasterium
968 5786 1215 5849 condere,
1246 5801 1405 5856 quam
1445 5786 1667 5842 clericos
1694 5788 1789 5842 ali-

1900 4592 2172 4661 paululum
2216 4593 2383 4655 siluit,
2427 4607 2487 4645 ac
2531 4592 2763 4646 deinde:
2795 4611 2813 4643 ι
2854 4591 3059 4657 Satius,
3113 4594 3310 4663 inquit,
3360 4611 3484 4652 esse

1898 4682 2150 4744 arbitror,
2178 4690 2238 4734 ut
2278 4696 2373 4749 per
2414 4696 2500 4734 me
2540 4696 2858 4751 cognoscas,
2903 4682 3066 4751 quod,
3117 4698 3205 4737 me
3249 4694 3479 4750 tacente,

1901 4782 2077 4825 tamen
2106 4787 2203 4840 per
2232 4772 2365 4826 alios
2388 4772 2637 4827 celeriter
2660 4788 2720 4827 es
2752 4774 3087 4843 cogniturus.
3129 4784 3183 4828 et
3209 4790 3307 4844 ego
3337 4775 3482 4830 illius

1896 4863 1973 4916 rei
2002 4864 2101 4917 sim
2130 4863 2371 4931 proditor
2395 4863 2644 4932 simplex,
2675 4878 2837 4931 quam
2861 4862 3251 4927 fortassealter
3277 4866 3320 4920 si
3348 4880 3479 4934 pro-

1895 5029 2050 5087 quot,
2090 5018 2305 5073 interim
2343 5019 2415 5073 ibi
2439 5018 2821 5087 deservituros,
2864 5018 3145 5081 ordinare;
3196 5028 3475 5075 monaste-

1897 5086 2035 5142 rium
2067 5098 2247 5142 tameu
2271 5090 2486 5158 vivente
2520 5088 2696 5141 adhuc
2719 5086 3033 5158 Eginhardo
3058 5088 3285 5158 factum,
3322 5089 3474 5143 colli-

1932 5160 1970 5211 it
2004 5158 2215 5212 Mabilio
2246 5171 2312 5210 ex
2346 5155 2463 5223 ejus
2513 5158 2672 5225 epist.
2702 5155 2877 5217 «lfubi
2909 5156 3221 5211 Werdricus
3250 5158 3470 5225 quidam

1942 5228 2180 5282 uldensis
2203 5229 2517 5291 monachus,
2556 5241 2654 5294 βπ
2690 5227 2771 5280 sui
2820 5226 3030 5280 abbatis
3057 5227 3350 5288 licentiam,
3386 5227 3471 5281 di-

1894 5297 2035 5351 citur
2102 5296 2519 5366 Selingcnstadii
2597 5303 2943 5366 conversatus
3000 5313 3029 5366 ;_
3078 5310 3198 5363 quae
3253 5296 3471 5351 licentia

1895 5367 2037 5420 haud
2090 5367 2163 5420 ita
2220 5364 2375 5420 facile
2432 5368 2556 5419 data
2593 5364 2805 5425 fuisset,
2839 5365 2884 5418 si
2923 5364 3098 5419 nullos
3136 5374 3248 5418 tum
3285 5382 3473 5419 mona-

1894 5438 2025 5490 chos
2058 5436 2207 5490 loeus
2234 5435 2533 5489 habuisset.

1969 5518 1991 5545 θ
2032 5505 2350 5575 Intelligitur
2386 5504 2859 5575 iAquisgranense,
2888 5504 2977 5557 ubi
3015 5512 3124 5557 tum
3164 5504 3471 5560 Ludovicus

1894 5575 2019 5629 Pius
2044 5572 2173 5643 Imp.
2206 5572 2491 5628 residebat.

1970 5646 1988 5684 τ
2036 5641 2157 5698 nec
2182 5644 2247 5697 ad
2286 5659 2485 5695 annum
2508 5643 2611 5696 827
2638 5650 2853 5698 neracta
2872 5641 3035 5695 fuisse
3062 5642 3269 5695 censuit
3303 5641 3470 5696 Baro-

1895 5718 2047 5778 nius,
2070 5715 2158 5781 qui
2182 5713 2367 5775 eadem
2398 5713 2598 5765 retulit.
2630 5710 2919 5765 Comitatus
2952 5720 3129 5765 autem
3161 5712 3248 5771 hic
3271 5710 3471 5765 dicitur

1894 5788 2041 5841 curia
2086 5782 2399 5853 imperialis,
2434 5792 2581 5849 tunc,
2611 5782 2830 5846 utdixi,
2871 5781 3195 5852 Aquisgrani
3222 5797 3467 5835 mancus.
