3928 6322
470 376 570 431 εει

1761 374 2016 435 ΕΟΙΝΗᾹ
2029 374 2071 428 R
2083 375 2143 430 Dl
2184 376 2359 432 ABBA
2369 378 2477 433 TIS

3646 384 3749 440 5δῖ

463 490 686 557 diderit,
710 504 819 545 non
861 488 1178 559 simpliciter
1219 486 1545 551 enuntiabit,
1587 502 1760 558 neque
1787 487 1929 541 enim
1960 504 2056 557 po—
2088 492 2134 550 Α
2165 487 2305 542 fama
2336 489 2572 558 dispersa
2601 491 2671 544 sit
2704 491 2727 543 ‘l
2755 511 2773 542 ι
2792 489 3032 559 Cumque
3058 493 3110 545 id
3141 508 3226 547 me
3271 492 3485 549 nescire
3529 507 3749 563 respon-

464 587 596 645 test,
627 581 755 649 quia
783 581 861 634 sic
908 587 1113 633 natura
1132 587 1507 648 comparatum
1538 589 1644 643 est,
1687 589 1744 632 ut
1782 580 1883 633 hoc
1912 579 2058 647 quis-

466 687 629 743 quam
662 670 930 725 veraciter
956 670 1140 725 dicere
1186 676 1443 738 nequeat,
1473 668 1627 737 cujus
1674 668 1926 724 notitiam
1951 683 2058 723 non

466 775 567 831 per
590 775 650 815 se
678 759 878 829 ipsum,
910 760 1003 813 sed
1030 759 1261 812 aliorum
1288 758 1548 812 relatione
1571 757 1735 811 fuerit
1755 764 2058 813 assecutus.

469 849 599 904 Tua:
628 856 838 904 tantum
884 848 1007 904 fidei
1057 849 1360 913 committo,
1393 848 1625 918 qualiter
1672 848 1800 904 inde
1849 864 2062 903 mecum

466 947 689 994 acturus
722 940 816 1004 sis,
843 946 1132 1008 postquam
1172 952 1295 993 meo
1325 938 1499 991 relatu
1528 952 1745 993 omnem
1787 938 1864 993 rei
1896 946 2062 1009 gesta:

465 1030 755 1085 veritatem
786 1031 1094 1100 agnoveris.
1118 1050 1137 1081 ι
1332 1018 1343 1023 “

536 1122 627 1176 ‘25.
654 1121 751 1177 Cui
774 1137 899 1177 cum
951 1137 1038 1177 me
1082 1137 1189 1176 non
1234 1120 1380 1176 aliud
1422 1131 1691 1189 acturum,
1722 1139 1882 1193 quam
1917 1122 2063 1193 quod

466 1210 611 1266 inter
641 1227 739 1266 nos
776 1212 1108 1276 conveniret,
1145 1211 1297 1267 brevi
1332 1228 1584 1269 sermone
1618 1215 2055 1283 respondissem:

470 1318 491 1353 ι
520 1300 836 1371 Presbyter,
860 1303 1056 1371 inquit,
1078 1303 1189 1369 ille,
1214 1303 1307 1373 qui
1337 1305 1404 1358 ad
1436 1304 1760 1360 deferendas
1788 1305 1930 1361 beati
1971 1305 2061 1359 Ti-

462 1392 631 1448 burtii
681 1392 938 1463 reliquias
998 1394 1223 1449 Romam
1269 1411 1391 1450 meo
1429 1395 1585 1465 jussu
1636 1397 1908 1468 profectus
1954 1407 2059 1463 est,

465 1497 590 1538 cum
620 1483 693 1546 id,
718 1493 939 1553 propter
962 1484 1105 1554 quod
1128 1485 1217 1539 ille
1246 1496 1487 1550 venerat,
1514 1487 1588 1542 ita
1618 1497 1677 1542 ut
1705 1488 2061 1558 volebatper-

464 1572 627 1629 ficere
671 1576 1025 1644 nequivisset,
1060 1574 1283 1645 jamque
1329 1578 1574 1632 notarius
1610 1586 1756 1644 tuus,
1799 1580 2056 1648 acceptis,

464 1665 532 1721 de
560 1668 756 1736 quibus
777 1668 1066 1736 loquimur,
1098 1676 1411 1723 sanctorum
1448 1679 1747 1740 martyrum
1790 1672 2058 1741 reliquiis,

464 1757 685 1812 domum
728 1757 907 1811 redire
934 1758 1227 1821 statuisset,
1263 1760 1382 1813 iniit
1408 1776 1531 1814 cum
1566 1761 1654 1814 illo
1680 1762 2060 1827 consilium,ut

2164 582 2366 646 derem,
2395 592 2506 635 tum
2539 582 2627 637 ille
2651 601 2663 636 :
2693 601 2711 633 ι
2735 583 2949 647 Dicunt,
2983 584 3177 653 inquit,
3206 586 3297 655 qui
3326 585 3391 640 de
3433 598 3625 641 sancto
3654 588 3749 643 Se-

2162 668 2408 725 bastiano
2441 671 2468 710 b
2489 673 2733 736 veniunt,
2762 674 2903 742 quod
2944 675 3227 744 presbyter
3263 675 3483 745 quidam
3513 676 3749 733 Hildoini

2163 760 2399 826 abbatis,
2431 762 2522 830 qui
2550 778 2654 816 una
2679 778 2803 818 cum
2844 766 3055 820 notario
3090 775 3181 821 tuo
3208 766 3437 822 Romam
3472 770 3750 837 prolectus

2160 862 2265 918 est,
2309 870 2430 909 cum
2486 855 2607 909 inde
2659 865 3084 923 reverterentur,
3118 867 3193 924 et,
3221 860 3273 913 in
3320 861 3552 928 quodam
3608 860 3745 925 loco,

2162 946 2436 1005 communi
2452 946 2752 1002 diversorio
2775 956 3073 1015 uterentur,
3099 950 3205 1003 tuis
3222 950 3475 1004 omnibus
3487 952 3749 1007 ebrietate

2161 1051 2227 1090 ac
2253 1051 2443 1093 somno
2470 1038 2763 1106 depressis,
2789 1048 2841 1095 et
2864 1040 2915 1093 id
2941 1042 3081 1110 quod
3105 1032 3749 1114 agebatur'penitusigno-

2163 1129 2428 1193 rantibus,
2481 1130 2702 1195 scrinia,
2741 1132 2938 1201 quibus
2977 1140 3288 1187 sanctorum
3345 1149 3573 1203 corpora
3621 1150 3751 1190 con-

2162 1219 2491 1283 tinebantur,
2527 1222 2846 1289 aperuisset,
2874 1238 3044 1292 eaque
3080 1223 3203 1277 inde
3226 1224 3556 1289 sustulisset,
3589 1233 3751 1295 atque

2162 1310 2349 1365 abiens
2374 1310 2626 1367 llildoino
2650 1313 2950 1379 detulisset,
2973 1322 3028 1368 et
3073 1314 3231 1369 modo
3271 1315 3412 1385 apud
3443 1314 3501 1370 S.
3539 1315 3751 1370 Medar-

2161 1403 2287 1457 dum
2318 1404 2537 1457 sintzin
2564 1405 2780 1460 scriniis
2804 1420 2936 1460 vero
2984 1406 3086 1459 tuis
3131 1420 3319 1474 parum
3361 1407 3617 1476 quiddam
3658 1422 3750 1461 sa-

2160 1495 2239 1549 cri
2276 1494 2511 1563 pulveris
2554 1496 2900 1561 remansisse,
2933 1496 3076 1566 quod
3117 1498 3187 1551 ad
3231 1504 3286 1551 te
3332 1512 3431 1565 per
3474 1498 3748 1552 notarium

2162 1594 2312 1639 tuum
2340 1584 2607 1654 perlatum
2635 1586 2724 1640 sit.
2757 1606 2774 1638 ι
2800 1586 3001 1641 Horum
3027 1586 3404 1653 reminiscens,
3427 1602 3602 1656 eaque
3623 1603 3745 1642 eum

2161 1675 2245 1729 bis
2266 1691 2386 1744 qua!
2417 1675 2485 1731 ab
2514 1677 2764 1731 Hildoino
2808 1677 3127 1732 dicebantur
3154 1677 3459 1741 conferens,
3491 1695 3599 1732 non
3631 1694 3748 1733 mo.

2163 1766 2281 1820 dica
2331 1767 2527 1821 mentis
2570 1767 2975 1835 perturbatione
3022 1776 3325 1822 commotus
3369 1783 3523 1835 sum;
3552 1769 3625 1824 ob
3650 1770 3750 1823 hoc

464 1848 559 1905 illo
585 1847 769 1902 Romae
798 1848 1073 1917 paululum
1113 1865 1295 1905 moras
1332 1851 1584 1917 faciente,
1628 1854 1763 1926 ipse,
1807 1870 1929 1909 cum
1960 1853 2056 1908 Ju-
2087 1836 2133 1894 B
2163 1857 2453 1925 praecipue,
2486 1857 2613 1926 quia
2660 1859 2895 1910 nondum
2936 1858 3215 1911 inventum
3263 1857 3530 1912 habebam
3573 1859 3752 1913 consi—

466 1939 661 1994 nisone
676 1950 698 1978 ο
719 1937 887 1992 fratre
913 1938 1231 2004 Deusdonzn,
1253 1949 1450 1995 etcum
1474 1942 1782 1997 hominibus
1803 1943 1940 2011 ejus,
1964 1945 2055 2013 qui

466 2032 589 2088 illos
640 2046 824 2087 sacros
866 2032 1081 2086 cineres
1118 2031 1261 2087 ferre
1294 2034 1583 2099 debebant,
1626 2034 1848 2103 Papiam
1886 2051 2058 2105 usque

469 2122 824 2192 praecederet,
851 2122 1033 2191 ibique
1067 2122 1211 2178 illius
1232 2138 1297 2178 ac
1325 2123 1633 2179 Deusdonce
1650 2126 2058 2194 praestolaretur

466 2215 781 2269 adventum.
812 2213 1021 2269 Placuit
1062 2213 1325 2269 ambobus
1359 2216 1462 2270 ista
1495 2217 1803 2283 conventio,
1846 2217 2058 2287 illisque

472 2305 660 2361 Romae
689 2306 1087 2368 substantibus,
1107 2302 1262 2375 [Ms.,
1289 2304 1735 2376 remanentibus],
1776 2306 2061 2376 presbyter

469 2413 591 2453 cum
608 2398 880 2453 Lunisonc
901 2412 964 2452 ac
990 2397 1172 2466 pueris
1203 2397 1458 2466 reliquias
1486 2396 1802 2459 ferentibus,
1835 2398 2056 2468 Papiam

464 2490 978 2563 proticiscitur.Quo
994 2505 1118 2544 cum
1135 2496 1631 2559 essetperventum,
1649 2491 1849 2547 scrinia
1870 2508 2057 2549 sacros

466 2583 678 2641 cineres
693 2583 1025 2637 continentia
1043 2582 1095 2636 in
1118 2582 1345 2636 ecclesia
1370 2590 1458 2637 tua
1473 2598 1613 2653 pone
1634 2583 1806 2638 altare
1827 2593 1953 2639 sunt
1966 2601 2057 2654 po-

465 2675 591 2737 sita,
611 2685 774 2743 atque
790 2673 857 2727 ab
879 2670 1277 2727 excubantibus
1300 2672 1354 2726 in
1376 2672 1565 2727 eadem
1587 2673 1831 2740 basilica,
1846 2673 2058 2730 clericis

465 2781 531 2821 ac
578 2766 752 2829 laicis,
795 2763 1039 2834 diligenti
1084 2763 1306 2818 solertia
1337 2764 1626 2819 custodita.
1658 2764 1903 2832 Quadam
1930 2782 2058 2821 vero

466 2864 645 2920 nocte,
679 2869 803 2909 cum
833 2863 889 2909 et
912 2855 1025 2923 ipse
1052 2853 1195 2907 inter
1215 2862 1443 2909 czcteros
1468 2855 1537 2909 ad
1558 2855 1776 2910 easdem
1800 2856 2058 2911 excubias

467 2948 521 3002 in
554 2945 792 3000 ecclesia
831 2944 1101 3015 vigilaret,
1136 2945 1380 3015 contigit,
1427 2953 1487 2999 ut
1526 2945 1640 3014 ipse
1666 2946 1881 3011 asserit,
1911 2947 2057 3002 circa

467 3037 700 3092 mediam
730 3035 842 3091 fere
863 3043 1097 3101 noctem,
1124 3043 1200 3100 ut,
1220 3035 1521 3104 obripiente
1547 3036 1803 3106 paulatim
1841 3052 2056 3103 somno,

466 3128 703 3183 universi
729 3128 821 3197 qui
852 3127 993 3181 intra
1022 3128 1208 3182 eadem
1244 3127 1525 3182 basilicam
1576 3128 1833 3199 vigilandi
1883 3130 2054 3202 gratia

466 3227 859 3282 convenerant,
902 3226 1101 3288 praeter
1148 3233 1207 3273 se
1247 3218 1443 3282 solum,
1491 3218 1881 3275 obdormirent.
1915 3221 2052 3277 Tum

466 3308 568 3365 sibi
596 3310 649 3363 in
694 3318 931 3363 mentem
972 3309 1206 3373 venisse,
1253 3309 1534 3377 visumque
1579 3307 1743 3364 fuisse
1783 3326 1894 3369 non
1938 3311 2056 3367 sine

469 3412 661 3469 magna
687 3400 921 3469 quadam
950 3415 1114 3455 causa
1145 3398 1347 3454 factum
1381 3408 1441 3453 ut
1466 3408 1545 3453 tot
1589 3400 1898 3455 hominibus
1944 3409 2054 3455 tam

468 3490 783 3545 subitaneus
826 3505 991 3560 sopor
1040 3491 1671 3561 obrepserit:ratusque
1727 3492 1829 3547 sibi
1877 3493 2057 3549 oblata

468 3581 752 3637 occasione
778 3582 1059 3648 utendum,
1086 3585 1341 3645 surrexit,
1372 3591 1535 3652 atque
1579 3597 1810 3638 accenso
1832 3584 2055 3649 lumine.

469 3672 538 3728 ad
569 3672 767 3727 scrinia
798 3672 1024 3726 silenter
1053 3675 1301 3727 accessit.
1334 3674 1471 3727 Tum
1500 3672 1605 3726 filis
1636 3673 1932 3742 sigillorum
1965 3675 2060 3730 ad-

430 3792 449 3811 .
470 3770 613 3817 mota
638 3762 778 3815 cerei
810 3759 1027 3816 ﬂamma
1054 3763 1332 3828 crematis,
1359 3762 1561 3818 scrinia
1584 3762 1701 3816 sine
1735 3763 1886 3818 clave
1917 3765 2059 3819 cele-

470 3854 603 3907 riter
631 3853 874 3921 apcruit;
899 3868 963 3907 ac
985 3853 1052 3907 de
1076 3860 1305 3922 utroque
1330 3868 1555 3923 corpore
1593 3852 1914 3921 portionem,
1941 3867 2061 3923 quae

469 3945 517 3999 ei
540 3943 841 4019 videbatur,
874 3943 1166 4011 accipiens,
1192 3943 1386 4013 sigilla,
1417 3952 1475 3997 ut
1495 3951 1650 3998 erant
1688 3943 1920 4013 integra,
1944 3934 2060 3999 filo-

472 4049 589 4089 rum
629 4042 994 4088 crematorum
1038 4033 1439 4088 summitatibus
1489 4035 1759 4098 annectit;
1808 4033 2060 4102 nulloque

472 4126 523 4178 id
557 4123 756 4179 factum
810 4125 1097 4189 sentiente,
1149 4126 1203 4179 in
1251 4125 1371 4179 loco
1401 4141 1499 4180 suo
1542 4126 1759 4180 resedit.
1788 4125 1916 4180 Post
1946 4127 2060 4180 haec

470 4213 713 4269 sublatas
741 4214 837 4267 tali
866 4213 1011 4268 furto
1041 4223 1353 4269 sanctorum
1394 4215 1669 4284 reliquias,
1696 4229 1818 4269 cum
1862 4214 1929 4268 ad
1974 4230 2061 4268 me

473 4304 661 4358 fuisset
688 4317 958 4367 reversus,
981 4303 1510 4373 detulitzprimoque
1562 4303 1681 4358 illas
1733 4318 1839 4357 non
1887 4305 2059 4358 sancti

474 4394 768 4449 Marcellini
798 4393 881 4447 vel
903 4393 1072 4459 Petri,
1106 4393 1199 4447 sed
1227 4394 1397 4449 sancti
1427 4378 1653 4448 Tiburtii
1692 4410 1811 4449 esse
1841 4409 2058 4449 asseve-

475 4486 631 4539 ravit.
682 4482 887 4538 Deinde
931 4498 1055 4537 cum
1106 4484 1290 4538 nescio
1335 4483 1462 4551 quid
1506 4494 1805 4550 vereretur,
1847 4493 2057 4540 secrete
2083 4521 2134 4579 Ι)

474 4592 687 4632 mecum
713 4576 938 4639 locutus,
968 4591 1196 4644 quorum
1229 4585 1539 4629 sanctorum
1564 4585 1745 4630 essent
1793 4576 2054 4645 reliquiae,

473 4681 688 4736 quoque
714 4665 874 4720 modo
898 4681 993 4721 eas
1020 4665 1210 4720 fuisset
1255 4667 1500 4735 adeptus,
1528 4674 1778 4735 patenter
1826 4668 2055 4737 aperuit.

476 4750 747 4812 Habemus
800 4757 920 4811 illas
970 4757 1109 4825 apud
1155 4756 1213 4811 S.
1256 4757 1567 4811 liledardum
1608 4759 1661 4812 in
1713 4758 1830 4814 loco
1860 4760 2061 4815 celebri

477 4848 772 4903 honorifice
799 4847 1112 4912 collocatas,
1135 4847 1225 4902 ubi
1255 4849 1322 4903 ab
1351 4849 1497 4902 omni
1540 4849 1736 4918 populo
1781 4864 1902 4903 cum
1945 4864 2063 4903 ma-

476 4952 580 5007 gna
608 4936 953 4991 veneratione
978 4936 1265 5002 coluntur;
1298 4936 1390 4991 sed
1421 4945 1601 4991 utrum
1630 4952 1723 4991 eas
1762 4938 1917 4994 nobis
1966 4939 2063 4994 lia-

479 5029 605 5081 bere
634 5025 813 5088 liceat,
846 5026 898 5078 in
927 5033 1021 5079 tuo
1053 5035 1236 5079 manet
1260 5027 1507 5080 arbitrio.
1540 5045 1558 5078 ι

552 5117 647 5169 '24.
669 5117 762 5169 His
793 5115 1015 5180 auditis,
1044 5115 1362 5169 recordatus
1400 5131 1518 5170 sum
1569 5117 1697 5186 quid
1746 5119 1798 5171 in
1846 5118 2059 5182 itinere,

480 5224 587 5277 quo
630 5209 873 5277 proxime
922 5208 990 5261 ad
1044 5206 1303 5276 palatium
1345 5207 1745 5275 proficiscebar,
1771 5225 1800 5262 a
1832 5208 2062 5278 quodam

484 5298 691 5365 hospite
721 5311 841 5350 meo
862 5297 1147 5350 audierim.
1175 5296 1277 5362 Qui
1303 5297 1443 5350 inter
1464 5305 1683 5361 etctera,
1707 5315 1826 5369 qua}
1853 5314 2061 5353 mecum

482 5389 842 5456 loquebatur:
876 5385 1158 5454 «Nunquid
1205 5388 1368 5452 nosti,
1411 5388 1508 5452 ait,
1550 5389 1726 5457 qualis
1770 5390 1835 5443 de
1864 5391 2067 5443 sanctis

484 5479 834 5551 martyribus,
860 5477 1171 5533 Marcellino
1198 5486 1251 5533 et
1278 5477 1459 5542 Petro,
1486 5494 1580 5548 per
1608 5478 1747 5532 hanc
1789 5479 2065 5547 regionem

558 5660 582 5689 ⁸
624 5648 723 5703 liic
744 5646 858 5715 iam
884 5657 1078 5718 quater
1106 5647 1302 5702 Jum'zo
1334 5647 1615 5711 scribitur,
1637 5662 1807 5716 usque
1828 5649 1893 5702 ad
1916 5663 2065 5701 num.

488 5717 606 5781 25.,
629 5719 719 5771 ubi
739 5717 933 5772 iterum
957 5720 1187 5774 recurrit
1209 5718 1431 5770 Lum'zo.

564 5788 589 5826 λ»
630 5787 850 5845 Scilicet
879 5806 945 5844 ex
987 5788 1317 5844 monasterio
1346 5796 1402 5843 et
1442 5787 1671 5842 ecclesia
1712 5786 1768 5840 S.
1809 5786 2070 5854 Mcdardi,

2162 1945 2291 1999 lium
2330 1961 2439 2014 quo
2473 1945 2616 1999 illam
2656 1946 3045 2001 exsecrabilem
3085 1954 3248 2016 atque
3300 1947 3501 2001 astutia
3550 1947 3749 2002 diaboli

2159 2037 2359 2105 ubique
2381 2036 2706 2106 divulgatam
2734 2035 2930 2090 famam
2959 2036 3302 2105 exSIinguere
3328 2053 3390 2091 ac
3411 2036 3479 2090 de
3498 2037 3751 2091 cordibus

2159 2127 2397 2196 deceptze
2443 2126 2801 2179 multitudinis
2838 2124 3106 2195 depellere
3154 2126 3469 2195 potuissem.
3507 2126 3639 2179 illud
3670 2135 3750 2180 ta-

2160 2232 2282 2271 men
2313 2217 2575 2285 optimum
2614 2216 2850 2285 judicavi
2897 2226 2957 2270 ut
3005 2216 3313 2271 Ilildoinum
3366 2232 3616 2287 rogarem
3664 2219 3750 2272 id-

2158 2308 2333 2377 ipsum
2364 2308 2495 2361 mihi
2527 2307 2769 2371 reddere,
2787 2306 2930 2375 quod
2960 2307 3025 2362 de
3053 2308 3189 2362 meis
3218 2308 3433 2362 scriniis
3453 2308 3749 2373 sublatum,

2158 2407 2212 2451 ct
2234 2398 2298 2451 ad
2330 2414 2389 2452 se
2416 2398 2651 2451 delatum
2692 2410 2854 2466 atque
2901 2413 2929 2451 a
2978 2413 3037 2453 se
3082 2409 3382 2469 receptum,
3430 2410 3556 2469 post
3603 2401 3749 2454 illam

2158 2496 2509 2555 spontaneam
2540 2486 2953 2552 confessionem,
2978 2502 3174 2555 negare
3202 2504 3305 2542 non
3336 2497 3569 2558 petcrat.
3591 2490 3747 2556 Quod

2158 2579 2323 2631 etiam
2354 2586 2555 2646 quanta
2590 2578 2738 2646 potui
2770 2577 3025 2632 instantia
3066 2578 3247 2634 facere
3278 2581 3496 2644 curavi;
3524 2591 3579 2635 et
3622 2582 3752 2637 licet

2157 2668 2247 2723 ille
2288 2668 2448 2738 paulo
2497 2668 2683 2722 durior
2709 2683 2772 2721 ac
2801 2666 3084 2731 dilIicilior,
3118 2682 3281 2737 quam
3312 2678 3652 2738 Optaveram,
3697 2673 3749 2725 in

2159 2758 2472 2813 assensione
2504 2756 2712 2820 fuisset,
2742 2758 2916 2812 victus
2952 2766 3131 2812 tamen
3174 2766 3258 2812 est
3304 2759 3590 2814 sedulitate
3629 2776 3751 2829 pre-

2158 2862 2280 2902 cum
2344 2862 2605 2915 mearum,
2658 2847 2931 2915 cessitque
2976 2848 3305 2917 improbitati
3354 2865 3507 2914 meae,
3558 2852 3653 2919 qui
3692 2866 3750 2905 se

2159 2938 2318 3008 paulo
2345 2945 2470 2991 ante
2494 2937 2692 2991 nullius
2713 2936 2967 3006 jussioni,
2990 2937 3045 2991 in
3086 2937 3186 2992 bac
3219 2938 3523 3007 praesertim
3562 2955 3748 3003 causa,

2160 3040 2440 3081 cessurum
2471 3026 2936 3095 pronuntiaverat.

2234 3118 2322 3172 ΞΒ.
2348 3118 2559 3173 interea
2581 3118 2764 3173 missis
2784 3119 2851 3173 ad
2875 3117 3173 3173 Ratleicum
3190 3128 3247 3175 et
3269 3119 3752 3177 Lunisonemlitte-

2160 3210 2482 3265 ris—erant
2507 3209 2651 3264 enim
2693 3210 2745 3262 in
2775 3223 2841 3263 eo
2877 3207 3014 3272 loco,
3051 3210 3140 3264 ubi
3188 3209 3481 3279 Martyrum
3518 3226 3749 3281 corpora

2158 3298 2685 3368 collocavi—qualis
2713 3313 2809 3368 per
2831 3307 2995 3353 totam
3031 3313 3167 3367 pene
3201 3297 3428 3353 Galliam
3458 3299 3525 3353 de
3558 3300 3749 3355 iisdem

2158 3390 2359 3445 sanctis
2394 3388 2722 3460 martyribus
2760 3388 2903 3442 fama
2936 3397 3098 3452 esset,
3131 3388 3210 3443 eis
3245 3388 3483 3442 indicare
3518 3387 3705 3444 curavi
3734 3406 3748 3442 :

2158 3480 2646 3536 commonefacirns
2679 3494 2772 3533 eos
2798 3488 2852 3532 ut
2892 3479 3190 3549 cegitareut
3216 3478 3260 3532 si
3288 3477 3491 3546 aliquid
3523 3478 3632 3531 tale
3666 3477 3752 3533 vel

2158 3571 2335 3627 simile
2352 3571 2457 3635 bis,
2483 3586 2602 3640 qua:
2626 3570 2906 3624 Hilloinus
2934 3574 2997 3623 de
3015 3568 3157 3623 facto
3169 3568 3468 3639 presbyteri
3496 3569 3577 3621 sui
3597 3584 3751 3623 assc-

2160 3665 2334 3727 rebat,
2364 3663 2417 3716 in
2446 3662 2531 3715 via
2558 3676 2744 3716 eorum
2790 3659 2990 3713 factum
3032 3659 3316 3712 advertere
3352 3658 3434 3712 vel
3470 3658 3749 3712 reminisci

2158 3756 2479 3824 potuissent.
2505 3754 2606 3819 Qui
2637 3753 2817 3805 statim
2849 3751 2915 3804 ad
2945 3765 3029 3803 me
3055 3750 3109 3803 in
3154 3749 3411 3819 palatium
3445 3749 3749 3812 venientes,

2157 3844 2313 3898 valde
2339 3843 2609 3913 disparem
2640 3841 2743 3905 bis,
2768 3856 2889 3909 qme
2932 3838 3211 3894 llildoinus
3241 3839 3473 3903 dicebat,
3506 3837 3749 3891 fabulam

2160 3932 2481 3988 detulerunt.
2509 3930 2640 3984 Nam
2669 3930 2723 3983 in
2753 3929 2940 3998 primis
2968 3930 3172 3991 omnia,
3205 3943 3325 3997 quae
3349 3929 3633 3999 presbyter
3660 3929 3751 3983 ille

2161 4022 2412 4077 ilildoino
2443 4021 2721 4083 retulerat,
2746 4020 2877 4074 falsa
2910 4035 3025 4074 esse
3057 4020 3233 4073 testati
3270 4029 3423 4083 sunt;
3448 4034 3623 4087 neque
3670 4020 3749 4072 ul-

2094 4128 2097 4131 '
2160 4110 2267 4164 lam
2298 4121 2482 4178 postea
2508 4124 2670 4179 quam
2698 4109 2865 4162 llotua
2891 4111 3160 4173 exierunt,
3192 4110 3272 4163 vel
3312 4110 3387 4162 illi
3427 4112 3750 4179 presbytero

2160 4201 2245 4256 vel
2265 4202 2485 4255 cuilibet
2509 4201 2662 4254 alteri
2685 4200 2864 4254 datam
2888 4199 3052 4254 fuisse
3072 4201 3437 4264 occasionem,
3460 4217 3556 4271 per
3574 4216 3743 4270 quam

2163 4294 2230 4347 ad
2274 4291 2537 4361 ejusmodi
2579 4290 2787 4344 facinus
2826 4290 3245 4360 perpetrandum
3291 4292 3492 4345 aditum
3542 4292 3751 4347 habere

2161 4385 2443 4456 potuisset.
2475 4383 2579 4437 Sed
2610 4383 2712 4436 boc
2756 4382 2929 4451 ipsum
2970 4383 3112 4451 quod
3138 4382 3204 4435 de
3244 4383 3415 4437 sacris
3449 4382 3749 4451 Martyrum

2162 4476 2437 4532 cineribus
2459 4475 2613 4529 aliter
2653 4482 2815 4542 atque
2857 4474 3114 4528 debuerat
3153 4474 3415 4528 accidisse
3435 4474 3745 4533 constabat.

2164 4568 2366 4631 Romae,
2393 4567 2447 4620 in
2471 4567 2631 4620 domo
2662 4564 2976 4626 Deusdonaa,
3002 4579 3100 4631 per
3138 4564 3422 4617 avaritiam
3458 4564 3749 4618 Lunisonis

2162 4666 2217 4712 et
2239 4657 2507 4710 vafritiam
2542 4654 2823 4709 memorati
2849 4654 3148 4723 presbyteri
3175 4654 3485 4724 contigisse,
3513 4670 3576 4707 eo
3596 4656 3749 4709 vide-

2164 4748 2290 4802 licet
2318 4757 2555 4815 tcmporc
2582 4762 2687 4815 quo
2711 4761 2904 4815 corpus
2946 4745 3087 4799 beati
3123 4744 3437 4810 Marcellini,
3464 4745 3529 4798 de
3564 4747 3749 4801 tumba

2169 4854 2265 4895 sua
2302 4838 2592 4901 sublatum,
2624 4837 2675 4890 in
2718 4837 2875 4890 domo
2914 4835 3210 4890 Deusdonae
3260 4837 3595 4899 servabatur,
3633 4852 3751 4891 rno—

2166 4931 2399 4998 dumque
2424 4927 2547 4982 facti
2573 4927 2731 4980 talem
2778 4926 2945 4980 fuisse
2988 4926 3262 4980 dixerunt.
3292 4925 3622 4980 Memoratus
3660 4929 3750 4982 ille

2167 5019 2401 5073 Hildoini
2425 5019 2722 5088 presbyter,
2748 5030 2862 5084 spe,
2888 5030 3049 5084 quam
3076 5016 3141 5069 de
3163 5015 3334 5069 sancti
3369 5015 3597 5070 Tiburtii
3630 5033 3751 5072 cor-

2168 5126 2297 5181 pore
2325 5108 2668 5178 adipisccndo
2704 5115 3045 5175 conceperat,
3080 5104 3395 5171 frustratus,
3430 5120 3497 5160 ne
3531 5110 3753 5161 omnino

2168 5215 2371 5254 vacuus
2414 5200 2480 5253 ad
2528 5198 2801 5251 dominum
2845 5210 3000 5249 suum
3044 5203 3432 5259 reverteretur,
3477 5197 3617 5263 quod
3649 5198 3752 5250 tide

2168 5306 2276 5344 non
2304 5297 2532 5358 poterat,
2559 5285 2743 5339 fraude
2783 5286 2997 5354 assequi
3026 5270 3242 5339 molitus
3271 5292 3374 5339 est.
3416 5284 3550 5339 Nam
3588 5286 3752 5339 ιιυηὶ-

2168 5396 2352 5436 soncm
2376 5394 2682 5450 aggressus,
2708 5378 2831 5447 quia
2856 5392 3143 5447 pauperem
3168 5391 3231 5431 ac
3256 5376 3485 5446 proinde
3498 5377 3751 5447 cupidum

2166 5485 2285 5525 esse
2320 5476 2662 5538 cognoverat,
2683 5468 2878 5522 oblatis
2917 5468 2968 5521 ei
3007 5474 3239 5536 quatuor
3275 5467 3456 5522 aureis
3494 5468 3751 5529 nummis.

2172 5645 2262 5699 ubi
2284 5644 2522 5713 reliquite
2538 5644 2711 5698 sancti
2744 5642 3049 5698 Sebastiani
3082 5642 3294 5699 collatae
3320 5652 3476 5699 erant
3500 5661 3512 5695 :
3538 5643 3609 5713 ita
3630 5658 3757 5698 rur-

2173 5711 2487 5841 iumjnfi'a,
2515 5730 2663 5768 num.
2684 5715 2773 5778 87,
2796 5714 3015 5782 quidam
3042 5715 3234 5772 ductus
3255 5715 3453 5770 dicitur
3478 5713 3544 5769 ad
3568 5711 3713 5777 ἃδε
3734 5743 3754 5755 ο

2212 5796 2507 5841 asttanum.
