3928 6340
152 364 277 422 ⁷553

1015 367 1193 424 HlST.
1237 369 1624 427 TRANSLAT.
1668 371 1771 426 BB.
1812 368 2227 428 MARCELLINI
2267 369 2357 428 ET
2395 368 2619 429 PETRI.

3319 371 3425 429 555

170 442 460 549 quinisque
484 475 695 545 argenti
724 476 930 553 solidis,
957 478 1023 532 ad
1051 479 1409 547 proditionem
1448 479 1748 535 faciendam
1778 493 1829 552 Α
1854 480 1921 535 ad
1949 480 2243 536 oratorium
2288 488 2530 537 nostrum
2565 494 2663 536 nos
2708 478 2903 535 fecisse
2942 478 3077 545 dixi,
3103 477 3232 548 quid
3266 482 3430 537 mira-

171 566 365 622 illexit.
413 564 698 636 Accipiens
734 568 877 622 enim
928 568 1167 623 oblatam
1214 572 1517 640 pecuniam,
1546 586 1753 637 arcam,

170 659 229 713 in
260 673 368 728 qua
395 673 592 728 corpus
616 660 760 715 beati
782 659 1074 714 Marcellini
1116 669 1237 715 erat
1272 677 1301 715 a
1338 662 1627 718 Deusdona
1663 663 1756 717 de-

169 751 406 812 positum
427 760 587 820 atque
609 750 893 815 inclusum,
932 752 1165 819 aperuit,
1209 760 1265 807 et
1308 753 1384 807 illi
1426 754 1756 823 nequissimo

171 839 429 893 nebuloni
471 838 748 894 auferendi
769 854 835 893 ex
857 853 919 894 ea
969 842 1111 910 quod
1162 841 1342 908 vellet,
1383 843 1595 911 qualem
1642 843 1757 913 ipse

169 939 474 1000 Optaverat,
494 938 813 1000 potestatem
840 929 983 985 fecit.
1007 931 1118 988 Nec
1141 933 1230 989 ille
1251 933 1306 989 in
1330 950 1392 991 ea
1417 937 1605 1005 rapina
1629 949 1753 1005 par-

170 1037 271 1077 cus
301 1022 570 1076 mitznam
598 1030 807 1076 tantum
835 1022 900 1078 de
922 1024 1093 1079 sacris
1127 1024 1270 1080 beati
1290 1024 1541 1098 Martyris
1566 1026 1758 1081 cineri-

168 1114 277 1169 bus
292 1114 530 1180 sustulit,
552 1123 812 1185 quantum
833 1130 929 1170 vas
949 1116 1175 1171 sextarii
1200 1132 1506 1172 mensuram
1530 1117 1756 1185 habens,

171 1220 372 1276 capere
391 1219 552 1274 posse
576 1205 879 1261 videbatur.
924 1205 1039 1261 Hoc
1073 1221 1138 1262 eo
1176 1207 1337 1263 modo
1375 1206 1574 1262 factum
1616 1217 1755 1272 esse,

170 1297 291 1367 ipse
312 1298 403 1368 qui
428 1297 483 1352 id
505 1310 628 1352 cum
654 1305 956 1352 memorato
974 1298 1292 1370 presbytero
1318 1299 1658 1355 machinatus
1678 1308 1763 1355 est

171 1387 398 1453 Lunise,
430 1387 654 1458 pedibus
683 1388 819 1443 meis
840 1388 1179 1458 provolutus,
1202 1386 1381 1444 ﬂendo
1405 1396 1637 1445 testatus
1655 1396 1756 1445 est.

244 1476 334 1531 26.
378 1478 516 1531 Tum
544 1493 664 1548 ego,
704 1476 786 1531 rei
831 1478 1061 1533 veritate
1113 1487 1419 1549 comperta,
1461 1479 1761 1537 Ratieicum

173 1580 241 1619 ac
278 1564 608 1621 Lunisonem
640 1580 707 1621 eo
734 1567 879 1623 unde
904 1577 1169 1623 venerant
1198 1570 1375 1625 redire
1402 1572 1655 1642 praecepi.
1684 1569 1762 1627 Ac

174 1655 373 1711 deinde
402 1672 527 1711 cum
553 1656 802 1713 Hildoino
828 1658 1071 1724 locutus,
1112 1662 1468 1717 conventione
1496 1661 1640 1717 inter
1663 1677 1763 1717 nos

174 1740 341 1807 facta,
374 1745 588 1815 quando
609 1761 779 1802 sacrae
807 1747 941 1802 mihi
962 1748 1204 1819 reliquiae
1230 1751 1764 1827 redderentur-ﬁnus

1856 570 1961 627 culi
1990 570 2267 635 acciderit,
2297 584 2491 625 censeo
2520 586 2628 625 non
2661 585 2779 627 esse
2802 569 3107 625 tacendum.
3148 570 3436 639 Egredien-

1857 661 1999 717 tibus
2044 661 2188 716 enim
2235 660 2391 715 nobis
2435 661 2503 716 de
2532 660 2757 715 ecclesia
2782 701 2798 727 ,
2838 660 3160 731 laudemque
3206 659 3435 718 Domino

1856 750 1968 807 Deo
1992 757 2180 806 nostro
2211 749 2426 805 excelsa
2452 757 2587 805 vace
2626 750 2944 806 canentibus
2966 790 2982 816 ,
3026 759 3174 813 tanta
3203 751 3285 807 vis
3311 767 3436 807 sua-

1857 841 2064 896 vissimi
2107 842 2291 897 odoris
2336 856 2461 898 eam
2505 850 2714 912 partem
2763 843 2865 898 vici
2891 844 3179 914 Aquensis,
3222 844 3437 917 quaeab

1858 932 2089 987 ecclesia
2112 933 2180 988 ad
2202 932 2539 988 occidentem
2570 932 2825 1002 respicit,
2862 941 3030 989 totam
3062 936 3337 1002 implevit,
3375 944 3439 993 ut

1859 1020 1947 1076 illa
1976 1019 2244 1093 fragantia
2289 1036 2429 1092 pene
2466 1037 2655 1078 omnes
2698 1021 2939 1090 ejusdem
2967 1027 3137 1093 partis
3165 1027 3439 1082 habitatio.

1860 1124 1987 1174 res,
2030 1111 2269 1180 itemque
2308 1111 2590 1177 universi,
2637 1114 2729 1182 qui
2770 1128 2871 1183 pro
2896 1113 3222 1182 quibuslibet
3257 1118 3439 1172 causis

1860 1208 2024 1271 atque
2060 1201 2292 1272 negotiis
2340 1203 2531 1258 eadem
2576 1203 2631 1258 in
2670 1212 2825 1274 parte
2866 1203 3081 1260 fuerant
3126 1210 3436 1274 constituti,

1861 1293 1938 1345 ita
1983 1290 2243 1347 divinitus
2291 1302 2781 1361 commoverentur,
2830 1302 2891 1348 ut
2930 1294 3149 1356 omissis
3175 1336 3191 1362 ,
3230 1311 3351 1367 quae
3386 1298 3440 1352 in

1862 1381 2111 1438 manibus
2142 1383 2482 1439 habebantur
2494 1384 2779 1456 operibus,
2819 1386 3002 1441 cuncti
3024 1402 3189 1442 cursu
3212 1389 3444 1457 rapidis.

1864 1471 2000 1527 simo
2021 1472 2197 1542 primo
2218 1472 2285 1528 ad
2313 1472 2618 1540 ecclesiam,
2647 1474 2843 1531 deinde
2863 1476 3014 1545 quasi
3040 1492 3139 1547 per
3157 1478 3442 1548 vestigium

1864 1560 1933 1615 ad
1959 1561 2254 1617 oratorium
2286 1572 2552 1630 nostrum,
2582 1563 2639 1620 in
2672 1565 2816 1634 quod
2837 1565 2955 1621 illas
2983 1565 3238 1636 reliquias
3267 1568 3444 1623 illatas

1864 1663 1987 1706 esse
2016 1651 2323 1719 audierant,
2367 1668 2709 1723 summopere
2735 1654 3081 1715 festinarent.
3137 1656 3228 1714 Fit
3252 1660 3445 1715 immo-

1866 1739 2022 1795 dicus
2047 1740 2191 1795 intra
2230 1749 2383 1811 septa
2430 1751 2616 1798 nostra
2659 1744 2951 1801 exultantis
2979 1746 3139 1803 simul
3168 1756 3328 1818 atque
3353 1751 3447 1805 ad-

172 1834 408 1891 clericos
434 1835 500 1891 de
522 1836 684 1892 domo
710 1845 940 1903 nostra;
961 1838 1276 1895 Hiltfridum
1303 1842 1553 1898 videlicet
1585 1854 1650 1899 ac
1672 1843 1763 1898 Fi-
1792 1834 1839 1897 B
1867 1827 2116 1883 mirantis
2143 1829 2325 1900 populi
2365 1846 2697 1901 concursus;
2730 1842 2786 1889 el
2810 1849 2934 1891 cum
2971 1852 3164 1908 magna
3201 1853 3330 1907 pars
3355 1853 3448 1893 eo-

172 1921 665 1981 limarum—alter
692 1927 1000 1997 presbyter,
1033 1927 1177 1983 alter
1204 1930 1567 1987 subdiaconus
1596 1944 1622 1973 ι
1646 1941 1765 1988 erat

172 2041 246 2051 -—
272 2012 341 2067 ad
371 2012 711 2083 recipiendas
742 2029 837 2070 eas
862 2014 1165 2085 Augustam
1192 2015 1549 2075 Suessionum
1582 2022 1611 2062 ι’
1648 2038 1767 2093 per-

172 2116 306 2171 gere
328 2100 502 2169 jussi:
538 2104 760 2161 mittens
805 2120 905 2175 per
932 2108 1150 2163 eosdem
1185 2110 1255 2165 ad
1290 2109 1502 2177 locum,
1557 2112 1624 2168 de
1657 2130 1765 2184 quo

172 2188 382 2243 eaedem
411 2190 651 2260 reliquiae
679 2191 985 2249 aufemndae
1009 2205 1186 2263 erant,
1220 2198 1615 2256 benedictionis
1643 2218 1765 2273 gra-

174 2278 278 2343 tia,
319 2295 569 2337 nummos
617 2297 813 2339 aureos
858 2299 1086 2342 numero
1134 2295 1370 2343 centum.
1434 2289 1667 2371 Qui‘ubi
1698 2293 1764 2347 ad

172 2371 567 2426 monasterium
598 2370 655 2426 S.
694 2372 935 2430 Medardi
972 2376 1027 2430 in
1060 2376 1148 2431 die
1176 2376 1485 2444 Palmarum
1522 2370 1557 2420 ο⁷
1582 2381 1763 2437 venis-

173 2470 336 2527 sent,
365 2477 463 2529 per
504 2464 746 2520 triduum
777 2466 849 2521 ibi
885 2470 1080 2524 morati
1117 2479 1243 2525 sunt
1267 2490 1290 2529 ,ε
1321 2480 1376 2528 et
1403 2482 1621 2544 recepto
1652 2475 1763 2540 illo,

174 2559 408 2621 propter
430 2568 592 2621 quem
616 2556 767 2611 missi
788 2554 1023 2625 fuerant,
1054 2560 1463 2632 incomparabili
1490 2565 1762 2631 thesauro,

172 2643 564 2699 comitantibus
608 2660 791 2701 secum
837 2649 1044 2709 duobus
1082 2666 1148 2706 ex
1193 2654 1381 2709 eodem
1434 2657 1765 2712 monasterio

174 2729 475 2798 fratribus,
506 2745 710 2803 quanta
738 2745 1031 2805 potuerunt
1067 2741 1346 2798 celeritate
1366 2783 1381 2809 ,
1409 2744 1477 2799 ad
1506 2745 1766 2815 palatium

176 2824 389 2883 reversi
420 2834 576 2891 sunt;
607 2826 863 2897 reliquias
889 2837 1070 2887 tamen
1109 2847 1217 2887 non
1246 2833 1399 2900 mihi,
1434 2838 1530 2892 sed
1560 2837 1765 2892 Hildoi-

174 2927 249 2967 no
298 2913 624 2969 detulerunt.
688 2916 834 2983 Quas
862 2919 951 2974 ille
977 2922 1277 2993 recipiens,
1315 2924 1372 2979 in
1397 2927 1639 2984 oratorio
1664 2928 1762 2983 do-

175 3019 302 3059 mus
332 3020 442 3060 suae
468 3005 596 3065 fecit
622 3010 904 3076 custodiri,
937 3028 1109 3084 usque
1146 3015 1273 3073 dum
1296 3056 1312 3082 ,
1344 3019 1636 3075 transactis
1664 3019 1766 3074 Pa-

175 3096 384 3151 schalis
412 3095 537 3152 festi
579 3100 1053 3169 occupationibus,
1100 3119 1331 3159 vacuum
1358 3114 1570 3177 tempus
1599 3108 1765 3164 habe-

1868 1933 2009 1983 rum,
2039 1920 2130 1989 qui
2158 1918 2562 1988 conﬂuxerant,
2609 1922 2665 1978 id
2692 1923 2837 1995 quod
2863 1924 3124 1997 agebatur
3150 1928 3279 2003 quid
3305 1936 3451 1984 esset

1862 2007 2158 2081 ignoraret,
2186 2010 2381 2082 gaudio
2410 2019 2589 2067 tamen
2624 2023 2680 2069 et
2713 2014 3043 2072 exultatione
3074 2016 3305 2088 repleti,
3349 2019 3447 2077 Del

1866 2098 2254 2169 omnipotentis
2280 2101 2711 2160 misericordiam
2739 2105 3134 2163 collaudabant.

1935 2185 2023 2242 28.
2066 2185 2361 2260 Postquam
2388 2199 2568 2246 autem
2590 2232 2604 2258 ,
2638 2192 2781 2248 fama
2825 2196 3223 2265 crebrescente,
3275 2196 3451 2255 divulo

1866 2284 2050 2347 gatum
2101 2285 2186 2332 est
2229 2277 2486 2348 reliquias
2538 2282 2711 2337 sancti
2765 2282 3061 2339 Marcellini
3106 2288 3363 2359 martyris
3394 2289 3450 2345 in

1865 2380 1992 2419 eum
2032 2365 2211 2422 locum
2254 2382 2376 2424 esse
2400 2369 2633 2438 delatas,
2680 2386 2786 2429 non
2814 2373 2988 2430 solum
3015 2374 3081 2431 de
3105 2377 3295 2433 eodem
3327 2379 3451 2435 vico

1865 2455 2129 2527 Aquensi,
2166 2467 2223 2515 et
2246 2460 2438 2516 vicinis
2468 2469 2631 2533 atque
2652 2464 3024 2535 adiacentibus
3049 2466 3192 2525 villis
3217 2510 3232 2536 ,
3259 2486 3451 2527 verum

1866 2546 2031 2601 etiam
2075 2547 2143 2604 de
2186 2544 2651 2623 longinquioribus
2698 2552 2831 2609 locis
2878 2570 2941 2610 ac
2975 2557 3130 2628 pagis
3170 2559 3305 2615 adeo
3335 2559 3447 2615 fre-

1865 2653 2037 2708 quens
2066 2648 2227 2711 atque
2256 2642 2511 2701 immanis
2536 2644 2824 2701 multitudo
2850 2658 3173 2721 congregata
3212 2659 3297 2707 est
3319 2691 3333 2718 ,
3390 2664 3451 2710 ut

1866 2730 2023 2786 nobis
2068 2732 2137 2787 ad
2183 2729 2416 2789 officium
2458 2734 2514 2789 in
2555 2736 2746 2792 eodem
2772 2739 3011 2795 oratorio
3038 2740 3449 2811 celebrandum,

1867 2828 2066 2891 praeter
2092 2824 2430 2892 vespertinas
2458 2825 2623 2881 horas
2652 2834 2814 2897 atque
2839 2838 3162 2897 nocturnas,
3189 2832 3334 2888 haud
3369 2832 3451 2889 fa-

1868 2912 1986 2968 cilis
2014 2921 2224 2983 pateret
2257 2914 2528 2972 introitus.
2570 2918 2992 2975 Adducebantur
3024 2922 3264 2992 undique
3302 2925 3453 2980 debi-

1868 3001 1971 3067 les,
2015 3011 2069 3057 et
2095 3004 2263 3059 variis
2288 3003 2467 3061 aﬂ'ecti
2497 3007 2848 3079 languoribus
2868 3049 2882 3075 ,
2927 3025 3073 3065 circa
3099 3013 3327 3067 oratorii
3356 3030 3451 3085 pa-

1870 3090 2058 3157 rietes,
2090 3106 2120 3145 a
2142 3092 2459 3164 propinquis
2484 3097 2598 3152 suis
2625 3105 2788 3166 atque
2809 3100 2998 3155 amicis
3026 3100 3449 3158 collocabantur.

178 3194 286 3255 ret,
314 3202 424 3257 quo
446 3188 695 3273 mibioid,
726 3191 871 3259 quod
896 3193 1228 3248 reddendum
1253 3204 1402 3263 erat,
1448 3198 1764 3269 priusquam
1794 3177 1837 3241 Ο
1870 3181 2095 3273 videres
2260 3198 2399 3253 Ρθοθ
2446 3187 2629 3240 omnia
2671 3187 3043 3243 ῖηῧΐωίῐδῑυη]
3086 3206 3281 3261 Senem
3309 3232 3322 3257 ι
3354 3207 3457 3262 Ρθτ

176 3279 469 3343 redderet,
527 3282 814 3336 ostendere
857 3283 1140 3351 potuisset.
1200 3284 1603 3358 Completisque
1644 3296 1768 3358 post

174 3380 431 3427 sanctum
473 3371 680 3426 Pascha
716 3381 841 3427 octo
883 3373 969 3428 vel
1010 3388 1074 3430 eo
1112 3376 1343 3445 amplius
1390 3362 1602 3444 diebus,
1641 3394 1762 3437 eum

175 3477 275 3517 rex
298 3461 533 3516 venandi
557 3462 729 3532 gratia
757 3462 824 3517 de
858 3463 1064 3531 palatio
1107 3464 1299 3520 fuisset
1331 3480 1605 3537 egressus,
1652 3467 1765 3521 Hil-

176 3553 408 3618 doinus,
461 3554 757 3609 secundum
789 3555 932 3624 quod
968 3555 1109 3610 inter
1136 3572 1234 3611 nos
1260 3567 1621 3624 convenerat,
1653 3574 1766 3613 me-

174 3644 407 3698 moratis
439 3642 683 3711 reliquiis
714 3644 780 3698 de
807 3644 1046 3699 oratorio
1076 3660 1174 3699 suo
1193 3686 1208 3711 ,
1263 3648 1355 3701 ubi
1383 3649 1761 3712 servabantur,

180 3735 417 3792 sublatis
446 3742 611 3803 atque
635 3734 872 3789 basilica:
896 3735 954 3789 S.
989 3736 1085 3791 Dei
1112 3737 1392 3807 genitricis
1413 3738 1601 3805 illatis,
1631 3738 1766 3793 alta-

173 3825 340 3895 rique
368 3824 724 3894 superpositis
746 3865 761 3890 ,
811 3840 898 3879 me
928 3834 987 3880 ut
1025 3841 1118 3882 eas
1146 3828 1478 3898 susciperem
1520 3829 1651 3884 fecit
1676 3845 1767 3884 ac-

174 3916 299 3969 ciri.
344 3914 483 3968 Tum
511 3930 730 3983 capsam
754 3955 770 3979 ,
812 3915 867 3968 in
908 3931 1013 3984 qua
1056 3916 1300 3986 reliquize
1326 3919 1759 3983 continebantur,

172 4004 453 4074 aperiens,
484 4002 721 4056 ostendit
748 4002 880 4059 mibi
910 4011 970 4056 ut
996 4003 1233 4059 viderem
1261 4005 1391 4074 quid
1418 4015 1584 4072 esset,
1618 4009 1764 4077 quod

172 4104 233 4154 et
265 4096 359 4153 ille
389 4096 661 4161 redderet,
685 4103 740 4150 et
766 4094 909 4164 quod
938 4110 1038 4166 ego
1061 4097 1380 4166 reciperem.

245 4187 340 4241 27.
381 4185 520 4239 Exin
549 4184 816 4239 sublatam
846 4186 914 4239 de
935 4186 1095 4241 altari
1124 4188 1369 4243 eamdem
1397 4206 1612 4261 capsam
1652 4209 1765 4249 ma-

174 4282 340 4337 nibus
366 4280 503 4334 meis
532 4279 826 4348 imposuit,
877 4278 1109 4350 dataque
1135 4284 1379 4339 ustione
1413 4287 1763 4354 competenti,

170 4373 534 4445 prmutoris
556 4372 721 4428 etiam
742 4371 919 4428 oﬂicio
945 4374 1188 4443 functus,
1239 4379 1589 4447 antiphonam
1616 4380 1763 4435 laudi

173 4472 489 4533 martyrum
519 4463 934 4518 convenientem
968 4464 1177 4521 clericis
1211 4467 1277 4522 ad
1304 4468 1642 4537 psallendum
1670 4487 1765 4541 pa-

1867 3271 2121 3326 virtutem
2148 3271 2350 3329 Christi
2378 3273 2623 3343 Domini,
2661 3285 2716 3333 et
2749 3293 2849 3343 per
2870 3282 3124 3336 meritum
3154 3283 3451 3339 beatissimi

1866 3363 2144 3431 martyris,
2174 3363 2227 3417 in
2260 3366 2409 3421 omni
2430 3381 2562 3422 sexu
2591 3375 2647 3423 et
2670 3377 2832 3426 :etate
2848 3373 3048 3427 curari.
3090 3373 3261 3430 Cascis
3282 3376 3453 3441 visus,

1866 3452 2073 3509 claudis
2103 3454 2365 3523 incessus,
2395 3459 2574 3514 surdis
2596 3461 2835 3516 auditus.
2870 3465 3034 3518 mutis
3064 3480 3243 3522 sermo
3269 3468 3448 3522 reddi-

1867 3550 1981 3608 tur;
2014 3544 2300 3616 paralytici
2328 3546 2515 3613 etiam,
2548 3556 2601 3603 et
2641 3549 2734 3618 qui
2776 3551 2942 3606 totius
2972 3554 3217 3623 corporis
3243 3556 3451 3612 viribus

1866 3635 2145 3702 destituti,
2193 3638 2385 3694 alienis
2431 3642 2679 3697 manibus
2725 3648 2991 3714 apportati
3032 3658 3173 3713 sunt,
3220 3651 3452 3707 sanitate

1867 3738 2109 3797 recepta,
2144 3731 2380 3800 propriis
2404 3732 2629 3802 pedibus
2660 3734 2727 3789 ad
2758 3751 2854 3790 sua
2885 3740 3294 3796 revertebantur
3316 3742 3365 3796 ἀ.

1937 3818 2027 3878 29.
2068 3824 2195 3879 Haec
2238 3825 2329 3879 ubi
2373 3827 2441 3879 ad
2483 3828 2662 3895 regias
2706 3843 2865 3883 aures
2908 3831 3168 3888 relatione
3214 3833 3452 3891 Hildoiui

1864 3914 2071 3983 perlata
2096 3924 2239 3981 sunt,
2272 3918 2461 3971 statuit
2487 3920 2663 3987 primo
2684 3931 2742 3974 ut
2769 3924 2836 3976 ad
2860 3924 3117 3992 palatium
3145 3942 3448 3997 regressus.

1864 4005 2162 4059 oratorium
2202 4016 2448 4061 nostrum
2476 4047 2490 4072 ,
2522 4009 2575 4063 in
2604 4024 2711 4079 quo
2748 4012 2863 4067 hmo
2894 4013 3125 4080 fiebant,
3155 4027 3449 4088 martyrem

1865 4098 2282 4154 venerabundus
2328 4100 2610 4156 accederet
2642 4121 2653 4155 :
2687 4103 2779 4157 sed
2808 4118 2875 4158 ne
2902 4103 2955 4159 id
2981 4104 3211 4172 faceret,
3258 4109 3448 4165 eodem

1868 4187 2119 4244 Hildoino
2146 4199 2490 4260 suggerente,
2515 4192 2818 4260 prohibitus
2840 4234 2854 4259 ,
2892 4195 2959 4248 ad
2983 4195 3239 4264 majorem
3264 4196 3451 4252 basili—

1867 4293 1985 4332 cam
2030 4278 2287 4348 reliquias
2318 4278 2514 4334 d‘eferri
2543 4282 2799 4350 praecepit
2824 4322 2839 4347 ,
2872 4282 3052 4352 ibique
3080 4284 3308 4351 delatas,
3346 4288 3449 4341 hu-

1866 4366 1979 4420 mili
2007 4367 2399 4438 supplicatione
2425 4379 2715 4426 veneratus
2745 4380 2854 4439 est,
2900 4374 3293 4447 celebratisque
3314 4379 3449 4433 mis-

1870 4472 2054 4513 sarum
2082 4460 2378 4527 solemniis,
2403 4462 2599 4515 obtulit
2626 4462 2800 4518 beatis
2830 4464 3188 4534 martyribus,
3220 4465 3446 4522 Marcel—

173 4558 313 4608 ratis
326 4520 636 4620 'imposnit;
684 4568 892 4622 nosque
940 4570 1062 4617 cum
1110 4556 1203 4611 illo
1244 4520 1602 4615 inaestimabili
1649 4520 1768 4617 tite-

1870 4547 1979 4604 lino
2029 4557 2085 4603 et
2122 4548 2304 4615 Petro,
2359 4520 2630 4619 quoddam
2684 4520 3019 4622 praediolum,
3078 4556 3241 4609 situm
3287 4557 3444 4627 juxta

172 4657 344 4697 sauro
392 4642 706 4699 recedentes
729 4683 748 4709 ,
788 4658 963 4714 usque
1000 4645 1067 4699 ad
1103 4646 1302 4701 ostium
1326 4649 1562 4705 basilicae
1586 4651 1768 4706 conci-

174 4732 364 4787 uendo
393 4740 712 4801 prosecutus
755 4740 858 4788 est.
925 4732 1301 4792 Processimus
1341 4738 1469 4793 inde
1504 4740 1765 4809 paulatim

171 4828 299 4878 cum
324 4824 582 4879 crucibus
608 4832 661 4878 et
688 4825 883 4892 cereis,
909 4824 1193 4882 laudantes
1217 4829 1429 4883 Domini
1456 4831 1767 4887 miserin

171 4913 324 4968 diam
344 4953 361 4979 ,
401 4929 576 4984 usque
616 4916 682 4968 ad
720 4916 1052 4980 oratorium,
1080 4918 1227 4985 quod
1253 4926 1371 4973 erat
1397 4919 1451 4973 in
1480 4919 1639 4973 domo
1669 4931 1765 4975 no-

171 5011 286 5057 stra
310 5043 326 5067 ,
383 5002 477 5057 vili
520 5016 683 5072 opere
708 5010 1109 5069 constructum;
1138 5005 1297 5074 eique
1315 5046 1330 5071 ,
1361 5007 1487 5076 quia
1517 5007 1661 5062 aliud
1684 5007 1759 5063 ibi

172 5108 283 5146 non
315 5092 637 5157 habebatur,
683 5094 801 5148 illas
838 5109 1022 5152 sacras
1046 5094 1305 5165 reliquias
1332 5096 1634 5151 intulimus.
1697 5097 1756 5153 ln

173 5185 265 5240 illa
288 5200 427 5240 vero
446 5185 788 5254 processione
816 5194 1022 5253 nostra,
1054 5200 1214 5257 quam
1243 5187 1310 5242 de
1336 5188 1562 5243 basilica
1585 5204 1756 5260 usque

246 5352 273 5419 ς
316 5337 605 5419 ῥιίειυίιὲυε
629 5336 906 5390 diaconus.

244 5408 277 5448 δ
318 5406 485 5462 Suria
516 5406 849 5462 Sueuorum.

246 5487 269 5516 ε
315 5477 464 5547 Ergo
494 5476 559 5531 i4
574 5475 777 5547 Aprilis
802 5494 814 5528 :
840 5488 966 5529 nam
986 5476 1195 5531 Pascha
1228 5491 1292 5533 eo
1314 5491 1456 5532 anno
1485 5478 1588 5535 827
1611 5481 1751 5536 celes

173 5545 449 5603 brandum
477 5554 597 5600 erat
618 5545 707 5600 21.

244 5616 274 5655 ἀ
313 5617 509 5685 Aliqua
538 5631 605 5670 ex
634 5613 911 5670 miraculis
942 5612 1084 5668 infra
1124 5622 1237 5671 toto
1274 5617 1449 5687 capite
1472 5625 1626 5673 sexto
1662 5632 1751 5672 re-

176 5685 448 5742 feruntur.

247 5768 273 5796 ο
316 5754 477 5810 Surio
513 5750 911 5825 Ludovestropf.
940 5752 1161 5814 Fluvius
1209 5755 1316 5813 Ara
1344 5796 1359 5826 ,
1389 5756 1474 5814 cui
1519 5756 1753 5829 adiacet,

579 5844 849 5907 PATROL.
886 5846 1048 5913 CIV.

1866 4637 2089 4693 ﬂuvium
2114 4640 2299 4705 Aram,
2325 4642 2586 4696 vocabulo
2602 4642 2977 4699 Ludovesdorf
2995 4655 3040 4711 ε,
3058 4646 3264 4702 habens
3290 4663 3445 4703 man-

1868 4745 1957 4785 sos
1993 4732 2299 4799 quindecim
2326 4740 2381 4787 et
2418 4733 2697 4787 vinearum
2727 4735 3012 4804 aripennes
3036 4751 3248 4792 novem.
3276 4738 3443 4795 Obtu-

1867 4820 1930 4874 lit
1956 4828 2017 4875 et
2050 4821 2235 4890 regina
2266 4821 2538 4891 cingulum
2585 4839 2740 4877 suum
2768 4865 2781 4888 ,
2835 4838 2901 4877 ex
2951 4840 3084 4880 auro
3131 4822 3187 4880 et
3214 4830 3441 4897 gemmis

1866 4910 2087 4977 factum,
2115 4926 2349 4980 pensans
2376 4912 2542 4968 libras
2568 4921 2696 4968 tres.
2736 4913 2941 4980 Quibus
2964 4916 3220 4984 expletis,
3259 4918 3440 4973 relata:

1862 5010 1990 5057 sunt
2026 5001 2269 5071 reliquis:
2293 5003 2361 5057 ad
2382 5002 2557 5058 locum
2587 5019 2762 5069 suum,
2788 5006 2841 5058 in
2867 5007 3162 5061 oratorium
3192 5010 3442 5065 videlicet

1860 5102 2105 5148 nostrum
2128 5134 2142 5157 ,
2187 5092 2509 5162 fueruntque
2539 5093 2613 5147 ibi
2653 5094 2843 5150 diebus
2872 5097 3225 5168 quadraginta
3263 5100 3347 5155 vel
3369 5114 3436 5155 eo

1858 5184 2088 5255 amplius
2120 5184 2162 5249 ί,
2191 5197 2361 5253 usque
2390 5185 2518 5239 dum
2563 5183 2857 5254 imperator
2891 5185 3091 5254 palatio
3134 5188 3438 5258 egrediens.

1857 5342 1913 5396 in
1957 5338 2263 5410 Juliacensi
2302 5338 2500 5393 ducatu
2565 5339 2783 5404 oriens,
2824 5353 2938 5410 per
2992 5339 3217 5410 Eyﬂiam
3264 5340 3434 5397 intrat

1861 5409 2575 5481 dicecesimColoniensem;
2618 5424 2784 5481 seque
2821 5409 3015 5481 Rheno
3052 5411 3323 5481 immergit
3348 5412 3434 5467 in—

1861 5488 1948 5562 ter
1979 5479 2259 5535 Coloniam
2296 5488 2352 5535 et
2389 5478 2765 5533 conﬂuentiam
2791 5518 2805 5543 ,
2862 5479 2931 5533 ad
2979 5478 3296 5535 Zunichium
3332 5495 3431 5551 opu

1856 5550 2162 5746 :mf‘ffnlirgo
2210 5634 2381 5690 usque
2441 5618 2508 5674 ad
2570 5619 2773 5675 exitum
2832 5618 3006 5685 Maii,
3082 5632 3167 5673 vet
3218 5618 3429 5676 initium

1892 5707 2022 5746 unn.

1892 5707 2022 5748 unu.

2926 5846 2999 5907 18
