3928 6306
187 348 296 403 557

1014 348 1188 402 lllST.
1233 346 1620 402 TRANSLAT.
1665 346 1769 400 BB.
1815 344 2228 400 MARCELLINI
2264 344 2351 400 ET
2392 344 2615 400 PETRI.

3361 345 3466 404 558

189 463 280 516 ubi
313 476 399 515 me
425 475 657 529 primum
687 458 979 513 convenire
1008 462 1200 526 potuit,
1227 460 1329 513 hoc
1361 460 1504 529 quod
1529 459 1632 514 sibi
1662 457 1777 511 fue-
1807 461 1856 519 Λ
1953 457 2039 512 35.
2071 456 2362 526 Postquam
2383 472 2539 512 sacra
2565 456 3005 513 beatissimorum
3028 466 3195 531 marty
3207 474 3326 513 rum
3350 477 3473 515 cur-

190 558 279 604 rat
300 554 641 619 imperatum,
662 547 1067 604 mihi'intimare
1096 550 1322 603 curavit.
1351 549 1458 604 Sed
1486 564 1659 618 neque
1679 563 1780 619 ego

187 643 435 711 segniter
482 643 536 696 in
585 642 812 710 hujusce
845 641 988 695 modi
1035 641 1250 712 negotio
1281 641 1485 710 aliquid
1513 642 1780 711 agendum

188 734 507 798 arbitratus,
540 734 648 787 imo
678 732 729 786 id
754 732 896 802 quod
916 732 1210 801 jubebatur
1231 734 1350 789 sine
1377 734 1481 788 ulla
1505 750 1780 789 morarum

188 826 603 894 interpositione
648 824 1047 894 adimplendum
1072 841 1193 882 esse
1224 826 1491 896 iudicans,
1519 829 1633 898 ipsa
1668 828 1784 899 qui-

189 916 316 970 dem
352 917 437 970 die
474 930 535 969 ea
579 930 699 983 quae
734 916 799 969 ad
831 917 932 971 hoc
955 918 1262 971 necessaria
1288 918 1611 973 videbantur
1639 902 1780 987 prce-

187 1021 386 1075 parare
432 1004 600 1073 iussi;
655 1007 903 1077 sequenti
948 1022 1078 1061 vero
1128 1023 1314 1063 sacras
1366 1009 1484 1064 illas
1523 1009 1783 1079 reliquias

187 1098 429 1167 corpori,
469 1098 536 1152 de
571 1113 677 1167 quo
718 1108 949 1167 sumpta:
991 1097 1225 1164 fuerant,
1260 1115 1383 1155 cum
1426 1114 1637 1155 summa
1664 1099 1784 1153 dili-

188 1188 372 1257 gentia
413 1188 619 1241 sociare
671 1187 879 1240 curavi.
932 1186 1087 1253 Quod
1133 1185 1338 1242 factum
1372 1203 1534 1258 quam
1568 1197 1782 1258 gratum

186 1276 518 1330 beatissimis
572 1276 903 1346 martyribus
946 1275 1104 1343 foret,
1148 1279 1494 1334 attestatione
1539 1280 1785 1334 miraculi

188 1367 570 1435 subsequentis
618 1368 821 1436 liquido
879 1370 1282 1438 comprobatur.
1338 1370 1474 1425 Nam
1536 1371 1784 1440 proxima

188 1468 372 1522 nocte,
397 1474 521 1514 cum
548 1460 614 1514 ad
636 1461 959 1514 matutinum
988 1461 1225 1516 cilicium
1253 1463 1309 1517 in
1338 1462 1562 1517 basilica
1590 1463 1785 1517 solem-

189 1550 339 1604 niter
382 1552 729 1615 sederemus,
786 1567 952 1605 senex
1005 1552 1559 1624 quidamgressuum
1603 1552 1785 1609 officio

188 1640 501 1704 destitutus,
536 1642 869 1710 genibusque
900 1658 965 1697 ac
1015 1645 1264 1699 manibus
1291 1644 1493 1710 nitens,
1523 1646 1785 1715 reptando

187 1728 595 1785 adorationem
636 1730 875 1784 intravit.
909 1731 958 1786 ls
984 1746 1168 1786 coram
1196 1732 1446 1787 omnibus
1472 1734 1649 1797 nobis,
1682 1748 1781 1802 per

1884 564 2035 618 pora,
2066 549 2206 603 sicut
2235 547 2350 615 iam
2392 550 2444 603 in
2490 550 2862 619 superioribus
2900 550 3327 604 demonstratum
3365 560 3471 619 est,

1882 639 2017 709 ipsis
2050 638 2364 707 iubentibus
2390 647 2448 693 et
2491 642 2645 694 nobis
2674 656 2879 696 morem
2906 642 3237 711 gerentibus,
3284 643 3354 696 ad
3398 646 3477 698 lo-

1884 742 2029 791 cum,
2062 728 2115 781 in
2144 742 2252 797 quo
2276 743 2422 782 nunc
2447 729 2815 797 requiescunt,
2848 746 2969 785 cum
3001 732 3207 801 ingenti
3236 730 3476 787 ﬁdelium

1882 816 2200 886 pOpulorum
2257 818 2592 873 exultatione
2644 819 2888 888 perlata,
2937 833 3028 887 et,
3080 822 3369 878 celebratis
3423 828 3479 879 in

1883 923 2074 978 campo
2119 909 2408 964 missarum
2454 910 2755 975 solemniis,
2796 912 3051 968 manibus
3094 916 3478 979 sacerdotum,

1882 1017 2113 1072 quorum
2140 1003 2215 1057 ibi
2258 1012 2386 1057 tunc
2426 1019 2531 1057 non
2575 1018 2778 1072 parvus
2820 1019 3078 1059 numerus
3106 1013 3225 1061 erat
3250 1020 3492 1077 congre-

1883 1102 2059 1162 gatus,
2092 1094 2146 1147 in
2177 1093 2457 1149 basilicam
2485 1094 2769 1164 deportata
2800 1103 2946 1160 sunt,
2973 1094 3345 1165 feretrumque
3368 1111 3486 1166 quo

1884 1184 2224 1238 vehebantur
2242 1183 2397 1252 juxta
2425 1184 2596 1239 altare
2617 1186 2851 1255 positum
2879 1193 2991 1250 est,
3025 1192 3082 1241 et
3109 1186 3304 1240 iterum
3331 1186 3480 1241 aliud

1883 1274 2116 1329 cilicium
2164 1274 2364 1329 ibidem
2411 1274 2677 1330 celebrari
2719 1285 2981 1347 cmptum,
3030 1277 3211 1332 subito
3256 1278 3478 1348 quidam

1886 1368 2223 1432 adolescens,
2256 1382 2445 1421 renum
2489 1368 2844 1425 dissolutione
2888 1367 3113 1423 allectus
3156 1377 3319 1438 atque
3358 1368 3480 1424 ideo

1884 1473 2087 1512 curvus
2113 1472 2178 1511 ac
2218 1457 2429 1511 baculis
2470 1458 2730 1523 innitens,
2775 1459 2841 1514 de
2869 1459 3046 1513 media
3073 1459 3481 1515 circumstantis

1882 1548 2065 1618 populi
2116 1546 2462 1601 multitudine
2506 1548 2774 1618 prorupit,
2820 1564 2985 1617 seque
3029 1550 3095 1603 ad
3143 1549 3481 1605 adorandum

1884 1637 2153 1692 inclinare
2178 1638 2424 1706 cupiens,
2449 1637 2504 1691 in
2532 1653 2705 1707 genua
2734 1639 3048 1707 procubuit;
3072 1639 3166 1693 sed
3194 1640 3391 1693 mirum
3421 1639 3479 1694 in

1883 1728 2126 1792 modum,
2156 1726 2304 1782 velut
2342 1727 2526 1797 aliquo
2554 1742 2613 1781 se
2656 1728 2948 1784 revellente
2976 1729 3060 1783 vel
3098 1730 3279 1800 potius
3308 1739 3482 1785 retra-

188 1818 453 1875 virtutem
488 1820 583 1874 Dei
627 1827 682 1874 et
736 1821 929 1875 merita
979 1821 1418 1876 beatissimorum
1464 1829 1781 1891 martyrum,
1812 1812 1859 1869 B
1888 1818 2071 1884 hente,
2110 1820 2333 1888 supinus
2372 1819 2586 1884 cecidit,
2629 1820 2925 1889 similisque
2968 1821 3259 1876 dormienti
3290 1822 3481 1877 diutis-

189 1908 383 1963 eadem
415 1924 522 1977 qua
569 1910 846 1979 ingressus
890 1919 973 1964 est
1003 1912 1157 1976 hora,
1200 1911 1273 1965 ita
1302 1911 1540 1981 perfecte
1569 1920 1789 1967 curatus

190 2007 297 2062 est,
324 2009 383 2053 ut
397 2001 467 2055 ad
486 2001 839 2057 incedendum
865 2018 935 2057 ne
956 2003 1376 2072 baculi‘quidem
1398 2004 1790 2059 sustentatione

194 2092 430 2147 ulterius
455 2094 741 2162 indigeret.
771 2094 872 2161 Qui
896 2095 1061 2149 etiam
1085 2104 1142 2150 et
1165 2096 1390 2150 surdum
1418 2110 1476 2151 se
1496 2110 1594 2164 per
1617 2096 1791 2150 conti-

191 2202 370 2240 nuum
417 2187 847 2255 quinquennium
895 2188 1079 2253 fuisse,
1126 2188 1393 2257 simulque
1441 2203 1565 2242 cum
1611 2186 1791 2242 ofﬁcio

191 2278 394 2345 pedum
418 2279 655 2333 auditum
680 2280 783 2334 sibi
812 2279 1081 2334 redditum
1102 2278 1431 2334 affirmabat.
1456 2277 1552 2333 llis
1573 2281 1645 2333 ita
1669 2294 1792 2349 per-

193 2368 362 2433 actis,
405 2369 471 2423 ad
514 2369 867 2435 comitatum,
918 2370 1061 2423 sicut
1098 2370 1348 2441 superius
1375 2386 1461 2424 me
1500 2369 1679 2425 facere
1698 2386 1791 2425 vo-

194 2454 366 2510 luisse
391 2458 570 2523 retuli,
602 2458 797 2513 ibidem
828 2459 1186 2526 hiematurus,
1210 2460 1378 2515 multa
1400 2474 1612 2516 meeum
1640 2476 1793 2529 repu-

196 2546 369 2601 tando
397 2546 675 2616 profectus
703 2564 843 2603 sum.

818 2658 1049 2717 CAPUT
1081 2661 1170 2718 Ν.

196 2766 471 2845 Ηὶςᾳεᾳιᾳ
492 2771 545 2845 in
573 2768 747 2824 surdis
774 2779 821 2824 et
850 2775 1029 2845 mutis,
1062 2774 1342 2845 contractis
1370 2782 1419 2828 et
1454 2773 1576 2828 aliis
1604 2774 1785 2845 (egris,

273 2838 588 2908 Huiinheim
616 2850 843 2908 patrata.
862 2840 1175 2896 —Cervisia
1198 2843 1254 2898 in
1279 2843 1455 2898 vinum
1480 2838 1705 2898 mutatu.
1722 2838 1791 2884 —L

270 2905 465 2961 Cereus
500 2905 637 2962 ultro
661 2926 930 2965 accensus.

272 2999 366 3051 34.
412 2997 724 3069 Scripturus
749 3001 978 3057 virtutes
1005 3010 1167 3072 atque
1193 3004 1475 3070 miracula,
1505 3020 1625 3075 quat
1663 3005 1791 3091 bea-

200 3090 403 3144 tissimi
429 3100 697 3161 martyres
721 3091 945 3158 Christi,
978 3093 1314 3149 Marcellinus
1338 3104 1393 3150 et
1410 3095 1622 3162 Petrus,
1645 3090 1790 3167 post-

1890 1908 2029 1962 sime
2042 1906 2234 1975 iacuit.
2254 1910 2386 1964 Tum
2411 1908 2566 1978 quasi
2586 1909 2870 1979 evigilans,
2887 1911 2941 1963 in
2965 1925 3173 1965 sessum
3194 1925 3254 1965 se
3273 1911 3479 1977 erexit;

1889 2014 1953 2054 ac
1984 1999 2177 2055 deinde
2205 2008 2328 2069 post
2350 2000 2657 2071 paululum,
2694 2002 2843 2057 nullo
2870 2003 3319 2069 adminiculante,
3352 2018 3477 2059 sur-

1888 2091 2063 2156 rexit,
2106 2100 2365 2161 stansque
2408 2094 2462 2147 in
2504 2093 2682 2149 medio
2710 2094 3055 2149 circumfusae
3095 2095 3479 2160 multitudinis,

1890 2198 1997 2237 una
2024 2198 2148 2237 cum
2169 2184 2383 2238 Creteris
2407 2185 2472 2239 de
2505 2182 2719 2254 recepta
2753 2187 2985 2240 sanitate
3013 2187 3214 2257 gratias
3244 2187 3477 2258 agendo,

1892 2273 1989 2328 Dei
2018 2274 2449 2329 misericordiam
2478 2275 2823 2331 collaudavit.
2867 2275 2967 2331 Hic
2994 2292 3053 2333 se
3082 2278 3148 2332 de
3176 2292 3311 2348 pago
3344 2278 3482 2333 Por-

1892 2362 2041 2416 tiano
2066 2376 2090 2403 ιι
2121 2373 2243 2418 cum
2273 2364 2394 2421 aliis
2434 2366 2762 2436 pauperibus
2789 2383 2853 2423 ac
2888 2368 3193 2440 peregrinis
3226 2370 3355 2425 illuc
3381 2384 3481 2425 ve-

1891 2455 2058 2521 nisse,
2088 2455 2477 2528 Danielemque
2500 2459 2705 2524 vocari,
2733 2460 2888 2517 nobis
2917 2460 3363 2529 percontantibus
3394 2460 3480 2515 in-

1888 2544 2110 2603 dicavit.
2156 2547 2354 2602 Eadem
2399 2547 2514 2603 fere
2558 2549 2714 2615 hora,
2760 2550 3058 2621 eodemque
3097 2560 3157 2607 ut
3194 2554 3268 2607 ita
3305 2553 3481 2609 dicam

1891 2644 2185 2702 momento,
2218 2652 2326 2706 quo
2352 2638 2398 2693 is
2422 2636 2489 2694 de
2514 2654 2623 2708 quo
2652 2655 2796 2695 nunc
2824 2641 3081 2708 diximus,
3124 2643 3266 2697 intra
3300 2644 3480 2700 eccle-

1888 2724 2028 2780 siam
2073 2735 2128 2782 et
2166 2742 2349 2781 coram
2398 2729 2517 2797 ipso
2558 2728 2737 2796 altari,
2780 2720 2878 2799 per
2904 2733 3160 2789 virtutem
3198 2733 3401 2790 Christi
3425 2745 3483 2790 et

1892 2814 2336 2871 intercessionem
2362 2826 2684 2888 martyrum,
2717 2821 3003 2876 sanitatem
3028 2832 3112 2877 est
3138 2834 3481 2891 consecutus,

1893 2904 2089 2959 mulier
2115 2906 2359 2975 quaedam
2389 2907 2707 2979 paralytica,
2752 2920 2807 2965 et
2844 2927 2984 2981 pene
3022 2916 3265 2971 omnium
3305 2932 3480 2973 mem-

1892 2993 2115 3048 brorum
2142 2995 2318 3051 ollicio
2344 2997 2623 3066 destituta,
2652 3003 2751 3070 pro
2778 3001 2986 3059 foribus
3010 3005 3248 3061 ecclesia:
3266 3005 3479 3075 iacens,

1894 3086 1950 3141 in
1982 3088 2241 3143 auxilium
2269 3090 2351 3145 sui
2377 3099 2594 3148 sanctos
2623 3102 2892 3166 martyres
2922 3098 3219 3167 invocavit;
3249 3109 3304 3155 et
3332 3116 3479 3167 mox,

198 3195 370 3248 quam
399 3196 587 3235 eorum
609 3184 969 3239 sacratissima
1001 3200 1225 3255 cal-popa
1258 3187 1323 3241 de
1344 3186 1515 3241 “orna
1538 3187 1593 3240 in
1624 3187 1789 3241 Frag).
1817 3167 1865 3230 C
1892 3178 2102 3233 ευηοιὶε
2131 3183 2478 3239 cernentibus
2520 3187 2611 3254 qui
2643 3188 2787 3243 circa
2816 3198 3101 3258 steterant,
3146 3195 3312 3264 C(Bpll
3336 3211 3485 3251 COI-

198 3271 348 3325 ciam
366 3271 544 3325 delata
572 3280 715 3336 sunt,
740 3288 837 3341 per
860 3274 1075 3328 diversa
1090 3275 1205 3329 loca
1231 3275 1493 3341 fecerunt,
1515 3278 1623 3332 imo
1644 3293 1784 3347 qum,

195 3375 299 3429 per
328 3360 542 3415 illorum
571 3360 731 3415 beata
763 3363 959 3417 merita
987 3372 1041 3418 et
1073 3365 1192 3434 pias
1222 3366 1515 3431 orationes,
1548 3366 1661 3435 ipse
1692 3382 1787 3421 rex

196 3458 507 3519 martyrum
554 3452 695 3505 Deus
734 3460 791 3506 et
818 3452 1076 3509 Dominus
1114 3464 1297 3511 noster
1319 3455 1476 3514 Iesus
1516 3456 1783 3523 Christus,

195 3542 273 3595 ad
304 3542 534 3596 salutem
565 3543 863 3609 hominum,
888 3548 1104 3614 operari
1136 3547 1385 3616 dignatus
1406 3558 1507 3613 est,
1537 3564 1789 3604 necessa-

199 3633 348 3686 rium
378 3631 614 3699 iudicavi
635 3634 787 3689 brevi
814 3635 1131 3703 przefatione
1159 3639 1525 3707 perstringere
1548 3640 1699 3709 quod
1721 3656 1787 3694 ex

198 3724 310 3787 his,
346 3737 467 3790 quas
507 3723 748 3777 scribere
776 3724 1033 3793 disposui,
1068 3726 1241 3795 maior
1276 3742 1398 3797 pars
1443 3728 1510 3782 ad
1541 3729 1787 3783 notitiam

199 3826 387 3867 meam
428 3810 654 3865 aliorum
685 3812 945 3867 relatione
981 3814 1187 3882 perlata
1216 3824 1331 3881 est;
1374 3816 1571 3885 quibus
1609 3826 1786 3871 tamen

197 3910 262 3955 ut
291 3902 456 3958 ﬁdem
485 3903 763 3968 haberem,
788 3918 854 3955 ex
878 3904 964 3957 his
984 3918 1105 3972 quas
1131 3905 1242 3973 ipse
1266 3906 1373 3959 vidi
1400 3916 1455 3961 et
1478 3922 1661 3961 coram
1694 3922 1789 3976 po-

196 3993 344 4047 situs
384 3993 610 4061 agnovi,
650 4000 763 4046 tam
797 3992 1026 4048 firmiter
1058 3994 1187 4047 mihi
1218 4011 1535 4065 persuasum
1574 4004 1685 4062 est,
1727 4005 1790 4050 ut

196 4086 323 4139 sine
353 4084 462 4138 ullo
503 4084 856 4139 dubitationis
885 4086 1137 4155 scrupulo
1169 4101 1295 4141 vera
1338 4102 1459 4143 esse
1488 4088 1785 4152 crederem,

196 4192 326 4247 qua
366 4176 436 4230 ab
482 4176 569 4230 his
609 4176 966 4241 dicebantur,
998 4177 1092 4245 qui
1132 4192 1190 4231 se
1234 4178 1325 4232 illa
1367 4179 1567 4234 vidisse
1607 4181 1788 4233 testati

197 4274 366 4331 sunt,
399 4266 611 4322 tametsi
639 4280 1017 4335 personarum,
1048 4282 1083 4321 a
1108 4268 1305 4337 quibus
1336 4270 1449 4323 haec
1489 4269 1786 4335 audieram,

199 4368 296 4412 aut
338 4372 562 4425 parvam
612 4357 943 4411 aut‘nullam
974 4364 1199 4413 eatenus
1235 4358 1477 4411 notitiam
1509 4359 1787 4414 haberem.

198 4449 479 4504 Caeterum
514 4448 580 4502 de
604 4448 689 4502 his
724 4449 974 4503 omnibus
1000 4463 1063 4501 ea
1091 4449 1328 4517 primum
1374 4450 1660 4505 scribenda
1701 4451 1785 4505 vi-

1888 3269 2053 3323 motis
2106 3270 2407 3327 visceribus
2462 3276 2611 3329 velut
2662 3280 3043 3336 nauseabunda
3104 3284 3359 3349 concuti,
3418 3300 3485 3341 ac

1888 3358 2086 3413 deinde
2130 3374 2382 3431 magnam
2424 3364 2530 3418 vim
2572 3366 2897 3439 phlegmatis
2938 3385 3003 3427 ac
3047 3371 3170 3428 bilis
3214 3376 3483 3432 vomenda

1887 3448 2171 3519 proiicere.
2223 3451 2340 3518 Quo
2390 3452 2557 3521 facto,
2604 3458 2883 3527 paululum
2929 3475 3083 3530 aquae
3130 3462 3339 3535 frigidae
3387 3483 3481 3520 su-

1889 3554 2060 3605 mens,
2103 3540 2171 3595 de
2212 3541 2331 3598 loco
2362 3544 2418 3597 in
2448 3560 2554 3614 quo
2592 3547 2811 3617 iacebat
2851 3564 2912 3605 se
2952 3550 3120 3606 levari
3166 3555 3395 3624 rogavit,
3428 3563 3485 3609 et

1889 3627 2082 3683 baculo
2110 3630 2289 3687 nitens
2319 3633 2604 3689 basilicam
2649 3636 2916 3706 introivit,
2962 3640 3308 3713 adoratisque
3337 3660 3485 3699 mar-

1891 3718 2101 3787 tyribus
2140 3735 2206 3776 ac
2245 3732 2463 3793 recepto
2506 3728 2876 3784 membrorum
2918 3731 3121 3802 vigore,
3170 3736 3235 3790 ad
3263 3738 3483 3807 prapria

1892 3810 2193 3863 repedavit.

1892 3810 2193 3877 repedavit.

1959 3898 2046 3953 56.
2090 3901 2299 3955 Interea
2346 3904 2567 3972 quidam
2617 3906 2798 3974 homo,
2844 3909 3192 3967 Vuillibertus
3240 3916 3479 3983 nomine,

1890 3990 2033 4045 haud
2066 3991 2222 4062 longe
2250 4008 2280 4045 a
2308 3994 2557 4061 basilica,
2584 3996 2637 4050 in
2667 4014 2772 4067 qua
2803 4014 2948 4055 nunc
2974 4000 3252 4057 beatorum
3283 4016 3484 4078 marty-

1892 4096 2012 4133 rum
2040 4096 2267 4151 corpora
2304 4087 2668 4155 requiescunt,
2704 4092 2921 4144 domum
2952 4093 3176 4159 habens,
3210 4095 3351 4149 inter
3380 4111 3486 4151 ca:-

1892 4179 2056 4237 teros,
2084 4175 2175 4241 qui
2200 4174 2268 4228 ad
2296 4180 2704 4233 venerationem
2737 4182 2940 4237 sanctis
2967 4184 3324 4240 exhibendam
3354 4202 3485 4242 con-

1890 4273 2173 4331 venerant,
2222 4266 2290 4321 ad
2337 4267 2597 4323 feretrum
2643 4274 2893 4337 accessit,
2936 4283 2991 4328 et
3019 4277 3172 4344 quasi
3218 4292 3317 4347 pro
3344 4279 3486 4335 dono

1892 4357 2251 4428 quadraginta
2278 4360 2529 4417 denarios
2554 4366 2769 4420 obtulit.
2799 4368 2923 4434 Qui,
2953 4384 3076 4423 cum
3106 4386 3137 4423 a
3169 4372 3326 4427 nobis
3351 4372 3487 4429 fuis-

1894 4456 1976 4502 set
2007 4450 2373 4522 interrogatus
2402 4456 2524 4523 quis
2565 4467 2735 4524 esset,
2780 4459 3015 4529 quidque
3052 4462 3153 4517 sibi
3184 4463 3347 4518 vellet
3383 4466 3485 4518 hu-

197 4541 407 4595 dentur
449 4553 569 4606 qua
610 4538 662 4593 in
688 4552 753 4592 eo
783 4539 901 4593 loco
930 4549 1082 4609 gesta
1108 4548 1163 4593 et
1196 4556 1227 4593 a
1252 4540 1458 4610 meipso
1487 4541 1603 4595 visa
1639 4550 1783 4608 sunt,
1814 4517 1866 4577 D
1886 4543 2039 4610 iusce
2080 4517 2321 4598 muneris
2362 4545 2583 4613 oblatio,
2617 4517 2814 4604 retulit‘
2842 4566 2900 4605 se
2930 4517 3067 4606 .ante
3113 4568 3314 4621 paucos
3363 4555 3485 4612 dies

200 4632 275 4686 ad
323 4645 487 4699 quem
524 4644 651 4684 suos
686 4632 1080 4685 sacratissimos
1110 4632 1321 4687 cineres
1348 4632 1510 4686 iidem
1540 4632 1789 4689 beatissi-

197 4722 277 4787 mi
334 4728 605 4789 martyres
653 4718 935 4774 transferri
970 4730 1358 4789 praeceperunt.
1408 4722 1610 4777 Deinde
1661 4723 1783 4788 illa,

196 4826 329 4880 qua:
361 4810 415 4881 in
447 4810 686 4879 Aquensi
715 4810 937 4879 palatio,
972 4812 1073 4865 sub
1104 4812 1235 4880 ipsis
1262 4811 1560 4866 aulicorum
1589 4813 1790 4867 obtuti-

196 4898 308 4953 bus
361 4898 503 4953 facta
546 4908 935 4953 memorantur.
989 4900 1126 4956 Tum
1167 4916 1230 4954 ea
1274 4918 1394 4971 qum
1438 4914 1536 4971 per
1576 4902 1787 4956 diversa

195 4988 351 5052 loca,
379 4988 446 5042 ad
470 5004 612 5057 quae,
655 4990 922 5060 religiosis
958 4989 1092 5044 viris
1128 4991 1435 5060 petentibus
1464 5007 1529 5046 ac
1558 5007 1646 5045 me
1685 4992 1785 5045 tri-

195 5081 435 5144 buente,
480 5096 649 5136 sacra:
675 5082 889 5136 illorum
922 5084 1165 5152 reliquiae
1209 5083 1401 5139 delata)
1442 5093 1586 5150 sunt,
1634 5094 1786 5156 gesta

201 5169 541 5237 referuntur,
574 5173 761 5227 censui
802 5187 922 5228 esse
942 5174 1217 5243 ponenda;
1260 5184 1340 5239 ut,
1380 5176 1485 5246 hoc
1514 5178 1703 5231 ordine
1730 5178 1785 5232 in

198 5259 474 5313 relatione
508 5270 743 5327 servato,
783 5263 918 5317 nihil
952 5273 1313 5319 remaneatex
1339 5266 1591 5320 omnibus
1618 5267 1787 5336 signis

200 5359 377 5420 atque
414 5352 724 5417 miraculis,
754 5369 875 5423 qum
904 5354 970 5406 ad
997 5363 1195 5409 nostra:
1219 5356 1502 5423 parvitatis
1540 5358 1785 5411 notitiam

198 5440 497 5511 pervenire
522 5450 831 5511 potuerunt.
852 5440 957 5497 Sed
976 5442 1111 5511 iam,
1142 5460 1283 5499 nunc
1309 5444 1621 5515 przefatione
1639 5462 1790 5502 com-

201 5532 385 5601 pleta,
431 5532 549 5600 ipsa
589 5550 713 5608 quae
763 5534 988 5590 dicenda
1030 5544 1157 5592 sunt
1242 5537 1501 5592 miracula
1547 5538 1793 5609 profera-

204 5636 353 5676 IDUS.

1892 4634 2210 4702 gravissimo
2236 4635 2496 4706 languore
2536 4650 2868 4710 correptum,
2917 4644 2984 4698 ad
3028 4653 3271 4699 extrema
3318 4645 3485 4702 fuisse

1890 4727 2236 4795 perductum,
2278 4730 2413 4785 adeo
2455 4741 2513 4786 ut
2551 4734 2619 4787 ah
2662 4736 2933 4801 omnibus,
2979 4738 3069 4806 qui
3111 4753 3168 4792 se
3210 4739 3482 4807 viderant,

1891 4818 2228 4890 desperatus,
2276 4824 2657 4881 admoneretur
2696 4836 2757 4881 ut
2797 4844 2986 4883 omnes
3031 4828 3310 4885 facultates
3351 4846 3482 4887 suas

1891 4924 1991 4978 pro
2034 4913 2273 4967 remedio
2313 4916 2507 4971 animze
2548 4932 2659 4972 sua:
2701 4917 2949 4973 celeriter
2994 4930 3282 4990 erogaret:
3314 4936 3482 4991 seque

1888 4998 1963 5051 ita
1989 4998 2203 5055 fecisse.
2245 5001 2473 5073 Jamque
2510 5007 2764 5061 omnibus
2792 5023 2911 5077 quae
2945 5009 3211 5082 habebat,
3252 5012 3319 5065 ad
3361 5027 3482 5081 quze

1888 5090 1976 5157 pia
2007 5090 2124 5145 loca
2146 5090 2321 5147 danda
2351 5091 2531 5149 forent
2553 5095 2851 5166 dispositis,
2879 5115 3045 5154 unum
3073 5116 3140 5155 ex
3167 5102 3339 5157 servis
3367 5104 3480 5157 suis

1889 5193 2011 5232 cum
2042 5178 2244 5249 ingenti
2273 5182 2475 5251 gemitu
2503 5181 2669 5240 fuisse
2700 5198 3085 5255 conquestum,
3117 5191 3260 5260 quod
3287 5205 3479 5262 perpe—

1890 5283 2005 5321 ram
2036 5283 2099 5323 ac
2135 5269 2290 5325 valde
2336 5272 2670 5342 negligenter
2698 5277 2765 5330 ab
2794 5278 2874 5331 eis
2900 5276 3104 5333 factum
3145 5289 3290 5336 esset
3324 5282 3378 5335 in
3412 5297 3479 5337 eo

1890 5359 2032 5425 quod
2057 5357 2193 5411 nihil
2219 5358 2285 5413 de
2306 5360 2462 5414 bonis
2489 5362 2607 5428 eius
2630 5364 2833 5417 sanctis
2870 5381 3045 5434 nuper
3072 5369 3140 5422 de
3184 5368 3355 5423 Roma
3384 5387 3478 5425 ve-

1890 5446 2161 5501 nientibus
2184 5448 2370 5503 datum
2411 5458 2573 5505 esset.
2604 5451 2740 5506 Tum
2780 5468 2838 5508 se
2865 5455 3277 5513 circumstantes
3312 5461 3477 5514 inter-

1892 5550 2136 5606 rogasse,
2175 5538 2222 5591 si
2253 5538 2457 5609 aliquid
2494 5541 2561 5594 de
2593 5541 2755 5596 rebus
2786 5544 2902 5599 suis
2931 5560 3213 5614 superesse
3251 5548 3474 5614 scirent,

1896 5628 2039 5697 quod
2068 5628 2137 5683 ad
2166 5638 2433 5700 martyres
2456 5631 2594 5687 mitti
2620 5634 2903 5703 potuisset.
2926 5666 2996 5678 —
3020 5636 3189 5694 Erant
3212 5639 3356 5695 enim
3382 5639 3472 5694 ad-

280 5747 308 5776 ι
347 5733 403 5789 id
430 5734 550 5805 iam
578 5749 737 5807 supra
758 5753 904 5792 num.
927 5737 999 5794 20
1026 5738 1254 5811 legimus
1282 5755 1298 5796 :
1327 5741 1422 5800 sed
1442 5740 1622 5814 Pagus
1650 5738 2091 5814 Parnasus-quis
2106 5743 2195 5813 sit,
2220 5744 2397 5803 adhuc
2418 5747 2767 5819 requirimus.
