3928 6318
461 339 564 395 559

1788 342 2162 400 EGIN‘IIARDI
2197 344 2489 401 ABBATIS
3634 346 3720 403 560

461 452 567 507 huc
596 452 651 505 in
679 452 1086 517 Micliilinstadt,
1118 461 1174 508 et
1200 452 1439 509 nondum
1476 454 1743 525 aliquibus
1768 456 1935 526 signis
1966 456 2048 509 in-
2076 463 2126 518 Α
2150 457 2344 527 gratia,
2379 472 2476 525 per
2502 456 2668 510 multa
2699 465 3005 512 sanctormu
3036 457 3150 511 loca
3194 456 3495 522 trahentes,
3527 462 3719 513 tandem

463 544 757 609 claruerat,
811 546 953 614 quod
1011 546 1136 600 inde
1182 546 1415 617 migrare
1464 547 1743 603 deberent.
1788 578 1859 587 —
1908 548 2046 601 Tum

458 634 746 703 quemdam
793 634 1159 704 respondisse,
1206 635 1463 705 quoniam
1502 636 1568 691 de
1602 636 1856 691 omnibus
1886 636 2048 691 rebus

456 723 574 792 ejus
602 739 745 778 unus
788 732 996 778 tantum
1026 739 1224 794 porcus
1269 724 1640 790 remansisset,
1687 732 1742 779 et
1784 740 1893 779 non
1928 739 2048 779 esse

456 816 773 884 deputatum
795 830 904 885 quo
925 817 1044 871 dari
1075 817 1322 881 deberet,
1346 824 1479 871 tunc
1508 816 1611 871 sibi
1633 816 2044 885 complacuisse,

456 922 623 976 seque
657 909 1004 977 praecepisse,
1037 914 1097 960 ut
1125 907 1547 970 venundaretur,
1588 912 1643 960 et
1680 914 1803 977 post
1840 906 2047 959 obitum

454 1013 612 1054 suum
640 999 874 1069 pretium
905 998 1039 1053 illud
1064 999 1130 1053 ad
1157 1006 1457 1068 martyrum
1482 998 1773 1052 luminaria
1800 998 2046 1051 mittere-

454 1098 565 1143 tur.
611 1089 821 1155 Quibus
854 1089 1033 1144 verbis
1062 1090 1313 1159 expletis,
1345 1098 1457 1144 tam
1486 1090 1720 1145 subitam
1752 1104 1812 1144 se
1854 1086 2049 1142 asserit

453 1182 690 1236 sensisse
728 1181 1025 1246 medelam,
1066 1190 1126 1235 ut
1152 1182 1419 1251 protinus,
1456 1180 1602 1237 omni
1631 1180 1815 1236 dolore
1841 1178 2043 1249 fugato,

452 1270 617 1325 etiam
647 1270 839 1325 edendi
877 1270 1207 1325 desiderium
1238 1270 1517 1335 habuerit,
1551 1269 1781 1337 ciboque
1807 1276 2046 1338 sumpto,

454 1363 510 1417 iu
544 1371 755 1417 tantum
800 1362 952 1418 brevi
984 1361 1325 1417 confortatus
1354 1362 1444 1427 sit,
1472 1370 1534 1415 ut
1564 1363 1619 1415 in
1649 1361 1948 1416 crastinum
1978 1362 2044 1415 ad

451 1470 615 1510 omne
647 1470 805 1524 opus,
834 1455 978 1525 quod
1018 1455 1096 1509 rei
1128 1454 1413 1509 familiaris
1456 1454 1755 1509 necessitas
1783 1453 2047 1523 postulas-

453 1553 568 1610 set,
616 1546 1016 1615 procurandum
1060 1544 1143 1599 vel
1186 1543 1492 1599 faciendum
1539 1547 1920 1614 percommode
1966 1546 2047 1600 ire

451 1634 737 1704 potuisset.
781 1634 910 1690 Post
941 1636 1046 1689 hoc
1080 1649 1308 1705 porcum
1352 1633 1502 1688 illum
1536 1634 1705 1689 fuisse
1742 1636 2043 1701 venditum,

453 1732 508 1777 et
536 1724 641 1779 hoc
669 1738 792 1779 esse
824 1724 1059 1794 pretium
1085 1725 1223 1795 ejus,
1253 1725 1399 1794 quod
1429 1740 1497 1779 ex
1537 1734 1665 1781 voto
1692 1725 1869 1781 beatis
1898 1741 2046 1781 mar-

455 1814 662 1885 tyribus
687 1813 969 1868 offerebat.

523 1903 610 1958 57.
653 1904 911 1975 Reliquas
932 1906 1160 1960 virtutes
1182 1914 1346 1975 atque
1375 1906 1656 1973 miracula,
1684 1921 1805 1977 quae
1829 1922 1927 1978 per
1950 1922 2045 1963 eos

454 1998 713 2053 Dominus
734 1998 801 2053 ad
824 1998 1053 2053 salutem
1080 1999 1360 2053 hominum
1384 2007 1641 2069 operatus
1661 2006 1763 2063 est,
1788 2000 2044 2067 quoniam

452 2104 559 2157 quo
584 2089 776 2143 ordine
804 2089 1060 2143 dicantur
1085 2088 1220 2143 nihil
1250 2088 1456 2144 referre
1493 2089 1673 2154 video,
1719 2090 1795 2144 ita
1838 2098 1899 2144 ut
1928 2104 2044 2145 me-

454 2179 639 2233 moriae
666 2180 1004 2234 occurrerint
1049 2179 1237 2233 censui
1263 2179 1649 2246 describenda;
1698 2180 1823 2249 quia
1870 2181 1924 2234 in
1953 2195 2046 2234 ea-

455 2281 573 2319 rum
607 2266 869 2321 relatione
917 2270 1090 2337 magis
1122 2267 1251 2335 quid
1300 2275 1355 2320 et
1393 2283 1583 2336 quare,
1628 2282 1790 2337 quam
1832 2268 2047 2336 quando

454 2354 654 2423 aliquid
684 2363 893 2425 gestum
924 2357 1016 2421 sit,
1048 2356 1503 2410 considerandum
1534 2365 1636 2411 est.

522 2445 812 2501 Collocatis
852 2446 1018 2515 igitur
1063 2446 1116 2500 in
1158 2446 1351 2501 eadem
1378 2447 1602 2503 basilica
1641 2463 1792 2502 more
1821 2447 2047 2503 solemni

451 2535 736 2590 beatorum
766 2545 1070 2606 martyrum
1096 2536 1362 2607 reliquiis,
1393 2553 1517 2592 cum
1546 2538 1841 2593 secundum
1869 2537 2046 2592 eccle-

452 2627 688 2681 siastica:
716 2626 1075 2682 institutionis
1098 2629 1548 2683 consuetudinem
1571 2644 1725 2683 sacra
1756 2628 2046 2683 missarum

452 2718 712 2773 solemnia
743 2718 983 2787 quotidie
1012 2717 1443 2783 celebrarentur,
1473 2718 1702 2789 contigit
1729 2727 1789 2771 ut
1813 2718 2046 2786 quadam

450 2810 558 2875 die,
584 2824 710 2863 cum
744 2809 927 2864 divina
955 2824 1046 2864 res
1075 2818 1350 2879 ageretur,
1380 2818 1437 2863 et
1466 2823 1564 2862 nos
1594 2808 1647 2861 in
1678 2808 2049 2876 superioribus

452 2898 695 2968 ejusdem
738 2898 982 2953 ecclesia:
1021 2898 1156 2952 locis
1202 2898 1503 2963 constituti,
1545 2913 1708 2968 super
1746 2896 2047 2966 subjectum

453 2997 615 3059 atque
650 2988 705 3043 in
748 2988 1099 3045 inferioribus
1123 2989 1477 3043 constitutum
1507 2988 1765 3058 populum
1797 2987 2045 3041 intende-

454 3093 656 3143 remus,
684 3077 913 3132 clericus
932 3076 1151 3146 quidam
1171 3076 1509 3141 seminudus,
1531 3077 1621 3145 qui
1647 3076 1788 3130 inter
1814 3082 2039 3129 caeteros

454 3166 522 3220 ad
550 3141 693 3220 idem
724 3141 967 3220 ofﬁciunt
987 3174 1240 3231 venerat,
1272 3172 1437 3234 atque
1480 3141 1756 3221 immedia
1792 3164 2039 3218 multitu-
2067 3141 2111 3203 Ο

453 3256 579 3311 dine
604 3255 969 3310 consistebat.
1020 3263 1133 3309 tam
1163 3255 1315 3326 gravi
1348 3255 1507 3309 ruina
1556 3254 1735 3309 subito
1776 3254 2046 3324 collapsus

455 3354 561 3411 est,
608 3355 668 3400 ut
713 3356 928 3401 mortuo
955 3346 1148 3401 similis
1179 3346 1232 3400 in
1263 3347 1573 3416 pavimento
1616 3346 1919 3400 diutissime
1960 3346 2047 3414 ja-

456 3438 679 3492 cuisset.
702 3438 871 3502 Ouem
900 3452 1025 3491 cum
1054 3445 1372 3491 stertentem
1398 3438 1565 3506 aliqui
1595 3453 1661 3493 ex
1690 3438 2055 3493 circumstan-

455 3528 602 3582 tibus
628 3527 810 3582 levare
836 3536 998 3597 atque
1026 3530 1236 3598 erigere
1262 3538 1613 3592 conarentur,
1637 3538 1790 3583 tanta
1814 3529 1897 3583 vis
1922 3543 2047 3583 san-

455 3618 635 3688 guinis
659 3633 725 3671 ex
744 3632 837 3672 ore
863 3628 918 3672 et
945 3618 1171 3673 naribus
1198 3619 1396 3687 erupit,
1421 3626 1481 3672 ut
1512 3627 1625 3673 tota
1654 3619 1892 3676 anterior
1919 3633 2047 3687 pars

453 3710 716 3779 corporis,
747 3709 800 3764 id
823 3718 926 3776 est,
952 3718 1141 3780 pectus
1162 3717 1217 3764 et
1237 3718 1445 3775 venter,
1473 3722 1529 3764 et
1553 3725 1721 3779 usque
1748 3710 1815 3764 ad
1841 3718 2044 3765 vestem

456 3812 559 3867 qua
589 3797 807 3867 inguina
835 3800 1175 3869 tegebantur,
1210 3799 1313 3852 hac
1340 3806 1488 3853 esset
1512 3799 1901 3853 exuberatione
1926 3814 2049 3869 per-

455 3888 596 3942 fusa.
648 3888 748 3955 Qui
791 3904 913 3943 cum
956 3888 1119 3943 allata
1163 3904 1303 3957 aqua
1333 3887 1527 3943 fuisset
1558 3889 1910 3954 refocillatus,
1960 3905 2047 3945 re-

456 3982 685 4051 sumptis
726 3982 934 4036 viribus
962 3981 1111 4035 clare
1139 3980 1352 4035 locutus
1379 3989 1480 4035 est.
1524 3980 1660 4035 Nam
1703 3982 2045 4051 postmodum

455 4088 485 4127 a
516 4073 672 4127 nobis
705 4072 1084 4141 interrogatus,
1118 4080 1349 4127 testatus
1380 4081 1466 4126 est
1495 4086 1553 4125 se
1584 4072 1652 4125 ab
1695 4070 1923 4125 infantia
1949 4086 2046 4124 sua

455 4178 627 4232 usque
671 4162 725 4216 in
758 4177 996 4232 praesens
1043 4177 1217 4230 neque
1264 4162 1451 4216 audire
1494 4161 1719 4229 aliquid,
1756 4176 1858 4215 nec
1898 4160 2047 4230 loqui

456 4254 711 4325 potuisse.
745 4252 985 4308 Patriam
1014 4253 1117 4307 sibi
1146 4268 1267 4307 esse
1313 4252 1673 4317 Britanniam,
1722 4266 1779 4306 se
1826 4251 2047 4305 natione

455 4345 720 4416 Anglum;
760 4353 991 4399 matrem
1021 4358 1171 4398 suam
1209 4342 1465 4397 visitandi
1496 4341 1689 4410 gratia,
1718 4356 1838 4409 quae
1859 4340 2046 4395 Romae

453 4436 915 4507 peregrinaretur,
942 4435 1048 4489 iter
1070 4434 1387 4504 arripuisse,
1419 4441 1583 4501 atque
1620 4432 1693 4486 ita
1718 4432 1859 4486 inter
1888 4439 2046 4487 ecete-

456 4540 546 4580 ros
573 4524 911 4594 peregrinos,
940 4524 1031 4593 qui
1074 4538 1180 4577 una
1208 4523 1436 4577 Romam
1464 4523 1543 4577 ire
1571 4522 1853 4588 volebant,
1884 4523 1938 4576 in
1984 4521 2048 4575 il—

454 4616 565 4671 lum
598 4615 775 4669 locum
816 4614 1148 4683 pervenisse,
1192 4614 1308 4678 sed,
1346 4613 1510 4668 sociis
1550 4614 1663 4669 suis
1704 4612 2044 4679 abeuntibus,

456 4720 514 4760 se
544 4706 884 4768 substitisse;
912 4704 1195 4772 ipsumque
1223 4703 1388 4767 diem,
1415 4718 1521 4771 quo
1547 4718 1711 4759 sanus
1742 4702 1914 4756 factus
1939 4709 2042 4765 est,

456 4796 747 4865 septimum
773 4809 893 4849 esse
912 4808 979 4848 ex
1004 4809 1109 4863 quo
1145 4795 1200 4847 in
1230 4794 1405 4847 locum
1431 4794 1583 4847 illum
1612 4803 1852 4848 venerat.
1883 4793 2045 4848 Cum-

457 4904 563 4959 que
592 4888 660 4943 ab
688 4902 754 4943 eo
782 4901 977 4942 nomen
1005 4886 1123 4955 ejus
1150 4901 1539 4955 qumreremus,
1565 4886 1840 4955 respondit
1862 4900 1920 4940 se
1942 4901 2041 4940 no-

458 4996 583 5035 men
630 4995 787 5034 suum
818 4980 1033 5048 penitus
1078 4980 1347 5049 ignorare,
1385 4993 1484 5048 pro
1513 4994 1577 5034 eo
1620 4978 1762 5049 quod
1800 4994 1864 5033 ex
1900 4988 2038 5034 tem-

457 5088 623 5143 pore,
665 5085 775 5141 quo
821 5070 1137 5128 obsurduit.
1182 5085 1459 5140 nunquam
1504 5085 1699 5125 nomen
1748 5084 1906 5124 suum
1950 5085 2045 5123 au-

461 5164 642 5217 dierit.

531 5256 622 5309 38.
662 5254 799 5308 Exin
828 5261 950 5324 post
978 5252 1182 5323 aliquot
1210 5251 1346 5315 dies,
1386 5268 1508 5307 cum
1541 5268 1689 5307 more
1724 5254 1949 5308 solemni
1981 5254 2051 5308 ad

462 5346 828 5415 vespertinum
858 5342 1089 5398 olIicium
1130 5344 1182 5398 in
1227 5344 1455 5398 ecclesia
1493 5342 1779 5399 fuissemus
1816 5359 2045 5414 congre-

465 5435 598 5507 gati,
630 5433 807 5505 puella
842 5434 1091 5504 quendam
1134 5432 1298 5487 surda
1326 5442 1382 5486 et
1427 5441 1597 5497 muta,
1628 5448 1789 5500 quam
1818 5432 1885 5487 de
1912 5449 2050 5504 pago

465 5526 768 5597 Biturigum
802 5538 826 5566 ι
855 5532 1009 5595 pater
1032 5523 1149 5593 ejus
1190 5538 1255 5578 ac
1290 5522 1482 5587 frater,
1514 5521 1743 5577 salutem
1779 5523 2053 5593 quaerendi

539 5670 567 5728 ξ
595 5656 811 5712 Scilicet
838 5658 889 5709 in
906 5656 1193 5725 Aquitania
1219 5657 1419 5726 prima,
1447 5658 1514 5711 ad
1536 5671 1699 5728 quam
1724 5654 1867 5712 fama
1891 5658 2056 5715 mira—

474 5727 716 5784 culorum
742 5728 1049 5782 devenerat.

2070 1800 2119 1859 Β

2149 545 2274 599 illuc
2323 545 2638 615 perductam
2693 548 2835 601 inter
2880 556 3102 602 cancros
3160 548 3214 600 in
3266 548 3458 601 eadem
3510 549 3718 605 ecclesia

2147 643 2291 689 stare
2322 633 2582 700 fecerunt,
2614 636 2794 689 subito
2816 637 2955 691 velut
2986 638 3193 691 insania
3221 638 3453 707 quadam
3483 642 3720 707 excitata,

2148 724 2356 779 tabulas
2388 741 2617 796 quarum
2659 727 2867 796 crepitu
2913 729 2977 782 ad
3022 728 3422 798 eleemosynam
3448 731 3721 798 petendam

2146 816 2417 881 utebatur,
2452 826 2653 887 quanta
2681 819 2857 889 potuit
2892 820 3093 874 virtute
3139 822 3431 887 concussit,
3485 832 3642 891 atque
3676 824 3722 879 in

2146 906 2402 974 populum
2455 916 2581 963 ante
2634 924 2692 964 se
2747 910 3099 963 constitutum
3156 910 3445 967 furibunda
3490 913 3721 983 projecit.

2146 997 2283 1051 Tum
2308 1000 2376 1053 ad
2403 1000 2683 1055 sinistrum
2706 1001 2948 1056 ecclesia:
2968 1002 3227 1070 parietem
3255 1019 3569 1069 accurrens,
3591 1005 3725 1060 velut

2145 1086 2199 1139 in
2226 1088 2474 1144 eumdem
2514 1104 2825 1155 ascensura,
2860 1091 3023 1144 trium
3058 1090 3142 1145 vel
3185 1107 3249 1146 eo
3282 1093 3512 1163 amplius
3541 1096 3725 1162 pedum

2146 1177 2284 1232 saltu
2330 1179 2383 1232 in
2430 1178 2599 1233 altum
2646 1180 2793 1245 dato,
2851 1181 3041 1250 supina
3085 1182 3330 1247 corruit;
3380 1191 3452 1247 et,
3495 1198 3614 1236 cum
3661 1184 3725 1238 ibi

2143 1270 2418 1339 paululum
2467 1281 2681 1327 mortuo
2729 1272 2910 1341 potius
2962 1288 3125 1342 quam
3172 1274 3462 1328 dormienti
3509 1275 3728 1329 similior

2137 1359 2415 1428 jacuisset,
2442 1369 2603 1430 atque
2643 1363 2923 1430 eruptione
2952 1362 3252 1430 sanguinis,
3283 1364 3375 1432 qui
3414 1378 3484 1418 ex
3528 1378 3623 1418 ore
3670 1379 3727 1420 ac

2147 1450 2371 1506 naribus
2397 1451 2599 1506 nimius
2625 1450 2946 1521 profluebat,
2976 1460 3120 1507 esset
3148 1467 3285 1522 pene
3326 1462 3437 1509 tota
3469 1469 3727 1524 respersa,

2145 1556 2174 1595 a
2202 1542 2678 1597 circumstantibus
2704 1542 2914 1598 sublata
2955 1550 3118 1612 atque
3148 1545 3202 1597 in
3234 1545 3471 1599 medium
3496 1544 3728 1600 basilica:

2145 1634 2424 1702 deportata
2472 1642 2573 1688 est.
2624 1632 2867 1704 Cumque
2908 1642 2965 1689 et
2993 1635 3066 1689 ibi
3113 1635 3425 1705 aliquandiu
3452 1636 3725 1706 iacuisset,

2146 1724 2295 1779 velut
2320 1724 2386 1779 de
2415 1725 2566 1795 gravi
2614 1740 2807 1779 somno
2832 1734 3149 1794 experrecta
3180 1727 3420 1781 resedit:
3455 1742 3521 1782 ac
3545 1728 3731 1784 deinde

2146 1830 2337 1870 manus
2366 1816 2451 1869 his
2486 1815 2579 1884 qui
2607 1816 2892 1870 astiterant
2920 1817 3226 1887 porrigens,
3262 1825 3323 1870 ut
3348 1817 3403 1871 in
3437 1818 3604 1886 pedes
3628 1820 3730 1873 eri-

2142 1914 2382 1983 geretur,
2424 1906 2621 1976 quibus
2663 1913 2878 1975 poterat
2918 1906 3138 1961 nutibus
3184 1908 3378 1961 oravit.
3426 1908 3620 1963 Erecta
3666 1910 3730 1963 ad

2146 1995 2317 2050 altare
2366 1995 2649 2051 deducitur
2693 2011 2708 2049 :
2756 1996 2846 2051 ubi
2897 2012 3019 2052 cum
3072 1996 3372 2053 Ratleicum
3422 1997 3567 2052 inter
3605 1996 3731 2054 alios

2146 2088 2394 2153 clericos,
2423 2088 2515 2157 qui
2538 2086 2691 2156 juxta
2723 2088 2892 2143 altare
2920 2089 3299 2153 constiterant,
3326 2099 3560 2145 stantem
3588 2106 3650 2145 ac
3676 2106 3732 2146 se

2148 2179 2528 2247 respicientem
2573 2186 2843 2243 cerneret,
2889 2178 3136 2246 protinus
3176 2178 3229 2232 in
3267 2180 3383 2233 hazc
3410 2181 3575 2234 verba
3610 2195 3731 2249 pro-

2148 2266 2329 2336 rupit:
2364 2284 2386 2319 ι
2425 2266 2505 2320 Tu
2533 2282 2614 2331 es,
2646 2267 2840 2335 inquit,
2889 2266 3197 2331 Ratleicus;
3240 2274 3314 2331 tu,
3360 2269 3455 2333 ait,
3491 2268 3593 2323 hoc
3636 2283 3730 2324 no-

2147 2357 2292 2411 mine
2333 2356 2592 2411 vocitaris
2637 2364 2694 2409 tu
2744 2370 2805 2411 es
2855 2371 3045 2411 servus
3103 2357 3298 2411 borum
3342 2366 3674 2413 sanctorum.
3709 2379 3727 2412 ο

2149 2444 2321 2512 Quam
2355 2460 2477 2499 cum
2508 2445 2596 2500 ille
2622 2454 3035 2515 percontaretur
3060 2448 3203 2503 unde
3246 2449 3349 2504 hoc
3396 2450 3612 2515 scisset,
3654 2451 3731 2505 vel

2147 2535 2269 2603 quis
2308 2535 2359 2589 ei
2411 2550 2607 2589 nomen
2649 2551 2803 2590 suum
2847 2536 3138 2592 indicasset
3179 2557 3191 2591 :
3241 2557 3260 2589 ι
3304 2538 3524 2606 Sancti,
3569 2542 3751 2610 inquit.

2149 2626 2261 2692 isti,
2289 2626 2383 2695 qui
2409 2626 2497 2681 hic
2522 2627 2890 2696 requiescunt,
2929 2629 3143 2698 quando
3166 2629 3314 2683 velut
3359 2629 3637 2685 dormiens
3653 2629 3731 2698 ja-

2148 2717 2256 2780 cui,
2299 2724 2648 2771 accesserunt
2676 2715 2743 2769 ad
2776 2731 2863 2771 me
2891 2726 2945 2772 et
2978 2718 3243 2774 miserunt
3287 2719 3485 2788 digitos
3533 2734 3659 2774 suos
3682 2720 3735 2776 in

2150 2806 2418 2862 auriculas
2452 2822 2603 2862 meas
2640 2807 3001 2876 dixeruntque
3043 2809 3215 2863 mihi:
3248 2808 3383 2863 Cum
3415 2809 3729 2875 surrexeris,

2148 2908 2203 2953 et
2231 2898 2298 2952 ad
2332 2898 2503 2953 altare
2542 2900 2857 2964 accesseris,
2906 2898 3137 2953 clericus
3183 2899 3273 2953 ille
3315 2898 3551 2967 juvenis,
3580 2914 3731 2969 quem

2150 3001 2334 3040 coram
2359 2993 2411 3040 te
2438 2986 2695 3041 assistere
2718 3002 2781 3041 ac
2805 2994 2857 3042 te
2886 2986 3162 3040 intendere
3180 2986 3401 3051 videris,
3432 2988 3568 3041 scito
3598 2987 3732 3057 quod

2152 3077 2241 3131 ille
2287 3076 2563 3131 Ratleicus
2610 3085 2856 3143 vocatur,
2906 3085 2961 3132 et
3002 3076 3089 3131 ille
3142 3091 3329 3131 servus
3375 3086 3561 3131 uoster
3603 3086 3682 3133 est

2151 3181 2277 3220 nam
2305 3166 2418 3235 ipse
2448 3174 2530 3220 est
2549 3166 2637 3234 qui
2662 3165 2728 3219 ad
2751 3167 2892 3220 hunc
2922 3165 3099 3219 locum
3128 3175 3355 3234 corpora
3384 3176 3568 3221 nostra
3590 3166 3732 3221 detu-

2149 3254 2233 3309 lit.
2270 3276 2290 3306 ›
2325 3254 2391 3308 Et
2420 3268 2609 3308 revera
2640 3254 2715 3307 ita
2744 3262 2881 3308 erat.
2912 3252 2969 3307 Si
3006 3253 3219 3322 quidem
3246 3255 3358 3324 ipse
3387 3263 3525 3320 erat,
3555 3270 3725 3323 quem,

2149 3350 2370 3412 propter
2396 3351 2709 3396 sanctorum
2737 3342 2994 3411 reliquias
3027 3356 3057 3395 a
3082 3343 3315 3411 quodam
3347 3342 3573 3397 diacono
3600 3342 3727 3399 reci.

2148 3434 2373 3503 piendas
2422 3433 2685 3503 nobisque
2731 3432 3070 3497 deferendas,
3121 3432 3350 3487 Romam
3389 3450 3489 3489 nos
3535 3435 3729 3489 misisse

2150 3525 2205 3579 in
2235 3526 2412 3593 primo
2454 3525 2591 3580 libro
2617 3524 3053 3579 memoravimus.
3103 3523 3172 3577 Et
3219 3524 3335 3578 haec
3384 3525 3599 3593 quidem
3636 3525 3728 3578 hoc

2150 3614 2310 3669 modo
2359 3630 2541 3669 coram
2596 3615 2789 3680 nobis,
2848 3629 2945 3683 per
2990 3614 3246 3667 virtutem
3306 3613 3727 3669 beatissimorum

2149 3713 2470 3775 martyrum,
2496 3704 2717 3775 depulso
2737 3704 3070 3759 infirmitatis
3092 3704 3309 3775 spiritu,
3334 3706 3725 3777 integerrimam

2148 3798 2392 3867 corporis
2420 3797 2503 3851 sui
2546 3798 2834 3851 sanitatem
2881 3806 2964 3852 est
3008 3807 3329 3863 consecuta;
3379 3814 3542 3867 quam
3587 3808 3730 3869 pater

2148 3904 2213 3943 ac
2258 3888 2443 3953 frater,
2467 3888 2559 3957 qui
2594 3903 2714 3942 eam
2743 3887 2833 3942 illo
2863 3887 3224 3953 deduxerunt,
3252 3904 3282 3943 a
3319 3896 3562 3958 tempore
3595 3888 3725 3945 nati—

2148 3980 2331 4033 vitatis
2378 3994 2490 4033 sua:
2531 3978 2752 4033 surdam
2781 3986 2834 4033 et
2870 3984 3077 4032 mutam
3116 3992 3330 4047 semper
3366 3978 3534 4035 fuisse
3557 3978 3727 4035 testati

2150 4081 2300 4126 sunt.

2220 4162 2308 4217 59.
2339 4161 2655 4216 Miraculum
2686 4168 2886 4225 autem,
2920 4162 3063 4231 quod
3088 4178 3233 4217 nunc
3252 4173 3570 4222 narraturus
3592 4175 3721 4225 sum.

2149 4266 2247 4323 ego
2272 4253 2386 4322 ipse
2417 4267 2521 4305 non
2548 4251 2678 4316 vidi,
2716 4252 2810 4306 sed
2831 4252 3011 4305 verbis
3040 4266 3226 4306 eorum
3256 4267 3489 4322 quorum
3520 4252 3617 4306 hoc
3645 4263 3726 4303 re-

2147 4343 2347 4398 latione
2388 4344 2519 4403 mihi
2548 4350 2884 4412 compertum
2925 4352 3027 4406 est,
3056 4359 3161 4397 non
3210 4344 3389 4398 minus
3422 4358 3581 4412 quam
3610 4354 3730 4412 pro-

2071 4472 2125 4531 D
2148 4435 2284 4505 priis
2303 4434 2474 4489 oculis
2495 4435 2718 4489 credere
2732 4448 2985 4503 possum;
3011 4434 3236 4502 ideoque
3257 4449 3367 4488 non
3391 4442 3451 4487 ut
3476 4434 3727 4498 auditum,

2154 4524 2247 4578 sed
2276 4524 2452 4593 potius
2481 4530 2539 4575 ut
2565 4537 2595 4575 a
2630 4537 2717 4579 me
2740 4523 2856 4590 ipso
2878 4522 3073 4585 visum,
3125 4524 3505 4579 incunctanter
3530 4538 3591 4577 ac
3621 4521 3731 4577 sine

2153 4615 2261 4669 ulla
2284 4613 2620 4669 dubitatione
2646 4611 2893 4682 proferre
2916 4612 3149 4666 decrevi.

2222 4705 2550 4759 Mercatores
2594 4704 2812 4771 quidam
2861 4704 2926 4758 de
2974 4702 3192 4756 civitate
3243 4701 3604 4772 Moguntiaca,
3642 4698 3730 4768 qui

2149 4795 2479 4851 frumentum
2530 4798 2583 4851 in
2628 4795 2996 4865 superioribus
3052 4794 3355 4849 Germania:
3423 4794 3666 4864 partibus
3703 4791 3730 4831 δ

2154 4902 2354 4951 emere,
2384 4903 2449 4942 ac
2474 4904 2572 4958 per
2597 4886 2818 4942 ﬂuvium
2853 4886 3085 4941 Moenum
3129 4886 3197 4941 ad
3242 4886 3432 4941 urbem
3480 4886 3731 4941 devehere

2145 4982 2418 5043 solebant,
2445 4994 2646 5034 ciccum
2688 4979 2973 5047 quemdam
3015 4977 3232 5031 natione
3274 4975 3731 5046 Aquitanum,no-

2148 5070 2295 5124 mine
2340 5069 2643 5132 Albricum,
2674 5066 2941 5122 mercedis
2968 5082 2996 5119 a
3023 5066 3133 5120 Deo
3157 5066 3529 5135 promerendm
3566 5062 3730 5135 gratia

2149 5164 2270 5218 navi
2302 5178 2411 5217 sua:
2440 5162 2770 5231 impositum,
2814 5162 2954 5215 sicut
3000 5160 3113 5228 ipse
3140 5158 3428 5228 petiverat,
3469 5157 3535 5211 ad
3559 5152 3731 5210 basili—

2151 5270 2273 5309 cam
2310 5255 2591 5309 beatorum
2635 5262 2934 5324 martyrum
2977 5252 3332 5306 deduxerunt.
3368 5248 3615 5316 Quicum
3658 5242 3728 5298 ibi

2148 5359 2420 5414 egressus,
2450 5352 2611 5413 atque
2655 5345 2710 5399 in
2740 5345 2900 5399 domo
2931 5342 3169 5397 custodis
3192 5340 3436 5396 ecclesia:
3474 5346 3607 5395 esset
3637 5336 3729 5390 lio-

2152 5437 2312 5507 Spitio
2351 5447 2621 5505 receptus,
2658 5444 2864 5504 septem
2891 5434 2975 5490 vel
3011 5448 3075 5489 eo
3106 5432 3335 5502 ampliu's
3380 5433 3497 5487 dies
3538 5427 3726 5485 ibidem

2154 5534 2397 5582 moratus
2419 5534 2519 5580 est.
2544 5525 2954 5581 Habebatenim
2976 5532 3174 5593 praeter
3200 5523 3503 5577 caacitatem
3526 5549 3591 5561 -—
3609 5527 3727 5587 qua

2228 5660 2257 5699 δ
2298 5659 2517 5713 Scilicet
2559 5674 2626 5713 ex
2678 5658 3055 5713 marchionatu
3086 5655 3498 5717 Culembachio,
3524 5650 3704 5722 episco

2165 5738 2295 5801 patu
2319 5729 2719 5800 Bambergensi,
2751 5736 2805 5782 et
2836 5728 3103 5797 contiguis
3134 5726 3407 5781 Bobemia:
3437 5724 3581 5779 locis.
