3928 6308
197 351 299 410 881

1050 354 1229 411 HIST.
1270 350 1658 409 TRANSLAT.
1702 349 1809 407 BB.
1848 351 2267 410 MARCELLI?“
2303 354 2391 409 ET
2429 353 2654 411 PETRI.

3367 352 3474 409 552

200 478 253 523 σει
271 469 562 533 propterea
591 464 734 534 quod
767 464 938 521 oculis
965 466 1206 530 carebat,
1241 465 1500 519 naturalis
1520 463 1642 535 jam
1664 477 1785 519 esse
1810 466 1861 523 A
1885 466 2253 535 quiescebant,
2282 483 2450 537 parvo
2471 470 2647 539 spatio
2678 469 2934 534 distabat,
2967 470 3155 522 orandi
3186 474 3356 538 gratia
3384 487 3475 525 ve-

206 552 488 610 ridebatur
512 585 584 597 —
618 556 932 613 horribilem
977 571 1040 613 ac
1086 554 1286 612 fmdam
1332 558 1500 611 totius
1546 557 1790 626 corporis

200 646 597 704 inﬁrmitatem.
628 650 758 705 Erat
778 651 923 706 enim
944 652 1184 707 omnium
1208 653 1572 707 membrorum
1601 658 1789 721 ingens

200 746 431 807 tremor,
487 741 578 810 qui
628 743 875 797 eumdem
916 750 1027 795 tam
1066 742 1215 813 gravi
1263 742 1540 811 quatiebat
1588 741 1790 795 incom-

200 829 389 894 modo,
418 838 475 885 ut
501 832 738 901 propriis
779 832 1029 887 manibus
1057 832 1235 887 cibum
1276 832 1359 887 ori
1396 847 1493 886 suo
1516 831 1791 901 porrigere

199 919 420 989 penitus
446 935 553 975 non
582 922 805 977 valeret.
837 922 887 977 Is
912 938 1034 977 cum
1062 922 1150 978 die
1182 925 1433 993 quadam,
1464 923 1613 978 boris
1640 930 1791 976 ante-

200 1010 519 1066 meridianis
550 1012 604 1066 in
632 1012 866 1084 hospitio
888 1014 1098 1083 jacens,
1126 1013 1500 1077 obdormisset,
1533 1012 1667 1067 vidit
1694 1027 1792 1082 per

200 1114 458 1170 soporem
483 1106 769 1173 quemdam
795 1104 897 1159 sibi
925 1104 1269 1159 assistentem
1297 1120 1462 1174 seque
1484 1111 1788 1159 monentem

200 1198 264 1244 ut
289 1188 407 1244 cito
433 1200 697 1261 surgeret,
727 1200 886 1263 atque
915 1193 982 1247 ad
1008 1193 1291 1248 ecclesiam
1314 1192 1623 1258 festinaret;
1658 1200 1792 1247 tem-

199 1295 307 1351 pus
345 1282 531 1338 dicens
554 1282 861 1348 advenisse,
887 1300 992 1355 quo
1018 1286 1083 1339 de
1110 1285 1198 1339 illa
1227 1284 1517 1340 miserabili
1544 1284 1793 1353 passione

200 1387 304 1442 per
325 1373 581 1427 virtutem
621 1381 928 1428 sanctorum
975 1374 1192 1429 liberari
1238 1373 1476 1429 deberet.
1525 1374 1793 1443 Experge~

200 1462 383 1518 factus
425 1472 588 1532 atque
636 1464 704 1520 ad
747 1464 1030 1519 ecclesiam
1088 1466 1298 1529 ductus,
1347 1478 1446 1532 pro
1492 1462 1699 1518 foribus
1739 1464 1793 1518 in

198 1554 441 1625 quodam
472 1554 648 1625 lapide
692 1544 955 1611 consedi't.
1004 1554 1276 1625 Agebatur
1304 1563 1432 1609 tunc
1454 1555 1507 1609 in
1543 1554 1791 1617 ecclesia,

199 1659 361 1699 more
392 1644 642 1711 solemni,
689 1645 931 1699 divinum
956 1644 1212 1708 cilicium,
1241 1651 1312 1698 “et
1338 1643 1565 1713 expletis
1594 1643 1793 1698 Oratio-

199 1737 368 1792 nibus
413 1753 533 1806 quae
577 1753 787 1792 sacram
834 1737 1106 1807 Evangelii
1156 1736 1439 1791 lectionem
1490 1736 1795 1804 praecedere

1890 558 2136 625 nisse,et
2161 574 2284 614 cum
2307 574 2429 614 eam
2470 561 2707 615 clausam
2748 560 3088 626 offendisset,
3133 580 3228 630 pro
3272 563 3473 616 foribus

1890 665 2094 705 orasse.
2134 651 2336 708 Deinde
2358 667 2480 707 cum
2506 668 2564 707 sc
2588 654 2868 715 erexisset,
2897 662 2953 709 et
2984 654 3049 709 ad
3082 653 3365 708 ecclesiam
3389 654 3475 710 ire

1892 742 2166 809 coepisset,
2194 743 2392 798 vidisse
2421 744 2706 812 quemdam
2736 743 3011 802 clericum.
3039 744 3346 798 veneranda
3389 756 3480 798 ca-

1892 832 2046 897 nitie,
2072 832 2205 887 stola
2233 832 2351 887 alba
2378 833 2644 897 indutum,
2674 848 2739 887 eo
2780 848 2885 902 quo
2914 843 2967 887 et
3003 835 3116 902 ipse
3143 835 3220 889 ire
3256 833 3475 889 volebat

1893 939 1952 979 se
1998 922 2410 994 praecedentem.
2442 923 2632 991 Quem,
2670 931 2728 978 ut
2754 923 2867 991 ipse
2896 924 3109 986 asserit,
3145 932 3360 978 secutus
3398 931 3482 976 est

1892 1029 2064 1083 usque
2092 1014 2159 1068 ad
2177 1014 2373 1069 ostium
2404 1014 2659 1069 basilicae.
2689 1013 2806 1079 Quo
2834 1029 2954 1067 eum
2988 1016 3147 1069 ambo
3179 1015 3475 1079 venissent,

1896 1104 1942 1160 is
1963 1105 2054 1174 qui
2090 1104 2428 1175 praecedebat
2456 1105 2711 1168 substitit,
2762 1104 2986 1158 sinistro
3027 1105 3165 1173 posti
3207 1120 3264 1159 se
3314 1104 3479 1174 appli-

1896 1209 2044 1258 cans,
2095 1194 2249 1263 quasi
2278 1193 2437 1248 vellet
2480 1205 2539 1248 ut
2575 1194 2665 1248 ille
2700 1194 2852 1263 prius
2893 1194 3285 1263 ingrederetur,
3320 1210 3480 1264 quem

1898 1288 2012 1357 ipse
2050 1288 2209 1357 paulo
2252 1296 2376 1343 ante
2416 1296 2809 1357 praecesserat:
2842 1289 3223 1357 cunctantique
3262 1297 3319 1343 ut
3357 1298 3482 1344 ante

1898 1394 1956 1434 se
1998 1380 2245 1443 intraret,
2288 1379 2575 1433 abnuendo
2617 1378 2923 1447 imperavit.
2953 1378 3201 1445 Quicum
3230 1379 3487 1433 intrasset

1898 1479 1954 1525 et
1972 1470 2039 1525 ad
2058 1470 2322 1524 orandum
2349 1484 2407 1524 se
2433 1470 2763 1534 inclinasset,
2794 1479 2913 1541 post
2941 1479 3148 1541 tergum
3172 1471 3287 1540 ejus
3314 1471 3482 1533 stetit,

1899 1572 1953 1619 et
1987 1578 2109 1618 eum
2133 1578 2314 1634 pugno
2339 1563 2394 1616 in
2419 1564 2686 1617 cervicem
2726 1564 2993 1632 percussit
3040 1574 3201 1632 atque
3240 1571 3485 1632 prostra-

1900 1655 1998 1719 vit,
2027 1662 2082 1709 et
2118 1651 2404 1708 confestim
2432 1653 2669 1707 evanuit.
2710 1651 2877 1718 Quem
2912 1661 3089 1706 tamen
3133 1667 3292 1706 nemo
3321 1652 3482 1716 alius,

1900 1743 2005 1799 nisi
2042 1742 2188 1797 solus
2216 1741 2301 1796 ille
2328 1741 2419 1811 qui
2450 1752 2670 1795 sanatus
2698 1749 2803 1806 est,
2841 1741 2892 1794 vi
2908 1741 3023 1795 lere
3049 1741 3240 1809 potuit.

200 1826 405 1893 solent,
456 1827 630 1896 ipsum
670 1827 774 1896 legi
806 1836 1040 1896 emptum
1083 1836 1183 1881 est.
1217 1825 1383 1894 Cujus
1424 1841 1545 1880 cum
1572 1825 1659 1878 vix
1690 1826 1795 1881 duo
1825 1842 1871 1902 Β
1966 1834 2055 1887 41,
2100 1832 2212 1887 Sub
2262 1832 2403 1885 idem
2458 1830 2571 1885 fere
2619 1840 2850 1900 tempus,
2896 1845 3017 1885 eum
3047 1833 3279 1899 quadam
3328 1838 3488 1885 nocte

200 1930 402 1971 versus
432 1914 662 1972 fuissent
686 1916 912 1987 legendo
938 1916 1216 1986 completi,
1243 1931 1371 1971 ecce
1399 1925 1638 1986 repente,
1658 1915 1803 1970 velut

200 2010 321 2064 vim
356 2010 589 2080 patiens,
616 2010 940 2065 tremulosus
973 2009 1060 2064 ille
1092 2010 1418 2066 vociferatus
1442 2018 1547 2074 est,
1576 2010 1760 2066 dicens
1786 2028 1799 2064 :

209 2118 227 2150 ι
268 2099 480 2168 Adjuva
530 2115 647 2165 me,
694 2110 879 2155 sancte
928 2100 1265 2156 Marcelline!
1322 2123 1341 2154 ι
1384 2102 1503 2168 Quo
1565 2102 1804 2157 clamore

203 2192 429 2246 tametsi
455 2207 644 2247 omnes
670 2194 761 2261 qui
793 2193 846 2246 in
883 2193 1111 2248 ecclesia
1148 2203 1325 2258 erant,
1358 2194 1499 2249 haud
1528 2210 1692 2265 parva
1724 2193 1807 2249 fo-

202 2290 333 2335 rent
375 2281 785 2349 perturbatione
822 2282 1119 2346 commoti,
1171 2281 1376 2352 majore
1426 2290 1603 2336 tamen
1651 2291 1804 2352 parte

202 2382 433 2442 propter
461 2374 817 2427 reverentiam
847 2374 1171 2444 evangelicae
1213 2374 1461 2429 lectionis
1491 2376 1541 2429 in
1572 2375 1691 2429 loco
1717 2390 1803 2429 re-

205 2474 488 2530 manente,
524 2466 707 2535 plures
726 2467 792 2519 ad
820 2466 1105 2520 videndum
1128 2482 1373 2535 quamam
1400 2482 1560 2521 causa
1582 2466 1806 2537 hujusce

206 2557 471 2611 clamoris
500 2558 759 2612 existeret
786 2567 1171 2621 accurrerunt;
1202 2566 1275 2622 et,
1306 2570 1366 2612 ut
1392 2567 1577 2629 postea
1625 2561 1803 2614 testati

206 2655 366 2711 sunt,
418 2647 739 2702 invenerunt
786 2647 1066 2714 eumdem,
1116 2649 1169 2703 in
1220 2664 1286 2704 eo
1329 2666 1436 2720 quo
1484 2652 1806 2707 consederat

204 2736 359 2801 loco,
385 2746 605 2792 extento
634 2752 694 2793 ac
718 2739 1033 2807 resupinato
1070 2755 1296 2809 corpore
1334 2741 1625 2810 jacentem,
1657 2758 1808 2798 meu-

205 2834 441 2896 tumque
466 2842 529 2881 ac
556 2837 743 2897 pectus
768 2844 961 2883 cruore
990 2845 1051 2883 ex
1078 2830 1295 2884 naribus
1322 2830 1621 2901 proﬂuente
1646 2833 1805 2887 inun-

202 2917 425 2972 datum.
463 2918 565 2984 Qui
596 2934 717 2973 cum
761 2919 829 2973 ab
871 2921 950 2974 eis
993 2928 1226 2986 erectus,
1255 2930 1309 2976 et
1348 2922 1624 2992 paululum
1656 2938 1809 2993 aquae

203 3008 430 3079 frigida:
460 3026 679 3066 sumens
709 3011 895 3066 fuisset
942 3021 1236 3079 recreatus,
1274 3013 1460 3067 retulit
1506 3013 1609 3068 sibi
1635 3014 1808 3068 visum

203 3100 403 3166 fuisse,
430 3110 564 3156 tunc
596 3117 717 3157 cum
746 3095 891 3156 illam
914 3118 1100 3158 vocem
1142 3104 1414 3168 emiserat,
1444 3105 1593 3173 quod
1617 3104 1810 3173 aliquis

1901 1932 2201 1994 surgentes,
2240 1923 2305 1977 ad
2336 1922 2618 1976 ecclesiam
2661 1922 2881 1984 iremus,
2927 1922 3234 1975 invenimus
3280 1936 3378 1989 pro
3408 1919 3486 1974 fo-

1902 2017 2051 2070 ribus
2078 2013 2320 2069 ecclesiae
2349 2012 2634 2081 quemdam
2668 2027 2919 2082 puerum,
2952 2013 3004 2065 in
3035 2012 3245 2081 porticu
3285 2011 3478 2081 jacen-

1903 2114 2031 2169 tem,
2065 2104 2199 2158 adeo
2228 2103 2615 2157 miserabiliter
2643 2109 2998 2164 contractum,
3029 2108 3089 2155 ut
3110 2110 3292 2155 mento
3313 2116 3487 2171 genua

1898 2201 2274 2270 jungerentur.
2307 2196 2409 2263 Qui
2435 2212 2621 2261 unum,
2652 2210 2715 2249 ex
2746 2196 2833 2249 his
2860 2196 2951 2265 qui
2972 2209 3072 2249 nos
3099 2195 3480 2263 sequebantur,

1905 2290 2135 2361 rogavit,
2160 2296 2218 2342 ut
2243 2302 2301 2342 se
2332 2287 2387 2340 in
2414 2286 2697 2341 ecclesiam
2726 2286 3063 2355 deportaret;
3097 2293 3150 2339 et
3178 2285 3290 2349 ille,
3323 2285 3483 2337 mise-

1905 2382 2135 2436 ricordia
2171 2388 2373 2444 motus,
2419 2378 2635 2432 sustulit
2681 2393 2825 2441 eum,
2875 2386 2932 2431 et
2962 2380 3014 2431 in
3062 2376 3291 2431 ecclesia
3334 2376 3490 2446 juxta

1905 2471 2175 2526 cancellos
2190 2471 2373 2540 jacere
2400 2469 2546 2523 fecit.
2574 2468 2677 2535 Qui
2698 2467 2978 2523 confestim
3004 2468 3244 2523 irruente
3264 2481 3478 2537 sopore,

1907 2562 1997 2615 ubi
2038 2561 2211 2631 jaeuit
2239 2559 2595 2623 obdormivit;
2649 2574 2749 2613 nec
2784 2560 2936 2627 prius
2972 2558 3245 2628 evigilavit
3292 2558 3483 2627 plene,

1908 2666 2070 2720 quam
2116 2650 2182 2705 de
2214 2650 2303 2703 illa
2351 2648 2645 2703 miserabili
2676 2648 3068 2712 contractione,
3106 2663 3204 2717 per
3231 2647 3488 2718 suffragia

1908 2750 2255 2807 sanctorum,
2306 2742 2379 2795 ita
2424 2739 2666 2811 perfecte
2718 2747 2940 2794 sanatus
2988 2749 3090 2805 est,
3122 2747 3182 2793 ut
3227 2739 3493 2806 evigilans

1906 2845 2006 2900 per
2029 2844 2105 2895 se,
2140 2832 2206 2885 de
2241 2831 2362 2885 loco
2392 2831 2446 2883 in
2499 2844 2661 2899 quem
2694 2828 2800 2883 alio
2831 2836 3081 2898 portante
3129 2829 3337 2883 delatus
3367 2837 3450 2883 est
3473 2868 3486 2893 ,

1910 2931 2182 2991 surgeret,
2215 2931 2377 2990 atque
2408 2922 2475 2976 ad
2507 2922 2678 2975 altare
2706 2920 2821 2976 Deo
2849 2921 3046 2991 gratias
3079 2930 3298 2975 acturus
3333 2936 3490 2976 accc-

1910 3010 2083 3065 deret.
2120 3012 2170 3066 Is
2200 3020 2405 3076 tamen,
2440 3013 2530 3065 ubi
2561 3012 2677 3067 dies
2709 3011 2904 3075 illuxit,
2938 3019 2994 3066 et
3024 3027 3121 3066 nos
3148 3027 3271 3066 cum
3298 3026 3363 3066 eo
3402 3012 3484 3065 lo-

1911 3100 2003 3169 qui
2050 3101 2347 3170 potuimus,
2398 3101 2580 3155 retulit
2621 3116 2677 3155 se
2708 3102 2881 3154 tribus
2923 3101 3145 3164 vicibus,
3174 3100 3488 3170 priusquam

201 3204 338 3245 eum
393 3206 571 3261 pugno
618 3192 672 3245 in
720 3192 983 3247 cervicem
1036 3194 1432 3261 percussisset,
1476 3204 1637 3262 atque
1683 3194 1805 3249 ideo
1832 3186 1875 3247 C
1908 3192 2119 3259 signum
2174 3190 2419 3245 ecclesiae
2453 3190 2743 3255 sonuisset,
2792 3205 2822 3241 a
2870 3190 3101 3259 quodam
3153 3191 3255 3245 sibi
3302 3192 3488 3260 ignoto

202 3280 359 3338 beati
394 3282 648 3352 martyris
689 3282 947 3337 auxilium
985 3283 1320 3353 implorasse.
1355 3282 1625 3338 Cancrum
1655 3284 1800 3338 hunc

202 3374 379 3429 ictum
425 3382 531 3427 tam
578 3374 868 3429 salutarem
922 3375 970 3430 ei
1020 3374 1185 3429 fuisse
1228 3384 1439 3431 constat
1468 3384 1546 3439 ut,
1599 3391 1665 3431 ex
1708 3376 1799 3431 illo

204 3466 470 3537 temporis
518 3472 812 3531 momento,
859 3465 1063 3520 nullum
1110 3466 1253 3520 illius
1302 3465 1455 3521 foedae
1491 3466 1800 3536 agitationis

200 3557 500 3627 vestigium
558 3557 614 3610 in
664 3558 780 3627 ejus
829 3573 1056 3627 corpore
1107 3558 1331 3613 ulterius
1393 3565 1692 3627 appareret.
1750 3557 1800 3613 Is

202 3658 400 3718 postea
427 3663 525 3717 per
563 3648 696 3702 duos
724 3646 837 3703 fere
868 3663 1040 3703 annos
1077 3664 1131 3702 in
1178 3650 1367 3704 eodem
1408 3649 1527 3704 loco
1577 3650 1799 3715 mansit,

201 3746 258 3793 et
288 3744 353 3791 ut
378 3738 496 3805 ipse
524 3744 752 3793 testatus
779 3746 883 3804 est,
915 3738 1058 3793 nulla
1090 3754 1193 3794 nox
1227 3740 1279 3793 in
1310 3741 1411 3794 hoc
1437 3741 1656 3795 biennio
1680 3740 1796 3803 fuit,

202 3828 257 3879 in
284 3840 397 3896 qua
437 3841 535 3893 per
563 3827 832 3882 somnium
870 3828 1111 3893 eosdem,
1141 3829 1233 3896 qui
1260 3843 1382 3882 eum
1414 3829 1621 3883 salvum
1653 3828 1800 3884 fece-

203 3924 364 3980 runt,
407 3924 675 3986 martyres
712 3932 817 3972 non
859 3918 1109 3983 vidisset;
1154 3917 1320 3972 multa
1353 3932 1567 3987 quoque
1607 3920 1676 3974 ab
1722 3919 1803 3975 eis

201 4008 475 4073 audisset,
498 4023 618 4077 quae
645 4009 766 4065 aliis
789 4008 969 4065 dicere
990 4007 1281 4077 jubebatur
1303 4023 1318 4063 :
1342 4024 1408 4065 ex
1452 4010 1649 4078 quibus
1693 4010 1805 4080 ple-

203 4116 381 4171 raque
408 4117 549 4157 nunc
591 4102 814 4172 implere
839 4103 1135 4167 cernimus,
1181 4117 1302 4173 quae
1344 4102 1434 4157 ille
1468 4110 1595 4158 tunc
1622 4101 1805 4159 futura

202 4207 339 4248 esse
366 4193 635 4263 prmdixit.

276 4283 373 4337 40.
414 4284 540 4337 Post
564 4298 765 4352 paucos
800 4285 916 4339 dies
948 4284 1179 4339 vidimus
1218 4291 1273 4338 et
1297 4283 1461 4337 alium
1491 4284 1799 4353 quemdam,

200 4375 377 4431 simili
404 4376 589 4430 morbo
619 4375 961 4446 implicitum,
1004 4375 1057 4429 in
1094 4376 1282 4431 eadem
1311 4375 1558 4451 basilica,
1593 4390 1693 4445 per
1715 4390 1807 4431 eo-

199 4467 459 4522 rum-dem
480 4476 789 4521 sanctorum
814 4468 1026 4532 merita,
1054 4482 1164 4521 non
1185 4466 1431 4521 dissimili
1454 4466 1614 4522 modo
1642 4481 1801 4521 cura-

199 4567 345 4611 tum.
376 4555 513 4609 Nam
553 4556 783 4625 quadam
822 4564 1002 4622 nocte,
1047 4570 1170 4611 cum
1212 4556 1280 4610 ad
1318 4556 1644 4610 matutinum
1686 4556 1801 4611 otﬁ-
1826 4531 1879 4590 D

196 4646 353 4699 cium
385 4643 767 4698 celebrandum
812 4651 869 4699 et
894 4644 1091 4700 divina:
1130 4644 1264 4714 legis
1294 4645 1552 4699 lectiones
1578 4645 1799 4700 audien-

198 4737 303 4791 das
351 4736 408 4790 in
431 4734 656 4790 ecclesia
702 4735 1032 4800 sederemus,
1083 4734 1308 4788 intravit
1351 4735 1572 4803 quidam
1612 4736 1800 4789 habitu

199 4825 474 4889 clericali,
525 4826 881 4881 trementibus
928 4825 1206 4890 membris,
1255 4826 1555 4895 baculoque
1600 4825 1797 4889 nitens,

200 4917 501 4973 titubantia
553 4918 782 4988 vestigia
829 4932 971 4988 regre
1030 4918 1382 4987 gubernabat.
1451 4918 1694 4987 Cumque
1743 4932 1801 4972 se

192 5008 360 5077 juxta
397 5009 660 5078 parietem
691 5010 756 5063 ad
790 5008 1053 5066 orandum
1085 5010 1392 5075 inclinaret,
1438 5011 1641 5081 ingenti
1670 5025 1803 5066 voce

200 5100 449 5163 emissa,
509 5102 791 5171 repentino
841 5117 965 5156 casu
1021 5116 1254 5155 cernuus
1310 5100 1456 5164 ruit,
1517 5116 1584 5156 ac
1634 5116 1801 5170 parva

202 5190 477 5259 temporis
506 5206 654 5246 mora
686 5192 1024 5261 interposita,
1055 5192 1123 5246 ab
1163 5207 1228 5248 eo
1264 5208 1370 5261 quo
1413 5193 1697 5247 tenebatur
1722 5193 1802 5247 in-

201 5284 501 5339 commodo
526 5301 688 5341 sanus
713 5286 965 5341 surrexit.
992 5286 1063 5352 Is,
1097 5302 1218 5341 cum
1251 5288 1319 5342 ab
1343 5298 1408 5343 eo
1438 5302 1802 5357 quaereremus

202 5376 251 5429 si
280 5374 432 5429 aliud
463 5375 682 5445 aliquid,
716 5385 909 5445 praeter
935 5376 1076 5445 quod
1120 5392 1218 5431 nos
1259 5392 1449 5433 omnes
1481 5376 1664 5429 videre
1706 5391 1799 5446 po-

204 5466 438 5530 tuimus,
470 5466 571 5519 sibi
604 5466 778 5520 visum
808 5465 999 5521 fuisset
1028 5481 1092 5521 ea
1120 5467 1276 5532 hora,
1320 5482 1424 5536 qua
1464 5465 1690 5521 salutem
1720 5474 1804 5520 est

205 5562 558 5616 consecutus,
583 5555 719 5609 dixit
745 5571 823 5621 se,
848 5555 1005 5626 paulo
1036 5563 1161 5609 ante
1182 5570 1340 5624 quam
1366 5554 1643 5610 basilicam
1672 5554 1802 5609 fuis-

206 5655 295 5702 set
320 5647 623 5715 ingressus,
660 5648 726 5699 ad
754 5646 1037 5701 ecclesiam
1078 5654 1338 5713 veterem,
1387 5662 1507 5715 quae
1551 5647 1800 5701 occiden-

207 5744 319 5792 tem
368 5750 561 5790 versus
598 5749 627 5787 a
672 5750 807 5790 nova
849 5734 1090 5807 basilica,
1137 5735 1191 5790 in
1221 5751 1326 5807 qua
1379 5745 1645 5808 martyres
1676 5745 1801 5790 tunc

1903 3280 2102 3334 clerico
2128 3281 2445 3343 excitatum,
2494 3288 2656 3348 atque
2687 3281 3018 3335 admonitum
3048 3288 3107 3333 ut
3143 3296 3484 3351 nequaquam

1901 3372 2341 3439 prmtermitteret
2371 3372 2500 3441 quin
2554 3378 2799 3442 tempore
2844 3372 3096 3426 matutini
3125 3372 3282 3427 ofIicii
3316 3375 3368 3427 in
3399 3389 3489 3429 ee-

1901 3460 2124 3516 clesiam
2165 3461 2390 3515 veniret.
2429 3459 2501 3515 Se
2531 3476 2747 3530 quoque
2772 3462 2845 3515 ita
2893 3462 3108 3527 fecisse,
3160 3476 3222 3516 ac
3261 3472 3446 3530 postea
3470 3504 3485 3528 ,

1902 3553 2043 3606 sicut
2075 3567 2174 3606 nos
2204 3551 2457 3617 vidimus,
2486 3553 2538 3605 in
2562 3551 2792 3607 ecclesia
2822 3551 3181 3606 dormientem
3214 3554 3479 3622 integram

1904 3642 1986 3696 sui
2022 3642 2267 3711 corporis
2294 3643 2580 3697 sanitatem
2610 3643 2897 3710 recepisse.
2930 3642 2995 3695 Et
3023 3642 3110 3696 hic
3138 3643 3355 3711 quidem
3385 3659 3483 3697 au-

1904 3748 2096 3786 norum
2127 3733 2346 3787 circiter
2374 3733 2686 3802 quindecim
2714 3747 2834 3786 esse
2860 3732 3161 3786 videbatur.

1974 3820 2063 3873 42.
2104 3820 2282 3874 Alium
2334 3821 2521 3875 itidem
2568 3820 2821 3884 vidimus,
2862 3835 2968 3875 non
3016 3835 3265 3889 puerum,
3297 3828 3357 3875 ut
3396 3823 3485 3877 bie

1903 3918 2045 3975 erat,
2075 3910 2170 3965 sed
2191 3910 2346 3965 valde
2373 3925 2555 3965 senem
2582 3918 2744 3979 atque
2769 3909 3124 3979 decrepitum,
3154 3911 3269 3979 pari
3298 3911 3490 3966 morbo

1905 4002 2181 4069 affectum,
2213 4004 2404 4059 eodem
2436 4004 2489 4057 in
2521 4004 2663 4068 loco,
2695 4003 2858 4057 simili
2885 4005 3062 4062 modo.
3095 4005 3256 4058 simili
3284 4006 3337 4059 in
3358 4014 3491 4060 tem-

1905 4109 2038 4165 pore
2075 4104 2345 4151 curatum.
2385 4095 2555 4163 Quem
2583 4104 2639 4149 et
2662 4096 2838 4163 ipsum
2867 4103 3027 4150 nocte
3058 4097 3288 4164 quadam
3308 4138 3323 4161 ,
3364 4113 3486 4152 cum

1906 4202 2130 4260 prepter
2158 4191 2479 4245 matutinum
2509 4187 2740 4244 cilicium
2770 4189 3152 4245 celebrandum
3184 4192 3251 4245 ad
3286 4193 3487 4247 ostium

1908 4282 2149 4337 ecclesia:
2179 4282 2529 4344 venissemus,
2564 4280 2618 4335 in
2652 4281 2769 4350 ipso
2802 4266 2987 4336 limine
3024 4283 3341 4351 reperimus.
3385 4284 3487 4350 Qui

1906 4375 2135 4446 genibus
2162 4373 2360 4437 nitens,
2393 4372 2602 4427 duobus
2625 4387 2685 4427 se
2706 4371 2915 4426 baculis
2938 4374 3301 4437 sustentabat,
3327 4389 3390 4428 ac
3409 4376 3489 4429 sic

1907 4466 1999 4521 illo
2031 4465 2339 4521 tardissimo
2368 4472 2515 4518 motu
2544 4463 2611 4518 ad
2642 4463 3050 4535 ingrediendum
3090 4478 3189 4519 uos
3232 4468 3486 4521 moraba-

1905 4567 2013 4613 tur.
2044 4557 2289 4628 Cumque
2326 4563 2449 4625 post
2476 4564 2685 4625 tergum
2732 4554 2849 4623 ejus
2887 4554 3188 4619 constituti,
3228 4555 3373 4609 illam
3403 4557 3487 4625 pi-

1906 4665 2056 4720 gram
2095 4649 2488 4719 promotionem
2518 4647 2971 4718 praestolaremur,
3001 4653 3146 4700 tanta
3176 4646 3478 4701 suavissimi

1906 4742 2090 4797 odoris
2119 4739 2433 4810 fragrantia,
2464 4738 2530 4791 de
2559 4736 2781 4791 basilica
2817 4736 3137 4806 procedens,
3178 4750 3338 4789 nares
3383 4750 3483 4790 no-

1908 4840 2051 4887 stras
2080 4830 2337 4898 implevit,
2370 4836 2429 4881 ut
2457 4827 2697 4881 omnium
2732 4835 3034 4881 aromatum
3062 4841 3126 4881 ac
3155 4825 3480 4896 thymiama-

1911 4929 2025 4975 tum
2059 4920 2405 4976 artificiosam
2442 4916 2888 4984 compositionem
2918 4931 3013 4969 sua
3046 4916 3357 4985 pnestantia
3388 4930 3482 4969 su-

1904 5019 2137 5081 peraret.
2175 5009 2400 5063 Intravit
2427 5008 2666 5071 tandem,
2696 5015 2749 5061 et
2780 5021 2965 5061 coram
2996 5008 3151 5062 nobis
3174 5006 3327 5077 juxta
3353 5023 3482 5062 ean—

1903 5102 2067 5157 ceIlos
2093 5100 2245 5170 quasi
2277 5099 2343 5152 ad
2374 5097 2749 5153 dormiendum
2780 5096 3067 5166 procubuit
3096 5115 3107 5149 :
3139 5112 3239 5151 nos
3265 5111 3480 5165 quoque

1901 5192 2177 5247 basilicam
2208 5189 2459 5258 ingressi,
2488 5188 2685 5242 nostris
2715 5187 2847 5240 locis
2876 5187 3239 5251 constitimus,
3289 5201 3351 5240 ac
3396 5186 3474 5241 si-

1902 5283 2011 5336 mul
2064 5297 2185 5337 cum
2232 5281 2353 5335 aliis
2393 5280 2651 5350 psalmos,
2704 5277 2797 5347 qui
2844 5276 3194 5341 dicebantur,
3251 5276 3478 5333 solemni

1903 5387 2054 5427 more
2082 5372 2440 5427 eantavimus.
2467 5370 2536 5424 At
2562 5370 2653 5424 ubi
2674 5370 2849 5438 prima
2872 5368 3033 5423 lectio
3058 5370 3275 5423 recitari
3298 5378 3475 5438 empta

1900 5472 2007 5530 est,
2062 5464 2365 5518 audivimus
2410 5462 2657 5517 eumdem
2707 5476 2892 5516 senem
2942 5476 3178 5529 gemere,
3210 5469 3286 5526 et,
3323 5461 3478 5530 quasi

1903 5553 1995 5622 qui
2046 5553 2154 5605 vim
2184 5562 2479 5623 pateretur,
2516 5551 2777 5605 auxilium
2810 5551 3128 5621 implorare;
3178 5566 3242 5605 ac
3281 5552 3473 5605 deinde

1901 5643 2185 5712 intcrjeeto
2218 5642 2367 5712 parvi
2400 5642 2657 5711 temporis
2684 5642 2885 5710 spatio,
2920 5640 3154 5695 vidimus
3182 5641 3234 5694 in
3261 5656 3469 5695 sessum

1904 5750 1961 5791 se
1990 5733 2228 5803 erigere,
2262 5749 2324 5789 ac
2352 5735 2597 5805 protinus
2627 5733 2850 5800 baculis,
2874 5733 3070 5802 quibus
3098 5733 3367 5789 incessum
3396 5748 3475 5788 rc-
