3912 6368
1738 381 2114 440 EGINHARDI
2152 377 2444 437 ABBATIS

3574 375 3679 431 εει

386 515 516 570 gere
542 496 774 564 auebat,
803 497 1120 570 assumptis,
1152 494 1319 553 etiam
1359 494 1416 552 in
1447 496 1617 567 pedes
1642 496 1976 553 constitisse.
2006 502 2061 563 Α
2082 496 2397 565 bibendum.
2457 494 2652 549 Datum
2683 498 2768 570 est
2812 490 2866 548 in
2897 504 3045 557 vase,
3083 493 3229 563 quod
3280 504 3414 547 casu
3447 504 3678 546 vacuum

383 589 454 645 Et
496 602 597 645 nos
622 587 842 659 quidem
890 589 1009 645 haec
1032 589 1286 644 vidimus.
1326 588 1449 659 ipse
1482 595 1665 642 autem
1710 586 1982 642 fatebatur

384 677 491 735 sibi
524 678 701 733 visum
730 676 923 745 fuisse,
973 678 1119 748 quod
1142 693 1203 733 se
1236 676 1510 747 jacentem
1541 677 1695 747 quasi
1720 677 1828 732 duo
1856 676 1981 751 qui-

386 769 512 826 dam
537 769 1047 841 apprehendissent,
1066 785 1209 824 unus
1226 784 1327 838 per
1346 769 1607 825 humeros
1634 770 1703 824 ad
1724 768 1880 840 [Ms.,
1902 769 1982 842 et]

385 860 636 925 brachia,
663 860 806 921 alter
832 873 932 932 per
960 877 1121 917 crura
1147 869 1205 916 et
1236 861 1423 931 pedes,
1479 877 1545 916 ac
1593 861 1639 915 si
1693 859 1849 932 [Ms.,
1879 859 1982 932 sic]

388 947 686 1017 trahendo,
714 962 916 1006 nervus
959 964 1090 1004 suos
1115 948 1208 1019 qui
1235 949 1501 1003 contracti
1531 956 1689 1003 erant
1712 948 1987 1006 extendis-

390 1048 534 1096 sent.
558 1040 626 1094 Et
646 1040 776 1109 quia
801 1047 999 1110 praeter
1031 1040 1137 1095 hoc
1159 1039 1551 1094 contractionis
1580 1038 1987 1094 incommodum

388 1131 554 1185 etiam
586 1129 811 1185 surdum
837 1144 897 1184 se
924 1128 1092 1184 fuisse
1119 1130 1423 1195 asserebat,
1453 1127 1590 1184 dixit
1615 1128 1739 1194 sibi,
1772 1144 1896 1185 cum
1931 1129 1986 1183 in

389 1236 603 1278 sessum
631 1219 825 1275 fuisset
845 1228 1083 1286 erectus,
1103 1219 1251 1275 velut
1276 1219 1443 1275 ictum
1464 1220 1628 1291 pugni
1655 1219 1989 1275 validissime

388 1313 639 1369 ferientis
679 1313 736 1368 in
779 1320 944 1383 caput
994 1312 1376 1381 supervenisse
1420 1309 1563 1383 [M3,
1616 1326 1849 1380 superne
1891 1325 1987 1364 ve—

389 1403 626 1478 nisse];
689 1419 992 1475 vocemque
1054 1402 1215 1458 Simul
1275 1411 1338 1458 ut
1402 1404 1457 1457 in
1517 1402 1759 1482 futurum
1829 1403 1987 1457 audi-

393 1503 485 1551 ret
530 1494 857 1566 imperantis
900 1493 1138 1557 audisse.
1191 1492 1291 1548 Hic
1328 1507 1498 1548 senex
1548 1493 1653 1547 hoc
1699 1491 1861 1547 modo
1902 1506 1991 1546 sa-

393 1594 580 1651 natus,
617 1585 684 1642 de
714 1600 853 1657 pago
896 1584 1269 1639 Helvetiorum
1319 1582 1414 1653 qui
1444 1597 1593 1637 nunc
1620 1581 1929 1650 Aragaovin
1961 1593 1985 1622 ι

388 1684 644 1743 vocatur,
696 1688 755 1730 se
806 1675 1052 1741 venisse,
1101 1681 1157 1730 et
1202 1673 1422 1729 natione
1473 1671 1835 1727 Alamannum
1869 1685 1990 1726 esse

389 1775 533 1824 testa
540 1775 628 1822 tus
656 1772 762 1821 est.

2085 603 2248 659 supra
2277 601 2495 658 cupam,
2528 587 2582 641 in
2615 601 2721 656 qua
2763 585 2993 641 cervisia
3036 594 3178 659 erat,
3212 584 3453 654 positum
3481 580 3678 637 fuerat.

2086 656 2193 737 sed
2213 677 2305 730 ubi
2332 656 2436 730 hoc
2465 675 2757 731 hausturus
2780 675 2865 730 ori
2896 656 3155 737 admovit,
3194 689 3318 728 eum
3351 673 3555 743 ingenti
3585 673 3683 727 ad-

2087 770 2398 833 miratione,
2431 768 2619 821 vinum
2649 769 2771 833 hoc,
2822 782 2931 821 non
2980 765 3264 821 cervisiam
3304 779 3447 831 esse,
3481 762 3683 819 clama-

2086 862 2188 915 vit.
2218 860 2463 930 Cumque
2489 874 2610 914 eum
2642 860 2709 924 is,
2736 859 2831 928 qui
2859 866 2915 912 et
2943 857 3235 912 ilasconem
3260 856 3604 926 impleverat,
3626 864 3683 911 et

2086 950 2344 1021 idipsum,
2395 949 2539 1020 quod
2579 949 2661 1005 illi
2689 952 2874 1005 datum
2923 948 3046 1013 fuit,
3078 949 3145 1003 de
3174 948 3367 1002 eodem
3411 946 3682 1001 foramine

2087 1050 2353 1109 traxerat,
2389 1041 2657 1097 mendacii
2692 1042 2946 1111 coepisset
2974 1055 3205 1111 arguere
3231 1057 3243 1091 :
3269 1069 3343 1079 —
3378 1038 3564 1104 Sume,
3600 1039 3685 1093 in-

2088 1131 2226 1202 quit,
2259 1139 2314 1186 et
2361 1138 2552 1202 gusta;
2593 1138 2649 1186 et
2672 1140 3058 1193 tunc’me'non
3106 1128 3335 1195 falsum,
3374 1130 3469 1184 sed
3500 1128 3686 1198 potius

2088 1238 2279 1279 verum
2304 1223 2509 1280 dixisse
2562 1222 2838 1292 probabis.
2869 1252 2941 1264 ——
2978 1221 3223 1291 Sumpsit
3245 1221 3335 1276 ille
3363 1229 3528 1290 atque
3555 1228 3687 1288 gus-

2088 1318 2248 1385 tavit,
2275 1318 2486 1387 sibique
2512 1315 2765 1391 similiter
2786 1316 2970 1369 vinum
2994 1317 3121 1381 hoc,
3146 1329 3254 1369 non
3281 1314 3571 1369 cervisiam
3594 1326 3688 1366 sa-

2088 1424 2219 1481 pere
2263 1417 2496 1465 testatus
2520 1417 2628 1463 est.
2684 1407 2837 1462 Tunc
2865 1394 3059 1463 tertius
3087 1415 3143 1462 et
3177 1414 3425 1476 quartus,
3473 1404 3686 1460 ueteric

2090 1513 2196 1571 que
2228 1500 2321 1569 qui
2351 1498 2601 1564 aderant,
2651 1496 2967 1567 singillatim
3010 1483 3279 1562 instando
3311 1504 3368 1550 et
3395 1493 3682 1557 mirando,

2093 1598 2265 1646 totum
2292 1590 2439 1659 quod
2479 1589 2538 1643 in
2563 1602 2697 1643 vase
2720 1587 2900 1644 fuerat
2924 1587 3233 1642 ebiberant.
3264 1586 3546 1655 Quotquot
3586 1600 3687 1638 au-

2090 1688 2199 1735 tem
2238 1682 2361 1735 inde
2395 1686 2769 1750 gustaverunt,
2820 1678 2978 1744 meri,
3009 1692 3117 1733 non
3147 1677 3396 1733 cervisiae
3442 1674 3499 1729 id
3526 1689 3688 1739 sapo—

2092 1784 2209 1825 rem
2242 1768 2515 1833 habuisse,
2543 1770 2729 1823 testati
2756 1774 2903 1822 sunt.

468 1854 566 1910 43.
607 1854 763 1909 Alius
812 1860 995 1908 autem
1030 1853 1197 1908 simili
1232 1852 1394 1908 modo
1436 1866 1726 1907 nervorum
1770 1859 1990 1908 contra-
2015 1874 2064 1933 Β
2156 1861 2249 1916 45,
2301 1861 2514 1917 Interea
2543 1900 2558 1927 ,
2585 1875 2708 1915 cum
2744 1860 2799 1915 in
2825 1858 2986 1928 hujus
3030 1859 3170 1931 signi
3208 1857 3571 1915 admiratione
3599 1866 3685 1913 at.

389 1945 574 2002 ctione
604 1944 945 2008 debilitatus,
974 1942 1072 2012 qui
1110 1956 1171 1997 se
1197 1942 1263 1996 de
1287 1942 1408 1996 vico
1435 1940 1699 2006 Leodico,
1741 1941 1834 1996 ubi
1856 1955 1987 1996 san-

390 2043 514 2093 ctus
558 2033 889 2088 Lambertus
912 2032 942 2072 b
974 2048 1204 2104 corpore
1238 2032 1558 2103 requiescit,
1602 2032 1819 2089 venisse
1846 2032 1992 2087 dice-

388 2128 507 2191 bat,
537 2126 774 2195 quadam
800 2124 1075 2179 dominica
1103 2132 1286 2189 nocte,
1314 2130 1438 2193 post
1462 2131 1743 2191 peractum
1774 2121 1990 2176 matuti-

393 2216 518 2271 nale
544 2214 809 2280 ofﬁcium,
844 2215 1004 2269 nobis
1025 2228 1139 2282 jam
1170 2213 1238 2269 de
1267 2214 1499 2269 ecclesia
1531 2213 1829 2283 regressis,
1864 2226 1988 2266 cum

391 2314 617 2376 propter
646 2318 742 2360 eos
767 2304 863 2374 qui
891 2304 959 2359 de
984 2303 1144 2372 longe
1171 2310 1457 2369 venerant,
1487 2312 1545 2359 et
1571 2302 1641 2356 ad
1683 2317 1783 2357 sua
1809 2301 1991 2357 redire

394 2395 757 2460 festinabant,
805 2394 1002 2450 hostize
1049 2393 1307 2449 salutaris
1333 2400 1676 2448 sacramenta
1704 2392 1991 2463 presbyter

391 2502 462 2543 ex
492 2501 644 2541 more
674 2486 997 2552 celebraret,
1026 2500 1213 2541 coram
1251 2484 1507 2542 omnibus
1530 2484 1624 2555 qui
1651 2483 1898 2549 aderant,
1932 2483 1989 2538 in

386 2578 765 2648 pavimentum
811 2576 1029 2642 cecidit,
1079 2574 1265 2645 ibique
1305 2590 1477 2646 parvo
1508 2574 1771 2645 temporis
1810 2574 1989 2645 spatio

396 2667 549 2724 velut
575 2674 867 2736 soporatus
888 2665 1066 2735 jacuit
1086 2682 1101 2730 ;
1122 2666 1272 2731 dein,
1293 2665 1450 2735 quasi
1479 2664 1550 2719 de
1575 2680 1767 2721 somno
1794 2680 1991 2735 exper-

390 2757 657 2828 gefactus,
706 2757 925 2811 nemine
956 2770 1016 2811 se
1045 2755 1389 2822 sublevante,
1438 2756 1696 2811 surrexit.
1740 2753 1988 2826 Cumque

391 2864 537 2903 unus
567 2863 635 2903 ex
680 2847 1166 2903 circumstantibus
1194 2847 1442 2913 baculus,
1491 2846 1691 2916 quibus
1736 2854 1863 2902 ante
1907 2846 1990 2901 uti

393 2939 621 3006 solebat,
666 2946 744 3005 et,
796 2953 921 2993 cum
966 2938 1207 3003 caderet,
1256 2937 1325 2993 de
1369 2938 1621 2993 manibus
1648 2935 1769 3006 ejus
1814 2936 1987 3007 elapsi

391 3030 583 3099 procul
605 3028 879 3098 iacebant,
911 3035 1176 3094 sumeret,
1205 3029 1368 3098 eique
1412 3030 1740 3100 porrigeret,
1784 3029 1986 3094 renuit,

392 3125 623 3181 dicens:
662 3142 681 3176 ι
715 3122 875 3178 Absit
918 3138 950 3177 a
981 3137 1089 3187 me,
1140 3130 1201 3177 ut
1223 3136 1319 3178 eos
1361 3118 1594 3178 ulterius
1638 3123 1925 3191 attingam.
1962 3141 1981 3174 ι

2094 1954 2253 2008 tonitl
2279 1960 2579 2024 stuperent,
2629 1953 2860 2023 contigit
2908 1960 2969 2007 ut
3010 1962 3223 2019 cereus,
3288 1949 3444 2019 wjus
3482 1951 3687 2007 lumine

2090 2043 2291 2099 ibidem
2345 2043 2659 2108 utebantur,
2705 2049 2761 2098 et
2790 2052 2920 2099 tunc
2966 2050 3189 2114 propter
3230 2058 3427 2113 cupam
3489 2044 3687 2114 parieti

2089 2133 2281 2188 aiiixus
2334 2134 2580 2198 ardebat,
2642 2135 2861 2190 nemine
2915 2136 3291 2205 contingente,
3343 2134 3399 2189 in
3454 2134 3686 2189 madens

2088 2225 2318 2280 humore
2353 2224 2725 2294 pavimentum
2775 2225 3026 2289 caderet;
3072 2234 3239 2299 atque
3277 2225 3353 2279 ita
3384 2233 3533 2279 esset
3582 2239 3685 2277 ex-

2091 2315 2311 2379 tinctus,
2361 2322 2424 2368 ut
2474 2329 2543 2369 ne
2592 2314 2916 2383 parvissima
2960 2314 3179 2384 quidem
3223 2315 3278 2369 in
3335 2329 3400 2368 eo
3443 2313 3687 2369 scintilla

2090 2412 2417 2460 remaneret.
2465 2396 2639 2471 Quem
2659 2420 2800 2460 unus
2825 2420 3013 2460 eorum
3058 2406 3347 2473 arripiens,
3378 2405 3446 2459 ad
3475 2405 3684 2459 ostium

2088 2496 2363 2560 cucurrit;
2397 2495 2493 2550 sed
2516 2494 2746 2551 horrore
2782 2496 3129 2551 tenebrarum
3156 2502 3458 2565 permotus,
3504 2496 3686 2564 prius-

2090 2601 2257 2657 quam
2313 2586 2683 2657 egrederetur,
2734 2585 2788 2640 in
2835 2586 2953 2655 ipso
2996 2586 3185 2639 limine
3242 2594 3395 2640 stans
3430 2603 3441 2639 :
3476 2584 3686 2650 Sancti,

2089 2678 2287 2748 inquit,
2339 2684 2608 2748 martyres
2658 2676 3001 2733 Marcellinus
3052 2686 3107 2732 et
3163 2677 3360 2732 Petrus
3393 2693 3495 2732 nos
3530 2674 3692 2743 adju-

2092 2770 2252 2824 vent!
2297 2768 2381 2824 Ad
2409 2783 2576 2839 quam
2594 2768 2996 2823 invocationem
3024 2782 3218 2823 cereus
3241 2767 3353 2833 ille,
3379 2783 3543 2837 quem
3574 2782 3693 2820 ma-

2089 2875 2163 2914 nu
2188 2858 2428 2925 tenebat,
2482 2873 2743 2913 accensus
2770 2865 2872 2912 est.
2912 2876 2932 2909 ι
2980 2856 3107 2912 Haec
3135 2858 3225 2912 ubi
3258 2858 3463 2921 audivi,
3494 2856 3689 2911 conie-

2090 2949 2219 3003 stim
2266 2948 2380 3004 Deo
2421 2947 2803 3018 omnipotenti,
2846 2954 2907 3000 ut
2953 2961 3053 3017 par
3107 2954 3248 3011 erat,
3308 2946 3525 3000 laudem
3575 2944 3692 3000 dixi

2092 3050 2148 3096 et
2197 3040 2408 3112 gratias
2433 3038 2518 3111 egi
2562 3080 2578 3103 ,
2642 3038 2735 3109 qui
2766 3046 2985 3095 sanctos
3009 3053 3138 3093 suos
3166 3051 3382 3107 semper
3410 3045 3467 3091 et
3489 3036 3695 3104 ubique

2093 3129 2387 3201 gloriﬁcat,
2438 3136 2495 3183 et
2526 3143 2633 3183 nos»
2658 3127 2889 3184 famulos
2942 3128 3234 3197 suosrqui
3273 3142 3458 3182 sacras
3497 3141 3691 3180 eorum

399 3214 509 3270 Sed
537 3224 592 3275 et
617 3216 720 3271 iste
748 3215 817 3271 ad
844 3216 991 3272 hunc
1018 3214 1240 3271 modum
1261 3222 1504 3280 curatus,
1544 3213 1603 3268 in
1637 3213 1869 3283 patriam
1902 3227 1990 3269 re-
2016 3219 2061 3281 C
2093 3220 2351 3290 reliquias
2377 3227 2503 3273 tunc
2522 3218 2803 3274 nobiseum
2833 3218 3191 3282 habebamus,
3230 3216 3296 3271 de
3322 3217 3493 3270 tantis
3513 3216 3694 3268 virtu-

395 3307 635 3377 pedavit,
665 3305 734 3362 de
784 3321 913 3375 qua,
945 3306 1210 3373 reptando
1228 3305 1409 3377 potius
1448 3319 1615 3374 quam
1645 3304 1947 3360 incedendo
1974 3344 1989 3371 ,

398 3399 466 3454 ad
495 3407 796 3469 martyrum
824 3398 1013 3452 limina
1042 3404 1390 3468 pervenerat.

464 3490 555 3545 ιι.
599 3488 710 3544 Nec
757 3489 929 3543 multo
954 3495 1098 3557 post,
1131 3503 1255 3542 cum
1288 3502 1390 3560 ego
1426 3500 1615 3542 mense
1641 3483 1991 3549 novembrio,

397 3580 701 3638 secundum
730 3578 1180 3634 consuetudinem
1213 3578 1268 3634 in
1292 3577 1495 3647 palatio
1519 3578 1893 3640 hiematurus,
1926 3573 1995 3628 ad

401 3674 721 3729 comitatum
747 3672 830 3726 ire
870 3671 1248 3739 disponerem;
1272 3669 1496 3738 jamque
1542 3669 1645 3723 iter
1671 3668 1991 3738 ingressus,

404 3762 725 3818 transmisso
773 3760 996 3815 flumine
1038 3760 1241 3826 Hreno,
1292 3760 1349 3814 in
1399 3759 1582 3815 villam
1624 3758 1855 3828 regiam,
1906 3756 1995 3811 cui

403 3853 691 3909 Sinciacus
737 3861 760 3892 ο
816 3850 1138 3906 vocabulum
1191 3857 1295 3915 est,
1344 3849 1413 3904 ad
1466 3848 1793 3903 manendum
1845 3846 1997 3900 veni-

402 3959 541 4008 rem,
568 3951 626 3997 et
673 3951 796 4013 post
822 3955 1058 4005 caenam,
1110 3956 1231 4010 qua
1282 3940 1520 4009 aliquam
1565 3939 1744 3995 noctis
1781 3944 1995 4009 partem

403 4041 786 4104 occupaverat,
838 4034 893 4088 in
940 4030 1178 4086 cubiculi
1228 4039 1522 4095 secretum,
1570 4030 1663 4085 ubi
1713 4030 1997 4098 quieturus

409 4146 586 4193 eram,
619 4143 743 4183 cum
774 4126 1136 4182 familiaribus
1161 4125 1297 4180 meis
1327 4139 1416 4179 me
1446 4124 1805 4192 recepissem;
1834 4119 1995 4185 mini—

407 4230 521 4278 ster
545 4221 637 4290 qui
685 4227 872 4290 potum
921 4218 1078 4273 nobis
1106 4218 1385 4287 porrigere
1418 4214 1642 4278 solebat,
1688 4213 1843 4284 quasi
1872 4212 1996 4268 novi

408 4310 617 4381 aliquid
645 4309 1018 4373 nuntiaturus,
1057 4305 1382 4361 festinanter
1410 4304 1655 4358 intravit.
1688 4302 1859 4370 Quem
1894 4316 1997 4373 ego

411 4404 682 4461 intuitus:
720 4420 739 4453 ‹
778 4400 919 4468 Quid
953 4408 1031 4464 tu,
1068 4399 1314 4466 inquam,
1362 4408 1587 4449 narrare
1620 4393 1735 4447 vis?
1776 4392 1911 4447 Nam
1938 4399 1999 4445 ut

410 4494 589 4559 video,
617 4492 789 4547 habes
818 4490 1005 4545 nescio
1030 4488 1181 4557 quid,
1217 4486 1363 4555 quod
1390 4485 1457 4539 ad
1486 4492 1731 4539 nostram
1762 4483 1845 4539 vis
1874 4498 1998 4552 per-

413 4584 559 4641 ferre
584 4582 857 4639 notitiam.
895 4599 915 4633 ι
949 4610 1019 4621 -
1048 4579 1186 4634 Tum
1212 4577 1299 4631 ille
1330 4595 1341 4630 :
1392 4594 1411 4627 ι
1447 4575 1635 4647 Signa,
1668 4574 1863 4643 inquit,
1893 4575 1999 4628 duo

414 4690 600 4731 coram
646 4673 806 4729 nobis
835 4670 995 4726 modo
1023 4669 1169 4725 facta
1204 4676 1353 4734 sunt,
1404 4682 1525 4736 quae
1571 4666 1728 4721 vobis
1756 4664 1998 4719 indicare

412 4768 558 4823 veni.
592 4786 612 4819 ι
651 4766 895 4835 Cumque
944 4778 1094 4829 eum,
1142 4760 1404 4831 quidquid
1450 4758 1633 4824 vellet,
1672 4756 1852 4813 dicere
1876 4753 1997 4822 jus-

414 4856 611 4911 sisscm
643 4871 656 4907 :
695 4871 715 4905 ι
760 4852 941 4917 Modo,
972 4852 1067 4916 ait,
1103 4866 1225 4906 eum
1276 4849 1345 4904 de
1388 4862 1543 4903 ctena
1584 4853 1866 4916 surgentes
1895 4844 2000 4899 hoc

416 4943 724 5001 cubiculum
771 4941 1035 5005 intrastis,
1069 4954 1171 5009 ego
1200 4954 1324 4995 cum
1373 4937 1537 4992 sociis
1584 4936 1722 4990 meis
1747 4931 2000 4989 descendi

418 5039 475 5093 in
527 5035 825 5100 cellarium,
876 5033 1020 5105 quod
1058 5032 1185 5087 huic
1231 5028 1512 5087 caenaculo
1551 5026 1857 5095 subjectum
1895 5031 1998 5077 est.

419 5126 524 5183 Ubi
552 5141 677 5182 cum
714 5124 1003 5183 cervisiam
1036 5122 1301 5177 ministris
1327 5118 1637 5189 petentibus
1674 5115 2004 5177 distribuere

420 5218 799 5287 cmpissemus,
833 5215 1147 5287 supervenit
1174 5226 1307 5283 puer
1338 5211 1538 5265 missus
1564 5224 1594 5262 a
1625 5208 1859 5279 quodam
1875 5219 2004 5260 con-

418 5322 583 5363 servo
628 5314 838 5369 nostro,
893 5303 1187 5358 iiasconem
1237 5300 1418 5356 ferens
1459 5313 1619 5367 quem
1662 5296 1764 5351 sibi
1793 5293 2004 5363 impleri

421 5398 721 5470 ﬂagitabat.
760 5394 865 5463 Qui
912 5410 1035 5449 cum
1063 5400 1209 5448 esset
1254 5391 1526 5461 impletus,
1573 5386 1729 5457 petiit
1753 5394 1812 5439 ut
1840 5384 2002 5439 etiam

424 5492 529 5548 sibi
572 5491 637 5545 de
662 5489 851 5545 eadem
875 5486 1105 5543 cervisia
1134 5482 1666 5554 quantulumcunque
1694 5477 1916 5530 daretur
1936 5473 2004 5527 ad

499 5614 525 5641 ι
556 5599 924 5670 NuneArgow,
948 5602 1015 5670 ab
1039 5593 1381 5670 interﬂuente
1393 5592 1498 5645 Ara
1516 5592 1595 5646 sic
1613 5591 1788 5670 dictus
1814 5602 2002 5658 pagus,

427 5672 596 5794 tocius
629 5659 883 5726 Helveiiae
903 5659 1069 5724 veluti
1090 5674 1336 5722 centrum
1376 5670 1623 5732 occupat,
1652 5676 1713 5715 ac
1734 5659 2006 5714 Lucerna-

430 5751 472 5794 u
512 5756 574 5794 us
598 5750 767 5794 narct.

430 5750 574 5798 ttbus
598 5750 767 5812 paret.

2095 3311 2241 3368 tibus
2291 3310 2569 3366 laetitieare
2598 3309 2852 3380 dignatus
2876 3316 2981 3364 est.
3024 3308 3179 3363 Illum
3221 3317 3429 3372 autem,
3453 3307 3545 3376 qui
3570 3308 3691 3361 base

2094 3402 2231 3459 mihi
2268 3400 2557 3464 nuntiavit,
2616 3399 2831 3470 expleta
2877 3400 3214 3464 narratione,
3246 3399 3313 3452 ad
3342 3398 3693 3452 mansionem

2096 3507 2251 3551 suam
2310 3491 2565 3547 secedere
2586 3490 2746 3561 jussi.
2807 3488 3078 3545 Caeterum
3128 3504 3252 3544 cum
3279 3504 3368 3543 me
3395 3489 3463 3542 ad
3511 3488 3696 3555 quies-

2096 3583 2327 3639 cendum
2355 3583 2412 3636 in
2452 3580 2657 3637 lectulo
2687 3580 3062 3645 eollocassem,
3092 3581 3231 3648 coepi
3275 3593 3490 3633 mecum
3518 3576 3691 3630 multa

2095 3673 2361 3729 volvendo
2384 3680 2621 3727 tractare
2649 3679 2814 3741 atque
2840 3671 3051 3735 mirari,
3081 3670 3338 3739 quidnam
3366 3668 3469 3723 sibi
3503 3666 3689 3731 vellet,

2096 3763 2293 3832 quidve
2316 3762 2641 3832 portendere
2660 3766 2845 3831 posset
2866 3759 2954 3813 illa
2979 3759 3211 3814 cervisia
3234 3757 3391 3831 [Hs.,
3418 3752 3691 3826 cervisize]

2096 3852 2151 3907 in
2172 3851 2381 3918 vinum,
2406 3850 2459 3906 id
2478 3858 2562 3906 est
2583 3851 2869 3906 deterioris
2897 3850 3134 3919 potionis
3154 3849 3210 3903 in
3237 3849 3515 3903 meliorem
3542 3844 3691 3900 facta

2095 3944 2355 4008 mutatio;
2379 3950 2472 3998 aut
2492 3958 2591 3998 cur
2620 3943 2675 3997 in
2701 3958 2766 3999 eo
2788 3942 2926 4007 loco,
2955 3942 3009 3997 id
3036 3948 3142 4005 est,
3168 3942 3221 3995 in
3244 3941 3389 4010 regia
3415 3940 3599 4003 domo.
3631 3954 3695 3993 ac

2095 4055 2203 4094 non
2230 4038 2410 4108 potius
2432 4038 2485 4092 in
2516 4054 2603 4103 eo,
2646 4038 2737 4091 ubi
2762 4037 3047 4092 beatorum
3085 4043 3404 4105 martyrum,
3432 4033 3522 4102 qui
3571 4032 3694 4087 haec

2097 4112 2340 4205 prodigia
2360 4142 2460 4198 per
2488 4128 2747 4182 virtutem
2788 4126 2992 4181 Christi
3020 4125 3289 4186 fecerunt,
3318 4123 3691 4178 sacratissima

2097 4232 2325 4288 corpora
2377 4216 2657 4273 recondita
2707 4224 2856 4287 sunt,
2902 4217 3130 4285 hujusce
3173 4214 3316 4268 modi
3365 4212 3691 4267 miraculum

2097 4308 2412 4364 evenisset?
2466 4305 2575 4361 Sed
2596 4306 2727 4361 licet
2771 4306 2839 4360 ad
2884 4306 3047 4375 hujus
3099 4303 3418 4373 qumstionis
3478 4310 3693 4356 certam

2098 4395 2406 4466 indaginem
2476 4394 2632 4465 longa
2660 4409 2726 4449 ae
2764 4392 2999 4449 sollicita
3044 4392 3374 4463 cogitatione
3402 4391 3694 4460 pervenire

2099 4486 2401 4554 nequirem,
2464 4493 2675 4538 certum
2704 4492 2887 4538 tamen
2925 4484 3088 4538 habui
3132 4491 3191 4538 et
3229 4490 3440 4542 certum
3473 4495 3694 4550 semper

2024 4556 2335 4641 I’babebo,
2388 4574 2533 4629 illam
2562 4574 2803 4629 divinam
2854 4583 3017 4644 atque
3062 4588 3353 4643 supernam
3408 4573 3691 4636 virtutem,

2104 4682 2203 4738 per
2253 4681 2416 4736 quam
2467 4666 2585 4721 haec
2629 4673 2791 4733 atque
2836 4664 2943 4719 alia
3001 4664 3164 4733 hujus
3216 4662 3362 4717 modi
3423 4660 3691 4715 miracula

2105 4756 2223 4811 fieri
2271 4756 2587 4822 creduntur,
2643 4754 2779 4810 nihil
2826 4769 3065 4824 unquam
3110 4754 3229 4809 siue
3269 4767 3438 4807 causa
3487 4750 3566 4804 vel
3604 4750 3689 4803 fa-

2106 4862 2231 4902 cere
2284 4848 2371 4901 vel
2420 4846 2539 4902 ﬁeri
2591 4848 2771 4902 sinere
2815 4847 2869 4901 in
2917 4845 3207 4909 creaturis,
3253 4859 3391 4913 quas
3437 4843 3505 4897 ad
3532 4856 3690 4897 suam

2105 4941 2499 5011 providentiam
2520 4949 2577 4997 et
2591 4941 3040 5011 gubernationem
3054 4940 3329 5011 pertinere
3350 4954 3460 4993 non
3477 4938 3688 4993 dubito.

2736 5068 2964 5125 CAPUT
3000 5069 3068 5125 ν.

2106 5163 2224 5219 Alia
2258 5161 2515 5216 miracula
2550 5160 2861 5214 Mulinheim
2895 5160 3057 5227 facta,
3080 5161 3256 5215 surdis
3294 5168 3344 5213 et
3372 5159 3554 5221 mutis,
3585 5176 3687 5227 pu-

2177 5233 2410 5302 ralyticis
2448 5241 2497 5286 et
2518 5230 2808 5285 amentibus
2829 5230 3051 5302 sanatis:
3079 5229 3371 5302 --__Lunten
3393 5231 3493 5281 iter
3522 5244 3687 5302 egeri-

2176 5298 2313 5425 gibus
2366 5311 2511 5355 nocte
2556 5316 2856 5354 concessum
2898 5329 2971 5338 —
3010 5298 3238 5354 Libellus
3266 5299 3571 5369 imperatori
3595 5298 3692 5350 ob—

2199 5382 2339 5425 atus.

2174 5462 2267 5517 ιϐ.
2293 5462 2460 5532 igitur
2485 5461 2609 5515 inde
2643 5460 2941 5531 digressus,
2981 5460 3121 5515 sicut
3168 5459 3415 5522 superius
3441 5459 3571 5522 dixi,
3615 5459 3689 5514 ad

2183 5576 2211 5614 δ
2253 5573 2484 5627 Sanctus
2510 5571 2849 5639 Lambertus,
2870 5572 3154 5642 episcopus
3176 5568 3563 5639 Trajectensis,
3596 5585 3692 5624 co-

2114 5645 2240 5699 litur
2276 5644 2338 5695 l7
2372 5642 2724 5711 Septembris.

2190 5726 2211 5751 α
2256 5708 2554 5775 Sinciacus,
2578 5712 2737 5781 vulgo
2763 5710 2970 5763 Zinsich
2990 5751 3004 5772 ,
3035 5711 3288 5781 oppidum
3315 5710 3567 5768 dimccsis
3586 5708 3691 5765 C0-

2190 5726 2211 5751 “
2256 5726 2554 5775 51110ιί101ιὸ,
2578 5726 2737 5781 vulgo
2763 5726 2970 5763 ιιηδιεη
2990 5751 3004 5772 ,
3035 5726 3067 5764 0
3106 5728 3122 5781 ι

2116 5784 2389 5851 ionicnsis,
2414 5797 2573 5852 supra
2602 5780 2843 5837 Bonnam
2879 5780 3045 5837 lcucis
