3912 6312
162 368 259 428 565

1004 355 1183 413 HIST.
1226 351 1612 410 TRANSLAT.
1655 350 1759 406 ΒΒ.
1804 346 2222 405 MARCELUNI
2262 347 2348 403 ET
2389 345 2615 403 PETRI.

2406 164 2415 205 κ

2415 212 2425 257 l

3317 339 3422 395 566

162 482 472 543 comitatum
510 475 745 549 perrexi.
794 471 929 528 Nam
963 469 1259 540 imperator
1299 465 1648 521 Hludowicus
1674 478 1741 519 eo
1767 465 1820 526 Α
1842 462 2337 534 pavimentumque,
2369 463 2512 532 quod
2532 461 2615 517 ori
2656 461 2772 531 ejus
2817 457 3119 530 subjectum
3148 466 3288 519 erat.
3313 464 3419 519 plu-

165 584 404 644 tempore
428 566 761 639 Aquisgrani
806 563 1009 636 palatio
1051 560 1382 625 consistens,
1409 564 1738 613 conventum

166 676 191 707 δ
213 678 501 735 procerum
529 661 603 716 ibi
647 658 766 713 fieri
805 656 982 712 media
1013 653 1128 709 fere
1155 652 1335 708 hieme
1367 654 1737 721 praeceperat;

166 754 252 810 ubi
275 762 332 808 et
357 768 456 821 ego
478 752 621 805 inter
664 755 891 803 caeteros
931 745 1120 800 adesse
1146 744 1354 815 jussus,
1404 741 1531 811 quia
1558 741 1626 795 de
1660 739 1739 793 vi-

167 846 303 902 cinia
331 844 614 898 beatorum
655 849 957 911 martyrum
996 836 1187 892 abesse
1230 835 1486 906 cogebar,
1544 846 1739 902 parum

162 937 424 1010 jucundas
452 936 506 989 in
534 934 739 1005 palatio
778 946 957 986 moras
997 929 1281 985 faciebam.
1340 927 1572 993 [deoque
1616 930 1740 992 post

169 1045 354 1093 unum,
386 1044 454 1082 ex
487 1042 594 1097 quo
620 1025 711 1080 illo
735 1037 1015 1086 veneram,
1046 1035 1285 1076 mensem
1315 1026 1589 1081 exactum,
1613 1015 1737 1069 misi

167 1121 453 1190 quemdam
484 1133 550 1173 ex
577 1116 799 1179 nostris,
848 1112 1068 1169 nomine
1094 1110 1498 1174 Ellenhardum,
1552 1106 1741 1176 praeci-

168 1210 323 1280 piens
368 1209 419 1263 ei
462 1216 521 1260 ut
568 1206 635 1261 ad
662 1205 847 1259 limina
879 1204 1159 1258 beatorum
1189 1206 1488 1270 martyrum
1540 1202 1740 1266 quanta
1775 1246 1781 1253 .

168 1307 353 1372 posset
396 1298 676 1354 celeritate
731 1294 1047 1357 festinaret,
1098 1290 1440 1358 visitatisque
1480 1286 1743 1340 fratribus

170 1390 388 1454 nostris,
450 1401 586 1456 quos
616 1385 738 1439 inde
768 1382 1073 1453 digrediens
1099 1380 1166 1435 ad
1192 1378 1433 1434 divinum
1462 1376 1743 1432 servitium

170 1478 475 1536 faciendum
504 1477 578 1531 ibi
627 1474 964 1538 dimiseram,
1023 1479 1189 1539 atque
1211 1468 1466 1524 omnibus
1500 1480 1621 1535 qua:
1642 1464 1744 1519 ibi-

170 1574 291 1627 dem
339 1576 628 1641 agerentur
672 1566 957 1635 diligenter
1009 1559 1321 1632 exploratis,
1380 1557 1449 1611 ad
1487 1571 1586 1611 nos
1633 1554 1742 1609 cito

172 1668 496 1720 recurreret.
539 1659 789 1725 Quicum
817 1655 943 1709 illuc
980 1649 1236 1717 venisset,
1275 1649 1451 1704 tribus
1480 1647 1554 1701 ibi
1590 1660 1743 1699 man-

172 1757 233 1812 sit
276 1754 489 1813 diebus.
532 1751 735 1818 Quarto
760 1763 889 1803 vero
908 1760 1031 1800 cum
1055 1744 1167 1815 jam
1192 1738 1261 1797 ad
1284 1755 1383 1795 nos
1410 1736 1609 1794 reverti
1634 1737 1744 1815 dis:

1843 554 1981 609 rimo
2021 554 2283 625 sanguine
2337 553 2579 607 madens.
2625 551 2795 618 Quem
2844 551 3110 615 levantes,
3158 556 3214 605 et
3261 550 3422 603 allata

1842 654 1984 715 aqua
2018 644 2406 708 refocillantes,
2474 657 2666 698 sanum
2724 650 2779 697 et
2820 649 3051 703 rectum,
3096 656 3272 705 neque
3315 640 3419 695 ulla

1842 734 2122 791 camelinae
2174 735 2318 789 illius
2364 733 2701 788 tortitudinis
2754 734 2904 803 signa
2962 732 3317 795 retinentem,
3367 731 3421 784 in

1842 825 2129 882 inferiores
2152 826 2396 881 ecclesiae
2431 834 2615 895 partes
2644 824 3022 895 gratulabundi
3055 824 3417 878 deduxerunt.

1842 916 1959 983 Quo
1984 916 2242 971 miraculo
2288 917 2343 971 in
2388 916 2533 969 hunc
2581 914 2800 969 modum
2848 922 3094 984 peracto,
3149 914 3196 967 is
3252 930 3418 983 quem

1841 1005 1968 1059 illuc
2021 1006 2298 1072 miseram,
2353 1006 2420 1060 ad
2445 1021 2531 1060 me
2557 1020 2679 1059 cum
2709 1019 2921 1058 summa
2952 1002 3303 1059 festinatione
3331 1021 3419 1059 re-

1842 1109 2079 1167 gressus,
2132 1112 2255 1151 cum
2287 1110 2349 1149 ea
2376 1110 2494 1164 qua:
2518 1094 2729 1149 viderat
2754 1092 3046 1161 retulisset,
3088 1108 3285 1164 magno
3321 1109 3422 1149 nos

1843 1186 2038 1256 gaudio
2065 1194 2227 1254 atque
2259 1185 2594 1239 exultatione
2627 1183 2873 1253 replevit.

1911 1278 1978 1331 47
2037 1276 2147 1334 Nec
2199 1277 2366 1333 multo
2396 1286 2518 1347 post
2548 1276 2821 1331 Ratleicus
2854 1276 2946 1345 qui
2984 1290 3169 1330 sacros
3222 1283 3424 1346 marty-

1842 1386 1961 1424 rum
2001 1371 2233 1437 cineres,
2268 1372 2406 1427 sicut
2431 1372 2486 1427 in
2510 1372 2879 1441 superioribus
2911 1370 3419 1432 demonstravimus.

1845 1461 2013 1517 Roma
2026 1464 2232 1529 detulit,
2260 1472 2317 1517 ut
2336 1465 2455 1534 ipse
2474 1462 2966 1531 asserebat,jussus
2986 1462 3153 1527 venit,
3176 1461 3423 1517 deferens

1842 1554 2099 1626 libellum,
2124 1555 2401 1626 complura
2437 1556 2671 1625 capitula
2709 1555 3105 1620 continentem;
3151 1554 3306 1622 cujus
3333 1571 3421 1607 ra-

1844 1643 2047 1699 tionem
2077 1644 2239 1699 talem
2278 1658 2399 1707 esse
2448 1645 2651 1711 retulit,
2705 1646 2890 1700 dicens
2918 1664 2929 1698 :
2957 1644 3057 1701 sibi
3104 1659 3303 1700 caecum
3358 1643 3421 1697 il-

1849 1735 1986 1799 lum,
2042 1735 2195 1805 cujus
2240 1737 2401 1790 modo
2432 1736 2658 1791 fecimus
2706 1737 3055 1803 mentionem,
3104 1752 3168 1791 ex
3196 1734 3401 1789 auctori

171 1852 420 1918 poneret,
454 1856 629 1898 caecus
660 1839 772 1903 ille,
818 1836 1036 1892 nomine
1079 1832 1350 1895 Albricus,
1394 1828 1548 1897 cujus
1574 1827 1628 1881 in
1655 1810 1747 1881 su;
1774 1813 1820 1872 Β
1853 1832 1961 1881 tate
2008 1834 2308 1895 martyrum
2351 1827 2673 1896 praecepisse
2708 1834 2766 1880 ut
2816 1842 2879 1881 ea
2939 1826 3174 1896 capitula
3216 1824 3421 1881 deseri-

172 1936 477 2007 perioribus
500 1932 728 1988 fecimus
769 1928 1095 1984 mentionem
1122 1925 1172 1990 δ,
1201 1921 1432 1978 detinuit
1460 1920 1610 1974 abire
1651 1933 1746 1987 pa-

172 2038 417 2092 rantem;
467 2023 740 2078 afﬁrmans
764 2035 886 2075 eum
913 2032 1024 2072 non
1051 2015 1203 2085 prius
1229 2014 1335 2067 iter
1356 2026 1514 2067 suum
1542 2011 1748 2081 ingres-

172 2134 358 2176 surum
405 2130 565 2187 quam
596 2112 701 2168 tale
751 2110 963 2180 signum
1008 2105 1125 2161 fieri
1162 2103 1407 2168 vidisset,
1464 2098 1617 2167 cujus
1663 2112 1748 2151 re-

172 2212 371 2266 latione
395 2222 481 2269 me
508 2206 689 2259 lzetum
717 2211 877 2271 atque
902 2198 1098 2269 oppido
1135 2196 1460 2267 gaudentem
1484 2190 1741 2246 elllceret'.

171 2299 392 2356 Addidit
424 2297 585 2352 etiam
614 2291 957 2349 beatissimos
986 2296 1254 2357 martyres
1285 2281 1558 2354 praeterita
1584 2285 1748 2335 nocte

172 2395 270 2449 sibi
303 2394 363 2446 in
410 2390 615 2446 somnis
675 2384 1015 2456 apparuisse,
1048 2391 1209 2450 atque
1259 2379 1363 2433 hoc
1395 2378 1450 2432 in
1475 2374 1747 2431 mandatis

173 2483 387 2539 dedisse
430 2488 491 2534 ut
542 2477 879 2548 perquireret
919 2472 1203 2543 quemdam
1259 2480 1549 2537 pauperem
1579 2506 1594 2530 ,
1648 2480 1749 2520 no-

173 2574 316 2627 mine
364 2568 750 2629 Gisalbertum,
814 2562 1039 2618 immani
1082 2558 1247 2629 gibe
1297 2556 1632 2625 depressum,
1685 2568 1749 2608 ac

174 2662 398 2734 proinde
446 2673 672 2715 curvum
720 2663 776 2711 et
830 2654 1084 2709 brevibus
1135 2648 1344 2706 baculis
1392 2647 1746 2709 innitentem;

175 2763 334 2823 atque
381 2752 656 2805 inventum
687 2748 741 2800 in
770 2743 1070 2808 caenaculo,
1123 2740 1266 2810 quod
1294 2753 1455 2807 supra
1475 2735 1747 2805 porticum

176 2845 408 2900 basilicae
458 2851 562 2902 est,
616 2847 856 2908 tempore
910 2833 1163 2889 matutini
1194 2830 1377 2894 ofﬁcii,
1415 2826 1573 2896 juxta
1617 2825 1748 2880 reliv

176 2934 327 3003 quias
371 2946 493 3001 qua:
542 2929 615 2984 ibi
667 2934 845 2990 erant,
888 2924 1220 2979 collocaret:
1252 2935 1317 2975 eo
1346 2918 1488 2987 quod
1527 2916 1623 2982 ibi,
1653 2930 1751 2984 per

176 3024 369 3078 merita
419 3028 473 3075 et
519 3019 775 3072 virtutem
829 3022 1157 3077 sanctorum,
1227 3023 1458 3080 quorum
1512 3006 1617 3061 illa:
1659 3018 1745 3058 re-

178 3113 353 3183 liquize
378 3118 581 3175 essent,
612 3109 679 3163 de
703 3107 789 3161 illa
830 3104 973 3177 gibbi
1003 3100 1351 3158 deformitate
1378 3106 1540 3167 atque
1568 3096 1748 3151 curvi-
1775 3142 1822 3207 Ο

178 3206 302 3261 tatis
354 3200 694 3258 incommodo
736 3197 957 3252 liberari
1010 3195 1250 3250 deberet.
1298 3190 1485 3245 Paruit
1506 3188 1595 3242 ille
1623 3203 1748 3242 sua-

178 3297 340 3361 denti,
381 3302 543 3362 atque
591 3293 715 3355 iter,
762 3288 906 3358 quod
936 3285 1152 3356 aggredi
1182 3290 1489 3351 paraverat,
1543 3266 1752 3332 distulit

179 3391 231 3444 in
260 3387 582 3443 crastinum.
624 3382 702 3436 Ac
725 3394 900 3436 cacus
928 3378 1016 3432 ille
1050 3376 1261 3445 jussum
1285 3384 1576 3441 pauperem
1624 3382 1747 3438 per-

179 3483 403 3552 quirens
457 3475 691 3540 invenit;
758 3481 833 3538 et,
878 3478 937 3525 ut
979 3469 1081 3525 sibi
1116 3473 1446 3537 praeceptum
1502 3468 1640 3525 erat,
1692 3458 1750 3513 in

180 3569 549 3642 superioribus
594 3562 839 3620 ecclesia:
866 3560 1111 3630 partibus
1148 3558 1301 3627 juxta
1353 3553 1635 3629 praedictas
1666 3564 1751 3604 τθ-

180 3640 399 3731 liquias,
448 3655 607 3711 olllcii
638 3650 888 3708 matutini
928 3658 1187 3718 tempore,
1241 3642 1544 3699 collocavit.
1583 3640 1754 3694 Erant

180 3763 358 3808 autem
408 3749 509 3804 illae
547 3746 807 3815 reliquire,
851 3742 994 3812 quod
1028 3738 1268 3794 nondum
1315 3748 1637 3789 noveramus
1700 3741 1749 3795 ε,

181 3843 320 3897 beati
374 3838 529 3893 Marii
572 3835 848 3905 martyris,
899 3839 955 3885 et
1005 3829 1192 3884 uxoris
1239 3842 1304 3881 ac
1347 3818 1581 3879 ﬁliorum
1610 3819 1750 3889 ejus,

183 3935 405 3990 Martha:
466 3930 733 3993 videlicet,
786 3923 1060 3979 Audifacis
1090 3930 1145 3975 et
1184 3919 1454 3974 Habacuc.
1489 3915 1619 3982 Quae
1647 3912 1755 3967 uti-

183 4041 284 4095 que
326 4020 489 4077 simul
516 4034 637 4075 cum
685 4023 997 4072 sanctorum
1049 4009 1343 4065 Marcellini
1371 4014 1425 4061 et
1453 4004 1601 4061 Petri
1634 4018 1755 4061 cor-

184 4114 425 4186 poribus,
472 4119 527 4165 et
565 4108 620 4162 in
656 4106 844 4162 eodem
893 4102 1070 4158 loculo
1096 4102 1166 4156 ad
1186 4114 1288 4154 nos
1328 4096 1547 4167 perlatae
1603 4100 1749 4149 sunt.

189 4183 292 4259 Sed
337 4204 386 4257 is
410 4201 504 4271 qui
531 4214 627 4255 eas
658 4196 869 4260 detulit,
904 4191 1059 4262 cujus
1082 4197 1279 4246 essent
1303 4184 1543 4255 reliquiae
1574 4183 1753 4238 nesci-

187 4297 292 4361 vit;
339 4310 467 4349 nam
507 4293 613 4357 ille,
660 4290 753 4361 qui
795 4286 1063 4344 eaS'mihi
1112 4284 1361 4343 miserat,
1406 4276 1655 4348 promisit
1698 4289 1757 4330 se

184 4388 252 4443 ad
280 4402 366 4441 me
388 4399 514 4440 esse
537 4389 847 4443 venturum,
899 4392 962 4431 ac
1008 4374 1227 4429 nomina
1260 4377 1595 4431 sanctorum,
1624 4379 1759 4436 quo-

188 4495 305 4534 rum
354 4478 438 4531 ha:
464 4473 709 4542 reliquiae
750 4468 949 4532 forent,
984 4479 1082 4534 per
1113 4461 1463 4530 semetipsum
1495 4456 1626 4511 mihi
1669 4454 1760 4509 in-
1781 4489 1833 4549 D

186 4572 491 4627 dicaturum
531 4563 714 4634 :quod
753 4569 939 4632 postea
985 4556 1188 4611 factum
1215 4561 1314 4608 est.
1364 4550 1576 4619 Pauper
1601 4558 1750 4611 vero,

188 4664 275 4733 qui
308 4660 467 4731 juxta
495 4658 614 4712 illas
662 4669 693 4708 a
718 4657 1016 4708 memorato
1040 4661 1184 4704 caeco
1237 4645 1413 4699 fuerat
1436 4642 1754 4705 collocatus,

188 4768 308 4809 cum
338 4748 573 4805 secunda
601 4744 760 4800 lectio
804 4741 869 4796 ad
897 4746 1220 4795 nocturnum
1244 4733 1478 4790 cilicium
1503 4746 1570 4785 ex
1607 4744 1758 4784 more

189 4844 473 4914 legeretur,
498 4838 641 4893 edito
692 4831 896 4903 ingenti
922 4830 1178 4892 clamore,
1234 4838 1341 4878 non
1371 4822 1641 4877 modicum
1664 4834 1758 4889 pa-

188 4950 373 4992 vorem
420 4928 759 4985 audientibus
804 4923 1045 4978 incussit.
1095 4919 1177 4973 Ad
1225 4932 1386 4987 quem
1453 4929 1575 4969 cum
1627 4926 1759 4967 non-

195 5023 320 5080 nulli
370 5021 709 5082 clericorum,
748 5030 855 5070 una
897 5027 1017 5069 cum
1063 5010 1153 5064 illo
1205 5008 1296 5077 qui
1328 5006 1431 5059 hoc
1467 5003 1541 5057 ibi
1588 5015 1754 5071 oppe-

195 5118 289 5173 riri
322 5118 511 5185 jussus
558 5111 754 5175 fuerat,
798 5104 1190 5166 accurrissent,
1260 5092 1583 5153 invenerunt
1635 5107 1758 5146 eum

194 5183 422 5279 pronum
464 5208 625 5271 atque
672 5204 950 5254 extentum
996 5198 1215 5263 propter
1253 5188 1423 5243 altare
1458 5183 1757 5253 jacentem,

263 5352 289 5381 ι
320 5336 659 5406 Eginhardus
701 5327 1092 5406 ἱιλᾼῐιιιιιιὶὶηιεΔ
1104 5324 1171 5380 de
1194 5312 1761 5406 Qestis

195 5384 850 5470 asserit-adannumiﬂs,
873 5402 1194 5453 conventum
1212 5387 1537 5463 Aquisgrani
1559 5384 1762 5439 factum

199 5493 315 5534 esse
351 5469 537 5531 mense
566 5469 885 5527 Februario.

269 5549 297 5588 δ
336 5544 657 5611 Videsnpra
680 5580 705 5611 ,γ
721 5552 869 5611 num.
896 5534 983 5591 59.

269 5626 288 5655 ε
332 5594 589 5669 late
611 5594 926 5663 deduximus
958 5603 1022 5657 ad
1049 5602 1203 5669 diem
1234 5598 1315 5669 19_
1343 5594 1615 5669 Januarii,
1660 5606 1768 5663 quo

202 5665 453 5812 ﬁngi—itur
484 5681 538 5735 Ιιὶ
584 5686 851 5749 martyres
884 5673 1109 5737 Marius,
1165 5665 1405 5730 Martha,
1444 5665 1677 5720 Audiqu
1715 5672 1768 5717 ct

250 5772 279 5809 a
318 5767 473 5809 acuc.

250 5767 473 5809 abacuc.

1849 1923 2024 1988 heret,
2066 1922 2306 1989 mihique
2334 1920 2590 1985 deferret,
2634 1935 2700 1975 ac
2748 1920 2951 1975 diceret
2991 1930 3051 1975 ut
3088 1936 3150 1976 ea
3179 1919 3419 1987 suscipe-

1850 2028 1988 2078 rem,
2030 2019 2194 2080 atque
2233 2011 2548 2082 imperatori
2588 2011 2812 2083 legenda
2866 2013 3139 2068 offerrem.
3200 2010 3421 2079 Suscepi

1851 2104 1920 2158 ab
1953 2118 2018 2157 eo
2046 2101 2286 2157 libellum
2311 2110 2473 2172 atque
2500 2102 2726 2173 perlegi,
2758 2103 3209 2172 emendatumque
3232 2116 3295 2155 ac
3325 2116 3422 2154 ποι

1850 2196 1990 2248 viter
2037 2193 2296 2263 scriptum
2324 2193 2662 2263 imperatori,
2717 2177 2776 2247 ut
2812 2191 3070 2261 jusserat,
3119 2190 3306 2245 obtuli.
3360 2189 3426 2243 Et

1850 2285 1940 2341 ille
1985 2285 2204 2354 quidem
2252 2284 2488 2354 suscepit
2522 2293 2685 2352 atque
2731 2284 3004 2354 perlegit:
3043 2283 3138 2337 sed
3184 2282 3252 2335 de
3306 2280 3417 2344 his,

1850 2393 1969 2448 quae
1989 2391 2086 2448 per
2129 2377 2276 2432 hunc
2311 2376 2549 2431 libellum
2589 2374 2772 2431 facere
2804 2374 2990 2444 jussus
3032 2374 3115 2429 vel
3172 2372 3414 2427 admoni-

1852 2476 1938 2524 tus
1992 2466 2188 2532 fuerat,
2244 2481 2513 2537 perpauca
2546 2465 2839 2535 adimplere
2893 2464 3121 2521 curavit.
3155 2462 3296 2530 Quid
3321 2478 3419 2515 au-

1851 2568 1960 2614 tem
1992 2557 2083 2613 illa
2124 2557 2365 2627 capitula
2405 2556 2766 2621 continerent,
2822 2562 2915 2609 aut
2963 2554 3091 2625 quid
3120 2554 3188 2608 ab
3228 2568 3295 2608 eo
3348 2551 3422 2605 fa-

1852 2656 2017 2713 ctum,
2072 2647 2268 2717 quidve
2314 2646 2594 2702 dimissum
2652 2645 2747 2711 sit,
2799 2644 2904 2701 alio
2954 2644 3135 2713 potius
3184 2642 3237 2696 in
3282 2641 3422 2702 loco.

1853 2753 2016 2808 quam
2064 2737 2121 2791 in
2170 2737 2297 2801 isto,
2351 2735 2881 2791 commemorandum
2923 2743 3025 2789 est.
3078 2733 3208 2788 lllud
3245 2742 3425 2787 tamen

1852 2842 1961 2882 non
2003 2824 2177 2881 solum
2205 2840 2314 2879 non
2343 2823 2797 2893 praetereundum,
2848 2823 2979 2893 quin
3009 2822 3118 2877 imo
3156 2831 3340 2892 aperte
3364 2837 3429 2877 ac

1853 2918 2085 2973 dilucide
2124 2930 2321 2972 censeo
2347 2914 2822 2979 conscribendum,
2868 2913 3100 2983 qualiter
3125 2912 3419 2968 revelatum

1853 3016 1908 3064 et
1945 3006 2157 3076 iussum
2206 3006 2275 3069 sit
2319 3014 2380 3059 ut
2426 3004 2636 3059 libellus
2667 3004 2756 3060 ille
2809 3003 2937 3059 fieri
2978 3012 3139 3073 atque
3186 3003 3297 3074 regi
3335 3002 3427 3057 da-

1854 3099 1901 3153 ri
1958 3097 2247 3162 debuerit;
2298 3110 2417 3166 quae
2458 3094 2731 3150 Ratleicus
2788 3095 2889 3150 hoc
2930 3094 3089 3150 modo
3132 3092 3425 3165 contigisse

1848 3188 2053 3244 retulit.

1929 3297 1947 3329 ι
1983 3278 2121 3333 Ante
2154 3292 2373 3347 paucos,
2404 3276 2595 3345 inquit,
2624 3275 2761 3340 dies,
2799 3288 2923 3330 cum
2952 3275 3004 3329 in
3044 3273 3326 3329 ecclesiam
3362 3274 3427 3326 ad

1853 3371 2119 3441 agendum
2163 3375 2487 3423 nocturnum
2517 3367 2752 3422 officium
2796 3382 2863 3421 ex
2904 3380 3057 3421 more
3082 3367 3426 3421 convenisse—

1854 3475 1993 3526 mus,
2024 3460 2159 3514 adiit
2181 3473 2267 3512 me
2300 3473 2477 3513 caecus
2503 3457 2610 3523 ille,
2656 3472 2816 3527 quem
2845 3456 3035 3523 nostis,
3067 3472 3261 3527 rogans
3284 3465 3343 3511 ut
3372 3457 3425 3510 in

1852 3555 2060 3617 partem
2104 3546 2341 3614 aliquam
2396 3546 2744 3601 secretiorem
2794 3559 2917 3599 cum
2963 3544 3053 3599 illo
3099 3545 3423 3599 secederem.

1854 3639 1978 3695 Feci
2008 3647 2067 3693 ut
2090 3638 2306 3694 volebat
2330 3678 2345 3703 ,
2381 3644 2437 3692 et
2466 3652 2589 3692 cum
2630 3651 2693 3691 eo
2726 3634 2994 3699 cellulam,
3040 3633 3093 3688 in
3120 3648 3226 3702 qua
3252 3634 3429 3702 quies-

1853 3744 1979 3786 cere
2008 3730 2270 3793 solebam,
2291 3728 2567 3798 ingressus
2592 3741 2730 3781 sum.
2766 3723 2899 3778 Tum
2923 3724 3011 3778 ille
3039 3724 3186 3792 prior
3210 3742 3223 3777 :
3254 3740 3272 3773 ‹
3295 3721 3425 3785 llac,

1856 3823 2054 3892 inquit,
2083 3828 2264 3884 nocte,
2300 3818 2461 3888 paulo
2506 3825 2792 3885 antequam
2821 3830 2953 3871 sono
2981 3815 3257 3884 signorum
3286 3815 3429 3866 exci-

1858 3914 1954 3969 tati
1986 3924 2330 3983 surgeremus
2353 3949 2368 3974 ,
2409 3908 2659 3978 apparuit
2700 3905 2832 3961 mibi
2867 3920 2965 3977 per
2996 3906 3172 3959 visum
3209 3903 3426 3972 quidam

1854 4006 1957 4071 vir,
1988 4002 2187 4059 canitie
2213 3999 2557 4064 venerabilis,
2610 4006 2760 4053 veste
2788 3995 3014 4052 candida
3051 3995 3289 4058 indutus,
3322 3996 3430 4046 vir-

1856 4110 1979 4167 gam
2000 4108 2220 4150 auream
2244 4106 2406 4145 manu
2432 4098 2638 4153 tenens,
2669 4102 2733 4141 ac
2759 4086 2952 4141 talibus
2975 4101 3059 4139 me
3081 4084 3261 4139 verbis
3284 4099 3429 4139 com-

1856 4185 2111 4255 pellavit:
2172 4200 2190 4233 ι
2220 4179 2382 4246 Vide,
2423 4179 2637 4249 inquit,
2673 4177 2891 4232 Albrice
2914 4218 2927 4240 ,
2979 4185 3037 4230 ut
3071 4183 3262 4231 cuncta
3311 4190 3429 4244 quae

1858 4277 1956 4332 tibi
1994 4276 2201 4339 dixero,
2250 4274 2387 4328 bene
2414 4270 2711 4341 intelligas,
2750 4282 2921 4338 eaque
2950 4268 3084 4322 adeo
3112 4266 3286 4330 tenaci
3314 4280 3427 4320 mc-

1859 4367 2028 4421 moria
2080 4365 2352 4428 retineas,
2399 4369 2461 4416 ut
2502 4360 2665 4416 etiam
2712 4358 2852 4422 aliis,
2902 4356 2993 4426 qui
3038 4355 3128 4409 illa
3174 4354 3428 4423 scripturi

1860 4468 2010 4525 sunt,
2046 4469 2316 4527 exponere
2341 4452 2542 4508 valeas.
2593 4449 2721 4504 Volo
2764 4448 2905 4503 enim
2936 4455 2995 4500 ut
3031 4444 3341 4501 scribantur
3377 4453 3431 4497 ct

1861 4549 2175 4605 Hludowico
2219 4542 2533 4613 imperatori
2572 4540 2641 4595 ad
2694 4538 2975 4608 legendum
3018 4551 3113 4605 per
3160 4535 3435 4590 seniorem

1862 4648 2101 4695 vestrum
2130 4635 2486 4691 ostendantur
2515 4650 2527 4685 :
2568 4638 2693 4685 sunt
2718 4629 2913 4699 quippe
2945 4626 3097 4681 valde
3124 4625 3428 4680 necessaria

1860 4735 1886 4774 ἀ
1922 4749 2030 4788 non
2060 4730 2230 4787 solum
2254 4727 2321 4782 ad
2350 4723 2794 4795 cognoscendum,
2842 4734 3029 4774 verum
3064 4716 3227 4772 etiam
3256 4715 3323 4769 ad
3352 4714 3431 4768 fa-

1861 4824 2110 4881 ciendum
2146 4817 2394 4890 principi,
2440 4816 2493 4868 in
2521 4811 2673 4880 cujus
2697 4824 2921 4880 regnum
2949 4808 3035 4863 isti
3061 4814 3325 4877 martyres
3351 4804 3430 4859 di-

1862 4917 1983 4969 vina
1999 4913 2240 4983 jussionc
2264 4911 2545 4962 venerunt.
2583 4921 2601 4954 ι

1932 5006 2017 5060 ιδ.
2076 5021 2095 5053 ι
2134 5001 2284 5056 Tunc
2328 4994 2591 5065 incipiens
2618 5031 2633 5057 ,
2682 4990 2924 5046 duodena
2968 4988 3052 5042 vel
3101 5000 3167 5042 eo
3202 4983 3429 5055 amplius

1861 5093 2089 5165 capitula
2116 5106 2213 5161 per
2246 5087 2491 5144 ordinem
2533 5080 2936 5154 pronuntiavit;
2970 5077 3208 5146 mihique
3226 5089 3430 5145 praece-

1861 5186 1957 5256 pit,
1984 5191 2045 5238 ut
2072 5183 2167 5238 tibi
2196 5188 2251 5235 et
2276 5178 2395 5233 aliis
2434 5184 2683 5249 quatuor,
2730 5187 2865 5242 quos
2893 5171 2988 5225 tibi
3023 5170 3265 5224 dicturus
3285 5181 3425 5228 sum,

1931 5314 1958 5355 ἀ
2000 5310 2287 5367 Annalium
2328 5303 2677 5362 Fuldensium
2725 5309 2932 5362 auctor,
2957 5298 3023 5352 ad
3059 5311 3147 5350 an.
3181 5294 3306 5367 874,
3331 5307 3432 5367 pu-

1874 5394 1953 5440 tat
1985 5362 2621 5453 qu-o'dwsiﬁldudovrcnsea
2651 5362 3429 5453 observarecuras‘setjufors’i:

1869 5431 1957 5509 Si
1988 5431 2380 5521 Biguiuggon
2413 5442 2652 5521 fueritjn
2672 5437 3000 5521 purgator-io
3032 5431 3431 5521 peggnnosé’t

1868 5502 2334 5593 aiiée’séfbnu‘auo
2359 5529 2458 5593 suo
2486 5502 3184 5593 Ludovico,.$eligeusm_dii
3213 5502 3431 5593 comitia

1870 5568 2431 5655 liaben'tir'revwelavit,
2476 5588 2665 5651 petens
2707 5568 2832 5633 inde
2853 5568 3072 5631 suorum
3090 5571 3342 5645 precibus
3368 5568 3434 5625 lia

1870 5661 2051 5721 berari
2070 5704 2071 5707 η
3262 5690 3267 5695 .
