3912 6358
433 330 539 386 537

1726 340 2106 399 EGINHABDI
2144 342 2436 403 ABBATIS

3622 361 3723 421 568

431 446 523 501 illa
550 462 860 504 enumerem
888 458 1052 521 atque
1085 467 1391 525 exponam;
1422 462 1478 512 et
1500 464 1624 528 post
1645 466 1761 513 haec
1797 466 1854 513 tu
1879 457 2025 511 libel-
2050 457 2098 518 A
2126 472 2375 527 possessa
2401 502 2414 528 ,
2452 462 2521 519 ad
2550 464 2830 524 basilicam
2874 480 3172 545 martyrum
3200 489 3229 529 a
3260 476 3585 547 parentibus
3612 482 3723 537 suis

430 544 542 599 lum
574 543 760 612 facias,
795 561 1031 618 eumque
1058 549 1259 606 seniori
1287 560 1401 617 tuo,
1448 553 1539 622 qui
1568 568 1712 609 nunc
1744 554 1798 608 in
1821 554 2023 623 palatio

429 646 696 703 moratur,
737 637 987 706 deferas;
1042 641 1200 711 eique
1238 657 1306 697 ex
1351 652 1652 714 martyrum
1702 636 2024 699 auctoritate

426 728 735 797 praecipias,
783 736 844 783 ut
876 731 1147 799 eumdem,
1186 741 1389 802 quanto
1437 734 1668 790 celerius
1692 736 1882 805 possit,
1921 736 2023 789 im-

426 820 668 888 peratori
697 818 907 876 offerat.
955 821 1161 879 Deinde
1192 824 1560 896 subjungens:
1609 844 1627 878 ς
1661 826 1905 893 Nostine,
1939 828 2022 882 in-

425 914 560 981 quit,
593 914 715 984 quis
742 929 843 987 ego
870 916 997 983 sim,
1042 918 1135 987 qui
1163 919 1261 974 tibi
1307 919 1410 974 ista
1455 920 1751 990 praecipio?
1784 951 1857 967 —
1882 922 2018 977 Tum

424 1017 526 1075 ego
556 1005 691 1060 nihil
734 1007 1014 1073 hmsitans,
1055 1017 1306 1065 sanctum
1352 1010 1719 1066 Marcellinum
1747 1028 1871 1068 eum
1898 1029 2019 1071 esse

424 1094 700 1165 respondi.
730 1127 783 1139 -
828 1098 896 1153 Et
925 1099 1014 1154 ille
1044 1118 1059 1154 :
1110 1116 1217 1155 non
1248 1102 1322 1156 ita
1348 1112 1462 1169 est,
1500 1102 1706 1173 inquit,
1738 1112 1800 1157 ut
1827 1105 2017 1174 Opina-

426 1186 523 1251 ris,
553 1186 646 1242 sed
682 1188 901 1245 Gabriel
950 1191 1307 1263 archangelus
1348 1208 1449 1264 ego
1483 1208 1601 1248 sum
1633 1211 1647 1259 ;
1694 1210 2013 1265 personam-

420 1292 531 1345 quc
563 1292 628 1334 ac
663 1278 897 1335 formam
942 1280 1238 1337 Marcellini
1284 1283 1488 1340 idcirco
1534 1287 1835 1356 assumpsi,
1887 1287 2011 1355 quia

420 1368 682 1426 Dominus
726 1371 871 1428 Deus
912 1374 1155 1429 omnium
1196 1390 1382 1430 rerum
1411 1384 1577 1446 atque
1627 1392 1913 1432 causarum
1946 1378 2013 1432 ad

420 1460 556 1518 istos
586 1470 854 1533 martyres
880 1464 1265 1533 pertinentium
1300 1481 1488 1522 curam
1518 1467 1652 1522 mihi
1695 1468 2007 1534 commisit;

420 1564 477 1609 et
504 1571 650 1611 nunc
676 1556 820 1622 veni,
871 1564 934 1612 ut
961 1558 1079 1614 haec
1123 1558 1224 1613 tibi
1260 1558 1560 1614 indicarem
1607 1575 1729 1630 qua:
1772 1560 2015 1628 scribere

418 1649 674 1719 prmcepi,
727 1650 984 1720 quoniam
1034 1651 1230 1707 divinae
1281 1652 1576 1709 voluntatis
1619 1661 1808 1709 est-ut
1849 1670 1913 1710 ea
1944 1670 2011 1709 ex

418 1742 744 1796 auctoritate
776 1756 964 1797 eorum
1008 1743 1077 1799 ad
1107 1744 1355 1799 notitiam
1388 1746 1551 1815 regis,
1585 1746 1704 1801 sine
1731 1762 2009 1802 moramm

2129 550 2359 608 adducta
2392 563 2498 611 est.
2549 555 2680 624 Quae
2711 575 2835 615 cum
2861 573 2988 619 ante
3030 566 3271 622 tumbam
3303 583 3462 625 sacra
3490 586 3722 642 corpora

2126 642 2493 700 continentem
2522 648 2779 715 venisset,
2826 660 2879 706 et
2910 655 3195 727 presbyter
3226 673 3392 727 super
3418 670 3581 732 caput
3605 661 3724 730 ejus

2123 734 2485 791 exorcismum
2510 779 2523 803 ,
2575 741 2869 796 secundum
2922 748 3372 804 consuetudinem
3397 792 3412 816 ,
3454 752 3723 823 perlegis-

2122 831 2243 887 set;
2290 839 2355 879 ac
2405 826 2598 884 deinde
2625 829 2921 888 dasmonem
2947 875 2962 901 ,
3008 837 3246 905 qualiter
3285 848 3341 895 et
3386 842 3608 910 quando
3663 844 3716 898 in

2122 928 2243 968 eam
2293 914 2484 973 fuisset
2528 919 2839 991 ingressus,
2897 930 3207 995 percontari
3255 933 3550 1001 coepisset,
3611 950 3721 989 non

2125 1005 2357 1060 barbara
2388 1007 2588 1079 lingua,
2632 1026 2796 1080 quam
2825 1014 2995 1070 solam
3029 1018 3203 1088 puella
3231 1031 3477 1086 noverat,
3510 1024 3605 1079 sed
3636 1040 3723 1079 ro-

2120 1110 2281 1150 mana
2302 1097 2574 1156 locutione
2600 1104 2917 1175 presbytero
2944 1110 3244 1179 respondit.
3288 1110 3529 1181 Cumque
3559 1125 3722 1184 pres:

2117 1185 2275 1258 byter
2303 1189 2596 1246 miraretur
2628 1201 2790 1264 atque
2812 1196 3199 1269 interrogaret,
3243 1203 3389 1257 unde
3419 1204 3495 1258 illi
3535 1203 3723 1259 latinze

2118 1275 2313 1347 lingua:
2350 1281 2559 1346 notitia,
2609 1299 2734 1338 cum
2760 1295 3012 1356 parentes
3054 1292 3207 1361 ejus,
3258 1296 3350 1364 qui
3380 1295 3454 1349 ibi
3480 1312 3726 1366 prresen-

2116 1378 2200 1426 tes
2235 1372 2520 1438 astabant,
2554 1376 2866 1445 huiusmodi
2910 1397 3217 1440 sermonem
3246 1388 3463 1456 penitus
3501 1388 3723 1457 ignora-

2117 1463 2278 1517 rent?
2298 1493 2369 1502 —
2404 1482 2423 1516 ι
2443 1465 2725 1535 Parentes,
2759 1471 2953 1540 inquit,
2988 1489 3140 1531 meos
3166 1494 3443 1548 nunquam
3465 1480 3673 1535 vidisti.
3697 1501 3717 1533 ι

2115 1579 2186 1592 --
2220 1551 2355 1606 Tum
2385 1556 2705 1626 presbyter:
2764 1577 2782 1611 ι
2822 1561 2900 1615 Tu
2932 1579 3087 1633 ergo,
3138 1566 3335 1638 inquit,
3373 1570 3520 1626 unde
3550 1586 3633 1637 es,
3675 1573 3721 1628 si

2114 1640 2205 1697 isti
2235 1658 2341 1697 non
2373 1655 2500 1699 sunt
2537 1658 2788 1716 parentes
2820 1653 2943 1707 tui?
2972 1675 2991 1707 ι

2185 1734 2274 1790 50.
2308 1735 2376 1789 Et
2404 1737 2611 1793 daemon
2640 1756 2738 1810 per
2758 1743 2992 1811 puellam
3022 1764 3035 1800 :
3073 1765 3092 1797 ι
3120 1748 3252 1819 Ego,
3286 1751 3381 1817 ait,
3413 1768 3535 1807 sum
3556 1753 3723 1809 satel-

418 1830 852 1903 interpositione,
883 1835 1222 1904 perveniant.
1276 1836 1356 1891 Tu
1383 1810 1544 1903 vero,
1565 1838 1708 1893 sicut
1746 1839 1844 1894 tibi
1873 1855 2007 1909 pne-

2114 1826 2193 1880 les
2218 1833 2381 1895 atque
2406 1827 2702 1899 discipulus
2750 1810 2997 1902 Satanae,
3044 1846 3101 1891 et
3129 1810 3301 1893 multo
3325 1810 3439 1910 jam
3470 1851 3721 1912 tempore

417 1921 579 1989 cepi,
623 1923 802 1992 primo
849 1923 1086 1979 diluculo
1132 1931 1256 1994 post
1312 1926 1639 1996 completum
1684 1927 2012 1983 matutinum

415 2010 673 2080 ofﬁcium,
712 2014 900 2069 nuntia
927 2030 1048 2085 quae
1088 2014 1284 2071 audisti
1316 2016 1402 2072 his
1433 2017 1630 2087 quibus
1662 2032 1724 2072 ea
1757 2019 2013 2075 nuntiare

408 2102 568 2172 jussi.
590 2136 662 2146 —
684 2106 819 2161 Tum
846 2122 947 2177 ego
972 2126 986 2162 :
1039 2106 1209 2164 Nemo
1236 2118 1343 2175 est,
1397 2109 1641 2180 inquam,
1685 2111 1777 2180 qui
1800 2113 2007 2178 credat,

414 2198 559 2267 quod
590 2199 813 2270 angelus
849 2215 1061 2256 mecum
1103 2201 1317 2257 locutus
1345 2203 1437 2269 sit,
1490 2211 1585 2257 aut
1621 2219 1707 2259 me
1738 2205 1842 2259 ista
1870 2222 2009 2260 nun-

413 2288 552 2344 tiare
600 2291 957 2346 mandaverit.
1003 2323 1077 2332 —
1116 2291 1235 2347 Non
1285 2294 1423 2359 erit,
1477 2294 1687 2364 inquit,
1744 2297 1859 2362 ita;
1912 2296 2019 2357 sed

411 2381 554 2438 dabo
579 2383 811 2455 signum,
845 2386 989 2455 quod
1014 2385 1183 2441 facias
1219 2402 1404 2441 coram
1431 2389 1511 2441 eis
1537 2406 1549 2441 :
1579 2404 1688 2457 quo
1714 2389 1853 2454 viso,
1886 2389 2006 2443 nul-

409 2473 519 2528 lam
542 2474 684 2531 ultra
718 2477 1109 2533 dubitationem
1139 2479 1419 2535 habebunt
1449 2480 1516 2535 de
1545 2481 1630 2536 his
1659 2498 1781 2552 qum
1807 2484 1875 2538 ad
1911 2500 2007 2540 eos

410 2578 475 2617 ex
502 2580 622 2620 mea
647 2564 890 2634 jussione
924 2569 1232 2637 pertuleris.
1282 2569 1517 2626 Proinde
1544 2571 1667 2627 volo
1703 2574 1853 2630 dicas
1875 2575 2008 2629 Rat-

408 2654 548 2711 leico
576 2664 633 2711 ut
656 2658 910 2714 exhibeat
941 2661 1038 2715 tibi
1068 2662 1203 2717 duos
1230 2678 1418 2719 cereos
1454 2674 1625 2720 novos
1647 2666 1736 2735 qui
1766 2668 2005 2722 nondum

412 2747 629 2803 accensi
675 2746 937 2816 fuissent;
991 2758 1047 2804 et
1097 2766 1262 2805 unum
1294 2768 1361 2807 ex
1398 2754 1479 2808 eis
1510 2754 1734 2820 dextra,
1771 2756 2003 2812 alterum

409 2837 627 2892 sinistra
670 2846 890 2905 tenens,
941 2848 1023 2894 sta
1065 2855 1247 2896 coram
1291 2842 1492 2907 altari;
1537 2852 1591 2897 et
1626 2859 1751 2899 cum
1798 2847 1998 2911 omnia,

409 2944 530 2998 qua:
557 2930 651 2984 tibi
683 2931 933 3002 prmcepi,
962 2932 1238 2987 narrando
1262 2933 1649 3003 compleveris,
1694 2935 1781 2989 dic
1809 2937 1889 2991 eis
1910 2937 2000 3007 qui

407 3018 525 3075 hinc
571 3020 823 3086 audiunt,
861 3029 922 3075 ut
972 3021 1025 3076 in
1059 3022 1163 3077 hoc
1203 3024 1430 3078 credant
1458 3039 1587 3078 vera
1626 3032 1683 3079 et
1714 3026 1781 3080 ab
1809 3026 2002 3096 angelo

407 3106 504 3162 Dei
534 3122 654 3163 esse
686 3109 938 3164 mandata
965 3149 980 3175 ,
1012 3124 1134 3180 qum
1159 3111 1361 3177 dixisti,
1412 3114 1458 3166 si
1492 3113 1548 3167 hi
1576 3114 1718 3169 cerei
1751 3114 1803 3168 in
1827 3116 2001 3169 mani-
2029 3144 2073 3206 ρ

406 3200 510 3254 bus
534 3198 660 3265 tuis,
693 3199 806 3254 sine
837 3199 1171 3256 adhibitione
1208 3201 1347 3273 ignis
1378 3202 1604 3257 visibilis
1624 3243 1639 3268 ,
1690 3203 1892 3259 fuerint
1916 3205 2000 3259 vi-

409 3287 660 3343 dentibus
687 3287 794 3343 illis
821 3288 1132 3345 illuminati.
1173 3310 1191 3343 ι

480 3379 600 3446 Quo
631 3378 793 3447 facto,
829 3383 1065 3451 scriptus
1098 3389 1182 3437 est
1226 3381 1462 3450 libellus,
1512 3384 1753 3455 mihique
1782 3386 2001 3453 allatus,

409 3487 475 3527 ac
500 3486 600 3543 per
628 3485 715 3527 me
750 3472 865 3542 regi
891 3471 1126 3537 oblatus,
1169 3473 1353 3529 abillo
1392 3489 1609 3546 quoque
1638 3484 1893 3547 acceptus
1922 3487 2003 3531 at-

410 3578 517 3633 que
550 3563 823 3633 perlectus
847 3570 950 3618 est.
979 3563 1187 3617 Idcirco
1213 3564 1389 3618 visum
1426 3574 1509 3619 est
1537 3566 1689 3630 mihi,
1724 3567 1866 3621 inter
1894 3583 2001 3621 ca:-

410 3668 526 3713 tera
555 3654 839 3723 miracula,
866 3654 1035 3711 libelli
1060 3653 1221 3723 hujus
1264 3655 1445 3711 facere
1477 3656 1805 3712 mentionem
1833 3673 1847 3722 ;
1878 3659 2003 3727 quia

408 3764 509 3819 per
534 3747 909 3811 occasionem,
952 3761 1059 3815 qua
1097 3745 1186 3800 ille
1226 3745 1388 3801 scribi
1416 3746 1739 3815 jubebatur,
1777 3748 2005 3819 contigit

409 3839 503 3895 illa
525 3838 791 3894 mirabilis
830 3844 885 3892 et
909 3836 1166 3891 inusitata
1211 3849 1497 3890 cereorum
1526 3837 1800 3903 accensio,
1840 3853 2003 3907 quam

408 3945 508 3999 per
553 3928 747 3983 merita
792 3927 1079 3983 beatorum
1115 3932 1419 3995 martyrum
1463 3924 1580 3979 ﬁeri
1631 3927 1828 3982 debere
1867 3928 2001 3995 ipse,

411 4020 503 4092 qui
534 4034 629 4075 eos
654 4016 999 4081 illuminavit,
1026 4016 1251 4087 angelus
1278 4016 1683 4085 praenuntiavit.

481 4108 571 4164 49.
616 4106 731 4164 Sub
753 4106 895 4163 idem
923 4102 1039 4159 fere
1063 4111 1296 4175 tempus,
1335 4119 1458 4159 cum
1488 4104 1765 4159 Batleicus
1785 4120 1815 4159 a
1847 4106 2005 4161 nobis

413 4198 482 4255 ad
529 4197 811 4254 basilicam
858 4203 1159 4265 martyrum
1203 4209 1486 4265 regressus
1532 4203 1642 4257 est,
1696 4195 1893 4251 allatus
1921 4203 2007 4251 est

412 4289 569 4345 nobis
610 4288 735 4343 inde
759 4286 899 4341 alter
946 4284 1181 4351 libellus,
1229 4285 1515 4340 continens
1551 4286 1720 4341 verba
1747 4294 1802 4341 et
1838 4287 2005 4343 ratio-

414 4378 742 4434 cinationem
790 4376 1074 4446 cujusdam
1121 4374 1414 4442 damonis,
1465 4376 1559 4446 qui
1589 4391 1649 4432 se
1683 4376 2004 4448 Wiggonem

2114 1918 2257 1988 apud
2304 1917 2509 1975 inferos
2545 1919 2751 1988 janitor
2792 1924 2911 1989 fui;
2964 1928 3060 1982 sed
3100 1930 3261 1984 modo
3286 1946 3385 2001 per
3413 1947 3589 1988 annos
3619 1933 3720 1987 ali-

2112 2016 2263 2077 quot,
2294 2023 2417 2063 cum
2446 2011 2613 2066 sociis
2638 2013 2776 2068 meis
2810 2016 3081 2083 undecim,
3124 2034 3349 2091 regnum
3374 2020 3718 2077 Francorum

2110 2099 2340 2153 vastavi.
2359 2099 2727 2156 Frumentum
2755 2112 2810 2159 et
2833 2106 3039 2175 vinum,
3063 2118 3118 2163 et
3139 2125 3329 2165 omnes
3351 2112 3486 2168 alias
3506 2113 3716 2184 fruges,

2110 2204 2231 2258 qum
2257 2190 2325 2243 ad
2353 2206 2513 2246 usum
2567 2193 2852 2249 hominum
2883 2197 2950 2251 de
2999 2208 3146 2255 terra
3196 2210 3516 2269 nascuntur,
3560 2202 3719 2271 juxta

2111 2281 2253 2348 quod
2295 2280 2435 2349 jussi
2476 2297 2732 2351 eramus,
2784 2290 3063 2344 enecando
3112 2289 3453 2357 delevimus;
3510 2309 3715 2364 pecora

2109 2372 2313 2427 morbis
2357 2372 2769 2441 interfecimus,
2813 2377 2956 2431 luem
2994 2394 3058 2434 ac
3084 2381 3453 2450 pestilentiam
3483 2383 3538 2437 in
3564 2384 3717 2453 ipsos

2108 2464 2358 2520 homines
2408 2466 2773 2533 immisimus;
2838 2483 3030 2524 omnes
3084 2485 3302 2541 quoque
3351 2472 3717 2529 adversitates

2108 2566 2164 2612 et
2189 2567 2385 2613 cuncta
2428 2559 2588 2623 mala,
2640 2576 2762 2629 qua:
2798 2560 2910 2629 jam
2960 2562 3052 2617 diu
3086 2578 3185 2632 pro
3224 2565 3437 2619 meritis
3467 2567 3583 2621 suis
3611 2582 3714 2635 pa-

2108 2648 2335 2720 tiuntur,
2387 2649 2545 2703 nobis
2589 2649 2918 2706 facientibus
2959 2661 3125 2723 atque
3175 2655 3581 2723 ingerentibus,
3633 2658 3717 2711 eis

2108 2736 2443 2792 acciderunt.
2478 2759 2497 2791 ι
2529 2769 2599 2777 -
2626 2738 2729 2795 Hic
2764 2756 2886 2795 cum
2912 2743 3199 2813 presbyter
3234 2746 3302 2800 ab
3337 2761 3403 2800 eo
3438 2757 3715 2815 qumreret

2105 2844 2341 2898 quanam
2366 2830 2433 2884 de
2461 2845 2623 2885 causa
2652 2832 2701 2886 ei
2744 2830 2936 2887 fuisset
2967 2835 3276 2904 bujusmodi
3314 2852 3577 2891 concessa
3615 2854 3713 2907 po-

2106 2923 2316 2977 testas?
2369 2940 2387 2973 ‹
2425 2921 2656 2992 Propter
2684 2924 2969 2990 malitiam,
3002 2926 3198 2995 inquit,
3229 2927 3411 2997 populi
3446 2928 3630 2996 hujus,
3658 2936 3715 2983 et

2106 3013 2453 3068 multimodas
2493 3014 2811 3083 iniquitates
2858 3030 3049 3070 eorum
3086 3018 3177 3086 qui
3233 3033 3399 3087 super
3425 3034 3550 3072 eum
3585 3034 3713 3072 con-

2105 3104 2279 3159 stituti
2312 3113 2455 3159 sunt.
2509 3105 2612 3171 Qui
2640 3122 2867 3161 munera
2913 3116 2968 3163 et
3010 3124 3119 3163 non
3153 3110 3421 3180 justitiam
3454 3111 3710 3181 diligunt,

2105 3198 2197 3266 qui
2229 3197 2347 3267 plus
2375 3197 2649 3253 hominem
2676 3214 2839 3267 quam
2874 3200 3043 3254 Deum
3074 3210 3344 3264 metuunt,
3384 3202 3477 3272 qui
3507 3218 3715 3271 paupe-

2106 3302 2193 3342 res
2224 3288 2563 3357 opprimunt,
2586 3289 2779 3343 viduas
2810 3296 2864 3343 et
2886 3291 3119 3360 pupillos
3166 3292 3233 3346 ad
3261 3306 3319 3347 se
3345 3291 3714 3347 vociferantes

2105 3377 2364 3431 exaudire
2407 3375 2620 3442 nolunt,
2672 3377 2804 3432 nulli
2837 3378 3113 3448 justitiam
3158 3380 3262 3434 nisi
3308 3382 3579 3436 mercanti
3628 3382 3711 3436 fa—

2104 3468 2274 3522 ciunt.
2324 3467 2527 3523 Praeter
2557 3469 2674 3523 haec
2713 3477 2838 3524 sunt
2868 3478 2923 3525 et
2946 3470 3052 3525 alia
3080 3471 3250 3525 multa
3289 3488 3353 3527 ac
3384 3488 3522 3542 pene
3550 3473 3713 3527 innu-

2106 3561 2406 3626 merabilia,
2433 3578 2553 3631 qua:
2581 3571 2691 3617 tam
2723 3564 2791 3618 ab
2814 3564 2930 3631 ipso
2958 3564 3179 3634 populo,
3232 3580 3396 3633 quam
3421 3581 3452 3619 a
3484 3566 3713 3621 rectori-

2104 3651 2209 3706 bus
2236 3650 2353 3720 ejus
2388 3654 2633 3722 quotidie
2679 3655 3130 3719 committuntur;
3180 3664 3239 3709 ut
3267 3664 3397 3710 sunt
3443 3654 3711 3727 perjuria,

2106 3744 2419 3808 ebrietates,
2451 3743 2739 3811 adulteria,
2780 3747 3106 3811 homicidia,
3140 3746 3306 3812 furta,
3337 3749 3559 3818 rapinm,
3590 3765 3712 3819 qua:

2106 3849 2267 3890 nemo
2296 3835 2412 3889 fieri
2454 3836 2729 3905 prohibet,
2772 3844 2846 3903 et,
2879 3852 3000 3891 cum
3040 3836 3183 3891 facta
3213 3836 3439 3904 fuerint,
3488 3854 3599 3895 non
3626 3848 3713 3894 est

2106 3926 2200 3996 qui
2227 3926 2487 3981 vindicet.
2519 3925 2860 3982 Potentiores
2905 3928 3107 3997 quique
3151 3929 3403 3998 turpibus
3427 3930 3597 3985 lucris
3628 3932 3712 3985 in-

2106 4014 2385 4080 serviunt;
2415 4021 2471 4069 et
2493 4013 2614 4069 loco
2643 4016 2922 4084 superiore
2940 4057 2955 4081 ,
2997 4030 3158 4084 quem
3189 4026 3414 4085 propter
3441 4017 3710 4088 regendos

2107 4106 2393 4163 inferiores
2428 4114 2778 4175 acceperunt,
2830 4108 2897 4161 ad
2927 4107 3237 4177 superbiam
3264 4119 3320 4163 et
3348 4109 3567 4164 inanem
3594 4108 3711 4179 glo-

2109 4197 2246 4251 riam
2276 4197 2609 4260 abutuntur;
2653 4196 2835 4251 odium
2867 4204 2921 4251 et
2950 4198 3230 4263 invidiam,
3263 4213 3371 4253 non
3415 4206 3524 4253 tam
3563 4200 3711 4254 inter

2108 4295 2419 4351 extraneos,
2469 4301 2631 4356 quam
2676 4286 2819 4341 inter
2846 4287 3181 4356 propinquos
3210 4297 3267 4343 et
3288 4287 3546 4342 affinitate
3574 4304 3710 4343 con-

2102 4375 2323 4446 junctos
2359 4382 2658 4439 exercent;
2716 4375 2925 4431 amicus
2950 4376 3124 4432 amico
3151 4393 3258 4431 non
3288 4378 3487 4443 credit,
3535 4376 3709 4432 frater

414 4467 731 4523 nominavit.
768 4464 900 4533 Quae
934 4464 1081 4521 facta
1110 4472 1195 4521 est
1220 4466 1289 4521 ab
1330 4480 1396 4521 eo
1418 4480 1602 4521 coram
1632 4466 1816 4522 multis
1847 4467 2002 4522 testi-
2030 4478 2083 4537 1)
2107 4464 2329 4519 fratrem
2376 4465 2522 4530 odit,
2579 4472 2733 4534 pater
2766 4464 2936 4520 filium
2990 4483 3095 4523 non
3137 4470 3331 4540 diligit.
3387 4467 3520 4524 Rari
3553 4478 3706 4534 sunt,

413 4560 516 4615 bus
549 4564 673 4612 ante
695 4556 884 4621 altare,
916 4555 1073 4626 juxta
1105 4555 1251 4624 quod
1285 4556 1429 4611 sacri
1459 4565 1759 4627 martyrum
1789 4557 2005 4612 cineres

416 4650 638 4723 repositi
687 4657 832 4715 sunt,
877 4648 945 4703 ad
994 4647 1481 4718 interrogationem
1523 4648 1859 4718 presbyteri,
1912 4651 2003 4718 qui

416 4742 782 4797 cxorcismum
840 4753 1005 4808 super
1064 4753 1491 4809 energumenum
1556 4738 1807 4808 legerat:
1862 4740 2003 4809 quod

415 4835 522 4888 hoc
548 4831 708 4887 modo
737 4830 1027 4902 contigisse
1056 4836 1328 4884 narratur.
1365 4829 1633 4885 Prandium
1670 4838 1755 4885 est
1782 4830 1839 4885 in
1866 4845 2006 4901 pago

418 4922 740 4994 Nithagome
772 4933 824 4985 ιι,
857 4920 1120 4977 vocabulo
1145 4919 1437 4991 Hecgstat,
1482 4922 1764 4990 pertinens
1800 4922 1867 4977 ad
1892 4938 2007 4978 mo—

418 5014 716 5068 nasterium
753 5010 811 5065 S.
840 5010 1055 5064 Nazarii
1084 5010 1135 5075 ι),
1184 5011 1250 5066 de
1270 5026 1378 5081 quo
1400 5010 1576 5081 puella
1612 5013 1879 5082 quaedam,
1912 5028 2007 5067 an-

419 5120 614 5161 norum
641 5103 861 5159 circiter
887 5099 1155 5166 sedecim,
1204 5100 1272 5156 ab
1298 5102 1489 5156 eodem
1535 5103 1774 5159 erratico
1812 5104 2005 5173 spiritu

494 5290 521 5320 ι
556 5277 823 5333 Existimo
864 5275 1151 5345 legendum
1176 5316 1191 5337 ,
1220 5283 1329 5329 tum
1358 5275 1466 5340 hic,
1502 5283 1615 5329 tum
1643 5276 1783 5329 infra
1805 5317 1818 5340 ,
1854 5295 2001 5333 num.

421 5352 513 5415 55,
556 5349 885 5418 Nithagouve
923 5353 1061 5418 :Aest
1094 5354 1275 5418 autem
1316 5354 1522 5418 tractus
1550 5346 1745 5418 illeﬂsic
1771 5348 1945 5401 dictus
1974 5366 2003 5403 a

421 5414 585 5479 Nitha
624 5414 787 5473 ﬂuvio
814 5458 829 5481 ,
879 5415 1043 5483 vulgo
1084 5414 1195 5468 Nid
1222 5456 1235 5478 ,
1296 5416 1388 5484 qui
1427 5414 1596 5469 Magno
1636 5416 1874 5470 illabitur
1922 5419 2005 5472 in-

422 5493 505 5547 fra
544 5486 961 5544 Francofurtum
990 5525 1004 5549 ,
1044 5499 1109 5539 eo
1147 5485 1267 5540 loco
1309 5486 1400 5555 ubi
1436 5501 1579 5539 nunc
1615 5494 1700 5539 est
1744 5488 1999 5555 oppidum

424 5562 679 5623 llmchst;
722 5557 865 5627 quod
897 5556 984 5609 hic
1014 5555 1283 5627 nominari
1312 5554 1611 5627 Ιζςιτοειατ,
1664 5554 1829 5627 noliui
1863 5558 2000 5611 divi-

423 5632 602 5687 nando
637 5625 963 5699 suggerere;
1000 5639 1132 5699 cum‘
1168 5626 1308 5699 inter
1347 5625 1669 5699 Moguntina:
1700 5626 1998 5681 dimccsvcs

422 5704 537 5758 loca
574 5694 840 5753 inveniam
867 5695 1133 5751 nominari
1162 5694 1367 5748 Iletslat
1390 5736 1403 5757 ,
1436 5695 1573 5747 haud
1605 5710 1825 5763 prorsus
1854 5699 1996 5749 absi-

426 5771 539 5829 mili
562 5770 842 5839 vocabulo,
872 5766 967 5823 sed
990 5766 1043 5821 in
1070 5766 1453 5838 topographica
1494 5766 1669 5820 tabula
1695 5767 1989 5834 praeterito.

2112 4556 2203 4624 qui
2254 4554 2486 4609 fideliter
2529 4569 2594 4609 ac
2623 4555 2814 4610 devote
2861 4557 3101 4612 decimas
3132 4559 3279 4624 dent,
3326 4560 3563 4615 rariores
3610 4562 3707 4629 qui

2112 4645 2482 4714 eleemosynas
2506 4643 2744 4711 faciant;
2776 4653 2833 4700 et
2857 4646 2960 4700 hoc
2988 4646 3130 4712 ideo,
3156 4647 3282 4716 quia
3310 4647 3569 4717 quidquid
3596 4647 3709 4702 Deo

2111 4735 2195 4789 vel
2223 4735 2551 4805 pauperibus
2602 4735 2733 4790 dare
2775 4733 3055 4802 iubentur,
3105 4736 3158 4789 id
3203 4735 3307 4790 sibi
3348 4738 3531 4806 perire
3557 4736 3708 4790 arbio

2112 4834 2347 4881 trantur.
2399 4824 2617 4894 Iniquas
2646 4841 2933 4881 mensuras
2958 4835 3015 4881 et
3038 4826 3239 4895 injusta
3275 4828 3515 4896 pondera
3534 4867 3546 4891 ,
3573 4842 3711 4882 con-

2113 4930 2196 4973 tra
2226 4918 2322 4973 Dci
2352 4926 2701 4986 praeceptum,
2736 4917 2936 4973 habere
2963 4934 3068 4974 non
3098 4928 3393 4985 verentur;
3424 4921 3614 4975 fraude
3650 4934 3708 4975 se

2112 5010 2432 5065 alterutrum
2477 5008 2947 5075 circumveniunt;
3001 5008 3139 5065 falsa
3184 5011 3496 5065 testimonia
3524 5010 3708 5065 dicere

2113 5117 2223 5157 non
2248 5102 2607 5165 erubescunt;
2640 5099 2758 5156 dies
2785 5099 3085 5156 dominicos
3128 5116 3192 5156 ac
3216 5101 3444 5159 feriatos
3468 5118 3573 5157 non
3604 5118 3704 5158 cu-

2186 5280 2212 5319 b
2253 5277 2636 5333 Monasterium
2671 5275 2727 5330 S.
2771 5274 2985 5329 Nazarii
3013 5276 3153 5331 ultra
3183 5274 3405 5328 fluvium
3428 5275 3703 5338 Rhenum,

2114 5349 2272 5418 vulgo
2301 5348 2613 5401 Laurisham
2636 5356 2729 5400 aut
2749 5346 3067 5418 Lorishaim,
3097 5346 3189 5418 ubi
3213 5360 3415 5418 corpus
3446 5343 3508 5418 S.
3532 5344 3707 5397 Naza-

2112 5419 2179 5472 rii
2211 5414 2537 5488 depositum
2567 5429 2691 5488 esse
2728 5432 2757 5468 a
2798 5424 2989 5488 sancto
3028 5414 3400 5488 Godegrando
3427 5416 3703 5488 episcopo,

2108 5484 2344 5542 diximus
2363 5489 2430 5542 ad
2453 5485 2611 5553 hujus
2633 5484 2831 5549 Vitam,
2856 5486 2888 5539 6
2912 5484 3088 5540 Martii
3115 5504 3126 5536 :
3150 5484 3290 5539 idem
3313 5484 3477 5539 latius
3498 5486 3703 5538 dictum

2106 5559 2174 5633 ad
2219 5557 2485 5633 VitamS.
2518 5555 2761 5615 Nazarii,
2822 5556 2887 5609 l2
2933 5555 3111 5633 Junii;
3134 5554 3367 5633 Qonsule
3422 5554 3706 5633 ξαρ-(ψεγ-

2104 5628 2230 5680 dum
2291 5628 2623 5692 Frehcrum,
2689 5634 2843 5695 parte
2899 5642 2914 5681 1
2964 5625 3031 5681 de
3074 5624 3392 5695 Originibus
3435 5624 3701 5679 Palatinis

2104 5714 2220 5767 cup.
2260 5699 2313 5752 6.
