3912 6314
152 371 255 427 569

977 372 1153 430 HIST.
1196 372 1584 429 TRANSLAT.
1623 371 1729 428 BB.
1773 373 2192 431 MARCELLINI
2228 374 2316 429 ET
2354 368 2582 428 PETRI.
3323 369 3426 425 570

158 487 420 551 ttodiunt,
460 485 555 541 sed
594 486 647 540 in
694 486 799 551 his,
848 500 913 539 ac
940 488 986 543 si
1016 488 1070 542 in
1095 487 1342 553 caeteris,
1371 496 1528 557 prout
1554 486 1743 541 volun-
1769 491 1820 548 A
1846 487 2127 543 commodo
2152 485 2457 540 liberatam.
2488 483 2618 550 Quae
2661 494 2749 536 res
2790 481 2895 537 hoc
2932 478 3093 535 modo
3126 483 3278 549 gesta
3307 492 3429 533 esse

158 586 239 633 tas
272 592 467 631 eorum
505 576 713 643 tulerit,
761 586 1075 646 operantur.
1125 577 1354 647 Propter
1399 576 1515 631 haec
1542 584 1599 632 et
1641 575 1746 630 alia

157 668 353 731 multa,
397 683 517 737 quae
560 667 703 721 Deus
730 673 823 720 aut
863 668 1118 738 praecepit
1163 667 1471 722 hominibus
1497 673 1559 721 ut
1600 665 1747 721 face-

156 768 303 824 rent,
335 766 427 812 aut
454 756 729 828 prohibuit
751 773 817 812 ne
844 758 1105 822 facerent,
1138 758 1263 829 quia
1286 758 1512 829 populus
1536 758 1626 813 hic
1648 772 1747 829 per

156 852 560 905 contumaciam
597 850 865 904 mandatis
890 849 1006 918 ejus
1034 850 1350 905 inobediens
1376 850 1600 905 ell‘ectus
1639 858 1744 915 est,

155 946 444 1017 permissi,
496 946 605 1000 imo
639 943 777 1013 jussi
822 958 1008 999 sumus
1048 959 1113 999 ea
1142 944 1324 999 facere
1353 945 1408 998 in
1442 942 1605 998 rebus
1646 944 1747 997 hu-

154 1036 366 1101 manis,
416 1050 537 1105 qua:
583 1035 829 1105 superius
864 1034 1217 1099 enumeravi,
1264 1040 1323 1088 ut
1350 1032 1591 1103 perfidiae
1636 1046 1747 1086 suae

154 1140 353 1197 pcenas
397 1125 565 1180 luant.
621 1124 760 1180 Sunt
801 1125 948 1179 enim
992 1124 1183 1194 perfidi
1226 1133 1387 1193 atque
1435 1123 1744 1188 mendaces,

156 1233 285 1272 cum
314 1218 419 1273 hoc
451 1231 673 1272 servare
702 1231 812 1271 non
841 1224 1055 1281 curant,
1083 1215 1225 1285 quod
1256 1215 1311 1269 in
1338 1214 1606 1284 baptismo
1624 1227 1748 1283 pro-

153 1308 444 1361 miserunt.
492 1326 511 1360 ›
569 1306 699 1361 Hzec
754 1306 937 1361 omnia
987 1306 1195 1361 daemon
1246 1320 1345 1374 per
1393 1319 1455 1359 os
1502 1302 1747 1358 barbarae

153 1395 353 1465 puella:
376 1394 545 1449 latine
574 1394 784 1449 locutus
806 1401 906 1449 est.

232 1508 323 1562 51.
358 1508 571 1565 Etcum
602 1508 883 1579 presbyter
919 1508 1233 1579 imperando
1265 1475 1458 1577 urgere
1495 1506 1750 1576 coepisset

154 1605 221 1652 ut
264 1598 459 1653 exiret.
499 1617 517 1649 ‹
556 1599 756 1664 Exibo,
782 1599 978 1668 inquit,
1009 1614 1114 1653 non
1154 1608 1375 1668 propter
1402 1606 1553 1653 tuum
1579 1599 1749 1668 impe-

152 1688 327 1753 rium,
356 1688 450 1743 sed
479 1696 702 1758 propter
726 1698 1033 1744 sanctorum
1062 1698 1383 1759 potestatem
1403 1732 1417 1756 ,
1450 1690 1540 1758 qui
1566 1704 1654 1744 me
1691 1690 1745 1744 in

153 1777 247 1832 illa
272 1779 474 1833 diutius
491 1794 714 1834 manere
738 1795 844 1835 non
866 1781 1202 1849 permittunt.
1235 1800 1253 1833 ι
1284 1780 1381 1836 His
1401 1782 1578 1846 dictis,
1598 1781 1746 1849 puel-

1847 580 2206 651 cognoscitur.
2239 578 2295 633 ln
2322 592 2459 648 pago
2496 577 2811 644 Nithagowe
2839 573 3038 629 fundus
3079 578 3181 634 est,
3215 569 3427 626 Ursella

1845 680 2091 732 voratus,
2121 670 2211 741 qui
2239 685 2269 723 a
2296 667 2522 723 basilica
2553 676 2852 737 martyrum
2883 680 2975 720 sex
3006 664 3122 719 fere
3148 662 3425 718 leucarum

1846 759 2130 814 intervallo
2176 759 2467 814 dirimitur.
2501 756 2559 811 In
2605 771 2713 827 quo
2757 754 2949 809 mulier
2975 758 3255 824 quadam,
3303 766 3430 808 cum

1846 864 2008 904 mane
2040 848 2183 903 facto
2224 848 2290 904 de
2320 863 2510 904 somno
2541 845 2800 917 evigilans
2838 846 2892 900 in
2918 845 3059 899 lecto
3088 860 3186 900 suo
3217 843 3423 899 reside-

1848 951 1952 1008 ret,
1969 952 2024 998 et
2038 943 2195 1011 juxta
2218 940 2658 996 consuetudinem
2681 936 3187 1008 expergiscentium,
3214 944 3435 1006 proten-

1849 1031 2002 1086 sione
2032 1030 2381 1085 brachiorum
2427 1037 2483 1082 et
2524 1026 2740 1081 assidua
2776 1024 3114 1086 oscitatione,
3149 1026 3216 1076 ad
3250 1022 3432 1076 discu-

1848 1120 2088 1175 tiendum
2128 1132 2452 1182 marcorem,
2484 1131 2543 1170 se
2576 1114 2926 1179 extenderet,
2976 1126 3038 1167 os
3081 1110 3240 1181 paulo
3278 1108 3432 1165 didu-

1848 1212 2011 1275 ctius,
2034 1225 2196 1281 quam
2219 1209 2467 1273 debebat,
2491 1207 2721 1277 aperuit,
2750 1204 3142 1274 disjunctisque
3158 1200 3312 1271 juxta
3336 1216 3431 1255 au-

1848 1314 1937 1355 res
1978 1300 2319 1354 maxillarum
2368 1299 2721 1368 coagmentis,
2765 1296 2923 1351 hians
2974 1295 3143 1350 rictus
3184 1292 3435 1347 constitit

1849 1392 2178 1457 immobilis;
2215 1407 2316 1446 nec
2344 1389 2457 1459 jam
2495 1405 2558 1445 os
2595 1390 2845 1445 claudere
2886 1390 3103 1453 valens,
3134 1402 3382 1458 persona:
3405 1384 3433 1424 δ

1849 1496 2011 1551 quam
2040 1481 2247 1536 homini
2293 1481 2522 1538 similior
2558 1479 2778 1545 effecta',
2812 1480 3160 1551 gravissimas
3204 1479 3435 1533 incauta:

1848 1575 2184 1630 oscitationis
2209 1588 2399 1643 poenas
2427 1573 2629 1629 luebat.
2660 1573 2775 1629 Hoc
2796 1573 2888 1628 ubi
2917 1571 3247 1627 mulierculis
3268 1571 3324 1625 in
3343 1585 3436 1625 eo-

1849 1668 1971 1722 dem
2000 1665 2167 1720 fundo
2194 1666 2564 1721 habitantibus
2594 1665 2847 1729 innotuit,
2883 1670 3196 1727 accurrunt,
3229 1663 3436 1717 herbis-

1849 1770 1955 1826 que
1992 1766 2049 1813 et
2076 1755 2284 1811 frivolis
2319 1756 2778 1811 incantationibus
2801 1754 2942 1809 male
2969 1754 3187 1808 habenti
3212 1755 3436 1808 succur-

155 1832 354 1924 ,εωίίη
386 1832 752 1940 ρηνίωεηὼ
785 1832 1058 1942 ﬁge“;
1074 1832 1083 1834 ‘
1110 1832 1389 1943 έίέιηθςίί
1407 1832 1745 1944 ζίέςίιςεζηῖς,
1775 1832 1821 1891 Β
1850 1865 1972 1905 rere
1998 1848 2314 1944 moliuntur.
2344 1845 2451 1902 Sed
2472 1862 2579 1944 non
2600 1846 2791 1944 habuit
2816 1845 3076 1944 effectum
3094 1860 3243 1944 vana
3261 1860 3325 1900 ac
3348 1860 3439 1899 su-

153 1960 294 2022 lum,
325 1960 474 2014 velut
499 1961 878 2027 dormientem,
909 1977 1082 2033 prono
1111 1978 1339 2033 corpore
1372 1964 1558 2035 jacere
1595 1962 1744 2019 fecit.

156 2052 295 2107 Post
323 2052 599 2120 paululum
639 2068 766 2108 vero
794 2054 887 2109 illo
913 2054 1198 2110 recedente
1218 2054 1243 2120 ,‘
1261 2057 1413 2125 quasi
1454 2056 1521 2111 de
1542 2072 1749 2111 .somno

152 2141 445 2210 evigilans,
487 2156 585 2211 per
625 2143 878 2197 virtutem
920 2142 1119 2197 Christi
1147 2151 1201 2198 et
1237 2144 1431 2198 merita
1465 2145 1747 2199 beatorum

152 2243 489 2301 martyrum,
520 2232 719 2301 puella,
750 2234 960 2288 cunctis
1003 2234 1093 2303 qui
1133 2234 1361 2288 aderant
1404 2236 1750 2290 cernentibus

156 2331 329 2391 atque
377 2324 733 2389 mirantibus,
768 2340 897 2379 sana
925 2325 1179 2386 surrexit,
1220 2340 1319 2379 nec
1348 2334 1470 2396 post
1497 2334 1749 2381 exactum

155 2428 188 2467 a
220 2428 281 2468 se
306 2413 607 2468 daemonem
637 2414 801 2471 latine
832 2416 977 2487 loqui
1008 2417 1224 2483 potuit;
1266 2425 1326 2470 ut
1351 2417 1527 2486 palam
1567 2427 1750 2487 posset

155 2503 413 2573 intelligi,
446 2520 552 2557 non
578 2504 727 2558 illam
754 2521 850 2575 per
874 2521 951 2571 se,
980 2507 1073 2561 sed
1100 2509 1395 2561 daemonem
1424 2523 1522 2577 per
1548 2523 1610 2563 os
1633 2509 1751 2579 ejus

159 2592 337 2649 fuisse
370 2595 632 2651 locutum.
661 2596 774 2652 Heu
803 2600 814 2653 !
847 2600 980 2667 proh
1013 2599 1167 2655 dolor
1194 2600 1205 2653 !
1244 2600 1311 2653 ad
1338 2608 1569 2670 quantas
1600 2600 1755 2656 mise-

157 2684 278 2738 rias
322 2693 565 2755 tempora
612 2695 799 2742 nostra
847 2696 972 2743 sunt
1002 2688 1269 2752 devoluta,
1311 2690 1363 2744 in
1408 2691 1604 2760 quibus
1642 2708 1749 2745 non

152 2777 291 2831 boni
318 2777 587 2843 homines,
614 2780 709 2835 sed
747 2781 873 2835 mali
912 2784 1184 2839 daemones
1222 2785 1470 2840 doctores
1498 2794 1655 2851 sunt;
1696 2796 1751 2842 et

158 2866 480 2923 incentores
505 2870 755 2924 vitiorum
784 2887 846 2945 ac
874 2887 1224 2941 persuasores
1248 2875 1539 2930 criminum
1564 2880 1630 2933 de
1656 2894 1751 2933 no-

155 2968 276 3013 stra
308 2974 409 3014 nos
440 2962 775 3017 correctione
799 2972 1162 3019 commonent.

232 3070 326 3125 52.
370 3072 573 3128 Eodem
600 3077 715 3131 fere
745 3084 986 3148 tempore
1020 3080 1445 3137 sanctimonialis
1471 3084 1746 3154 quaedam,

151 3166 384 3221 nomine
410 3166 792 3236 Marethrudis,
818 3171 885 3225 de
906 3188 1043 3243 pago
1069 3170 1379 3229 Wetarciba
1405 3187 1429 3215 α

148 3257 430 3328 paralysis
466 3262 784 3331 aegritudine
812 3277 909 3332 per
940 3266 1122 3319 decem
1159 3280 1328 3320 annos
1359 3275 1470 3321 tam
1500 3268 1748 3322 immani-

154 3358 243 3405 ter
270 3353 577 3418 tenebatur,
604 3360 664 3407 ut
694 3361 843 3409 tanto
873 3357 1127 3425 temporis
1155 3358 1331 3427 spatio
1356 3372 1494 3426 pene
1516 3357 1661 3413 nullo
1682 3359 1750 3415 ad

154 3440 433 3497 humanos
460 3459 586 3498 usus
609 3446 853 3513 corporis
885 3445 1060 3502 oﬂicio
1095 3445 1443 3519 fungeretur;
1485 3458 1541 3503 et
1566 3449 1680 3520 jam
1718 3464 1749 3502 a

153 3531 483 3597 parentibus
518 3533 629 3588 suis
674 3543 795 3587 erat
821 3536 1129 3605 desperata,
1171 3538 1426 3606 quoniam
1464 3540 1529 3593 ad
1567 3539 1749 3595 omnia

156 3628 479 3673 sanctorum
526 3620 675 3687 loca,
729 3623 796 3677 ad
831 3638 948 3692 quae
994 3625 1093 3693 ipsi
1134 3633 1384 3694 poterant
1429 3628 1746 3697 pervenire,

153 3710 411 3764 eamdem
438 3711 791 3769 deduxerant.
820 3713 925 3770 Sed
957 3716 1171 3771 tandem
1199 3718 1267 3773 ab
1296 3719 1497 3774 eisdem
1527 3728 1654 3776 tunc
1682 3721 1750 3776 ad

153 3800 448 3855 basilicam
475 3812 778 3873 martyrum
804 3805 1055 3871 adducta,
1079 3816 1135 3861 et
1156 3811 1751 3876 tcmporenocturnalis

150 3890 324 3946 ofﬁcii
349 3891 503 3962 juxta
534 3894 804 3951 cancellos
832 3896 1030 3963 posita,
1062 3912 1159 3967 per
1190 3899 1382 3953 merita
1411 3908 1464 3955 et
1488 3900 1750 3958 interces-

152 3983 372 4037 sionem
400 3983 712 4039 eorumdcm
752 3994 1085 4054 sanctorum,
1116 3988 1208 4043 diu
1253 3990 1556 4046 desiderata
1604 3994 1750 4048 saui-

150 4078 269 4126 tate
303 4071 423 4126 sine
448 4087 601 4127 mora
632 4075 828 4129 donata
854 4084 958 4141 est,
991 4077 1127 4133 adeo
1149 4078 1356 4150 integre
1384 4088 1544 4151 atque
1572 4082 1749 4151 perfe-

152 4171 242 4216 cte
273 4169 358 4225 ut,
387 4164 626 4217 omnium
658 4166 1023 4221 membrorum
1060 4168 1314 4224 ﬁrmitate
1341 4180 1553 4241 recepta
1574 4212 1588 4237 ,
1630 4189 1749 4242 qua“:

152 4251 284 4307 illuc
310 4250 501 4306 lectica
546 4262 786 4320 venerat,
818 4256 1045 4326 pedibus
1088 4258 1156 4312 ad
1200 4260 1420 4329 propria
1459 4271 1744 4317 remearet.

155 4342 267 4396 Sed
294 4341 387 4394 ubi
412 4340 629 4395 domum
657 4341 835 4397 redire
864 4346 1045 4414 coepit,
1076 4347 1131 4399 in
1170 4347 1285 4415 ipso
1314 4348 1507 4403 itinere
1532 4351 1743 4416 eadem,

152 4448 264 4502 qua
310 4431 598 4486 liberatam
629 4448 687 4488 se
732 4435 1032 4503 gaudebat,
1079 4437 1394 4495 infirmitate
1433 4442 1743 4511 corripitur.

1847 1939 2158 2010 perstitiosa
2185 1939 2532 2010 praesumptio
2555 1955 2570 2005 ;
2608 1940 2946 2008 vexabatque
2967 1938 3148 2008 potius
3177 1938 3435 1992 laboran-

1850 2038 1960 2085 tem
2001 2036 2159 2098 atque
2200 2028 2426 2083 laedebat
2454 2028 2715 2099 quidquid
2755 2028 3019 2098 imperitae
3048 2042 3260 2093 manus,
3291 2026 3439 2080 velut

1850 2120 2029 2175 studio
2069 2118 2349 2184 medendi,
2392 2119 2568 2174 eidem
2597 2118 2981 2174 adhibuerunt.
3024 2116 3232 2172 Interea
3268 2115 3439 2171 frater

1850 2209 2030 2264 mariti
2057 2208 2297 2280 ejusdem
2326 2208 2569 2263 mulieris
2597 2208 2929 2277 supervenit,
2958 2208 3271 2277 salubrique
3303 2222 3434 2264 con-

1852 2301 1974 2356 silio
2008 2300 2217 2370 rogavit
2257 2308 2321 2353 ut
2363 2300 2433 2354 ad
2469 2300 2751 2353 basilicam
2783 2307 3082 2370 martyrum
3126 2299 3241 2353 sine
3287 2314 3439 2352 mora

1851 2391 2181 2457 duceretur;
2222 2390 2295 2445 ibi
2322 2389 2596 2445 allirmans
2622 2405 2741 2445 esse
2766 2389 3059 2445 sanandam
3082 2430 3096 2454 ,
3124 2390 3170 2445 si
3201 2405 3437 2459 unquam

1851 2479 1991 2535 foret
2020 2488 2303 2547 receptura
2327 2480 2635 2534 sanitatem.
2671 2477 2975 2548 Statimque
2997 2478 3243 2549 jumento
3267 2479 3441 2549 impo-

1852 2570 2012 2624 sitam
2042 2570 2241 2625 ducere
2270 2568 2535 2638 incipiunt
2560 2585 2573 2633 ;
2613 2569 3110 2638 appropinquantes
3135 2578 3315 2623 autem
3346 2569 3439 2623 ba-

1851 2661 2039 2726 silicae,
2067 2661 2132 2715 de
2156 2661 2404 2730 jumento
2446 2658 2747 2728 depositam
2794 2659 3023 2729 pedibus
3063 2660 3313 2715 incedere
3357 2658 3441 2714 fa-

1853 2753 2019 2808 ciunt.
2043 2751 2286 2819 Cumque
2313 2765 2377 2805 eo
2401 2750 2503 2804 loci
2530 2758 2752 2803 ventum
2772 2758 2916 2805 esset
2938 2750 3126 2819 utjam
3155 2748 3441 2815 turricula,

1853 2856 1973 2913 quae
1990 2842 2142 2911 signa
2166 2839 2403 2895 basilicae
2425 2840 2757 2905 continebat,
2782 2841 2850 2895 ab
2874 2840 2954 2894 eis
2974 2839 3212 2909 conSpici
3235 2839 3443 2908 potuis-

1855 2943 1969 3001 set,
2012 2935 2172 3004 eique
2206 2941 2264 2987 ut
2293 2931 2363 2987 ad
2411 2948 2532 2987 eam
2577 2933 2864 2987 videndam
2897 2932 3084 2988 oculos
3126 2932 3352 2996 levaret,
3386 2932 3443 2985 bi

1855 3027 1949 3097 qui
1996 3042 2115 3082 eam
2154 3026 2422 3081 ducebant
2469 3024 2818 3094 imperarent,
2865 3025 3107 3094 aspexit,
3164 3025 3331 3089 vidit,
3376 3040 3440 3080 ac

1857 3116 1974 3171 sine
2002 3115 2108 3169 ulla
2135 3116 2450 3185 interposita
2482 3131 2633 3169 mora
2662 3116 2949 3172 sanitatem
2979 3117 3200 3185 recepit.
3228 3117 3303 3171 lbi
3324 3132 3443 3171 om-

1438 3217 1452 3242 ,
1485 3192 1605 3275 (ζυῖὲ
1632 3176 1749 3275 du?
1778 3187 1822 3249 C
1853 3222 1950 3262 nes
1990 3206 2197 3275 pariter
2222 3206 2274 3259 in
2304 3214 2507 3259 terram
2535 3213 2812 3270 corruunt,
2844 3206 3083 3260 divinam
3126 3206 3438 3261 misericor-

1849 3297 1993 3352 diam
2017 3297 2214 3366 quibus
2240 3296 2420 3351 valent
2449 3296 2696 3351 laudibus
2727 3296 3015 3361 extollunt,
3048 3305 3441 3367 surgentesque

1851 3389 1919 3443 ad
1957 3389 2237 3443 basilicam
2261 3396 2617 3459 properanter
2645 3397 2872 3459 pergunt
2898 3407 2911 3452 ;
2944 3398 3022 3448 et.
3047 3389 3288 3443 adoratis
3317 3403 3442 3442 san-

1850 3479 2108 3534 ctissimis
2136 3479 2486 3549 martyribus,
2530 3493 2594 3534 ac
2619 3479 2761 3533 votis
2792 3494 2890 3548 pro
2924 3478 3085 3532 modo
3124 3477 3441 3531 facultatqu

1850 3567 2156 3637 persolutis,
2176 3569 2244 3621 ad
2279 3568 2495 3638 pr0pria
2526 3584 2649 3623 cum
2676 3568 2845 3623 multa
2872 3568 3231 3624 exsultatione
3261 3583 3443 3623 rever-

1854 3667 2057 3713 tuntur.
2094 3659 2337 3714 Vidimus
2366 3676 2465 3715 nos
2495 3660 2742 3715 eamdem
2772 3660 3050 3725 feminam,
3099 3669 3149 3715 et
3189 3675 3311 3715 cum
3349 3659 3437 3714 illa

1849 3753 2015 3807 locuti
2046 3768 2263 3818 sumus;
2297 3760 2352 3807 et
2377 3768 2463 3819 ca,
2493 3770 2613 3823 quae
2647 3755 2793 3809 circa
2822 3754 2969 3809 illam
3000 3762 3152 3826 gesta
3188 3754 3440 3821 fuerunt,

1851 3843 1966 3912 ipsa
1998 3850 2257 3897 narrante
2278 3843 2584 3899 didicimus.

1920 3998 2009 4053 54.
2041 3998 2199 4053 Nunc
2219 3997 2351 4052 illud
2380 3996 2586 4054 referre
2610 3997 2751 4061 volo,
2784 3997 2927 4069 quod
2957 3998 3071 4068 ipse
3098 3998 3150 4052 in
3180 3998 3267 4053 die
3289 4007 3442 4053 nata-

1850 4093 1968 4148 litio
1993 4092 2275 4147 beatorum
2306 4099 2602 4160 martyrum
2632 4090 2925 4160 contigisse
2958 4089 3088 4144 vidi.
3137 4088 3280 4144 Puer
3315 4090 3438 4161 qui-

1850 4186 1975 4240 dam
2005 4183 2200 4238 surdus
2225 4189 2280 4236 et
2304 4188 2505 4246 mutus,
2529 4182 2622 4250 qui
2652 4189 2778 4235 ante
2808 4181 3098 4235 triennium
3129 4180 3254 4236 illuc
3276 4196 3439 4236 vene-

1849 4286 1956 4341 rat,
1986 4283 2042 4329 et
2066 4275 2122 4327 in
2146 4274 2306 4328 domo
2333 4271 2572 4326 custodis
2601 4254 2843 4326 ecclesiae
2864 4272 3119 4332 ostiarius
3143 4272 3211 4326 ab
3232 4286 3298 4326 eo
3323 4271 3437 4327 fue-

1848 4374 1934 4419 rat
1963 4362 2309 4427 constitutus,
2338 4360 2477 4415 festo
2510 4359 2601 4415 die
2620 4359 2733 4428 jam
2757 4361 2911 4415 linito
2932 4370 2987 4416 et
3001 4360 3187 4416 ollicio
3212 4377 3437 4432 vesper-

1853 4457 1969 4511 tino
1998 4462 2393 4517 consummato,
2422 4466 2547 4507 cum
2563 4450 2716 4520 juxta
2737 4451 2935 4507 ostium
2962 4451 3197 4518 sederet,
3215 4461 3439 4521 repente

152 4522 349 4591 Itaque
394 4522 718 4578 reversionis
755 4539 866 4579 suae
911 4526 1285 4595 pcenitentiam
1318 4545 1511 4600 agens,
1553 4532 1747 4587 iterum

1853 4560 2186 4628 consprgens
2222 4542 2501 4597 basilicam
2541 4542 2798 4607 intravit,
2828 4548 2883 4596 et
2925 4556 2955 4595 a
2998 4542 3206 4597 dextris
3253 4542 3440 4597 altaris

148 4626 212 4665 se
236 4612 310 4666 ad
340 4618 638 4681 martyrum
668 4612 829 4668 limen
852 4615 1035 4671 reduci
1063 4617 1293 4687 rogavit.
1323 4618 1552 4689 Moxque
1575 4630 1635 4675 ut
1664 4636 1750 4675 re-

152 4702 324 4755 ducta
350 4708 456 4764 est,
479 4716 642 4771 quam
668 4702 996 4761 discedendo
1024 4707 1281 4763 amiserat
1303 4709 1610 4775 sanitatem,
1632 4710 1748 4765 sine

152 4790 265 4844 ulla
294 4790 559 4845 dilatione
582 4793 805 4863 recepit.
825 4794 961 4850 Voto
982 4796 1149 4864 igitur
1167 4797 1334 4863 facto,
1358 4807 1417 4852 ut
1439 4814 1534 4853 sua
1559 4808 1747 4868 sponte

153 4881 220 4933 de
254 4888 572 4935 sanctorum
614 4882 873 4954 obsequio
901 4884 1016 4953 jam
1059 4888 1290 4957 amplius
1336 4889 1612 4943 discedere
1640 4905 1745 4943 non

153 4971 412 5033 deberet,
441 4986 659 5040 parvam
685 4975 787 5029 sibi
809 4975 1055 5030 cellulam
1082 4978 1225 5032 haud
1258 4979 1447 5048 procul
1475 4979 1544 5033 ab
1573 4978 1746 5033 eccle—

153 5059 237 5112 sia
271 5059 346 5112 ad
375 5060 699 5115 manendum
735 5064 1054 5129 construxit,
1089 5081 1153 5121 ac
1179 5066 1465 5137 deinceps,
1497 5067 1745 5138 religiose

155 5156 490 5203 conversata
514 5149 564 5203 in
581 5152 841 5221 obsequio
861 5155 1142 5210 beatorum
1164 5167 1480 5229 martyrum,
1498 5173 1617 5212 cum
1633 5174 1745 5213 ma-

157 5252 265 5307 gna
296 5238 587 5296 devotione
612 5245 932 5312 permansit.

226 5350 328 5406 53.
360 5352 536 5407 Aliam
582 5370 796 5426 quoque
840 5357 1095 5412 feminam
1142 5368 1389 5425 constat,
1428 5376 1533 5416 non
1575 5362 1746 5416 multo

160 5451 305 5517 post,
334 5445 683 5514 perleosdem
719 5448 1062 5505 beatissimos
1098 5457 1397 5521 martyres,
1438 5465 1631 5522 magno
1660 5451 1745 5505 in—

231 5659 257 5687 ε
304 5628 423 5700 Hoc
470 5660 684 5714 quoque
745 5663 941 5702 nomen
1015 5656 1076 5703 ut
1128 5657 1274 5704 recte
1334 5648 1594 5714 scriptum
1644 5648 1742 5712 sit,

231 5664 257 5687 ε
306 5664 423 5700 noc
470 5664 684 5714 quoque
745 5664 941 5702 nomen
1015 5664 1076 5703 ut
1128 5664 1274 5704 recte
1334 5664 1438 5704 SCl‘l
1482 5664 1594 5701 tum
1644 5664 1742 5712 su,

166 5730 395 5796 vereor;
420 5716 546 5796 quia
568 5717 829 5796 suspicor,
852 5719 1221 5796 Weueraviem
1244 5664 1586 5796 legidegere,
1603 5718 1746 5796 Wet-

169 5794 285 5844 lera
327 5785 494 5843 fluvio
527 5786 787 5858 irriguam
833 5790 1132 5859 regionem,
1166 5785 1320 5845 inter'
1341 5789 1564 5845 Licham
1597 5789 1744 5856 oppi~

1852 4651 2056 4707 pronus
2077 4633 2300 4690 corruit.
2340 4631 2584 4702 Cumque
2607 4647 2732 4686 eum
2761 4632 3023 4696 aedituus,
3060 4633 3152 4702 qui
3183 4633 3437 4688 candela-

1851 4728 2006 4782 brum
2039 4740 2159 4781 cum
2184 4740 2343 4779 cereo
2370 4732 2495 4778 ante
2540 4723 2711 4777 altare
2751 4723 3007 4793 ponebat,
3053 4722 3129 4777 ibi
3165 4722 3437 4793 jacentem

1851 4817 2161 4879 invenisset,
2199 4816 2454 4869 continuo
2496 4814 2629 4869 mihi
2656 4814 2759 4868 hoc
2791 4812 3033 4867 indicare
3066 4813 3295 4867 curavit.
3330 4812 3436 4869 Nos

1855 4916 2058 4973 autem,
2090 4907 2181 4976 qui
2211 4913 2339 4961 tunc
2365 4921 2470 4960 una
2505 4920 2741 4969 eramus,
2766 4904 3052 4959 ecclesiam
3073 4905 3324 4961 celeriter
3352 4907 3435 4969 in-

1851 4998 2044 5069 gressi,
2073 4997 2343 5061 eumdem,
2370 4997 2509 5050 sicut
2533 4995 2602 5049 ab
2625 4995 2822 5049 scdituo
2843 5002 3089 5064 repertus
3118 5004 3223 5062 est,
3245 4995 3434 5065 jacen-

1848 5090 1958 5140 tem
2006 5085 2330 5139 invenimus.
2366 5082 2535 5149 Quem
2583 5098 2706 5137 cum
2733 5082 2899 5137 levari
2924 5083 3260 5153 juberemus,
3288 5086 3436 5141 velut

1848 5176 2172 5247 gravissimo
2218 5188 2410 5244 sopore
2444 5173 2761 5243 depressus,
2804 5174 3031 5228 excitari
3076 5189 3183 5229 non
3227 5161 3425 5244 potuit.

1849 5266 2088 5321 Tandem
2120 5264 2284 5335 igitur
2320 5262 2476 5332 quasi
2504 5262 2762 5333 evigilans
2788 5264 2961 5317 erexit
2990 5279 3066 5326 se,
3097 5280 3435 5336 cernensque

1848 5377 1949 5417 nos
1972 5362 2384 5416 circumstantes
2409 5357 2665 5421 surrexit,
2694 5368 2855 5426 atque
2895 5357 2963 5411 ad
2994 5374 3106 5414 eos
3134 5359 3223 5428 qui
3262 5374 3432 5429 prope

1852 5452 1954 5509 sibi
1983 5450 2328 5510 assistebant,
2366 5448 2534 5502 latine
2562 5446 2773 5501 locutus
2799 5455 2901 5503 est.
2932 5446 3072 5503 Sunt
3104 5447 3321 5517 quidam
3359 5462 3429 5503 ex

1852 5648 1998 5709 dum,
2014 5646 2103 5700 ubi
2123 5645 2207 5699 liis
2220 5644 2413 5707 oritur,
2437 5650 2490 5695 et
2504 5642 2838 5705 Assenheim,
2860 5643 2948 5696 ubi
2962 5659 3019 5696 sc
3041 5641 3215 5695 Nithaa
3223 5639 3243 5707 j
3251 5643 3422 5711 ungit.

1921 5717 1948 5755 ι)
1990 5718 2249 5777 Persona,
2275 5714 2488 5783 proprie
2530 5728 2592 5767 ac
2620 5713 2803 5781 latine,
2835 5714 3034 5769 dicitur
3062 5712 3244 5776 larva;
3297 5712 3427 5769 hinc

1852 5795 2175 5859 personatus,
2208 5785 2260 5841 id
2286 5792 2368 5839 est
2400 5783 2659 5840 larvatus.
