3912 6310
496 362 605 421 57!

1791 363 2171 422 EGINHARDI
2210 361 2502 421 ABBATIS

3686 366 3791 423 επ

494 485 700 539 nostris
725 478 818 550 qui
858 478 1045 535 dicunt
1088 478 1351 536 eumdem
1380 491 1613 549 puerum
1656 478 1774 535 fere
1808 486 1934 534 ante
1981 491 2079 532 sex
2108 480 2155 540 Α
2184 492 2345 547 quam
2371 492 2553 533 moras
2585 477 2785 544 facere,
2823 480 3139 535 decernunt.
3170 479 3341 553 Igitur
3374 478 3657 551 paululum
3694 495 3789 551 per

493 586 727 635 nienses,
759 585 883 626 cum
908 571 963 625 in
991 568 1269 639 cujusdam
1290 569 1527 625 hominis
1546 570 1717 625 nostri
1739 570 1900 625 domo
1920 576 2086 622 noctu

494 661 823 720 dormisset.
866 662 973 717 duo
1018 659 1263 730 quaedam
1308 660 1472 715 verba
1500 673 1613 729 per
1639 673 1889 727 soporem
1920 655 2087 711 fuisse

494 752 736 808 locutum
768 763 824 806 et
866 752 1131 817 auditum,
1157 766 1265 821 quo
1293 759 1521 805 eatenus
1552 749 1740 803 itidem
1775 755 1835 803 ut
1872 746 2085 816 loquela

492 843 738 908 carebat,
770 842 823 895 in
853 842 947 895 illa
973 842 1106 896 hora
1133 841 1426 909 recepisse.
1451 837 1605 906 Quod
1632 836 1706 891 ita
1734 836 1936 892 factum
1960 836 2087 890 inde

494 934 919 1006 conjieiebatur,
950 934 1099 1003 quia,
1130 940 1416 1003 postquam
1447 930 1513 984 de
1549 929 1640 983 illo
1678 942 1868 983 somno
1892 942 2086 996 exper-

496 1035 679 1081 rectus
707 1034 811 1090 est,
838 1033 1029 1079 cuncta
1063 1038 1183 1093 quae
1222 1022 1271 1077 ei
1312 1036 1343 1076 a
1386 1020 1626 1090 quolibet
1654 1019 2082 1088 imperabantur,

494 1132 560 1172 ac
587 1118 633 1171 si
664 1115 1013 1186 intelligeret,
1045 1113 1224 1168 facere
1252 1111 1482 1167 curavit.
1518 1108 1624 1164 Sed
1651 1109 1756 1162 hoc
1784 1106 1999 1161 videtur
2028 1104 2084 1159 in

494 1206 598 1259 hac
626 1205 827 1260 virtute
856 1204 1209 1274 praecipuum,
1242 1201 1387 1271 quod
1416 1200 1580 1265 idem,
1622 1214 1731 1253 non
1757 1198 1955 1258 latine,
1986 1195 2083 1250 sed

420 1340 421 1343 η
494 1294 779 1351 barbarico
821 1294 924 1349 sibi
966 1293 1276 1362 loquentem
1307 1289 1677 1360 intelligebat;
1716 1295 1939 1342 curatus
1982 1301 2082 1338 au-

497 1393 630 1449 tem,
656 1399 764 1439 non
779 1384 1037 1447 barbaro,
1056 1382 1152 1437 sed
1176 1381 1346 1435 latino
1362 1394 1613 1435 sermone
1628 1378 1964 1447 loquebatur.
1982 1374 2083 1441 Qui

494 1476 660 1530 etiam
694 1478 884 1532 beatos
913 1483 1183 1546 martyres
1211 1486 1270 1529 se
1294 1473 1511 1537 vidisse,
1538 1479 1596 1525 et
1620 1470 1791 1524 multa
1819 1484 1938 1537 qua:
1962 1468 2083 1523 aliis

494 1566 688 1627 dicere.
703 1567 944 1631 deberet,
970 1566 1038 1620 ab
1069 1564 1175 1619 illis
1204 1579 1265 1618 se
1285 1562 1502 1617 audisse
1529 1560 1792 1615 narravit.
1828 1560 1936 1614 Sed
1959 1574 2082 1614 cum

494 1672 578 1721 ea,
607 1657 756 1711 velut
784 1657 839 1711 in
869 1656 1168 1712 crastinum
1195 1655 1439 1710 dicturus
1457 1692 1472 1719 ,
1507 1652 1564 1706 in
1589 1651 1843 1722 praesenti
1874 1650 2081 1705 referre

494 1747 816 1814 distulisset,
843 1749 897 1803 in
924 1755 1136 1803 tantum
1158 1746 1234 1801 illi
1259 1760 1357 1816 per
1378 1744 1705 1801 oblivionem
1730 1741 1905 1797 deleta
1931 1750 2076 1807 sunt,

2189 568 2443 624 tenebras
2469 570 2825 639 procedentes
2846 613 2859 633 ,
2890 572 2957 627 ad
2978 587 3214 637 crucem,
3268 588 3389 642 quae
3429 574 3484 628 in
3530 574 3638 639 via,
3692 589 3788 644 per

2188 672 2351 726 quam
2398 661 2528 714 ituri
2578 670 2754 726 erant,
2808 663 2878 717 ob
2922 664 3241 717 memoriam
3287 664 3434 719 beati
3484 664 3785 722 Marcellini

2188 757 2307 803 erat
2327 750 2523 819 posita,
2559 754 2899 820 perveniunt.
2942 752 3117 808 Causa
3151 763 3334 809 autem
3372 754 3617 821 ejusdem
3659 771 3787 813 cnt-

2188 839 2267 893 cis
2286 838 2364 893 ibi
2388 841 2649 909 ponenda:
2678 851 2819 907 erat,
2846 844 2986 911 quod
3012 844 3066 897 in
3090 860 3155 898 eo
3181 845 3300 899 loco
3338 846 3679 902 habitatores
3707 850 3785 902 vi-

2185 929 2256 993 ci,
2289 929 2341 982 iu
2368 944 2476 998 quo
2504 931 2692 985 eadem
2716 941 2874 985 nocte
2913 933 3235 997 mansimus,
3274 935 3408 989 mihi
3448 945 3577 990 ante
3618 936 3783 991 bien-

2186 1021 2334 1074 nium
2361 1021 2427 1074 de
2449 1022 2648 1089 palatio
2676 1024 2989 1089 revertenti,
3022 1032 3079 1078 et
3111 1025 3370 1094 reliquias
3397 1027 3543 1081 beati
3577 1036 3786 1098 marty-

2186 1111 2262 1165 ris
2293 1110 2609 1178 Marcellini,
2641 1126 2761 1184 qua:
2790 1121 2920 1169 tunc
2940 1114 3070 1167 mihi
3102 1115 3328 1169 redditae
3357 1115 3595 1181 fuerunt,
3634 1116 3786 1170 defe—

2186 1202 2347 1267 renti,
2378 1213 2764 1267 occurrerunt;
2797 1218 3025 1273 eamque
3051 1205 3121 1258 ob
3150 1205 3580 1260 recordationem
3614 1206 3783 1274 hujus

2186 1291 2337 1355 facti,
2369 1292 2437 1345 ad
2468 1292 2873 1346 venerationem
2908 1293 3052 1346 beati
3082 1294 3360 1364 martyris,
3391 1296 3546 1364 quasi
3582 1311 3689 1365 pro
3720 1296 3783 1349 ti-

2186 1383 2297 1437 tulo
2342 1382 2426 1437 vel
2469 1384 2800 1438 monimento
2843 1399 3043 1453 ponere
3082 1394 3427 1439 curaverunt.
3487 1386 3607 1452 Quo
3654 1402 3779 1441 eum

2182 1474 2421 1543 praadicti
2464 1475 2640 1543 pueri,
2688 1476 2923 1530 errando
2968 1477 3147 1545 potius
3186 1492 3351 1546 quam
3394 1478 3497 1533 iter
3541 1480 3774 1549 agendo,

2182 1563 2576 1629 pervenissent,
2617 1565 2853 1619 inierunt
2887 1566 3171 1620 consilium
3212 1574 3274 1620 ut
3321 1568 3395 1622 ibi
3434 1570 3613 1623 socios
3649 1584 3777 1623 suos

2183 1652 2274 1720 qui
2304 1653 2668 1723 sequebantur
2694 1655 2927 1723 opperiri
2949 1656 3235 1722 deberent;
3262 1671 3483 1725 eosque,
3509 1673 3578 1711 ne
3616 1658 3777 1712 aber-

2186 1750 2390 1806 rarent,
2421 1744 2601 1799 sonitu
2633 1745 2873 1799 buccina:
2899 1745 2967 1797 ad
2996 1759 3054 1799 se
3083 1755 3504 1816 congregarent;
3535 1762 3601 1800 ac
3628 1747 3776 1801 dein-

494 1848 558 1894 ut
599 1839 737 1894 nihil
781 1839 849 1893 de
882 1840 968 1894 bis
994 1839 1214 1893 omnino
1256 1852 1315 1893 se
1352 1836 1569 1892 audisse
1598 1833 1879 1889 recoleret.
1928 1832 2083 1886 Hunc
2114 1822 2159 1880 Β
2187 1835 2272 1899 de,
2306 1850 2426 1890 cum
2456 1836 2615 1890 simul
2641 1844 2847 1901 essent,
2877 1837 3066 1891 beatos
3086 1847 3355 1908 martyres
3386 1839 3453 1893 ad
3482 1854 3640 1907 opem
3674 1840 3775 1895 sibi

493 1944 613 2000 ego,
633 1931 761 2001 quia
784 1946 982 1987 nomen
1004 1946 1159 1985 suum
1186 1928 1488 2000 ignorabat,
1519 1935 1741 1997 propter
1759 1938 2081 1995 prosperum

494 2021 712 2077 virtutis
737 2020 1013 2088 eﬂ'ectum,
1042 2020 1371 2090 Prosperum
1392 2018 1576 2075 vocari
1593 2018 1754 2088 jussi.
1781 2016 1883 2083 Qui
1905 2016 2082 2071 adhuc

494 2120 765 2181 superest,
800 2119 856 2168 et
880 2112 1020 2181 apud
1049 2111 1328 2167 custodem
1356 2109 1618 2174 ecciesize,
1650 2108 1706 2163 in
1734 2106 1944 2171 eodem,
1975 2120 2082 2173 quo

493 2203 646 2275 prius
676 2202 873 2268 fuerat,
905 2210 1187 2273 permanet
1208 2200 1407 2259 ofﬁcio.

565 2290 654 2345 55.
694 2288 875 2347 Pridie
903 2305 1034 2347 vero
1068 2306 1231 2362 quam
1260 2290 1351 2345 hic
1376 2288 1609 2359 Prosper
1635 2287 1904 2358 loquelam
1934 2301 2086 2341 rece-

491 2382 685 2454 pisset,
713 2382 819 2437 hoc
844 2391 929 2438 est
967 2385 1019 2438 in
1058 2383 1240 2454 vigilia
1273 2383 1517 2453 ejusdem
1559 2382 1891 2447 festivitatis,
1936 2380 2086 2436 venit

492 2475 712 2545 quidam
730 2474 964 2544 juvenis,
996 2476 1245 2531 similiter
1272 2476 1467 2531 surdus
1500 2483 1555 2531 et
1581 2481 1783 2538 mutus,
1816 2472 1872 2527 in
1899 2471 2082 2527 basili-

492 2578 645 2629 cam;
676 2572 751 2630 et,
781 2579 906 2620 cum
929 2564 1164 2636 supplici
1187 2572 1340 2635 gestu
1366 2579 1521 2634 opem
1553 2562 1877 2631 Sanctorum
1900 2560 2087 2632 implo-

494 2663 663 2721 raret,
688 2654 975 2723 adjuvante
1002 2657 1249 2722 Domino,
1275 2664 1332 2710 et
1359 2656 1476 2726 ipse
1499 2655 1801 2726 plenariam
1831 2654 1896 2709 de
1934 2660 2084 2706 utro-

492 2759 599 2814 que
622 2745 812 2799 morbo
834 2746 1037 2799 meruit
1060 2745 1304 2814 recipere
1333 2745 1644 2799 sanitatem.
1685 2743 1841 2798 Hunc
1870 2741 2082 2807 itidem,

491 2845 553 2892 ut
594 2838 862 2908 priorem,
905 2838 1030 2907 quia
1071 2852 1269 2892 nomen
1308 2851 1466 2892 suum
1498 2850 1776 2906 nunquam
1813 2833 2083 2898 audierat,

493 2926 879 2986 Godescalcum
918 2929 1201 2999 appellavi.
1248 2928 1299 2983 ls
1336 2935 1542 2992 tamen,
1585 2942 1695 2982 non
1732 2932 1794 2980 ut
1830 2924 2082 2994 Prosper,

493 3020 610 3086 sed,
633 3030 693 3075 ut
721 3022 822 3077 sibi
848 3021 1173 3093 gentilitium
1192 3027 1331 3086 erat,
1358 3020 1592 3075 barbaro
1613 3031 1865 3074 sermone
1896 3017 2087 3086 loque-

495 3111 672 3178 batur,
706 3120 990 3183 postquam
1018 3113 1069 3167 ei
1098 3126 1197 3181 per
1216 3111 1407 3167 merita
1432 3118 1750 3168 sanctorum
1777 3108 1935 3179 copia
1962 3107 2083 3162 fan-

496 3202 549 3258 di
574 3216 837 3257 concessa
862 3210 967 3257 est.

566 3293 655 3348 56.
696 3292 833 3348 Cum
865 3310 953 3349 me
982 3296 1228 3366 quaedam
1258 3296 1579 3360 necessitas,
1620 3294 1916 3350 secundum
1951 3305 2084 3349 coo-

496 3384 854 3451 suetudinem,
871 3396 1185 3441 comitatum
1201 3387 1341 3457 regis
1363 3386 1513 3441 adire
1536 3385 1880 3455 compelleret
1896 3394 2084 3436 mense

496 3476 828 3540 decembrio,
859 3477 912 3530 ln
945 3478 1099 3546 ipsis,
1127 3478 1173 3533 si
1194 3479 1330 3532 bene
1360 3476 1559 3542 recolo,
1589 3475 1857 3539 kalendis,
1879 3473 1947 3528 de
1966 3472 2084 3527 loco

496 3570 794 3635 martyrum
816 3578 1162 3633 promovens,
1184 3566 1432 3635 sequenti
1456 3566 1542 3620 die
1567 3565 1634 3619 ad
1653 3571 1916 3628 castrum,
1939 3562 2084 3633 quod

498 3663 758 3714 moderno
793 3668 1037 3729 tempore
1076 3659 1355 3715 Wisibada
1387 3671 1413 3699 ι
1446 3666 1693 3723 vocatur,
1733 3657 1809 3712 ibi
1845 3658 2083 3711 mansio-

496 3763 622 3802 nem
650 3747 951 3813 habiturus,
975 3748 1188 3802 adveni.
1225 3747 1303 3803 lbi
1332 3762 1478 3812 cum,
1511 3753 1732 3817 propter
1751 3745 1969 3809 saltum,
1991 3746 2090 3814 qui

496 3838 670 3893 eidem
704 3837 822 3907 loco
842 3838 1128 3908 contiguus
1162 3845 1264 3903 est,
1303 3836 1638 3892 commodius
1667 3834 2079 3899 transeundum,

498 3930 658 3984 solito
684 3929 949 3984 maturius
977 3944 1340 3999 surgeremus,
1370 3927 1600 3997 profecti
1627 3936 1752 3982 sunt
1783 3926 1957 3996 pueri,
1988 3926 2082 3995 qui

498 4036 763 4089 noscum
809 4020 1212 4090 impedimentis
1257 4018 1561 4088 praecedere
1606 4017 1927 4072 debuerunt.
1975 4013 2084 4069 Sed

500 4116 807 4179 postquam,
843 4110 909 4163 de
937 4111 1058 4163 vico
1094 4108 1147 4161 in
1178 4122 1286 4177 quo
1330 4107 1629 4162 mansimus
1670 4105 1897 4175 egressi,
1937 4104 2079 4159 viam

499 4208 723 4269 carpere
754 4207 1053 4269 creperum,
1087 4206 1234 4252 tanta
1273 4212 1367 4252 eos
1399 4204 1552 4251 tetra:
1579 4196 1755 4250 noctis
1785 4194 1958 4265 caligo
1983 4195 2085 4250 cir-

498 4290 792 4354 cumdedit,
820 4298 879 4342 ut
907 4304 1013 4357 quo
1044 4302 1102 4343 se
1134 4296 1347 4341 vertere
1375 4287 1657 4349 deberent,
1689 4286 1912 4341 omnino
1940 4286 2083 4341 scire

2184 1926 2461 1981 ferendam
2500 1927 2837 1995 invocarent,
2877 1928 3213 1999 sublatisque
3249 1931 3305 1984 in
3349 1930 3514 1984 altum
3558 1933 3776 1987 vocibus

2184 2017 2347 2088 Kyrie
2371 2019 2575 2074 eleison
2597 2030 2680 2079 ter
2701 2022 3068 2077 decantarent.

2255 2108 2343 2162 57.
2386 2108 2504 2178 Quo
2540 2110 2707 2177 facto,
2750 2120 2934 2167 tantus
2977 2129 3141 2183 super
3175 2129 3269 2169 eos
3304 2114 3529 2169 totidem
3570 2114 3773 2169 vicibus

2183 2202 2399 2259 caelitus
2424 2204 2608 2259 emissi
2636 2203 2855 2259 luminis
2880 2204 3060 2276 fulgor
3088 2207 3331 2271 emicuit,
3356 2214 3415 2260 ut
3440 2206 3651 2260 diurna:
3668 2207 3772 2261 cla-

2183 2295 2361 2350 ritatis
2410 2296 2699 2350 candorem
2753 2297 3080 2365 adaequaret.
3140 2296 3270 2363 Quae
3310 2298 3623 2352 coruscatio
3667 2308 3771 2351 tan-

2183 2394 2298 2440 tum
2328 2386 2407 2440 eis
2434 2387 2702 2441 commodi
2728 2388 2796 2440 ad
2832 2387 2937 2441 iter
2962 2402 3121 2441 suum
3157 2387 3426 2457 agendum
3456 2388 3663 2452 attulit,
3694 2398 3767 2451 ut,

2183 2483 2501 2544 consumpta
2531 2475 2727 2530 nebula
2759 2477 3103 2545 tenebrisque
3131 2477 3411 2542 discussis,
3444 2478 3531 2531 via
3558 2494 3769 2548 quoque

2182 2580 2289 2633 qua
2314 2565 2392 2619 ire
2416 2564 2684 2619 debebant
2720 2565 2864 2620 clare
2895 2574 3202 2636 conspecta,
3232 2566 3339 2621 iter
3375 2582 3557 2631 suum,
3584 2583 3769 2636 quam-

2182 2655 2266 2708 vis
2302 2668 2399 2723 per
2428 2654 2591 2709 silvas
2630 2663 2687 2709 et
2718 2670 2916 2725 opacos
2947 2658 3262 2711 nemoribus
3298 2666 3533 2723 montes,
3573 2659 3769 2728 absque

2183 2747 2384 2801 erroris
2407 2746 2812 2817 impedimento,
2835 2763 3005 2817 usque
3033 2750 3099 2803 ad
3121 2758 3300 2804 ortum
3323 2766 3534 2805 aurora:
3554 2767 3770 2822 perage-

2185 2846 2325 2893 rent.
2380 2839 2436 2892 ln
2477 2840 2652 2909 prima
2689 2839 2956 2909 siquidem
2993 2842 3371 2896 coruscatione
3411 2852 3598 2897 tantus
3630 2843 3769 2897 calor

2185 2947 2292 2985 una
2323 2946 2443 2985 cum
2477 2932 2566 2985 illo
2591 2932 2794 2989 lumine
2822 2934 2990 2998 venit,
3022 2914 3240 2988 ut‘cum
3274 2949 3333 2989 se
3362 2933 3509 2987 velut
3534 2948 3768 2988 accensae

2186 3020 2424 3076 fornacis
2464 3037 2719 3092 vaporem
2766 3024 2969 3077 sentire
3008 3021 3327 3077 faterentur.
3387 3022 3553 3091 Cujus
3599 3024 3767 3078 aﬂlatu

2186 3128 2293 3167 non
2318 3112 2491 3167 solum
2532 3112 2745 3179 nebula,
2790 3128 2979 3168 verum
3021 3113 3183 3167 etiam
3230 3112 3341 3179 illa,
3391 3128 3513 3182 quae
3560 3121 3671 3167 tum
3718 3124 3767 3168 et

2104 3180 2153 3242 (ἶ
2186 3213 2396 3258 montes
2422 3210 2698 3273 totamque
2748 3205 2940 3259 silvam
2976 3212 3286 3277 operuerat,
3313 3180 3507 3275 pruina
3543 3206 3615 3260 ita
3644 3222 3763 3261 con-

2186 3302 2399 3363 sumpta
2442 3302 2528 3348 est
2553 3302 2643 3359 ut,
2676 3294 2833 3348 tertia
2863 3294 3242 3348 coruscatione
3270 3304 3489 3363 peracta
3512 3336 3526 3359 ,
3567 3296 3762 3349 nullum

2186 3382 2328 3438 illius
2349 3383 2547 3454 algoris
2573 3384 2860 3454 vestigium
2882 3385 3094 3454 penitus
3120 3395 3427 3455 appareret.
3469 3387 3595 3442 llaec
3620 3388 3763 3441 nobis

2185 3464 2253 3524 ad
2282 3486 2563 3540 vesperam
2596 3472 2839 3542 ejusdem
2868 3472 2995 3537 diei,
3024 3482 3310 3543 postquam
3339 3476 3405 3529 ad
3435 3478 3761 3530 mansionem

2183 3560 2452 3626 venimus,
2483 3561 2539 3615 hi
2570 3561 2662 3630 qui
2693 3562 2945 3615 viderunt
2974 3570 3133 3631 atque
3167 3564 3378 3632 experti
3409 3573 3555 3629 sunt,
3588 3582 3763 3618 narra—

2182 3656 2397 3703 verunt.
2437 3648 2675 3714 Quorum
2701 3650 2881 3703 verbis
2914 3649 3072 3703 fidem
3102 3652 3438 3716 adhibentes,
3473 3654 3565 3709 Dei
3597 3654 3759 3708 omni-

2184 3740 2417 3811 potentis
2447 3740 2877 3795 misericordiam
2909 3756 3029 3795 cum
3065 3743 3364 3810 gratiarum
3408 3745 3617 3799 actione
3651 3744 3757 3796 lau-

2185 3830 2454 3895 davimus,
2481 3845 2546 3887 eo
2576 3830 2719 3899 quod
2762 3845 2862 3885 nos
2908 3845 3007 3899 per
3053 3831 3243 3884 merita
3286 3840 3595 3886 sanctorum
3640 3848 3758 3887 suo-

2184 3936 2303 3974 rum
2345 3921 2400 3974 in
2438 3921 2690 3975 omnibus
2720 3921 3140 3975 necessitatibus
3179 3923 3381 3977 nostris
3424 3923 3666 3993 adjuvare
3708 3933 3760 3978 et

2182 4010 2450 4066 consolari
2483 4011 2735 4079 dignatus
2764 4019 2867 4065 est.

2253 4098 2341 4154 58.
2381 4100 2703 4169 Quanquam
2740 4101 2921 4154 omnia
2950 4116 3141 4172 magna
3169 4103 3302 4168 sint,
3338 4113 3392 4158 et
3429 4105 3495 4159 ad
3534 4105 3754 4158 divinam

2182 4194 2411 4249 debeant
2450 4191 2638 4247 referri
2682 4193 2998 4262 potentiam,
3044 4210 3163 4264 quae
3188 4204 3427 4265 propter
3466 4197 3752 4250 mortalium

2181 4284 2407 4338 salutem
2432 4299 2495 4338 ex
2529 4283 2740 4337 meritis
2769 4282 3053 4337 beatorum
3077 4294 3378 4355 martyrum
3401 4296 3548 4357 gesta
3574 4302 3753 4356 cogno-

500 4398 609 4437 non
642 4387 883 4451 possent.
927 4381 1059 4435 Erat
1089 4386 1352 4450 praeterea
1388 4378 1557 4448 frigus
1586 4378 1809 4447 ingens;
1840 4386 1897 4431 et
1937 4384 2081 4431 tecta
2179 4373 2379 4437 vimus,
2407 4374 2461 4426 in
2499 4388 2562 4427 eo
2592 4379 2773 4438 tamen
2805 4372 3086 4436 miraculo,
3134 4376 3277 4442 quod
3312 4391 3456 4430 nunc
3498 4378 3750 4432 memoria:

497 4471 708 4544 pruinis
735 4479 880 4525 terra
915 4470 1159 4525 videndae
1198 4470 1301 4524 vim
1340 4469 1551 4539 copiam
1591 4468 1909 4545 denegabat.
1958 4468 2079 4537 ipsa

2182 4465 2438 4517 mandare
2465 4464 2700 4528 decrevi,
2731 4471 2838 4516 tam
2861 4472 3108 4533 patenter
3133 4464 3227 4519 Dei
3250 4467 3632 4536 omnipotentis
3651 4468 3749 4519 vir-

497 4535 712 4633 quoque
746 4560 1010 4615 montium
1031 4557 1179 4628 juga,
1202 4573 1299 4629 per
1327 4535 1447 4629 qua:
1478 4556 1715 4613 eundum
1736 4535 1887 4622 erat,
1916 4535 2077 4612 nubi-
2105 4535 2157 4595 D
2184 4568 2269 4613 tus
2298 4559 2441 4613 clare
2466 4557 2622 4629 μὴ,
2651 4556 2880 4628 clarere]
2905 4560 3268 4627 cognoscitur,
3303 4569 3364 4613 ut
3390 4561 3520 4613 nulli
3548 4561 3745 4614 dubium

498 4650 599 4707 bus
619 4652 865 4717 obsessa,
891 4666 1053 4721 quam
1080 4651 1236 4721 longe
1260 4650 1344 4706 vel
1371 4662 1538 4721 prope
1562 4656 1746 4704 essent
1772 4649 1940 4704 videri
1972 4664 2079 4703 non

499 4751 767 4813 poterant.
812 4742 1058 4799 Accessit
1105 4744 1172 4797 ad
1214 4743 1329 4796 haec
1370 4741 1535 4796 etiam
1572 4738 1801 4794 vallibus
1838 4738 2080 4793 insidens

502 4834 719 4899 nebula,
744 4850 884 4905 quae,
914 4850 1010 4889 sua
1039 4834 1398 4889 crassitudine
1425 4834 1599 4888 visum
1628 4830 1948 4900 impediens,
1976 4832 2081 4885 iter

503 4927 681 4982 moliri
718 4928 994 4997 cupientes
1031 4928 1419 4983 remorabatur.
1473 4927 1577 4993 Qui
1622 4941 1745 4982 cum
1784 4932 1861 4980 tot
1897 4926 2081 4980 obsta—

503 5016 640 5071 culis
683 5032 742 5071 se
782 5018 1043 5086 impedire
1091 5025 1397 5082 cernerent,
1448 5032 1549 5072 nec
1598 5015 1726 5086 quid
1764 5024 1985 5085 agerent
2028 5016 2082 5069 in

503 5114 751 5177 promptu
788 5107 1067 5173 haberent,
1108 5109 1261 5176 equis
1300 5108 1576 5173 desiliunt,
1616 5116 1671 5163 et
1712 5108 1875 5173 viam,
1918 5122 2079 5177 quam

505 5197 687 5251 videre
716 5212 822 5251 non
854 5205 1123 5268 poterant,
1156 5198 1421 5268 palpando
1442 5214 1681 5269 quaerere
1703 5208 1931 5254 tentant.
1974 5199 2081 5255 Sed

507 5289 599 5343 ubi
632 5290 735 5344 hoc
757 5305 946 5359 parum
974 5291 1256 5355 successit,
1304 5292 1542 5345 ascensis
1580 5291 1757 5346 denuo
1793 5292 1965 5360 equis,
2002 5305 2085 5345 er-

507 5380 641 5446 rori,
682 5396 843 5450 quem
872 5381 1351 5446 abominabantur,
1387 5394 1447 5435 se
1480 5381 1661 5446 potius
1698 5381 2039 5436 committere
2064 5420 2079 5441 ,

581 5568 625 5637 I_
647 5554 816 5679 Vulgo
848 5554 1185 5637 Wiesbaden,
1223 5554 1273 5608 id
1301 5562 1384 5608 est
1421 5554 1785 5636 alba-balnea,
1826 5554 1879 5607 in
1909 5552 2081 5606 Rhin-

581 5642 661 5679 vta
688 5666 703 5679 .
766 5640 858 5679 ere
894 5640 926 5679 e
968 5640 1185 5679 remoue
1233 5623 1553 5679 Moauntwe.
1609 5624 1947 5679 sesauileuca
2014 5623 2081 5676 ab

510 5626 661 5697 gavia
688 5666 703 5690 ,
745 5623 858 5680 fere
894 5640 926 5680 e
968 5626 1185 5697 regione
1233 5623 1553 5695 Moguntiae,
1609 5624 1947 5691 sesquileuca
2014 5623 2081 5676 ab

551 5698 662 5749 rbe.

512 5713 542 5750 υ
581 5765 605 5803 δ
649 5765 914 5823 Fortassis
955 5765 1292 5835 Suntilinga,
1348 5763 1725 5819 terminatione
1763 5761 2078 5817 Alamannis

2183 4648 2549 4717 relinquatur,
2575 4648 2703 4717 quin
2730 4648 2783 4701 in
2808 4646 2955 4701 omni
2984 4654 3251 4702 creatura.
3269 4663 3365 4702 sua
3394 4649 3641 4720 quidquid
3663 4663 3746 4701 voc

2183 4737 2347 4793 luerit
2368 4738 2619 4792 facillime
2647 4739 2819 4807 possit
2844 4736 3075 4791 efﬁcere.

2253 4829 2551 4898 Suntiligua
2592 4830 2620 4869 δ
2659 4830 2851 4884 dicitur
2886 4829 3009 4883 villa
3050 4829 3101 4882 in
3139 4843 3277 4898 pago
3315 4828 3665 4899 Nitlzagonnc,
3696 4828 3740 4896 in

2181 4935 2286 4989 qua
2315 4920 2598 4990 presbyter
2632 4919 2873 4988 quidam,
2906 4919 3124 4973 nomine
3155 4918 3513 4984 Waltbertus,
3548 4920 3741 4973 tenebat

2184 5008 2485 5063 ecclesiam.
2522 5008 2573 5063 Is
2598 5017 2777 5062 mente
2806 5015 3011 5075 captus,
3037 5023 3232 5076 magno
3261 5022 3483 5061 suorum
3510 5020 3737 5065 maerore.

2186 5101 2253 5155 ad
2298 5101 2575 5155 basilicam
2630 5108 2929 5170 martyrum
2978 5099 3242 5153 adductus
3288 5107 3390 5153 est.
3451 5099 3530 5151 Ex
3570 5098 3739 5167 quibus

2184 5199 2294 5245 tres
2320 5198 2476 5245 erant
2502 5189 2700 5243 fratres
2727 5189 2862 5256 ejus,
2900 5204 3039 5243 unus
3066 5188 3348 5259 presbyter
3383 5195 3439 5242 et
3476 5189 3578 5242 duo
3601 5185 3736 5241 laici:

2182 5292 2407 5351 quartus
2428 5290 2545 5336 erat
2569 5281 2887 5343 monachus,
2920 5281 3252 5350 propinquus
3276 5278 3466 5348 ipsius,
3490 5279 3554 5333 de
3576 5287 3743 5331 moun-

2188 5375 2353 5429 sterio
2380 5372 2669 5427 Hornbacb
2700 5382 2751 5437 ε,
2778 5372 2830 5426 in
2860 5386 2967 5441 quo
3001 5380 3057 5425 ct
3083 5370 3197 5440 ipse
3228 5370 3509 5440 presbyter
3534 5384 3562 5422 a
3592 5378 3733 5436 parva

2190 5551 2476 5673 familiari;
2539 5551 2710 5621 ipsam
2764 5558 2944 5607 tamen
3002 5566 3267 5620 nusquam
3321 5550 3623 5620 exprimunt
3663 5550 3729 5596 ta.

2208 5638 2343 5673 mae.

2187 5624 2674 5755 1Νιέῗὲλῐο»νῖψαι-ὴ,
2729 5691 2934 5745 duabus
2980 5691 3145 5744 leucis
3174 5706 3201 5742 a
3226 5689 3512 5758 Bipontina
3541 5684 3731 5758 civiliﬂe

2190 5762 2411 5829 distans,
2464 5762 2713 5831 oppidum
2744 5763 2843 5817 sub
2876 5762 3094 5816 diwcesi
3150 5754 3371 5815 Metensi
3402 5800 3415 5825 ,
3463 5759 3513 5812 in
3560 5754 3727 5810 tinibus
