3912 6374
448 380 559 441 5'15

1733 370 2113 433 EGINBARDI
2149 373 2442 433 ABBATIS

3641 376 3741 433 576

451 507 599 553 tione
634 491 997 558 convincitur,
1033 505 1141 561 qua
1168 488 1377 560 liqmdo
1402 488 1828 552 demonstratur,
1860 487 2039 543 nullas
2067 491 2119 552 Α
2144 488 2259 547 Hoc
2296 505 2395 546 cur
2436 506 2545 547 non
2600 491 2671 547 sit
2724 499 3097 562 percuratum,
3145 492 3333 548 dicant
3373 493 3467 564 qui
3515 491 3741 548 velint:

451 588 511 644 in
549 587 634 643 bis
668 586 806 642 locis
841 584 1018 640 factas
1048 582 1218 639 fuisse
1245 583 1511 647 virtutes,
1556 589 1846 650 antequam
1875 581 1930 634 in
1958 580 2050 634 illa

453 684 767 734 memoratae
806 676 1092 731 beatorum
1122 682 1424 744 martyrum
1471 680 1661 728 essent
1700 672 1894 727 delata:
1922 672 2051 727 reli-

454 765 623 835 quiae.-
652 763 758 818 Sed
780 762 895 831 jam
923 777 1090 828 nunc,
1119 770 1179 816 ut
1205 761 1579 831 promisimus,
1602 775 1663 815 ea
1688 776 1809 831 quae
1838 761 1892 815 in
1919 775 2055 832 pra:-

458 859 570 914 dict
630 857 835 928 palatio
862 863 990 911 sunt
1013 862 1170 926 gesta
1197 853 1456 909 miracula
1483 853 1842 924 proferamus.

532 949 623 1002 BI.
665 948 798 1004 Erat
822 948 1045 1018 quidam
1076 944 1295 1015 juvenis
1323 946 1465 1001 inter
1495 946 1858 1002 cubicularios
1884 944 2050 1015 regis,

457 1040 684 1096 natione
721 1037 979 1104 Graecus,
1022 1038 1246 1094 nomine
1282 1036 1549 1109 Drogos:
1599 1038 1692 1107 qui
1736 1035 1888 1092 febre
1928 1050 2053 1090 cor-

458 1142 678 1205 reptus,
727 1141 823 1187 aut
850 1132 1179 1204 negligentia
1209 1148 1464 1197 suorum,
1518 1140 1610 1186 aut
1640 1130 1855 1186 inscitia
1884 1128 2056 1184 medi—

458 1238 667 1287 corum,
695 1222 808 1292 jam
838 1237 938 1292 per
963 1221 1173 1291 aliquot
1199 1237 1418 1277 menses
1444 1222 1603 1291 longa
1632 1227 1797 1290 atque
1825 1219 2054 1273 adversa

460 1311 773 1367 valetudine
803 1311 1108 1366 laborabat.
1156 1310 1237 1377 Is,
1269 1319 1622 1381 posteaquam
1650 1309 1932 1365 Hildoinus
1961 1308 2057 1362 ab—

458 1404 559 1459 bas
586 1402 848 1471 reliquias
876 1403 1019 1457 beati
1048 1402 1372 1467 Marcellini,
1402 1403 1544 1459 sicut
1572 1403 1628 1457 in
1652 1401 1892 1458 secundo
1917 1400 2056 1455 libro

462 1495 896 1549 demonstratum
943 1502 1069 1560 est,
1121 1494 1279 1549 nobis
1324 1494 1599 1559 reddidit,
1650 1492 1959 1548 admonitus
2001 1491 2054 1545 in

465 1585 675 1639 somnis
709 1592 770 1638 ut
818 1584 886 1639 ad
933 1585 1235 1641 oratorium
1282 1592 1531 1641 nostrum
1576 1585 1825 1650 veniret,
1875 1583 2058 1653 ibique

463 1689 685 1730 cereum
724 1683 962 1744 quatuor
998 1676 1238 1733 denariis
1286 1688 1526 1748 emptum
1574 1677 1937 1742 accenderet,
1994 1690 2058 1730 ac

464 1773 714 1819 sanctum
740 1764 1110 1820 Marcellinum
1139 1774 1459 1836 martyrem,
1478 1765 1632 1835 cujus
1652 1772 1815 1835 caput
1841 1765 1911 1819 ibi
1938 1779 2059 1819 esse

2152 597 2254 653 ego
2280 583 2427 638 enim
2473 583 2525 637 id
2552 598 2639 637 me
2673 584 2833 638 video
2878 599 2984 639 non
3033 584 3191 638 aliter
3229 599 3394 653 posse
3441 586 3740 655 conjicere.

2152 673 2257 729 nisi
2299 683 2359 727 ut
2406 673 2713 728 existimem
2745 673 2995 729 interiori
3034 672 3153 743 ejus
3198 674 3360 729 saluti
3405 685 3744 745 competere,

2152 769 2213 816 ut
2235 760 2414 832 aliqua
2458 762 2515 817 in
2541 777 2607 818 eo
2632 763 2919 819 exterioris
2952 763 3250 819 debilitatis
3286 765 3515 828 vestigia
3563 780 3749 819 rema-

2152 861 2362 910 tierent.

2225 943 2313 999 6‘5.
2354 942 2596 1000 Juliacus
2622 945 2650 985 ιι
2678 951 2907 1000 vocatur
2955 940 3238 1015 antiquum
3286 946 3676 1015 municipium,
3720 959 3750 999 a

2154 1037 2272 1093 vico
2301 1036 2538 1106 Aquensi
2572 1045 2697 1093 octo
2740 1037 3021 1108 leugarum
3061 1038 3239 1106 spatio
3273 1038 3637 1106 disparatum.
3676 1036 3752 1091 De

2155 1129 2307 1198 cujus
2334 1130 2607 1185 territorio
2630 1129 2806 1199 puella
2836 1129 3105 1199 quaedam,
3149 1129 3313 1182 simili
3344 1130 3551 1193 morbo,
3588 1127 3750 1183 simi-

2155 1221 2301 1290 lique
2331 1221 2493 1277 modo
2529 1221 2741 1286 affecta,
2787 1236 2819 1274 a
2848 1226 3021 1275 matre
3066 1228 3227 1289 atque
3257 1219 3378 1275 aliis
3421 1218 3755 1289 pmpinquis

2156 1313 2269 1366 suis
2316 1312 2382 1365 ad
2428 1320 2787 1366 memoratum
2833 1310 3134 1366 oratorium
3183 1310 3437 1374 adducta,
3469 1324 3597 1362 cum
3645 1323 3757 1377 pra

2157 1403 2499 1458 multitudine
2535 1402 2842 1466 hominum,
2885 1400 2977 1470 qui
3012 1408 3126 1454 tum
3163 1398 3303 1454 forte
3352 1406 3576 1469 propter
3620 1397 3755 1452 [nise

2158 1508 2343 1549 sarum
2387 1492 2651 1547 audienda
2681 1492 2941 1546 solemnia
2990 1490 3120 1545 illuc
3153 1498 3540 1553 convenerant,
3578 1489 3755 1542 intro-

2159 1583 2289 1639 ferri
2312 1599 2419 1639 non
2444 1594 2644 1654 posset,
2670 1583 3008 1638 extrinsecus
3029 1598 3149 1635 eam
3176 1582 3243 1636 ad
3266 1581 3582 1637 orientalem
3619 1595 3749 1634 ora-

2162 1678 2286 1732 torii
2312 1675 2605 1732 fenestram
2631 1675 2986 1739 collocarunt,
3025 1682 3405 1744 exspectantes
3428 1672 3756 1742 opportuni-

2162 1777 2369 1834 tatem,
2421 1776 2520 1833 ut,
2568 1767 2853 1822 recedente
2903 1766 3086 1835 populi
3142 1765 3444 1834 frequentia
3473 1805 3487 1829 ,
3540 1764 3761 1817 facilius

467 1857 843 1920 asserebatur,
877 1857 982 1911 sibi
1013 1856 1068 1910 in
1096 1858 1426 1927 adjutorium
1455 1857 1758 1923 invocaret,
1787 1856 2059 1925 sciretque
2087 1841 2134 1900 Β
2161 1860 2402 1914 oratorio
2428 1859 2617 1913 inferri
2644 1859 2928 1930 potuisset.
2971 1856 3077 1911 Sed
3124 1856 3216 1911 ubi
3263 1856 3330 1910 ad
3373 1856 3615 1910 medium
3644 1854 3757 1909 fere

465 1959 524 1999 se
547 1945 592 1999 si
618 1946 719 1999 hoc
746 1945 863 1999 loco
887 1944 1111 2011 faceret,
1140 1961 1205 2000 ea
1228 1961 1334 2016 qua
1356 1947 1471 2016 jam
1492 1946 1584 2000 diu
1606 1945 1951 2001 laboraverat
1977 1947 2061 2001 in-

468 2033 727 2089 firmitate
753 2036 863 2088 cito
890 2051 1013 2090 esse
1037 2036 1361 2101 cariturum,
1390 2037 1622 2092 credidit
1647 2038 1979 2101 admonenti,
2010 2045 2065 2091 et

468 2122 523 2178 id
562 2125 708 2193 quod
737 2125 1065 2193 imperatum
1096 2124 1311 2191 fuerat,
1352 2135 1552 2195 quanta
1584 2127 1760 2196 potuit
1788 2127 2065 2182 celeritate

468 2216 781 2284 complevit.
850 2215 1160 2286 Statimque
1219 2232 1387 2273 sanus
1442 2216 1663 2283 factus,
1726 2226 1781 2274 et
1832 2228 2067 2287 receptis

472 2307 841 2359 membrorum
866 2305 1095 2369 viribus,
1120 2307 1357 2377 propriis
1387 2309 1614 2372 pedibus
1644 2309 1713 2363 ad
1739 2325 1835 2364 sua
1862 2322 2068 2380 regres-

470 2408 567 2448 sus
596 2401 700 2447 est.

541 2481 629 2535 62.
672 2483 805 2537 Erat
834 2483 1033 2538 ibidem
1062 2484 1201 2539 alter
1229 2500 1383 2555 atque
1400 2486 1638 2555 juvenis,
1670 2490 1891 2545 nomine
1929 2489 2069 2545 Ger-

471 2570 646 2636 lacus,
692 2572 760 2627 de
789 2574 923 2628 urbe
964 2572 1320 2641 Rhemorum,
1360 2577 1504 2631 inter
1537 2594 1632 2633 eos
1672 2579 1800 2647 qui,
1848 2588 2071 2649 propter

472 2663 704 2718 aedilicia
750 2665 939 2734 palatii
992 2669 1375 2734 construenda,
1416 2668 1555 2737 jussi
1602 2671 1669 2725 de
1714 2670 2071 2732 illa.civitate

478 2765 763 2811 venerunt.
792 2755 842 2811 Is
881 2764 1008 2812 ante
1056 2758 1338 2814 dimidium
1384 2758 1497 2815 fere
1526 2775 1723 2816 annum
1774 2762 1828 2817 in
1880 2763 2072 2819 eodem

472 2843 616 2910 vico,
667 2852 779 2899 tam
805 2844 983 2899 valida
1030 2854 1195 2917 atque
1240 2848 1465 2903 immani
1506 2863 1796 2905 nervorum
1850 2860 2073 2907 contra-

474 2932 656 2988 ctione
707 2944 996 3003 correptus
1041 2944 1146 3001 est,
1205 2945 1267 2991 ut
1314 2938 1478 3007 pedes
1528 2940 1747 2995 natibus
1793 2949 1849 2995 et
1899 2957 2073 3012 genua

480 3031 665 3079 mento
714 3025 1068 3080 cohzererent.
1114 3027 1270 3083 IIunc
1309 3029 1441 3083 socii
1481 3038 1643 3099 atque
1683 3032 1973 3101 propinqui
2019 3033 2075 3086 in

476 3114 622 3169 ulnis
664 3115 777 3169 suis
802 3115 1058 3173 ferentes.
1102 3119 1168 3173 ad
1196 3128 1557 3176 memoratum
1582 3123 1881 3177 oratorium
1918 3122 2075 3178 detu-

476 3204 691 3271 lerunt;
736 3214 793 3261 et
836 3208 961 3277 quia
992 3212 1151 3263 aliter
1197 3226 1304 3264 non
1352 3220 1583 3281 poterat,
1617 3228 1845 3282 pronum
1887 3212 2073 3282 jacere
2102 3190 2146 3253 Ο

478 3296 749 3361 fecerunt,
791 3307 1149 3357 sanctumque
1191 3309 1508 3371 martyrem,
1536 3300 1669 3355 utei
1710 3303 1917 3356 sanitas
1953 3302 2074 3357 red-

484 3387 726 3451 deretur,
779 3404 903 3443 cum
956 3404 1155 3460 magna
1208 3390 1497 3446 devotione
1546 3399 1894 3461 rogaverunt.
1951 3392 2078 3447 Dies

483 3486 605 3532 erat
631 3478 923 3545 dominica,
956 3486 1121 3549 atque
1165 3480 1299 3536 liora
1341 3481 1447 3536 diei
1479 3482 1658 3545 tertia,
1708 3481 1922 3551 quando
1952 3481 2081 3536 illuc

484 3573 684 3627 allatus
711 3580 796 3628 est
827 3591 839 3625 :
881 3571 1165 3642 jacuitque
1211 3574 1285 3629 ibi
1316 3590 1489 3643 usque
1526 3575 1593 3629 ad
1621 3574 1811 3629 horam
1856 3589 2077 3629 nonam.

484 3662 733 3734 Cumque
776 3663 1013 3719 cilicium
1060 3662 1303 3731 eiusdem
1346 3664 1495 3718 horae
1520 3679 1552 3719 a
1581 3664 1796 3719 clericis
1823 3672 1971 3719 esset
1996 3679 2083 3718 so-

486 3751 748 3809 lemniter
786 3754 1090 3823 impletum,
1122 3765 1250 3809 ecce
1276 3754 1344 3810 de
1375 3769 1563 3823 capsa,
1588 3770 1711 3826 quae
1733 3769 1917 3810 sacras
1938 3755 2082 3811 beati

486 3849 749 3920 martyris
782 3848 1045 3918 reliquias
1080 3848 1414 3914 continebat,
1450 3854 1596 3903 tanta
1641 3847 1950 3902 suavissimi
1998 3855 2084 3901 at-

489 3957 598 4013 que
642 3941 843 3997 insueti
874 3922 1079 3996 'odoris
1118 3938 1416 4011 ﬂagrantia
1464 3938 1749 4010 egrediens
1796 3940 1876 3995 sic
1916 3946 2087 3994 totam

493 4030 722 4087 oratorii
762 4029 1013 4096 cellulam
1036 4028 1301 4100 implevit,
1330 4040 1392 4083 ut
1426 4028 1480 4083 in
1507 4028 1919 4083 admirationem
1950 4027 2088 4096 ejus,

490 4140 684 4181 omnes
712 4123 806 4193 qui
834 4122 1083 4186 aderant,
1127 4122 1510 4178 incunctanter
1534 4130 1907 4189 assurgereut,
1937 4135 2002 4174 ac
2032 4134 2092 4174 se

488 4224 702 4278 mutuo,
730 4230 799 4269 an
828 4213 970 4268 idem
1000 4226 1190 4269 omnes
1234 4211 1514 4282 aequaliter
1553 4210 1842 4275 sentirent,
1875 4211 2089 4267 curiosa

492 4304 926 4375 interrogatione
991 4302 1396 4373 perquirerent.
1475 4299 1610 4355 Cum
1667 4300 1846 4355 subito
1908 4299 2095 4353 vident

492 4412 638 4462 eum,
665 4394 758 4465 qui
780 4394 938 4464 juxta
976 4392 1216 4463 jacebat,
1249 4393 1403 4449 velut
1432 4407 1463 4447 a
1494 4392 1822 4464 quibusdam
1856 4392 2096 4446 tenenti-

497 4489 602 4543 bus
630 4486 813 4553 trahi;
850 4494 907 4542 et
936 4486 1206 4552 membra,
1233 4499 1354 4554 quae
1382 4484 1574 4539 morbo
1602 4491 1763 4539 erant
1787 4490 2091 4538 contracta,

495 4575 715 4631 extendi
747 4594 759 4629 :
800 4574 1272 4647 intelligentesque
1301 4561 1541 4629 divinam
1584 4573 1776 4628 adesse
1803 4572 2086 4638 virtutem,

498 4667 741 4723 tulerunt
778 4667 1076 4733 hominem,
1119 4674 1175 4729 et
1217 4681 1401 4722 coram
1446 4665 1605 4721 altari
1660 4665 2086 4721 collocaverunt.

498 4756 601 4826 Qui
633 4773 755 4813 cum
783 4757 857 4813 ibi
885 4758 1112 4828 positus,
1144 4773 1270 4813 cum
1309 4757 1496 4813 multis
1541 4757 1800 4827 lacrymis
1844 4756 2087 4812 divinum

500 4851 813 4922 imploraret
840 4851 1122 4916 auxilium,
1162 4851 1374 4925 cunctis
1414 4849 1763 4906 cernentibus
1791 4849 1865 4904 ita
1906 4865 2087 4906 corre-

500 4949 624 4996 ctus
651 4950 736 4997 est
756 4949 837 5007 ut,
869 4941 967 5012 qui
988 4942 1237 4997 manibus
1277 4940 1469 4996 alienis
1491 4941 1783 4997 subvectus
1818 4941 1872 4995 in
1907 4948 2089 4996 orato-

504 5030 645 5085 rium
668 5040 914 5092 venerat,
945 5030 1182 5102 propriis
1220 5030 1456 5104 pedibus
1472 5030 1541 5086 de
1562 5029 1803 5085 oratorio
1831 5029 2091 5100 procede-

504 5130 609 5177 ret.
643 5120 1038 5177 Testimonium
1068 5129 1248 5177 tamen
1275 5134 1441 5191 quam
1461 5135 1751 5190 perpessus
1777 5126 1861 5174 est
1884 5119 2094 5189 passio—

507 5210 617 5275 nis,
646 5211 823 5265 adhuc
850 5209 906 5263 in
936 5223 1035 5265 suo
1056 5222 1287 5280 corpore
1319 5206 1673 5264 circumferre
1700 5208 2050 5278 cognoscitur
2075 5225 2089 5261 :

507 5314 636 5353 nam
661 5314 821 5355 crure
845 5314 910 5355 ac
951 5299 1088 5369 pede
1113 5298 1335 5358 sinistro
1359 5297 1439 5352 sic
1474 5304 1662 5368 postea
1688 5296 2010 5352 claudicavit
2035 5306 2097 5352 ut

511 5391 578 5446 ad
627 5392 922 5462 regendum
968 5391 1245 5447 incessum
1285 5389 1479 5447 baculo
1522 5403 1735 5460 semper
1776 5388 2090 5458 indiguerit.

589 5580 616 5609 ι
653 5567 1012 5639 Teutonicum
1042 5581 1239 5639 nomen
1260 5583 1404 5639 aegre
1434 5564 1756 5639 crediderim
1783 5563 2003 5619 allatum
2033 5579 2101 5639 cx

520 5637 762 5703 Graecia,
816 5638 910 5693 sed
948 5637 1153 5707 potius
1176 5638 1230 5693 in
1258 5634 1561 5707 Germania
1591 5644 1962 5707 assumptum;
1996 5634 2100 5688 nisi

522 5707 664 5778 forte
701 5704 986 5778 legendum
1015 5708 1086 5763 sit
1113 5705 1351 5763 σηπίαι
1384 5722 1479 5764 seu
1519 5704 1861 5772 Grcrciensis,
1914 5704 1965 5760 id
1995 5712 2099 5772 est,

527 5776 725 5834 ercii
752 5776 809 5834 in
845 5776 1026 5849 Styria
1056 5786 1235 5835 natus.

2164 1952 2397 2007 cilicium
2429 1959 2646 2006 ventum
2679 1960 2782 2015 est,
2813 1958 2887 2016 et,
2936 1934 3153 2019 expleto
3197 1947 3509 2018 Evangelia,
3558 1947 3757 2001 hostim

2166 2042 2419 2098 salutaris
2448 2042 2651 2097 oblatio
2693 2048 2910 2111 peracta
2957 2048 3055 2102 est,
3089 2047 3318 2094 cernunt
3343 2053 3462 2092 eam
3491 2038 3760 2108 angustiis

2167 2135 2326 2200 allici,
2360 2143 2437 2200 et,
2468 2142 2790 2203 erumpente
2831 2148 2931 2203 per
2979 2140 3154 2185 totum
3188 2146 3383 2199 corpus
3427 2130 3646 2193 sudore,
3680 2144 3761 2182 ve-

2168 2230 2248 2283 lut
2280 2229 2333 2282 in
2376 2243 2627 2282 somnum
2673 2225 2803 2279 labi.
2838 2224 3045 2290 Quibus
3090 2222 3260 2293 signis
3287 2221 3524 2274 divinam
3568 2221 3760 2275 adesse

2168 2320 2423 2373 virtutem
2461 2316 2604 2371 haud
2636 2316 2871 2369 inaniter
2901 2313 3273 2382 conjicieutes,
3300 2310 3367 2365 de
3406 2310 3496 2363 illo
3533 2309 3660 2364 loco
3690 2310 3758 2361 le-

2167 2417 2371 2473 vatam,
2402 2408 2610 2476 quadro
2639 2406 2822 2475 lapidi,
2851 2405 2943 2471 qui
2968 2411 3189 2472 propter
3209 2402 3447 2471 jacebat,
3487 2408 3757 2469 sopor-ala:

2170 2495 2401 2550 similem
2429 2499 2815 2564 superponunt.
2848 2492 2924 2546 Ibi
2956 2506 3135 2546 coram
3163 2490 3437 2553 omnibus,
3474 2488 3565 2557 qui
3601 2486 3761 2554 hujus

2170 2584 2416 2641 miraculi
2443 2583 2808 2653 conspiciendi
2838 2583 3010 2653 gratia
3033 2587 3451 2642 concurrerunt,
3477 2578 3759 2642 integerri-

2172 2691 2314 2747 mam
2338 2675 2580 2730 omnium
2608 2671 2976 2733 memb‘rorum
3006 2672 3316 2735 sanitatem,
3348 2670 3401 2723 in
3432 2663 3599 2722 unius
3617 2668 3760 2721 liora:

2172 2773 2467 2827 momento,
2492 2764 2721 2819 Domino
2743 2763 3059 2831 opitulante,
3085 2760 3306 2831 recepit.
3332 2761 3499 2813 Erant
3524 2759 3595 2812 ibi
3624 2758 3763 2814 inter

2174 2868 2401 2916 caeteros
2428 2865 2762 2928 spectatores
2789 2864 2843 2909 et
2880 2854 3082 2919 Judaei;
3135 2868 3365 2923 quorum
3413 2867 3553 2905 unus
3599 2850 3761 2903 David

2175 2948 2415 3010 nomine,
2444 2954 2568 3015 post
2600 2945 2761 3014 hujus
2790 2944 2927 3013 signi
2954 2941 3335 3013 expletionem,
3370 2941 3437 2993 ad
3470 2940 3763 2993 fenestrata

2180 3036 2439 3101 cubiculi,
2470 3036 2523 3090 in
2550 3051 2659 3106 quo
2685 3050 2784 3105 ego
2811 3043 2939 3088 tunc
2969 3048 3143 3097 eram,
3173 3031 3427 3086 celeriter
3455 3040 3759 3090 accurrens,

2182 3141 2393 3197 meque.
2430 3124 2781 3193 compellans,
2824 3121 3147 3176 miraculum
3197 3120 3339 3189 quod
3380 3118 3590 3173 viderat
3632 3117 3765 3171 indie

2179 3219 2340 3283 cavit,
2390 3218 2594 3289 gratias
2634 3230 2799 3285 agens
2843 3216 2975 3279 Deo,
3035 3214 3126 3283 qui
3184 3228 3283 3283 per
3328 3222 3597 3282 martyres
3642 3225 3765 3265 suos

2179 3317 2331 3363 tanta
2359 3306 2625 3361 miracula
2651 3306 2719 3361 ad
2750 3306 2977 3360 salutem
3007 3303 3314 3358 mortalium
3339 3304 3554 3371 Operari
3582 3301 3763 3371 digna-

2182 3407 2269 3453 tus
2297 3406 2401 3453 88L

2252 3486 2340 3541 64.
2380 3487 2511 3541 Erat
2540 3486 2595 3540 in
2639 3485 2831 3540 eodem
2859 3484 2981 3539 vico
3026 3498 3204 3538 cmcus
3243 3482 3464 3552 quidam
3505 3491 3764 3551 provecta:

2183 3578 2381 3643 aetatis,
2413 3578 2527 3646 qui,
2559 3584 2622 3631 ut
2651 3576 2767 3644 ipse
2798 3575 3100 3639 asserebat,
3125 3581 3253 3627 ante
3278 3573 3571 3626 triennium
3598 3572 3764 3626 subita

2185 3669 2432 3723 caecitate
2478 3680 2810 3736 percussus,
2865 3665 3010 3719 inter
3061 3664 3196 3717 alios
3246 3676 3516 3731 pauperes
3573 3662 3761 3731 stipem

2185 3760 2428 3814 ostiatim
2454 3756 2766 3812 mendicare
2796 3754 3019 3810 solebat.
3052 3753 3103 3809 Is
3139 3768 3261 3807 cum
3292 3753 3346 3807 in
3374 3752 3645 3827 tuguriolo
3673 3766 3763 3806 suo

2187 3846 2468 3911 dormiret,
2496 3846 2634 3900 vidit
2653 3860 2752 3915 per
2777 3858 3025 3914 soporem
3055 3843 3345 3912 quemdam
3376 3842 3763 3897 sibi~assisten~

2188 3945 2297 3993 tem
2339 3944 2501 4006 atque
2540 3937 2809 3991 dicentem
2852 3944 2932 4002 ut,
2970 3938 3016 3991 si
3051 3937 3235 3992 videre
3262 3936 3444 4001 vellet,
3488 3936 3559 3990 ad
3583 3944 3756 3991 orato-

2192 4027 2335 4084 rium
2374 4035 2619 4081 nostrum
2644 4027 2778 4092 iret;
2808 4026 2880 4081 ibi
2906 4041 3025 4081 esse
3046 4027 3333 4090 medicum,
3367 4027 3460 4095 qui
3482 4041 3529 4080 ei
3558 4026 3761 4096 roganti

2192 4116 2373 4170 lumen
2431 4116 2660 4171 reddere
2732 4117 3015 4186 potuisset.
3072 4115 3274 4170 Rcuuit
3328 4116 3439 4181 ille,
3490 4124 3543 4171 et
3596 4116 3763 4171 lumen

2194 4206 2351 4279 quod‘
2384 4208 2716 4264 oll‘erebatur
2764 4209 3105 4264 abominatus
3153 4227 3166 4263 :
3221 4229 3241 4261 ι
3294 4208 3465 4277 Quid,
3505 4211 3600 4275 ait,
3644 4208 3763 4263 mihi

2198 4317 2342 4356 nunc
2390 4316 2515 4356 cum
2550 4302 2687 4365 visu,
2739 4316 2899 4370 quem
2951 4299 3066 4370 jam
3108 4301 3241 4356 olim
3291 4301 3543 4371 perdidi?
3593 4301 3765 4356 Melius

2198 4390 2331 4445 mihi
2358 4400 2460 4455 est,
2501 4391 2547 4445 si
2590 4405 2655 4446 eo
2699 4405 2949 4455 caruero,
3000 4406 3163 4461 quam
3211 4390 3258 4445 si
3307 4390 3567 4445 habuero.
3624 4389 3764 4445 Modo

2201 4483 2598 4537 mendicantem
2644 4498 2834 4538 omnes
2869 4482 3183 4546 exaudiunt,
3208 4490 3263 4536 et
3285 4497 3349 4537 ea
3379 4498 3502 4552 qua:
3537 4496 3763 4536 necessa-

2194 4575 2274 4629 ria
2320 4582 2469 4640 sunt,
2516 4583 2813 4645 praestant:
2862 4590 2990 4630 nam
3015 4575 3284 4630 videntem
3321 4576 3629 4630 mendicare
3666 4588 3760 4627 non

2194 4665 2384 4731 decet;
2416 4679 2581 4719 senex
2609 4673 2788 4720 autem
2810 4672 2865 4719 et
2901 4664 3092 4719 debilis
3111 4665 3324 4734 operari
3349 4679 3457 4718 non
3481 4679 3707 4733 possum.
3738 4682 3755 4715 ι

2193 4786 2265 4796 -
2294 4754 2433 4809 Tum
2462 4755 2552 4809 ille
2589 4754 2681 4824 qui
2706 4770 2829 4809 cum
2863 4769 2929 4809 eo
2949 4753 3271 4823 loquebatur
3296 4772 3308 4806 :
3341 4771 3360 4803 ι
3388 4752 3557 4818 Vade,
3583 4752 3759 4821 inquit,

2193 4853 2250 4902 et
2275 4846 2387 4901 noli
2428 4845 2666 4911 morari;
2701 4860 2850 4910 nam,
2881 4842 3017 4899 velis
3060 4843 3218 4908 nolis,
3248 4843 3426 4897 visum
3466 4852 3761 4913 recepturus

2194 4954 2274 4993 cs.
2314 4957 2333 4990 ι
2382 4936 2570 4991 Paruit
2610 4935 2700 4990 ille
2748 4935 3057 5005 imperanti,
3095 4935 3441 5003 perrexitque
3485 4936 3554 4989 ad
3594 4943 3758 4990 orato-

2198 5028 2360 5092 rium,
2396 5036 2559 5095 atque
2608 5026 2662 5080 in
2703 5040 2769 5080 eo
2813 5024 3181 5094 pernoctavit;
3229 5033 3286 5079 et
3328 5039 3453 5079 cum
3492 5024 3579 5078 illa
3618 5033 3759 5079 nocte

2196 5120 2331 5175 nihil
2361 5128 2507 5174 esset
2536 5117 2760 5184 factum,
2799 5119 2866 5172 ad
2892 5117 3169 5187 tugurium
3200 5132 3357 5172 suum
3398 5133 3641 5173 reversus
3665 5125 3755 5171 est.

2197 5208 2297 5264 Cui
2326 5209 2502 5265 denuo
2530 5209 2577 5264 is
2606 5209 2699 5279 qui
2749 5208 2902 5277 prius
2950 5221 3049 5276 per
3102 5222 3355 5277 soporem
3409 5209 3669 5286 apparuit,
3710 5214 3758 5261 et

2200 5299 2450 5355 similiter
2474 5307 2535 5353 ut
2558 5306 2683 5353 ante
2709 5298 3094 5367 imperaverat,
3123 5298 3190 5353 ad
3216 5298 3516 5352 oratorium
3555 5309 3757 5366 pergere

2199 5390 2475 5461 praecepita
2520 5391 2672 5446 Fecit
2714 5390 2823 5456 ille,
2868 5398 2931 5445 ut
2964 5388 3151 5458 jussus
3184 5387 3381 5447 fuerat.
3424 5389 3519 5445 sed
3550 5404 3613 5444 ne
3646 5395 3757 5441 tunc

3400 5577 3519 5618 cum
3553 5573 3688 5615 arce.
3708 5565 3757 5612 οἱ

2272 5571 2300 5611 b
2334 5562 2603 5641 Iuliacum
2622 5608 2636 5633 ,
2664 5564 3372 5641 _oppidum_munitiss_imum
3400 5577 3519 5641 cum
3538 5573 3688 5641 arce.
3708 5565 3749 5641 ct

3408 5632 3753 5688 archidiwcest

2204 5648 2367 5709 caput
2395 5639 2617 5693 illustris
2647 5634 2875 5693 ducatus
2917 5634 3239 5691 Juliaccnsis
3268 5634 3329 5691 su

2204 5709 2528 5767 Coloniensi.
