3912 6360
120 395 202 453 577

919 386 1100 443 HIST.
1145 382 1533 440 TRANSLAT.
1577 382 1683 438 BB.
1726 378 2152 438 MARCELLINI
2190 379 2278 435 ET
2315 377 2538 434 PETRI.
3270 379 3372 438 578

120 506 316 578 quidem
351 500 557 572 aliquid
582 508 762 557 actum
798 507 899 555 est.
949 497 1134 553 Tertio
1168 511 1297 552 vero
1326 494 1689 550 commonitus
1717 503 1763 563 Α
1792 496 2038 547 nostrum
2066 488 2387 559 inquireret,
2422 488 2584 557 inque
2611 502 2674 543 eo
2696 502 2754 543 se
2785 487 3035 544 collocari
3056 487 3277 557 faceret,
3322 502 3376 546 et

124 600 266 663 venit,
296 606 351 652 et
376 596 466 651 ubi
492 611 675 651 coram
712 593 869 647 altari
897 591 965 645 ad
992 590 1256 644 orandum
1288 602 1346 643 se
1373 586 1685 658 prostravit,

125 692 276 747 risum
318 686 540 757 recepit.
575 684 731 740 Ilunc
758 698 877 748 nos,
921 674 1074 738 dum'
1096 682 1275 736 adhuc
1313 694 1490 736 caecus
1527 684 1692 744 esset,

122 781 243 840 inter
280 764 416 836 alios
458 791 725 849 pauperes
768 790 837 831 ac
866 774 1073 831 debiles
1112 773 1391 828 multoties
1433 772 1490 826 in
1535 771 1695 825 domo

122 886 289 933 nostra
313 872 712 929 mendicantem
738 867 972 922 vidimus
998 883 1011 919 :
1039 865 1267 933 ideoque
1291 862 1460 917 alium
1486 860 1692 915 illumi-

120 964 338 1024 nationis
363 962 480 1033 ejus
509 967 702 1015 testem
734 972 842 1011 non
884 955 1253 1025 quaesivimus,
1282 952 1409 1021 quia
1445 949 1696 1007 sutlicere

121 1055 257 1115 nobis
305 1052 660 1110 credebamus
706 1047 1076 1104 testimonium
1127 1058 1233 1099 non
1286 1041 1525 1098 fallentis
1560 1055 1695 1095 con-

119 1147 343 1205 scientiae
370 1152 586 1199 nostrae.

175 1238 259 1293 65.
303 1237 438 1293 Cum
482 1250 550 1291 ex
597 1236 684 1290 his
726 1232 958 1303 aliisque
1009 1228 1381 1300 compluribus
1428 1228 1695 1283 virtutum

115 1329 524 1400 operationibus,
574 1342 674 1397 per
726 1323 1143 1393 circumpositos
1193 1323 1344 1377 vicos
1390 1331 1447 1375 et
1499 1332 1693 1389 pagos,

115 1416 355 1471 salutaris
378 1414 521 1469 fama
551 1414 939 1475 crebresceret,
968 1411 1162 1465 mulier
1187 1410 1437 1480 quaedam
1467 1408 1532 1462 de
1556 1419 1696 1476 pago

118 1506 430 1561 Ribuarensi
467 1516 527 1569 ει,
555 1502 726 1557 multo
743 1500 857 1571 jam
893 1510 1138 1571 tempore
1168 1514 1327 1562 cazca,
1360 1498 1539 1553 visum
1566 1497 1699 1552 reci-

116 1596 289 1666 piendi
336 1602 391 1650 et
432 1593 761 1650 desiderium
790 1580 954 1647 simul
981 1603 1036 1646 et
1077 1590 1329 1646 fiduciam
1357 1589 1589 1654 habens,
1631 1588 1698 1643 ad

115 1692 468 1742 memoratum
495 1684 796 1739 oratorium
837 1698 896 1738 se
939 1681 1151 1752 rogavit
1196 1680 1410 1736 adduci.
1456 1677 1699 1748 Cumque

116 1777 199 1832 illo
224 1775 489 1840 venisset,
514 1783 627 1830 tres
669 1782 813 1828 totos
838 1773 972 1839 dies,
1020 1772 1354 1841 totidemque
1381 1778 1571 1826 noctes
1597 1770 1700 1825 ibi—

1794 590 1922 637 ante
1955 581 2196 637 triduum
2243 579 2570 650 completum
2598 581 2722 637 inde
2758 597 2863 637 non
2892 582 3170 638 recederet
3220 601 3232 636 :
3276 584 3380 667 hoc

1794 672 1954 727 modo
1974 670 2275 741 plenariam
2302 684 2424 725 eum
2447 679 2866 726 consecuturum
2889 673 3199 727 sanitatem.
3224 671 3380 739 Quod

1798 763 1891 818 ubi
1917 764 1966 819 ei
1999 762 2379 818 annuntiatum
2401 770 2506 828 est,
2548 764 2857 819 convocatis
2892 764 3083 820 amicis
3105 779 3170 819 ac
3198 764 3386 835 proxi-

1795 853 1919 918 mis,
1950 853 2109 922 petiit
2129 864 2190 906 ut
2224 866 2355 923 erga
2383 866 2441 906 se
2464 852 2608 907 illius
2657 852 3004 909 revelationis
3036 855 3189 925 jussa
3233 868 3385 910 com-

1795 942 2025 1013 plerent.
2067 942 2170 1009 Qui
2200 957 2326 998 mox
2347 940 2595 1011 jumento
2622 943 2955 1014 impositum,
2983 946 3050 1000 ad
3077 945 3381 1001 oratorium

1796 1038 2101 1105 adducunt;
2127 1047 2290 1108 atque
2320 1036 2374 1091 in
2416 1052 2500 1103 eo,
2530 1047 2591 1093 ut
2625 1036 2839 1108 iussum
2869 1036 3064 1105 fuerat,
3111 1038 3386 1095 collocan—

1799 1140 1900 1197 tes,
1926 1133 2142 1197 abeunt,
2168 1140 2292 1203 post
2331 1132 2568 1186 triduum
2604 1133 2897 1188 reversuri.
2929 1133 3022 1189 Ille
3057 1143 3237 1191 autem
3280 1135 3384 1191 ibi-

1797 1225 1923 1280 dem
1960 1224 2236 1290 dimissus,
2264 1230 2381 1300 ‘per
2420 1234 2530 1279 tres
2553 1226 2668 1280 dies
2691 1235 2748 1281 et
2768 1236 2976 1291 noctes,
3023 1229 3251 1283 Domino
3286 1242 3388 1297 pro

1797 1315 1991 1371 salutis
2042 1329 2153 1369 sua:
2180 1315 2589 1385 recuperatione
2615 1314 2759 1369 haud
2791 1315 3027 1371 inaniter
3051 1317 3387 1391 supplicans,

1799 1407 1873 1461 ita
1914 1405 2156 1476 perfecte
2183 1399 2408 1462 sanatus
2429 1413 2533 1473 est,
2585 1413 2645 1460 ut
2673 1406 2879 1460 nullum
2906 1406 2962 1460 in
3009 1406 3122 1460 suis
3154 1399 3388 1462 'visceri-

1798 1498 1900 1552 bus
1956 1498 2153 1561 morbi,
2193 1513 2302 1567 quo
2347 1497 2517 1552 multo
2553 1505 2799 1567 tempore
2852 1497 3159 1562 tenebatur,
3184 1511 3392 1552 assere-

1801 1595 1886 1642 ret
1911 1589 2237 1644 remansisse
2274 1588 2585 1658 vestigium.
2614 1587 2739 1643 Suis
2762 1588 2929 1658 igitur
2954 1589 3097 1643 sicut
3119 1588 3391 1658 promisc-

1800 1689 1925 1733 rant
1949 1679 2017 1733 ad
2046 1693 2104 1734 se
2130 1678 2394 1744 reversis,
2441 1693 2505 1733 ac
2532 1694 2724 1733 sanum
2754 1679 2896 1734 sicut
2942 1686 3262 1750 optaverant
3309 1680 3395 1734 in-

1802 1772 2167 1836 venientibus,
2215 1785 2323 1826 non
2373 1770 2535 1825 dorso
2581 1754 2838 1838 iumenti,
2894 1779 2955 1824 ut
3009 1779 3253 1836 venerat,
3296 1771 3393 1826 sed

115 1870 228 1925 dem
265 1869 476 1924 orando
504 1874 560 1921 et
599 1864 893 1936 jejunando
923 1862 1280 1920 continuavit.
1329 1861 1438 1918 Sed
1476 1876 1601 1917 cum
1633 1861 1701 1915 ad
1730 1855 1777 1914 B
1803 1862 2002 1933 pedum
2025 1877 2247 1917 suorum
2288 1860 2465 1917 otiicio
2502 1862 2569 1916 ad
2615 1863 2852 1932 propria,
2909 1878 3031 1917 cum
3079 1863 3287 1933 ingenti
3339 1871 3396 1918 et

114 1973 351 2029 praesens
387 1956 593 2011 nullum
635 1955 781 2009 inse
823 1962 1093 2023 exoptata:
1142 1952 1392 2007 sanitatis
1440 1951 1703 2005 sensisset

114 2050 390 2112 indicium,
430 2049 649 2102 domum
679 2046 901 2100 reducta
944 2052 1056 2110 est;
1092 2044 1387 2114 paucisque
1415 2041 1702 2110 interposi-

116 2141 180 2194 tis
209 2139 421 2203 diebus,
462 2152 558 2207 spe
588 2135 885 2206 recipiendi
926 2136 1144 2190 luminis
1170 2135 1315 2189 haud
1341 2148 1479 2189 vane
1504 2144 1700 2188 conce-

114 2238 224 2299 pta,
263 2229 461 2283 iterum
502 2242 561 2283 se
604 2227 671 2281 ad
702 2240 889 2282 sacras
935 2224 1190 2293 reliquias
1236 2222 1431 2278 deduci
1465 2220 1697 2292 rogavit.

115 2322 226 2389 Quo
252 2336 381 2376 cum
408 2321 476 2375 ab
501 2334 611 2373 uno
650 2332 820 2389 puero
848 2317 1137 2372 duceretur
1172 2345 1241 2355 —
1282 2329 1411 2368 nam
1435 2314 1527 2382 qui
1554 2311 1704 2382 prius

116 2425 234 2465 eam
282 2409 379 2465 illo
416 2398 777 2471 deduxerunt,
824 2419 977 2475 spem
1024 2404 1143 2475 ejus
1183 2402 1331 2456 velut
1381 2402 1598 2456 inanem
1639 2414 1704 2453 ac

115 2515 505 2571 supervacuam
524 2499 853 2570 judicantes,
885 2497 1115 2551 ulterius
1141 2511 1263 2551 cum
1289 2494 1375 2548 illa
1410 2494 1490 2548 ire
1518 2492 1706 2547 nolue-

119 2601 243 2645 runt
267 2620 345 2631 —
383 2589 475 2643 ubi
505 2589 574 2643 ad
609 2587 983 2642 cmmeterium
1012 2585 1283 2655 Aquensis
1318 2584 1527 2654 palatii,
1560 2583 1705 2652 quod

116 2682 168 2735 in
210 2690 419 2745 monte,
452 2680 543 2749 qui
582 2677 758 2734 cidem
795 2678 918 2733 vico
949 2678 1016 2732 ab
1045 2676 1295 2732 orientali
1332 2683 1488 2745 parte
1520 2674 1704 2729 immi-

118 2781 227 2836 net,
278 2771 444 2825 situm
494 2780 598 2834 est,
651 2768 843 2823 eodem
893 2768 1189 2824 comitante
1242 2778 1405 2836 atque
1453 2768 1702 2832 ducente,

117 2862 385 2931 pervenit,
418 2861 511 2932 ibi,
559 2859 714 2929 quasi
740 2859 996 2914 obviante
1021 2859 1122 2914 sibi
1162 2859 1342 2912 divina
1388 2858 1585 2928 gratia,
1616 2857 1705 2911 diu

120 2953 485 3008 desideratum
509 2951 692 3005 lumen
717 2950 941 3018 recepit.
975 2949 1112 3004 Tum
1135 2949 1346 3003 mirans
1374 2956 1537 3018 atque
1565 2954 1707 3001 atto-

118 3042 227 3095 nita
253 3040 524 3105 constitit,
551 3053 828 3111 pueroque
854 3039 1071 3093 ducenti
1097 3046 1156 3093 ut
1182 3046 1503 3108 sequeretur
1532 3038 1705 3107 impe-

120 3122 301 3189 ravit;
359 3152 376 3184 ι
411 3132 705 3198 Hactenus,
738 3132 1007 3201 inquiens,
1038 3144 1144 3200 quo
1170 3140 1225 3185 tu
1264 3130 1578 3201 praecedens
1611 3130 1709 3184 du-

1802 1964 1901 2005 sua
1946 1953 2025 2003 et'
2055 1948 2273 2006 illorum
2316 1950 2676 2021 gratulatione
2728 1958 2890 2020 atque
2938 1950 3145 2018 lretitia,
3184 1967 3394 2024 regres-

1802 2054 1896 2095 SUS
1924 2048 2028 2095 est.
2833 2048 2843 2063 '

1874 2131 1960 2186 67.
1986 2131 2081 2186 Est
2116 2132 2246 2187 item
2276 2132 2475 2188 fundus
2503 2131 2685 2202 regius
2712 2131 2766 2186 in
2788 2146 2930 2202 pago
2983 2131 3226 2198 Mosano,
3263 2140 3389 2188 octo

1802 2221 2023 2276 circiter
2051 2222 2220 2277 leucis
2243 2222 2311 2276 ab
2340 2222 2578 2292 Aquensi
2621 2221 2741 2276 vico
2780 2222 3109 2290 disparatus,
3159 2221 3398 2292 Ganglu—

1803 2310 1907 2365 den
1933 2322 1954 2349 ο
1981 2310 2317 2366 habitatores
2343 2310 2620 2381 appellant
2648 2329 2661 2364 :
2692 2311 2747 2364 in
2776 2325 2883 2393 quo
2904 2310 3099 2366 mulier
3124 2314 3393 2382 quaedam,

1805 2416 1930 2471 quae
1962 2409 2090 2457 octo
2124 2401 2241 2456 fere
2264 2416 2530 2456 annorum
2558 2401 2725 2456 ﬁliam
2746 2403 2861 2457 dira
2886 2403 3152 2473 paralysrs
3181 2406 3397 2475 azgritu-

1805 2492 1930 2548 dine
1957 2497 2095 2549 adeo
2125 2491 2429 2548 confectam
2460 2494 2714 2558 habebat,
2757 2503 2817 2547 ut
2829 2492 2943 2561 jam
2973 2507 3040 2548 ex
3070 2493 3231 2565 longo
3262 2503 3400 2550 tem-

1803 2598 1937 2652 pore
1976 2582 2180 2639 nullum
2231 2598 2369 2654 pene
2406 2578 2710 2638 membrum
2735 2585 2801 2639 ad
2832 2583 3065 2640 otlicium
3097 2602 3254 2641 suum
3281 2602 3398 2642 mo-

1806 2689 1933 2729 vere
1980 2675 2267 2744 potuisset.
2320 2675 2518 2730 Audita
2561 2675 2822 2731 virtutum
2880 2676 3057 2743 fama,
3117 2692 3272 2749 Spem
3331 2679 3400 2733 de

1806 2767 2174 2837 recuperanda
2204 2766 2327 2821 ﬁliae
2347 2767 2519 2822 salute
2534 2768 2623 2837 pio
2645 2768 2808 2823 corde
2824 2770 3106 2839 concepit;
3126 2770 3403 2839 protinus-

1805 2866 1914 2928 qUe
1972 2859 2241 2914 sublatam
2270 2859 2417 2914 ulnis
2437 2861 2692 2930 propriis,
2716 2861 2784 2915 ad
2824 2872 3180 2916 memoratum
3211 2870 3399 2918 orato-

1809 2948 1948 3000 rium
1973 2947 2264 3017 deportare
2280 2949 2510 3002 curavit.
2549 2948 2682 3015 Qua:
2709 2964 2831 3004 cum
2856 2949 2948 3003 illo
2973 2952 3405 3007 antemeridiano

1802 3038 2073 3106 tempore,
2118 3038 2251 3092 hora
2272 3037 2525 3092 videlicet
2553 3039 2785 3108 prandii,
2819 3041 3175 3110 pervenisset,
3217 3051 3273 3097 et
3294 3042 3405 3098 cle-

1810 3125 2050 3180 ricorum
2099 3127 2373 3198 neminem
2410 3127 2613 3183 ibidem
2667 3129 2969 3185 invenisset
3001 3161 3072 3171 --
3106 3147 3231 3185 nam
3273 3133 3403 3187 reii-

118 3225 284 3279 cebas
313 3231 500 3278 secuta
533 3219 676 3285 sum,
701 3221 861 3276 modo
892 3228 1072 3275 autem
1102 3228 1195 3275 tuo
1215 3220 1380 3274 ductu
1410 3234 1519 3274 non
1541 3233 1707 3289 egeo;
1739 3210 1783 3271 C
1816 3216 1990 3271 ciendi
2045 3232 2209 3271 causa
2249 3216 2410 3286 paulo
2438 3226 2564 3273 ante
2608 3217 2975 3283 discesserant
3000 3250 3069 3259 —
3098 3229 3279 3276 tamen
3324 3222 3407 3277 in-

119 3315 245 3384 quia
269 3314 438 3378 viam,
467 3326 573 3381 qua
617 3311 696 3365 ire
722 3310 1002 3374 debemus,
1049 3308 1203 3363 video
1228 3325 1242 3374 ;
1280 3316 1335 3363 et
1361 3309 1506 3362 hunc
1529 3309 1707 3362 vicum

118 3405 176 3458 in
202 3419 314 3473 quo
343 3416 511 3457 sacra:
535 3400 778 3469 reliquiae
803 3404 951 3465 sunt,
985 3398 1053 3452 ad
1072 3412 1208 3467 quas
1227 3398 1413 3453 venire
1446 3398 1709 3471 disposui,

120 3482 369 3556 Domino’
405 3497 712 3566 adiuvante,
765 3495 1061 3564 conspicio.
1107 3494 1187 3549 Tu
1236 3501 1447 3547 tantum
1486 3493 1609 3547 vide
1661 3501 1713 3548 et

123 3602 280 3651 cura,
322 3594 384 3639 ut
407 3600 499 3638 .me
539 3591 686 3638 recta
729 3582 817 3636 Via
848 3581 915 3635 ad
963 3581 1259 3636 oratorium
1312 3588 1615 3650 martyrum
1660 3581 1714 3635 in

118 3677 240 3746 ipso
265 3676 393 3729 vico
431 3674 685 3727 adducas.
723 3691 741 3723 ι
784 3671 882 3726 His
929 3671 1110 3736 dictis,
1160 3672 1229 3727 ad
1255 3670 1557 3725 oratorium
1597 3686 1717 3741 per-

121 3763 288 3829 rexit,
336 3762 541 3833 gratias
584 3761 715 3829 egit,
765 3758 1006 3829 factique
1052 3760 1108 3813 in
1154 3774 1213 3814 se
1256 3759 1513 3831 miraculi
1562 3760 1720 3815 nobis

120 3856 391 3911 indicium
416 3854 564 3920 fecit,
595 3853 893 3922 vidensque
925 3859 977 3908 et
1016 3852 1343 3923 gaudensad
1382 3852 1599 3922 propria
1634 3868 1718 3908 re-

119 3946 355 4001 meavit.

200 4036 297 4092 66.
354 4034 689 4091 Ascvilarem
746 4034 773 4074 ι’
827 4040 1025 4089 vocant
1068 4031 1299 4087 fundum
1341 4032 1551 4103 regium
1581 4071 1595 4096 ,
1650 4032 1718 4087 ab

117 4125 373 4195 Aquensi
424 4124 625 4195 palatio
681 4131 915 4193 quatuor
959 4122 1241 4193 leugarum
1287 4123 1462 4192 spatio
1513 4122 1721 4177 distan-

118 4226 256 4283 tem,
281 4218 341 4271 in
369 4231 476 4286 quo
498 4216 715 4285 quidam
739 4216 902 4271 homo
921 4224 1041 4269 erat
1066 4214 1275 4269 diutina
1295 4214 1719 4283 praecordiorum

118 4307 454 4363 infirmitate
498 4307 747 4363 detentus
774 4315 935 4376 atque
965 4306 1254 4369 laborans;
1279 4306 1501 4375 jamque
1530 4322 1560 4361 a
1606 4307 1721 4361 suis

117 4412 184 4452 eo
230 4396 407 4451 modo
449 4397 763 4467 desperatus
782 4437 797 4462 ,
835 4404 894 4449 ut
916 4411 1023 4450 non
1048 4396 1205 4450 aliter
1230 4396 1335 4450 nisi
1362 4397 1604 4450 cauterio
1627 4411 1720 4451 cu-

120 4489 231 4542 rari
286 4502 458 4557 posse
501 4488 796 4541 videretur.
835 4486 1108 4552 Quaeritur
1131 4486 1199 4539 ad
1242 4486 1346 4541 hoc
1370 4486 1634 4552 medicus,
1667 4495 1720 4542 et

1820 3316 2116 3375 trogressa,
2166 3306 2331 3360 tiliam
2356 3307 2512 3377 juxta
2557 3320 2615 3362 se
2657 3323 2711 3361 1n
2749 3309 3058 3379 pavimento
3098 3311 3403 3367 collocavit.

1814 3395 1935 3466 l’psa
1968 3404 2146 3451 autem
2174 3412 2500 3466 perparvum
2531 3414 2769 3463 cereum,
2831 3416 2992 3470 quem
3031 3418 3131 3471 pro
3183 3419 3409 3462 munere

1817 3486 2106 3554 detulerat,
2132 3488 2459 3557 accendens,
2488 3496 2613 3543 ante
2634 3489 2779 3543 illam
2804 3490 2857 3544 in
2881 3492 3072 3547 eodem
3097 3494 3410 3564 pavimento

1816 3577 2016 3646 posuit,
2040 3591 2206 3647 seque
2252 3578 2319 3632 ad
2354 3578 2617 3632 orandum
2643 3595 2826 3634 coram
2877 3582 3049 3637 sacris
3100 3584 3407 3652 cineribus,

1820 3681 1943 3720 cum
1995 3680 2208 3720 summa
2239 3667 2525 3722 devotione
2562 3670 2876 3738 prostravit.
2934 3670 3050 3738 Quo
3080 3672 3246 3740 facto,
3292 3676 3411 3732 sine

1820 3757 1929 3811 ulla
1958 3743 2274 3825 interposita
2300 3772 2471 3822 mora,
2506 3759 2705 3828 puella,
2743 3776 2842 3830 per
2870 3777 3157 3833 supernam
3180 3767 3409 3834 gratiam

1819 3847 2062 3901 omnium
2090 3848 2456 3903 membrdrum
2509 3850 2743 3905 sanitate
2785 3867 2849 3908 ac
2875 3854 3131 3911 ﬁrmitate
3162 3868 3403 3928 recepta,

1821 3949 1997 3994 matre
2059 3955 2167 3994 non
2214 3942 2529 4008 sentiente,
2585 3946 2873 4012 surrexit;
2932 3943 3260 4023 cereumque
3314 3957 3409 4024 qui

1820 4044 2005 4085 coram
2027 4042 2089 4083 se
2119 4030 2340 4100 jacehat
2377 4031 2612 4097 sustulit,
2666 4048 2730 4089 ac
2754 4044 2879 4105 post
2927 4046 3137 4111 tergum
3172 4043 3413 4113 jacentis

1822 4122 2085 4177 constitit.
2114 4123 2245 4188 Qua:
2263 4138 2390 4177 cum
2410 4124 2656 4179 oratione
2682 4128 2975 4198 completa,
3001 4112 3185 4203 caput
3202 4135 3267 4191 de
3312 4153 3412 4207 pa-

1824 4219 2062 4271 vimento
2113 4217 2360 4282 levasset,
2419 4228 2473 4273 et
2502 4234 2605 4274 nec
2637 4234 2875 4287 cereum,
2908 4237 3010 4277 nec
3054 4222 3219 4279 ﬁliam
3248 4227 3304 4281 in
3344 4243 3415 4283 eo

1823 4327 1931 4381 quo
1983 4321 2239 4382 posuerat
2278 4312 2396 4368 loco
2442 4327 2563 4368 esse
2608 4312 2854 4380 vidisset,
2887 4317 3147 4383 surrexit,
3182 4333 3411 4375 conver-

1824 4418 2010 4472 saque,
2035 4402 2200 4458 ﬁliam
2238 4418 2377 4473 pone
2398 4419 2456 4459 se
2478 4420 2600 4460 cum
2627 4420 2786 4461 eereo
2816 4414 3070 4472 stantem,
3104 4409 3279 4471 Deum
3299 4411 3415 4467 lau-

1826 4491 1966 4546 dans
2009 4506 2074 4546 ac
2104 4491 2428 4557 laetabunda,
2471 4497 2770 4564 conspexit.
2820 4498 2988 4568 igitur
3035 4516 3158 4556 cum
3205 4504 3414 4561 nullum

120 4578 332 4633 ustioni
374 4592 482 4631 non
504 4576 802 4646 profuturae
830 4576 946 4631 dies
971 4577 1342 4632 constituitur.
1370 4578 1578 4633 interea
1609 4580 1724 4635 cui-
1749 4573 1801 4632 D
1828 4583 1924 4648 ibi,
1975 4583 2061 4637 cui
2092 4584 2158 4638 de
2186 4583 2385 4639 virtute
2413 4599 2533 4654 quae
2568 4594 2718 4656 gesta
2767 4586 2947 4643 fuerat
2973 4592 3175 4648 referre
3203 4605 3411 4665 posset,

119 4670 249 4725 dam
296 4668 545 4733 feminae,
590 4669 644 4722 in
693 4667 885 4725 eodem
911 4667 1074 4732 fundo
1097 4668 1380 4735 habitanti,
1427 4669 1481 4722 in
1513 4671 1726 4726 somnio

118 4759 440 4815 revelatum
460 4765 560 4822 est,
594 4774 698 4813 non
721 4758 918 4813 debere
942 4756 1091 4812 illum
1123 4760 1189 4813 ad
1213 4773 1364 4813 suam
1389 4760 1727 4816 curationem

116 4849 408 4920 ejusmodi
450 4848 715 4904 medelam
761 4850 1067 4914 admittere,
1119 4864 1239 4919 qua:
1266 4857 1322 4904 et
1346 4865 1444 4919 pro
1482 4851 1565 4906 sui
1612 4866 1728 4907 mo-

117 4940 285 4997 lestia
344 4940 444 4993 vix
474 4940 690 4995 tolerari
734 4950 942 5011 posset,
964 4948 1020 4996 et
1046 4940 1174 5010 quia
1198 4955 1530 5010 supervacua
1555 4952 1722 5008 esset,

117 5030 369 5086 salutem
428 5029 655 5097 patienti
709 5046 820 5086 non
868 5030 1108 5085 afferret.
1159 5030 1427 5086 Cancrum
1470 5034 1513 5086 si
1562 5047 1727 5089 sanus

118 5118 243 5178 ﬂeri
309 5119 504 5187 vellet,
560 5120 628 5175 ad
666 5120 921 5191 Aquense
964 5122 1222 5192 palatium
1258 5123 1381 5189 iret,
1431 5126 1730 5181 oratorium.

194 5291 223 5319 ι
267 5277 537 5332 Ribuarii
574 5292 670 5333 seu
721 5277 967 5348 Ripuarii
996 5320 1009 5342 ,
1044 5294 1098 5348 7a
1139 5279 1256 5348 ripa
1311 5278 1489 5333 Rheni
1553 5287 1734 5334 custo—

129 5348 335 5407 dienda
370 5347 1130 5419 dictitquorum’regiaiolim
1166 5347 1391 5402 Colonia
1436 5349 1735 5419 Agrippina

128 5427 249 5475 erat
286 5436 302 5471 :
360 5417 453 5487 sic
480 5417 621 5472 intra
663 5433 813 5472 num.
851 5417 921 5474 9'5
959 5418 1185 5479 dicitur,
1247 5419 1363 5472 haec
1418 5417 1732 5487 metropolis

127 5504 251 5545 esse
306 5489 372 5543 in
431 5485 628 5543 ﬁnibus
678 5488 1063 5543 Ribuariorum
1089 5528 1103 5553 ,
1150 5502 1313 5557 super
1353 5485 1611 5543 Rhenum
1640 5505 1736 5559 po-

124 5562 249 5615 sita.

197 5630 229 5669 ιι
268 5628 401 5682 Hoc
441 5625 553 5681 fere
574 5627 859 5683 intervallo
880 5627 1047 5682 distat
1072 5625 1221 5681 locus
1248 5628 1301 5681 in
1336 5626 1629 5683 Juliacensi
1658 5630 1738 5684 di-

128 5700 283 5754 tionc
334 5712 519 5766 prope
546 5697 913 5763 Linnichium,
948 5697 1108 5767 vulgo
1148 5697 1316 5767 Wiler
1356 5698 1559 5763 dictus;
1609 5699 1737 5754 olim

128 5769 279 5825 forte
309 5767 514 5824 addita
540 5768 664 5835 Asc,
696 5769 839 5841 quod
874 5766 1087 5824 cineres
1106 5766 1405 5838 signiﬁcat,
1450 5769 1738 5827 distinctus

1828 4674 2019 4729 adesse
2043 4673 2268 4738 videret,
2299 4705 2370 4714 —
2389 4690 2516 4730 nam
2541 4681 2737 4746 praeter
2765 4695 3050 4750 pauperes,
3082 4684 3175 4752 qui
3206 4685 3410 4742 ibidem

1828 4763 2168 4819 mendicandi
2200 4765 2374 4834 gratia
2403 4767 2765 4835 excubabant,
2816 4785 2976 4825 nemo
3022 4766 3169 4827 intra
3185 4778 3415 4832 oratorii

1826 4856 2083 4925 parietes,
2118 4863 2341 4924 excepta
2385 4871 2445 4910 se
2472 4871 2534 4911 ac
2574 4856 2681 4913 tilia
2713 4874 2831 4925 sua,
2864 4872 3159 4930 tuncierat,
3192 4868 3414 4936 quando

1826 4945 1957 5000 illud
1981 4945 2299 4999 miraculum
2342 4943 2545 5000 factum
2573 4956 2661 5002 est
2687 4980 2757 4989 —
2784 4952 2926 5007 votis
2955 4967 3077 5009 cum
3112 4957 3414 5026 gratiarum

1831 5035 2043 5090 actione
2063 5034 2273 5100 solutis,
2296 5034 2513 5095 domum
2542 5052 2663 5092 cum
2689 5038 2799 5094 lilia
2817 5056 2947 5096 sana
2969 5050 3134 5114 atque
3156 5045 3417 5105 incolumi

1831 5126 2130 5196 repedavit.

1828 5281 1903 5336 ab
1938 5280 2108 5361 altero
2133 5280 2539 5361 duabus__l_eucis
2572 5296 2870 5353 remotior],
2901 5288 3063 5361 vulgo
3083 5288 3415 5361 Houzwilcr,

1836 5352 1978 5421 quod
1994 5350 2272 5421 iignorum
2298 5352 2508 5407 villare.

1912 5431 1934 5501 ξι
1977 5418 2199 5501 G‘a'ngel‘t
2243 5430 2328 5501 est
2378 5424 2631 5501 oppidum
2667 5426 2783 5501 agri
2815 5424 3172 5501 Juliacensis,
3208 5445 3420 5501 cxgquo

1912 5438 1934 5459 υ
1977 5438 2199 5490 uangeu
2243 5438 2328 5477 εει
2378 5438 2631 5546 οιιᾶιαιιιη
2667 5440 2697 5479 a
2740 5441 2783 5479 rt
2815 5438 3172 5496 autiacensis,
3208 5445 3276 5486 ex
3309 5446 3419 5501 quo

1840 5488 2102 5566 oriundus
2133 5489 2392 5566 _Jacob_us
2490 5442 2746 5566 rietzratft
2772 5496 3027 5551 indicavit
3052 5499 3242 5566 nobis,
3274 5499 3419 5556 Gan-

1842 5560 2037 5628 gluden
2072 5559 2240 5615 fuisse
2284 5562 2501 5635 circum
2526 5564 2655 5620 illud
2696 5566 2952 5635 oppidum
2983 5559 3289 5625 districtum
3320 5571 3420 5625 ali-

1843 5644 2004 5699 quem
2048 5638 2297 5705 certum,
2350 5640 2411 5705 et_
2458 5632 2537 5688 sic
2584 5632 2784 5705 sapitis
2824 5635 3083 5705 appellari
3132 5640 3219 5704 Ιιεε
3271 5639 3419 5694 landt

1844 5698 1957 5780 gan-
1988 5698 2130 5780 mille
2156 5740 2170 5765 ,
2190 5700 2466 5780 utfaitgelt,
2522 5698 2675 5762 ende'
2711 5698 3103 5780 Vadit—eaque
3154 5698 3275 5765 loca
3314 5711 3421 5767 dici

1846 5767 2144 5824 funiculum
2186 5767 2473 5841 triplicem.
