  <div class='ocr_page' id='page_1' title='image "/cluster/home/n/w/nwhite01/storage/ocr_20150623/104/uva.x000827061/297.png"; bbox 0 0 3912 6314; ppageno 0'>
   <div class='ocr_carea' id='block_1_1' title="bbox 494 325 598 383">
    <p class='ocr_par' dir='ltr' id='par_1_1' title="bbox 494 325 598 383">
     <span class='ocr_line' id='line_1_1' title="bbox 494 325 598 383; baseline 0 -1"><span class='ocrx_word' id='word_1_1' title='bbox 494 325 598 383; x_wconf 76' lang='lat'><strong>579</strong></span> 
     </span>
    </p>
   </div>
   <div class='ocr_carea' id='block_1_2' title="bbox 1780 321 3750 391">
    <p class='ocr_par' dir='ltr' id='par_1_2' title="bbox 1780 321 3750 391">
     <span class='ocr_line' id='line_1_2' title="bbox 1780 321 3750 391; baseline 0.006 -12"><span class='ocrx_word' id='word_1_2' title='bbox 1780 321 2035 381; x_wconf 82' lang='lat' dir='ltr'><strong>EGINHA</strong></span> <span class='ocrx_word' id='word_1_3' title='bbox 2046 323 2160 380; x_wconf 70' lang='lat' dir='ltr'><strong>RD!</strong></span> <span class='ocrx_word' id='word_1_4' title='bbox 2198 322 2493 384; x_wconf 75' lang='lat' dir='ltr'><strong>ABBATlS</strong></span> <span class='ocrx_word' id='word_1_5' title='bbox 3666 336 3750 391; x_wconf 72' lang='lat'><strong>580</strong></span> 
     </span>
    </p>
   </div>
   <div class='ocr_carea' id='block_1_3' title="bbox 564 436 3753 514">
    <p class='ocr_par' dir='ltr' id='par_1_3' title="bbox 564 436 3753 514">
     <span class='ocr_line' id='line_1_3' title="bbox 564 436 3753 514; baseline 0.002 -19"><span class='ocrx_word' id='word_1_6' title='bbox 564 437 731 508; x_wconf 81' lang='lat' dir='ltr'><strong>Cujus</strong></span> <span class='ocrx_word' id='word_1_7' title='bbox 759 436 975 492; x_wconf 89' lang='lat' dir='ltr'><strong>virtutis</strong></span> <span class='ocrx_word' id='word_1_8' title='bbox 1010 437 1272 494; x_wconf 88' lang='lat' dir='ltr'><strong>indicium</strong></span> <span class='ocrx_word' id='word_1_9' title='bbox 1299 437 1539 507; x_wconf 77' lang='lat' dir='ltr'><strong>qualiter</strong></span> <span class='ocrx_word' id='word_1_10' title='bbox 1566 438 1634 493; x_wconf 87' lang='lat' dir='ltr'><strong>ad</strong></span> <span class='ocrx_word' id='word_1_11' title='bbox 1672 452 1771 493; x_wconf 91' lang='lat' dir='ltr'><strong>nos</strong></span> <span class='ocrx_word' id='word_1_12' title='bbox 1812 438 2083 508; x_wconf 84' lang='lat' dir='ltr'><strong>perlatum</strong></span> <span class='ocrx_word' id='word_1_13' title='bbox 2114 444 2163 501; x_wconf 83' lang='grc' dir='ltr'>Α</span> <span class='ocrx_word' id='word_1_14' title='bbox 2191 438 2362 494; x_wconf 91' lang='lat' dir='ltr'><strong>nimio</strong></span> <span class='ocrx_word' id='word_1_15' title='bbox 2393 440 2639 496; x_wconf 89' lang='lat' dir='ltr'><strong>dentium</strong></span> <span class='ocrx_word' id='word_1_16' title='bbox 2668 442 2882 508; x_wconf 89' lang='lat' dir='ltr'><strong>dolore,</strong></span> <span class='ocrx_word' id='word_1_17' title='bbox 2915 457 3114 513; x_wconf 89' lang='lat' dir='ltr'><strong>quem,</strong></span> <span class='ocrx_word' id='word_1_18' title='bbox 3145 450 3207 498; x_wconf 92' lang='lat' dir='ltr'><strong>ut</strong></span> <span class='ocrx_word' id='word_1_19' title='bbox 3234 445 3351 514; x_wconf 90' lang='lat' dir='ltr'><strong>ipse</strong></span> <span class='ocrx_word' id='word_1_20' title='bbox 3383 444 3627 509; x_wconf 83' lang='lat' dir='ltr'><strong>dicebat,</strong></span> <span class='ocrx_word' id='word_1_21' title='bbox 3657 446 3753 500; x_wconf 82' lang='lat' dir='ltr'><strong>diu-</strong></span> 
     </span>
    </p>
   </div>
   <div class='ocr_carea' id='block_1_4' title="bbox 493 529 2085 600">
    <p class='ocr_par' dir='ltr' id='par_1_4' title="bbox 493 529 2085 600">
     <span class='ocr_line' id='line_1_4' title="bbox 493 529 2085 600; baseline 0.001 -16"><span class='ocrx_word' id='word_1_22' title='bbox 493 529 586 594; x_wconf 81' lang='lat' dir='ltr'><strong>sit,</strong></span> <span class='ocrx_word' id='word_1_23' title='bbox 636 529 845 600; x_wconf 83' lang='lat' dir='ltr'><strong>paucis</strong></span> <span class='ocrx_word' id='word_1_24' title='bbox 874 529 1176 598; x_wconf 78' lang='lat' dir='ltr'><strong>expediam.</strong></span> <span class='ocrx_word' id='word_1_25' title='bbox 1201 542 1226 570; x_wconf 82' lang='grc' dir='ltr'>ι</span> <span class='ocrx_word' id='word_1_26' title='bbox 1255 529 1607 596; x_wconf 84' lang='lat' dir='ltr'><strong>Gerwardus,</strong></span> <span class='ocrx_word' id='word_1_27' title='bbox 1651 530 1839 600; x_wconf 78' lang='lat' dir='ltr'><strong>palatii</strong></span> <span class='ocrx_word' id='word_1_28' title='bbox 1891 529 2085 585; x_wconf 89' lang='lat' dir='ltr'><strong>biblio-</strong></span> 
     </span>
    </p>
   </div>
   <div class='ocr_carea' id='block_1_5' title="bbox 491 594 2083 689">
    <p class='ocr_par' dir='ltr' id='par_1_5' title="bbox 491 594 2083 689">
     <span class='ocr_line' id='line_1_5' title="bbox 491 594 2083 689; baseline -0.001 -14"><span class='ocrx_word' id='word_1_29' title='bbox 491 594 787 683; x_wconf 49' lang='lat' dir='ltr'><strong>theca-Idus,</strong></span> <span class='ocrx_word' id='word_1_30' title='bbox 813 620 901 673; x_wconf 91' lang='lat' dir='ltr'><strong>cui</strong></span> <span class='ocrx_word' id='word_1_31' title='bbox 923 594 1051 674; x_wconf 71' lang='lat' dir='ltr'><strong>tunc</strong></span> <span class='ocrx_word' id='word_1_32' title='bbox 1077 619 1339 689; x_wconf 87' lang='lat' dir='ltr'><strong>temporis</strong></span> <span class='ocrx_word' id='word_1_33' title='bbox 1369 620 1536 674; x_wconf 88' lang='lat' dir='ltr'><strong>etiam</strong></span> <span class='ocrx_word' id='word_1_34' title='bbox 1562 594 1925 689; x_wconf 76' lang='lat' dir='ltr'><strong>palatinorum</strong></span> <span class='ocrx_word' id='word_1_35' title='bbox 1952 633 2083 689; x_wconf 90' lang='lat' dir='ltr'><strong>ope-</strong></span> 
     </span>
    </p>
   </div>
   <div class='ocr_carea' id='block_1_6' title="bbox 492 711 2088 780">
    <p class='ocr_par' dir='ltr' id='par_1_6' title="bbox 492 711 2088 780">
     <span class='ocr_line' id='line_1_6' title="bbox 492 711 2088 780; baseline -0.001 -15"><span class='ocrx_word' id='word_1_36' title='bbox 492 725 614 766; x_wconf 92' lang='lat' dir='ltr'><strong>rum</strong></span> <span class='ocrx_word' id='word_1_37' title='bbox 646 726 710 765; x_wconf 89' lang='lat' dir='ltr'><strong>ac</strong></span> <span class='ocrx_word' id='word_1_38' title='bbox 736 719 1138 765; x_wconf 74' lang='lat' dir='ltr'><strong>structurarum</strong></span> <span class='ocrx_word' id='word_1_39' title='bbox 1170 726 1201 763; x_wconf 92' lang='lat' dir='ltr'><strong>a</strong></span> <span class='ocrx_word' id='word_1_40' title='bbox 1226 726 1355 780; x_wconf 83' lang='lat' dir='ltr'><strong>rege</strong></span> <span class='ocrx_word' id='word_1_41' title='bbox 1376 727 1507 766; x_wconf 87' lang='lat' dir='ltr'><strong>cura</strong></span> <span class='ocrx_word' id='word_1_42' title='bbox 1526 711 1823 766; x_wconf 83' lang='lat' dir='ltr'><strong>commissa</strong></span> <span class='ocrx_word' id='word_1_43' title='bbox 1853 718 1997 775; x_wconf 89' lang='lat' dir='ltr'><strong>erat,</strong></span> <span class='ocrx_word' id='word_1_44' title='bbox 2020 711 2088 765; x_wconf 91' lang='lat' dir='ltr'><strong>de</strong></span> 
     </span>
    </p>
   </div>
   <div class='ocr_carea' id='block_1_7' title="bbox 492 801 2087 873">
    <p class='ocr_par' dir='ltr' id='par_1_7' title="bbox 492 801 2087 873">
     <span class='ocr_line' id='line_1_7' title="bbox 492 801 2087 873; baseline 0.001 -17"><span class='ocrx_word' id='word_1_45' title='bbox 492 801 826 873; x_wconf 82' lang='lat' dir='ltr'><strong>Noviomago</strong></span> <span class='ocrx_word' id='word_1_46' title='bbox 871 804 1112 867; x_wconf 89' lang='lat' dir='ltr'><strong>veniens,</strong></span> <span class='ocrx_word' id='word_1_47' title='bbox 1144 804 1405 873; x_wconf 84' lang='lat' dir='ltr'><strong>palatium</strong></span> <span class='ocrx_word' id='word_1_48' title='bbox 1432 804 1683 873; x_wconf 86' lang='lat' dir='ltr'><strong>Aquense</strong></span> <span class='ocrx_word' id='word_1_49' title='bbox 1740 804 1977 873; x_wconf 81' lang='lat' dir='ltr'><strong>petebat.</strong></span> <span class='ocrx_word' id='word_1_50' title='bbox 2036 802 2087 858; x_wconf 91' lang='lat' dir='ltr'><strong>ls</strong></span> 
     </span>
    </p>
   </div>
   <div class='ocr_carea' id='block_1_8' title="bbox 494 892 2086 963">
    <p class='ocr_par' dir='ltr' id='par_1_8' title="bbox 494 892 2086 963">
     <span class='ocr_line' id='line_1_8' title="bbox 494 892 2086 963; baseline -0.001 -16"><span class='ocrx_word' id='word_1_51' title='bbox 494 906 620 947; x_wconf 85' lang='lat' dir='ltr'><strong>cum</strong></span> <span class='ocrx_word' id='word_1_52' title='bbox 668 894 721 947; x_wconf 91' lang='lat' dir='ltr'><strong>in</strong></span> <span class='ocrx_word' id='word_1_53' title='bbox 773 903 1077 947; x_wconf 90' lang='lat' dir='ltr'><strong>memorato</strong></span> <span class='ocrx_word' id='word_1_54' title='bbox 1103 894 1273 947; x_wconf 80' lang='lat' dir='ltr'><strong>tundo</strong></span> <span class='ocrx_word' id='word_1_55' title='bbox 1290 892 1527 963; x_wconf 90' lang='lat' dir='ltr'><strong>quadam</strong></span> <span class='ocrx_word' id='word_1_56' title='bbox 1556 901 1715 948; x_wconf 90' lang='lat' dir='ltr'><strong>nocte</strong></span> <span class='ocrx_word' id='word_1_57' title='bbox 1771 892 2086 958; x_wconf 82' lang='lat' dir='ltr'><strong>mansisset,</strong></span> 
     </span>
    </p>
   </div>
   <div class='ocr_carea' id='block_1_9' title="bbox 493 980 2090 1052">
    <p class='ocr_par' dir='ltr' id='par_1_9' title="bbox 493 980 2090 1052">
     <span class='ocr_line' id='line_1_9' title="bbox 493 980 2090 1052; baseline 0 -16"><span class='ocrx_word' id='word_1_58' title='bbox 493 982 745 1052; x_wconf 62' lang='lat' dir='ltr'><strong>quasivit</strong></span> <span class='ocrx_word' id='word_1_59' title='bbox 791 982 860 1035; x_wconf 86' lang='lat' dir='ltr'><strong>ab</strong></span> <span class='ocrx_word' id='word_1_60' title='bbox 887 982 1102 1052; x_wconf 82' lang='lat' dir='ltr'><strong>hospite</strong></span> <span class='ocrx_word' id='word_1_61' title='bbox 1152 998 1274 1048; x_wconf 83' lang='lat' dir='ltr'><strong>suo,</strong></span> <span class='ocrx_word' id='word_1_62' title='bbox 1311 983 1354 1037; x_wconf 91' lang='lat' dir='ltr'><strong>si</strong></span> <span class='ocrx_word' id='word_1_63' title='bbox 1380 982 1584 1052; x_wconf 86' lang='lat' dir='ltr'><strong>aliquid</strong></span> <span class='ocrx_word' id='word_1_64' title='bbox 1610 982 1738 1037; x_wconf 88' lang='lat' dir='ltr'><strong>novi</strong></span> <span class='ocrx_word' id='word_1_65' title='bbox 1796 982 1862 1037; x_wconf 91' lang='lat' dir='ltr'><strong>de</strong></span> <span class='ocrx_word' id='word_1_66' title='bbox 1887 980 2090 1050; x_wconf 88' lang='lat' dir='ltr'><strong>palatio</strong></span> 
     </span>
    </p>
   </div>
   <div class='ocr_carea' id='block_1_10' title="bbox 491 1070 2091 1142">
    <p class='ocr_par' dir='ltr' id='par_1_10' title="bbox 491 1070 2091 1142">
     <span class='ocr_line' id='line_1_10' title="bbox 491 1070 2091 1142; baseline -0.001 -15"><span class='ocrx_word' id='word_1_67' title='bbox 491 1087 670 1142; x_wconf 84' lang='lat' dir='ltr'><strong>nuper</strong></span> <span class='ocrx_word' id='word_1_68' title='bbox 700 1072 960 1127; x_wconf 80' lang='lat' dir='ltr'><strong>audisset.</strong></span> <span class='ocrx_word' id='word_1_69' title='bbox 984 1070 1083 1125; x_wconf 89' lang='lat' dir='ltr'><strong>Cui</strong></span> <span class='ocrx_word' id='word_1_70' title='bbox 1106 1072 1194 1127; x_wconf 86' lang='lat' dir='ltr'><strong>ille</strong></span> <span class='ocrx_word' id='word_1_71' title='bbox 1220 1091 1231 1125; x_wconf 92' lang='lat'>:</span> <span class='ocrx_word' id='word_1_72' title='bbox 1269 1091 1287 1124; x_wconf 77' lang='grc' dir='ltr'>ι</span> <span class='ocrx_word' id='word_1_73' title='bbox 1334 1071 1500 1137; x_wconf 80' lang='lat' dir='ltr'><strong>Nihil,</strong></span> <span class='ocrx_word' id='word_1_74' title='bbox 1527 1072 1721 1142; x_wconf 80' lang='lat' dir='ltr'><strong>inquit,</strong></span> <span class='ocrx_word' id='word_1_75' title='bbox 1754 1071 1917 1126; x_wconf 90' lang='lat' dir='ltr'><strong>modo</strong></span> <span class='ocrx_word' id='word_1_76' title='bbox 1948 1070 2091 1140; x_wconf 88' lang='lat' dir='ltr'><strong>apud</strong></span> 
     </span>
    </p>
   </div>
   <div class='ocr_carea' id='block_1_11' title="bbox 458 1162 2091 1233">
    <p class='ocr_par' dir='ltr' id='par_1_11' title="bbox 458 1162 2091 1233">
     <span class='ocr_line' id='line_1_11' title="bbox 458 1162 2091 1233; baseline -0.002 -13"><span class='ocrx_word' id='word_1_77' title='bbox 458 1194 459 1197; x_wconf 58' lang='grc' dir='ltr'><strong>η</strong></span> <span class='ocrx_word' id='word_1_78' title='bbox 491 1163 698 1220; x_wconf 75' lang='lat' dir='ltr'><strong>aulicos</strong></span> <span class='ocrx_word' id='word_1_79' title='bbox 729 1170 839 1217; x_wconf 89' lang='lat' dir='ltr'><strong>tam</strong></span> <span class='ocrx_word' id='word_1_80' title='bbox 864 1162 1079 1218; x_wconf 80' lang='lat' dir='ltr'><strong>celebre</strong></span> <span class='ocrx_word' id='word_1_81' title='bbox 1113 1172 1219 1229; x_wconf 89' lang='lat' dir='ltr'><strong>est,</strong></span> <span class='ocrx_word' id='word_1_82' title='bbox 1244 1179 1407 1233; x_wconf 88' lang='lat' dir='ltr'><strong>quam</strong></span> <span class='ocrx_word' id='word_1_83' title='bbox 1429 1163 1581 1233; x_wconf 88' lang='lat' dir='ltr'><strong>signa</strong></span> <span class='ocrx_word' id='word_1_84' title='bbox 1619 1170 1676 1217; x_wconf 90' lang='lat' dir='ltr'><strong>et</strong></span> <span class='ocrx_word' id='word_1_85' title='bbox 1713 1162 1944 1216; x_wconf 82' lang='lat' dir='ltr'><strong>virtutes</strong></span> <span class='ocrx_word' id='word_1_86' title='bbox 1970 1177 2091 1231; x_wconf 75' lang='lat' dir='ltr'><strong>qua:</strong></span> 
     </span>
    </p>
   </div>
   <div class='ocr_carea' id='block_1_12' title="bbox 483 1252 2092 1325">
    <p class='ocr_par' dir='ltr' id='par_1_12' title="bbox 483 1252 2092 1325">
     <span class='ocr_line' id='line_1_12' title="bbox 483 1252 2092 1325; baseline -0.002 -13"><span class='ocrx_word' id='word_1_87' title='bbox 483 1252 631 1313; x_wconf 69' lang='lat' dir='ltr'><strong>ﬁunt</strong></span> <span class='ocrx_word' id='word_1_88' title='bbox 658 1256 714 1310; x_wconf 91' lang='lat' dir='ltr'><strong>in</strong></span> <span class='ocrx_word' id='word_1_89' title='bbox 745 1255 905 1311; x_wconf 90' lang='lat' dir='ltr'><strong>domo</strong></span> <span class='ocrx_word' id='word_1_90' title='bbox 931 1254 1225 1325; x_wconf 85' lang='lat' dir='ltr'><strong>Eginhardi</strong></span> <span class='ocrx_word' id='word_1_91' title='bbox 1257 1270 1355 1324; x_wconf 92' lang='lat' dir='ltr'><strong>per</strong></span> <span class='ocrx_word' id='word_1_92' title='bbox 1382 1254 1649 1325; x_wconf 90' lang='lat' dir='ltr'><strong>quosdam</strong></span> <span class='ocrx_word' id='word_1_93' title='bbox 1696 1262 1933 1318; x_wconf 89' lang='lat' dir='ltr'><strong>sanctos,</strong></span> <span class='ocrx_word' id='word_1_94' title='bbox 1958 1268 2092 1322; x_wconf 91' lang='lat' dir='ltr'><strong>quo-</strong></span> 
     </span>
    </p>
   </div>
   <div class='ocr_carea' id='block_1_13' title="bbox 492 1338 2088 1414">
    <p class='ocr_par' dir='ltr' id='par_1_13' title="bbox 492 1338 2088 1414">
     <span class='ocr_line' id='line_1_13' title="bbox 492 1338 2088 1414; baseline -0.003 -13"><span class='ocrx_word' id='word_1_95' title='bbox 492 1338 616 1401; x_wconf 84' lang='lat' dir='ltr'><strong>rum</strong></span> <span class='ocrx_word' id='word_1_96' title='bbox 644 1344 903 1414; x_wconf 84' lang='lat' dir='ltr'><strong>reliquias</strong></span> <span class='ocrx_word' id='word_1_97' title='bbox 931 1345 986 1398; x_wconf 91' lang='lat' dir='ltr'><strong>in</strong></span> <span class='ocrx_word' id='word_1_98' title='bbox 1015 1346 1261 1401; x_wconf 87' lang='lat' dir='ltr'><strong>oratorio</strong></span> <span class='ocrx_word' id='word_1_99' title='bbox 1287 1347 1480 1401; x_wconf 89' lang='lat' dir='ltr'><strong>domus</strong></span> <span class='ocrx_word' id='word_1_100' title='bbox 1500 1360 1611 1401; x_wconf 67' lang='lat' dir='ltr'><strong>sua:</strong></span> <span class='ocrx_word' id='word_1_101' title='bbox 1632 1346 1836 1400; x_wconf 89' lang='lat' dir='ltr'><strong>habere</strong></span> <span class='ocrx_word' id='word_1_102' title='bbox 1855 1345 2055 1399; x_wconf 89' lang='lat' dir='ltr'><strong>dicitur</strong></span> <span class='ocrx_word' id='word_1_103' title='bbox 2076 1360 2088 1409; x_wconf 83' lang='lat'><strong>;</strong></span> 
     </span>
    </p>
   </div>
   <div class='ocr_carea' id='block_1_14' title="bbox 493 1438 2092 1511">
    <p class='ocr_par' dir='ltr' id='par_1_14' title="bbox 493 1438 2092 1511">
     <span class='ocr_line' id='line_1_14' title="bbox 493 1438 2092 1511; baseline -0.004 -14"><span class='ocrx_word' id='word_1_104' title='bbox 493 1439 564 1497; x_wconf 76' lang='lat' dir='ltr'><strong>ad</strong></span> <span class='ocrx_word' id='word_1_105' title='bbox 591 1456 821 1511; x_wconf 85' lang='lat' dir='ltr'><strong>quarum</strong></span> <span class='ocrx_word' id='word_1_106' title='bbox 852 1441 1255 1495; x_wconf 81' lang='lat' dir='ltr'><strong>venerationem</strong></span> <span class='ocrx_word' id='word_1_107' title='bbox 1278 1455 1469 1495; x_wconf 89' lang='lat' dir='ltr'><strong>omnes</strong></span> <span class='ocrx_word' id='word_1_108' title='bbox 1507 1439 1675 1494; x_wconf 91' lang='lat' dir='ltr'><strong>vicini</strong></span> <span class='ocrx_word' id='word_1_109' title='bbox 1713 1439 1889 1493; x_wconf 86' lang='lat' dir='ltr'><strong>nostri</strong></span> <span class='ocrx_word' id='word_1_110' title='bbox 1913 1438 2092 1507; x_wconf 86' lang='lat' dir='ltr'><strong>quoti-</strong></span> 
     </span>
    </p>
   </div>
   <div class='ocr_carea' id='block_1_15' title="bbox 493 1529 2090 1603">
    <p class='ocr_par' dir='ltr' id='par_1_15' title="bbox 493 1529 2090 1603">
     <span class='ocr_line' id='line_1_15' title="bbox 493 1529 2090 1603; baseline -0.004 -12"><span class='ocrx_word' id='word_1_111' title='bbox 493 1534 582 1591; x_wconf 91' lang='lat' dir='ltr'><strong>die</strong></span> <span class='ocrx_word' id='word_1_112' title='bbox 609 1534 889 1598; x_wconf 76' lang='lat' dir='ltr'><strong>festinant,</strong></span> <span class='ocrx_word' id='word_1_113' title='bbox 917 1542 975 1589; x_wconf 86' lang='lat' dir='ltr'><strong>et</strong></span> <span class='ocrx_word' id='word_1_114' title='bbox 1026 1534 1337 1603; x_wconf 86' lang='lat' dir='ltr'><strong>quicunque</strong></span> <span class='ocrx_word' id='word_1_115' title='bbox 1374 1532 1626 1589; x_wconf 77' lang='lat' dir='ltr'><strong>inﬁmus</strong></span> <span class='ocrx_word' id='word_1_116' title='bbox 1660 1532 1753 1586; x_wconf 91' lang='lat' dir='ltr'><strong>illo</strong></span> <span class='ocrx_word' id='word_1_117' title='bbox 1781 1529 1947 1585; x_wconf 89' lang='lat' dir='ltr'><strong>fuerit</strong></span> <span class='ocrx_word' id='word_1_118' title='bbox 1992 1531 2090 1585; x_wconf 87' lang='lat' dir='ltr'><strong>ad-</strong></span> 
     </span>
    </p>
   </div>
   <div class='ocr_carea' id='block_1_16' title="bbox 492 1621 2092 1693">
    <p class='ocr_par' dir='ltr' id='par_1_16' title="bbox 492 1621 2092 1693">
     <span class='ocr_line' id='line_1_16' title="bbox 492 1621 2092 1693; baseline -0.003 -14"><span class='ocrx_word' id='word_1_119' title='bbox 492 1624 724 1688; x_wconf 86' lang='lat' dir='ltr'><strong>ductus,</strong></span> <span class='ocrx_word' id='word_1_120' title='bbox 776 1624 918 1678; x_wconf 87' lang='lat' dir='ltr'><strong>illico</strong></span> <span class='ocrx_word' id='word_1_121' title='bbox 970 1632 1215 1678; x_wconf 70' lang='lat' dir='ltr'><strong>miratur.</strong></span> <span class='ocrx_word' id='word_1_122' title='bbox 1267 1643 1285 1675; x_wconf 72' lang='grc' dir='ltr'>ι</span> <span class='ocrx_word' id='word_1_123' title='bbox 1317 1653 1388 1663; x_wconf 92' lang='grc'><strong><em>-</em></strong></span> <span class='ocrx_word' id='word_1_124' title='bbox 1428 1621 1717 1693; x_wconf 74' lang='lat' dir='ltr'><strong>Cmpitque</strong></span> <span class='ocrx_word' id='word_1_125' title='bbox 1758 1622 1810 1676; x_wconf 91' lang='lat' dir='ltr'><strong>ei</strong></span> <span class='ocrx_word' id='word_1_126' title='bbox 1856 1631 1912 1676; x_wconf 66' lang='lat' dir='ltr'><strong>ut</strong></span> <span class='ocrx_word' id='word_1_127' title='bbox 1970 1622 2092 1676; x_wconf 42' lang='lat' dir='ltr'><strong>ltitia</strong></span> 
     </span>
    </p>
   </div>
   <div class='ocr_carea' id='block_1_17' title="bbox 491 1712 2093 1787">
    <p class='ocr_par' dir='ltr' id='par_1_17' title="bbox 491 1712 2093 1787">
     <span class='ocr_line' id='line_1_17' title="bbox 491 1712 2093 1787; baseline -0.005 -16"><span class='ocrx_word' id='word_1_128' title='bbox 491 1715 737 1771; x_wconf 84' lang='lat' dir='ltr'><strong>mulieris</strong></span> <span class='ocrx_word' id='word_1_129' title='bbox 772 1712 937 1780; x_wconf 82' lang='lat' dir='ltr'><strong>illius,</strong></span> <span class='ocrx_word' id='word_1_130' title='bbox 985 1715 1222 1787; x_wconf 86' lang='lat' dir='ltr'><strong>qualiter</strong></span> <span class='ocrx_word' id='word_1_131' title='bbox 1248 1723 1373 1768; x_wconf 86' lang='lat' dir='ltr'><strong>ante</strong></span> <span class='ocrx_word' id='word_1_132' title='bbox 1425 1729 1631 1783; x_wconf 89' lang='lat' dir='ltr'><strong>paucos</strong></span> <span class='ocrx_word' id='word_1_133' title='bbox 1660 1713 1777 1768; x_wconf 88' lang='lat' dir='ltr'><strong>dies</strong></span> <span class='ocrx_word' id='word_1_134' title='bbox 1820 1712 1968 1767; x_wconf 89' lang='lat' dir='ltr'><strong>salva</strong></span> <span class='ocrx_word' id='word_1_135' title='bbox 2012 1714 2093 1764; x_wconf 86' lang='lat' dir='ltr'><strong>fa-</strong></span> 
     </span>
    </p>
   </div>
   <div class='ocr_carea' id='block_1_18' title="bbox 2191 528 3753 600">
    <p class='ocr_par' dir='ltr' id='par_1_18' title="bbox 2191 528 3753 600">
     <span class='ocr_line' id='line_1_18' title="bbox 2191 528 3753 600; baseline 0.004 -17"><span class='ocrx_word' id='word_1_136' title='bbox 2191 528 2365 583; x_wconf 83' lang='lat' dir='ltr'><strong>tinum</strong></span> <span class='ocrx_word' id='word_1_137' title='bbox 2404 531 2731 600; x_wconf 88' lang='lat' dir='ltr'><strong>patiebatur,</strong></span> <span class='ocrx_word' id='word_1_138' title='bbox 2769 532 2939 589; x_wconf 89' lang='lat' dir='ltr'><strong>nimio</strong></span> <span class='ocrx_word' id='word_1_139' title='bbox 2986 542 3201 589; x_wconf 87' lang='lat' dir='ltr'><strong>tumore</strong></span> <span class='ocrx_word' id='word_1_140' title='bbox 3238 536 3531 599; x_wconf 87' lang='lat' dir='ltr'><strong>distentis,</strong></span> <span class='ocrx_word' id='word_1_141' title='bbox 3573 533 3753 589; x_wconf 86' lang='lat' dir='ltr'><strong>furcam</strong></span> 
     </span>
    </p>
   </div>
   <div class='ocr_carea' id='block_1_19' title="bbox 2190 617 3757 694">
    <p class='ocr_par' dir='ltr' id='par_1_19' title="bbox 2190 617 3757 694">
     <span class='ocr_line' id='line_1_19' title="bbox 2190 617 3757 694; baseline 0.003 -21"><span class='ocrx_word' id='word_1_142' title='bbox 2190 617 2454 674; x_wconf 81' lang='lat' dir='ltr'><strong>ferratam</strong></span> <span class='ocrx_word' id='word_1_143' title='bbox 2494 621 2548 674; x_wconf 92' lang='lat' dir='ltr'><strong>in</strong></span> <span class='ocrx_word' id='word_1_144' title='bbox 2587 622 2727 677; x_wconf 92' lang='lat' dir='ltr'><strong>collo</strong></span> <span class='ocrx_word' id='word_1_145' title='bbox 2761 622 2944 677; x_wconf 89' lang='lat' dir='ltr'><strong>ferens</strong></span> <span class='ocrx_word' id='word_1_146' title='bbox 2968 664 2982 689; x_wconf 91' lang='lat'><strong>,</strong></span> <span class='ocrx_word' id='word_1_147' title='bbox 3026 624 3167 678; x_wconf 90' lang='lat' dir='ltr'><strong>idem</strong></span> <span class='ocrx_word' id='word_1_148' title='bbox 3202 632 3419 694; x_wconf 91' lang='lat' dir='ltr'><strong>pratum</strong></span> <span class='ocrx_word' id='word_1_149' title='bbox 3461 623 3757 677; x_wconf 85' lang='lat' dir='ltr'><strong>furibundus</strong></span> 
     </span>
    </p>
   </div>
   <div class='ocr_carea' id='block_1_20' title="bbox 2192 706 3755 786">
    <p class='ocr_par' dir='ltr' id='par_1_20' title="bbox 2192 706 3755 786">
     <span class='ocr_line' id='line_1_20' title="bbox 2192 706 3755 786; baseline 0.004 -26"><span class='ocrx_word' id='word_1_150' title='bbox 2192 706 2447 786; x_wconf 84' lang='lat' dir='ltr'><strong>intravit,</strong></span> <span class='ocrx_word' id='word_1_151' title='bbox 2484 717 2540 764; x_wconf 88' lang='lat' dir='ltr'><strong>et</strong></span> <span class='ocrx_word' id='word_1_152' title='bbox 2570 725 2669 764; x_wconf 90' lang='lat' dir='ltr'><strong>cur</strong></span> <span class='ocrx_word' id='word_1_153' title='bbox 2697 719 2915 779; x_wconf 88' lang='lat' dir='ltr'><strong>pratum</strong></span> <span class='ocrx_word' id='word_1_154' title='bbox 2966 727 3124 767; x_wconf 89' lang='lat' dir='ltr'><strong>suum</strong></span> <span class='ocrx_word' id='word_1_155' title='bbox 3176 713 3618 783; x_wconf 86' lang='lat' dir='ltr'><strong>depascerentur,</strong></span> <span class='ocrx_word' id='word_1_156' title='bbox 3662 723 3755 767; x_wconf 84' lang='lat' dir='ltr'><strong>sto—</strong></span> 
     </span>
    </p>
   </div>
   <div class='ocr_carea' id='block_1_21' title="bbox 2193 798 3759 873">
    <p class='ocr_par' dir='ltr' id='par_1_21' title="bbox 2193 798 3759 873">
     <span class='ocr_line' id='line_1_21' title="bbox 2193 798 3759 873; baseline 0.005 -21"><span class='ocrx_word' id='word_1_157' title='bbox 2193 799 2496 855; x_wconf 89' lang='lat' dir='ltr'><strong>machando</strong></span> <span class='ocrx_word' id='word_1_158' title='bbox 2524 809 2895 873; x_wconf 82' lang='lat' dir='ltr'><strong>percontatur.</strong></span> <span class='ocrx_word' id='word_1_159' title='bbox 2939 802 3038 858; x_wconf 88' lang='lat' dir='ltr'><strong>Cui</strong></span> <span class='ocrx_word' id='word_1_160' title='bbox 3066 798 3351 867; x_wconf 82' lang='lat' dir='ltr'><strong>diaconus,</strong></span> <span class='ocrx_word' id='word_1_161' title='bbox 3399 804 3493 872; x_wconf 85' lang='lat' dir='ltr'><strong>qui</strong></span> <span class='ocrx_word' id='word_1_162' title='bbox 3523 802 3759 872; x_wconf 82' lang='lat' dir='ltr'><strong>reliquias</strong></span> 
     </span>
    </p>
   </div>
   <div class='ocr_carea' id='block_1_22' title="bbox 2191 886 3754 965">
    <p class='ocr_par' dir='ltr' id='par_1_22' title="bbox 2191 886 3754 965">
     <span class='ocr_line' id='line_1_22' title="bbox 2191 886 3754 965; baseline 0.003 -22"><span class='ocrx_word' id='word_1_163' title='bbox 2191 898 2495 961; x_wconf 81' lang='lat' dir='ltr'><strong>martyrum</strong></span> <span class='ocrx_word' id='word_1_164' title='bbox 2523 890 2765 958; x_wconf 87' lang='lat' dir='ltr'><strong>ferebat,</strong></span> <span class='ocrx_word' id='word_1_165' title='bbox 2792 902 2857 954; x_wconf 64' lang='lat' dir='ltr'><strong>et,</strong></span> <span class='ocrx_word' id='word_1_166' title='bbox 2873 908 2968 949; x_wconf 86' lang='lat' dir='ltr'><strong>eas</strong></span> <span class='ocrx_word' id='word_1_167' title='bbox 2996 902 3126 948; x_wconf 91' lang='lat' dir='ltr'><strong>tunc</strong></span> <span class='ocrx_word' id='word_1_168' title='bbox 3154 895 3209 948; x_wconf 91' lang='lat' dir='ltr'><strong>in</strong></span> <span class='ocrx_word' id='word_1_169' title='bbox 3237 886 3553 949; x_wconf 79' lang='lat' dir='ltr'><strong>summitate</strong></span> <span class='ocrx_word' id='word_1_170' title='bbox 3582 894 3754 965; x_wconf 64' lang='lat' dir='ltr'><strong>virga,</strong></span> 
     </span>
    </p>
   </div>
   <div class='ocr_carea' id='block_1_23' title="bbox 2192 981 3761 1055">
    <p class='ocr_par' dir='ltr' id='par_1_23' title="bbox 2192 981 3761 1055">
     <span class='ocr_line' id='line_1_23' title="bbox 2192 981 3761 1055; baseline 0.002 -22"><span class='ocrx_word' id='word_1_171' title='bbox 2192 995 2357 1049; x_wconf 90' lang='lat' dir='ltr'><strong>quam</strong></span> <span class='ocrx_word' id='word_1_172' title='bbox 2386 982 2455 1037; x_wconf 92' lang='lat' dir='ltr'><strong>ob</strong></span> <span class='ocrx_word' id='word_1_173' title='bbox 2488 982 2591 1036; x_wconf 89' lang='lat' dir='ltr'><strong>hoc</strong></span> <span class='ocrx_word' id='word_1_174' title='bbox 2620 981 2675 1035; x_wconf 91' lang='lat' dir='ltr'><strong>in</strong></span> <span class='ocrx_word' id='word_1_175' title='bbox 2704 983 2896 1038; x_wconf 88' lang='lat' dir='ltr'><strong>eodem</strong></span> <span class='ocrx_word' id='word_1_176' title='bbox 2927 983 3045 1039; x_wconf 86' lang='lat' dir='ltr'><strong>loco</strong></span> <span class='ocrx_word' id='word_1_177' title='bbox 3074 984 3299 1049; x_wconf 79' lang='lat' dir='ltr'><strong>ﬁxerat,</strong></span> <span class='ocrx_word' id='word_1_178' title='bbox 3330 983 3659 1055; x_wconf 83' lang='lat' dir='ltr'><strong>suspendere</strong></span> <span class='ocrx_word' id='word_1_179' title='bbox 3682 998 3761 1053; x_wconf 60' lang='lat' dir='ltr'><strong>pa.</strong></span> 
     </span>
    </p>
   </div>
   <div class='ocr_carea' id='block_1_24' title="bbox 2196 1070 3762 1142">
    <p class='ocr_par' dir='ltr' id='par_1_24' title="bbox 2196 1070 3762 1142">
     <span class='ocr_line' id='line_1_24' title="bbox 2196 1070 3762 1142; baseline 0.003 -19"><span class='ocrx_word' id='word_1_180' title='bbox 2196 1070 2391 1125; x_wconf 86' lang='lat' dir='ltr'><strong>rabat:</strong></span> <span class='ocrx_word' id='word_1_181' title='bbox 2422 1089 2439 1121; x_wconf 87' lang='grc'>‹</span> <span class='ocrx_word' id='word_1_182' title='bbox 2470 1070 2689 1138; x_wconf 86' lang='lat' dir='ltr'><strong>Melius,</strong></span> <span class='ocrx_word' id='word_1_183' title='bbox 2724 1071 2931 1142; x_wconf 85' lang='lat' dir='ltr'><strong>inquit,</strong></span> <span class='ocrx_word' id='word_1_184' title='bbox 2969 1074 3065 1129; x_wconf 90' lang='lat' dir='ltr'><strong>tibi</strong></span> <span class='ocrx_word' id='word_1_185' title='bbox 3095 1082 3209 1140; x_wconf 90' lang='lat' dir='ltr'><strong>est,</strong></span> <span class='ocrx_word' id='word_1_186' title='bbox 3240 1082 3299 1128; x_wconf 91' lang='lat' dir='ltr'><strong>ut</strong></span> <span class='ocrx_word' id='word_1_187' title='bbox 3325 1090 3513 1130; x_wconf 89' lang='lat' dir='ltr'><strong>coram</strong></span> <span class='ocrx_word' id='word_1_188' title='bbox 3544 1075 3627 1129; x_wconf 91' lang='lat' dir='ltr'><strong>his</strong></span> <span class='ocrx_word' id='word_1_189' title='bbox 3654 1089 3762 1129; x_wconf 80' lang='lat' dir='ltr'><strong>san-</strong></span> 
     </span>
    </p>
   </div>
   <div class='ocr_carea' id='block_1_25' title="bbox 2184 1162 3765 1233">
    <p class='ocr_par' dir='ltr' id='par_1_25' title="bbox 2184 1162 3765 1233">
     <span class='ocr_line' id='line_1_25' title="bbox 2184 1162 3765 1233; baseline 0.001 -17"><span class='ocrx_word' id='word_1_190' title='bbox 2184 1169 2410 1217; x_wconf 86' lang='lat' dir='ltr'><strong>ctorum</strong></span> <span class='ocrx_word' id='word_1_191' title='bbox 2447 1162 2729 1231; x_wconf 87' lang='lat' dir='ltr'><strong>reliquiis,</strong></span> <span class='ocrx_word' id='word_1_192' title='bbox 2758 1178 2895 1232; x_wconf 90' lang='lat' dir='ltr'><strong>quas</strong></span> <span class='ocrx_word' id='word_1_193' title='bbox 2926 1164 3016 1218; x_wconf 89' lang='lat' dir='ltr'><strong>hic</strong></span> <span class='ocrx_word' id='word_1_194' title='bbox 3046 1164 3101 1217; x_wconf 92' lang='lat' dir='ltr'><strong>in</strong></span> <span class='ocrx_word' id='word_1_195' title='bbox 3132 1166 3383 1219; x_wconf 88' lang='lat' dir='ltr'><strong>manibus</strong></span> <span class='ocrx_word' id='word_1_196' title='bbox 3416 1164 3590 1218; x_wconf 87' lang='lat' dir='ltr'><strong>habeo</strong></span> <span class='ocrx_word' id='word_1_197' title='bbox 3610 1202 3625 1228; x_wconf 94' lang='lat'><strong>,</strong></span> <span class='ocrx_word' id='word_1_198' title='bbox 3656 1178 3765 1233; x_wconf 88' lang='lat' dir='ltr'><strong>pro-</strong></span> 
     </span>
    </p>
   </div>
   <div class='ocr_carea' id='block_1_26' title="bbox 2194 1254 3765 1327">
    <p class='ocr_par' dir='ltr' id='par_1_26' title="bbox 2194 1254 3765 1327">
     <span class='ocr_line' id='line_1_26' title="bbox 2194 1254 3765 1327; baseline 0.001 -19"><span class='ocrx_word' id='word_1_199' title='bbox 2194 1254 2481 1318; x_wconf 87' lang='lat' dir='ltr'><strong>sternaris,</strong></span> <span class='ocrx_word' id='word_1_200' title='bbox 2514 1254 2795 1324; x_wconf 88' lang='lat' dir='ltr'><strong>Deumque</strong></span> <span class='ocrx_word' id='word_1_201' title='bbox 2824 1270 2982 1323; x_wconf 81' lang='lat' dir='ltr'><strong>roges</strong></span> <span class='ocrx_word' id='word_1_202' title='bbox 3009 1265 3069 1310; x_wconf 92' lang='lat' dir='ltr'><strong>ut</strong></span> <span class='ocrx_word' id='word_1_203' title='bbox 3100 1265 3153 1311; x_wconf 91' lang='lat' dir='ltr'><strong>te</strong></span> <span class='ocrx_word' id='word_1_204' title='bbox 3172 1298 3185 1321; x_wconf 87' lang='lat'><strong>,</strong></span> <span class='ocrx_word' id='word_1_205' title='bbox 3217 1272 3316 1327; x_wconf 89' lang='lat' dir='ltr'><strong>per</strong></span> <span class='ocrx_word' id='word_1_206' title='bbox 3342 1257 3539 1311; x_wconf 89' lang='lat' dir='ltr'><strong>merita</strong></span> <span class='ocrx_word' id='word_1_207' title='bbox 3569 1270 3765 1310; x_wconf 86' lang='lat' dir='ltr'><strong>eorum-</strong></span> 
     </span>
    </p>
   </div>
   <div class='ocr_carea' id='block_1_27' title="bbox 2192 1344 3767 1417">
    <p class='ocr_par' dir='ltr' id='par_1_27' title="bbox 2192 1344 3767 1417">
     <span class='ocr_line' id='line_1_27' title="bbox 2192 1344 3767 1417; baseline 0.001 -19"><span class='ocrx_word' id='word_1_208' title='bbox 2192 1344 2317 1399; x_wconf 90' lang='lat' dir='ltr'><strong>dem</strong></span> <span class='ocrx_word' id='word_1_209' title='bbox 2347 1352 2693 1410; x_wconf 88' lang='lat' dir='ltr'><strong>sanctorum,</strong></span> <span class='ocrx_word' id='word_1_210' title='bbox 2726 1346 2793 1401; x_wconf 91' lang='lat' dir='ltr'><strong>de</strong></span> <span class='ocrx_word' id='word_1_211' title='bbox 2826 1345 3011 1401; x_wconf 90' lang='lat' dir='ltr'><strong>dolore</strong></span> <span class='ocrx_word' id='word_1_212' title='bbox 3031 1386 3046 1411; x_wconf 93' lang='lat'><strong>,</strong></span> <span class='ocrx_word' id='word_1_213' title='bbox 3078 1361 3238 1417; x_wconf 92' lang='lat' dir='ltr'><strong>quem</strong></span> <span class='ocrx_word' id='word_1_214' title='bbox 3279 1346 3517 1416; x_wconf 88' lang='lat' dir='ltr'><strong>pateris,</strong></span> <span class='ocrx_word' id='word_1_215' title='bbox 3556 1345 3767 1400; x_wconf 77' lang='lat' dir='ltr'><strong>liberare</strong></span> 
     </span>
    </p>
   </div>
   <div class='ocr_carea' id='block_1_28' title="bbox 2192 1431 3765 1514">
    <p class='ocr_par' dir='ltr' id='par_1_28' title="bbox 2192 1431 3765 1514">
     <span class='ocr_line' id='line_1_28' title="bbox 2192 1431 3765 1514; baseline 0.001 -28"><span class='ocrx_word' id='word_1_216' title='bbox 2192 1431 2483 1502; x_wconf 77' lang='lat' dir='ltr'><strong>dignetur:</strong></span> <span class='ocrx_word' id='word_1_217' title='bbox 2516 1449 2641 1487; x_wconf 91' lang='lat' dir='ltr'><strong>nam</strong></span> <span class='ocrx_word' id='word_1_218' title='bbox 2682 1442 2879 1514; x_wconf 81' lang='lat' dir='ltr'><strong>tumor,</strong></span> <span class='ocrx_word' id='word_1_219' title='bbox 2914 1435 3007 1503; x_wconf 90' lang='lat' dir='ltr'><strong>qui</strong></span> <span class='ocrx_word' id='word_1_220' title='bbox 3041 1435 3098 1489; x_wconf 91' lang='lat' dir='ltr'><strong>in</strong></span> <span class='ocrx_word' id='word_1_221' title='bbox 3132 1434 3271 1489; x_wconf 87' lang='lat' dir='ltr'><strong>facie</strong></span> <span class='ocrx_word' id='word_1_222' title='bbox 3304 1442 3394 1488; x_wconf 91' lang='lat' dir='ltr'><strong>tua</strong></span> <span class='ocrx_word' id='word_1_223' title='bbox 3434 1434 3664 1497; x_wconf 86' lang='lat' dir='ltr'><strong>videtur,</strong></span> <span class='ocrx_word' id='word_1_224' title='bbox 3698 1442 3765 1488; x_wconf 85' lang='lat' dir='ltr'><strong>te-</strong></span> 
     </span>
    </p>
   </div>
   <div class='ocr_carea' id='block_1_29' title="bbox 2194 1523 3761 1596">
    <p class='ocr_par' dir='ltr' id='par_1_29' title="bbox 2194 1523 3761 1596">
     <span class='ocr_line' id='line_1_29' title="bbox 2194 1523 3761 1596; baseline -0.001 -19"><span class='ocrx_word' id='word_1_225' title='bbox 2194 1532 2371 1579; x_wconf 89' lang='lat' dir='ltr'><strong>statur</strong></span> <span class='ocrx_word' id='word_1_226' title='bbox 2405 1523 2642 1593; x_wconf 85' lang='lat' dir='ltr'><strong>aliquem</strong></span> <span class='ocrx_word' id='word_1_227' title='bbox 2676 1540 2934 1596; x_wconf 85' lang='lat' dir='ltr'><strong>magnum</strong></span> <span class='ocrx_word' id='word_1_228' title='bbox 2969 1524 3023 1578; x_wconf 92' lang='lat' dir='ltr'><strong>in</strong></span> <span class='ocrx_word' id='word_1_229' title='bbox 3051 1540 3149 1579; x_wconf 90' lang='lat' dir='ltr'><strong>ore</strong></span> <span class='ocrx_word' id='word_1_230' title='bbox 3178 1532 3274 1580; x_wconf 91' lang='lat' dir='ltr'><strong>tuo</strong></span> <span class='ocrx_word' id='word_1_231' title='bbox 3303 1539 3427 1579; x_wconf 89' lang='lat' dir='ltr'><strong>esse</strong></span> <span class='ocrx_word' id='word_1_232' title='bbox 3456 1523 3713 1578; x_wconf 85' lang='lat' dir='ltr'><strong>dolorem.</strong></span> <span class='ocrx_word' id='word_1_233' title='bbox 3746 1543 3761 1575; x_wconf 74' lang='grc' dir='ltr'><strong><em>ι</em></strong></span> 
     </span>
    </p>
   </div>
   <div class='ocr_carea' id='block_1_30' title="bbox 2192 1613 3765 1685">
    <p class='ocr_par' dir='ltr' id='par_1_30' title="bbox 2192 1613 3765 1685">
     <span class='ocr_line' id='line_1_30' title="bbox 2192 1613 3765 1685; baseline -0.001 -17"><span class='ocrx_word' id='word_1_234' title='bbox 2192 1614 2275 1668; x_wconf 83' lang='lat' dir='ltr'><strong>Ad</strong></span> <span class='ocrx_word' id='word_1_235' title='bbox 2315 1616 2431 1669; x_wconf 69' lang='lat' dir='ltr'><strong>haec</strong></span> <span class='ocrx_word' id='word_1_236' title='bbox 2469 1616 2663 1679; x_wconf 89' lang='lat' dir='ltr'><strong>homo,</strong></span> <span class='ocrx_word' id='word_1_237' title='bbox 2694 1616 2935 1685; x_wconf 73' lang='lat' dir='ltr'><strong>proiecta</strong></span> <span class='ocrx_word' id='word_1_238' title='bbox 2968 1614 3123 1670; x_wconf 88' lang='lat' dir='ltr'><strong>furca</strong></span> <span class='ocrx_word' id='word_1_239' title='bbox 3151 1630 3317 1685; x_wconf 88' lang='lat' dir='ltr'><strong>quam</strong></span> <span class='ocrx_word' id='word_1_240' title='bbox 3348 1630 3516 1669; x_wconf 90' lang='lat' dir='ltr'><strong>manu</strong></span> <span class='ocrx_word' id='word_1_241' title='bbox 3542 1613 3765 1677; x_wconf 86' lang='lat' dir='ltr'><strong>ferebat,</strong></span> 
     </span>
    </p>
   </div>
   <div class='ocr_carea' id='block_1_31' title="bbox 2194 1704 3770 1775">
    <p class='ocr_par' dir='ltr' id='par_1_31' title="bbox 2194 1704 3770 1775">
     <span class='ocr_line' id='line_1_31' title="bbox 2194 1704 3770 1775; baseline -0.001 -18"><span class='ocrx_word' id='word_1_242' title='bbox 2194 1712 2322 1758; x_wconf 90' lang='lat' dir='ltr'><strong>ante</strong></span> <span class='ocrx_word' id='word_1_243' title='bbox 2343 1704 2606 1774; x_wconf 82' lang='lat' dir='ltr'><strong>reliquias</strong></span> <span class='ocrx_word' id='word_1_244' title='bbox 2624 1720 2830 1775; x_wconf 90' lang='lat' dir='ltr'><strong>pronus</strong></span> <span class='ocrx_word' id='word_1_245' title='bbox 2852 1705 3090 1769; x_wconf 90' lang='lat' dir='ltr'><strong>corruit,</strong></span> <span class='ocrx_word' id='word_1_246' title='bbox 3115 1713 3188 1769; x_wconf 91' lang='lat' dir='ltr'><strong>et,</strong></span> <span class='ocrx_word' id='word_1_247' title='bbox 3217 1712 3277 1758; x_wconf 92' lang='lat' dir='ltr'><strong>ut</strong></span> <span class='ocrx_word' id='word_1_248' title='bbox 3303 1704 3567 1759; x_wconf 86' lang='lat' dir='ltr'><strong>diaconus</strong></span> <span class='ocrx_word' id='word_1_249' title='bbox 3590 1704 3640 1757; x_wconf 90' lang='lat' dir='ltr'><strong>ei</strong></span> <span class='ocrx_word' id='word_1_250' title='bbox 3664 1718 3770 1756; x_wconf 79' lang='lat' dir='ltr'><strong>sua-</strong></span> 
     </span>
    </p>
   </div>
   <div class='ocr_carea' id='block_1_32' title="bbox 491 1793 3771 1871">
    <p class='ocr_par' dir='ltr' id='par_1_32' title="bbox 491 1793 3771 1871">
     <span class='ocr_line' id='line_1_32' title="bbox 491 1793 3771 1871; baseline -0.004 -11"><span class='ocrx_word' id='word_1_251' title='bbox 491 1813 581 1860; x_wconf 90' lang='lat' dir='ltr'><strong>cta</strong></span> <span class='ocrx_word' id='word_1_252' title='bbox 612 1806 717 1871; x_wconf 87' lang='lat' dir='ltr'><strong>sit,</strong></span> <span class='ocrx_word' id='word_1_253' title='bbox 750 1805 1027 1858; x_wconf 88' lang='lat' dir='ltr'><strong>intimare.</strong></span> <span class='ocrx_word' id='word_1_254' title='bbox 1053 1834 1125 1845; x_wconf 88' lang='lat'><strong>--</strong></span> <span class='ocrx_word' id='word_1_255' title='bbox 1150 1804 1287 1858; x_wconf 88' lang='lat' dir='ltr'><strong>Tum</strong></span> <span class='ocrx_word' id='word_1_256' title='bbox 1315 1802 1648 1859; x_wconf 78' lang='lat' dir='ltr'><strong>Gerwardus</strong></span> <span class='ocrx_word' id='word_1_257' title='bbox 1678 1821 1691 1856; x_wconf 87' lang='lat'><strong>:</strong></span> <span class='ocrx_word' id='word_1_258' title='bbox 1725 1822 1744 1853; x_wconf 79' lang='grc' dir='ltr'>ι</span> <span class='ocrx_word' id='word_1_259' title='bbox 1785 1802 1955 1867; x_wconf 82' lang='lat' dir='ltr'><strong>Vade,</strong></span> <span class='ocrx_word' id='word_1_260' title='bbox 1986 1800 2086 1863; x_wconf 87' lang='lat' dir='ltr'><strong>ait,</strong></span> <span class='ocrx_word' id='word_1_261' title='bbox 2117 1793 2166 1851; x_wconf 92' lang='lat' dir='ltr'><strong>B</strong></span> <span class='ocrx_word' id='word_1_262' title='bbox 2194 1796 2301 1861; x_wconf 87' lang='lat' dir='ltr'><strong>sit,</strong></span> <span class='ocrx_word' id='word_1_263' title='bbox 2339 1811 2439 1866; x_wconf 88' lang='lat' dir='ltr'><strong>pro</strong></span> <span class='ocrx_word' id='word_1_264' title='bbox 2479 1796 2655 1851; x_wconf 88' lang='lat' dir='ltr'><strong>salute</strong></span> <span class='ocrx_word' id='word_1_265' title='bbox 2690 1811 2788 1851; x_wconf 89' lang='lat' dir='ltr'><strong>sua</strong></span> <span class='ocrx_word' id='word_1_266' title='bbox 2824 1795 3056 1851; x_wconf 91' lang='lat' dir='ltr'><strong>Domino</strong></span> <span class='ocrx_word' id='word_1_267' title='bbox 3092 1795 3437 1865; x_wconf 85' lang='lat' dir='ltr'><strong>supplicavit.</strong></span> <span class='ocrx_word' id='word_1_268' title='bbox 3480 1793 3594 1849; x_wconf 81' lang='lat' dir='ltr'><strong>Nec</strong></span> <span class='ocrx_word' id='word_1_269' title='bbox 3630 1794 3771 1864; x_wconf 81' lang='lat' dir='ltr'><strong>longa</strong></span> 
     </span>
    </p>
   </div>
   <div class='ocr_carea' id='block_1_33' title="bbox 492 1893 2085 1965">
    <p class='ocr_par' dir='ltr' id='par_1_33' title="bbox 492 1893 2085 1965">
     <span class='ocr_line' id='line_1_33' title="bbox 492 1893 2085 1965; baseline -0.004 -12"><span class='ocrx_word' id='word_1_270' title='bbox 492 1907 551 1953; x_wconf 87' lang='lat' dir='ltr'><strong>et</strong></span> <span class='ocrx_word' id='word_1_271' title='bbox 576 1899 823 1953; x_wconf 89' lang='lat' dir='ltr'><strong>eamdem</strong></span> <span class='ocrx_word' id='word_1_272' title='bbox 856 1898 1139 1952; x_wconf 86' lang='lat' dir='ltr'><strong>mulierem</strong></span> <span class='ocrx_word' id='word_1_273' title='bbox 1190 1898 1366 1952; x_wconf 87' lang='lat' dir='ltr'><strong>adduc</strong></span> <span class='ocrx_word' id='word_1_274' title='bbox 1416 1898 1483 1951; x_wconf 88' lang='lat' dir='ltr'><strong>ad</strong></span> <span class='ocrx_word' id='word_1_275' title='bbox 1523 1912 1630 1962; x_wconf 91' lang='lat' dir='ltr'><strong>me,</strong></span> <span class='ocrx_word' id='word_1_276' title='bbox 1675 1904 1736 1951; x_wconf 89' lang='lat' dir='ltr'><strong>ut</strong></span> <span class='ocrx_word' id='word_1_277' title='bbox 1792 1897 1907 1965; x_wconf 89' lang='lat' dir='ltr'><strong>ipsa</strong></span> <span class='ocrx_word' id='word_1_278' title='bbox 1954 1893 2085 1948; x_wconf 81' lang='lat' dir='ltr'><strong>mihi</strong></span> 
     </span>
    </p>
   </div>
   <div class='ocr_carea' id='block_1_34' title="bbox 494 1986 2085 2058">
    <p class='ocr_par' dir='ltr' id='par_1_34' title="bbox 494 1986 2085 2058">
     <span class='ocr_line' id='line_1_34' title="bbox 494 1986 2085 2058; baseline -0.003 -14"><span class='ocrx_word' id='word_1_279' title='bbox 494 1990 639 2044; x_wconf 87' lang='lat' dir='ltr'><strong>dicat</strong></span> <span class='ocrx_word' id='word_1_280' title='bbox 662 1989 805 2058; x_wconf 86' lang='lat' dir='ltr'><strong>quod</strong></span> <span class='ocrx_word' id='word_1_281' title='bbox 828 1990 1018 2043; x_wconf 90' lang='lat' dir='ltr'><strong>audire</strong></span> <span class='ocrx_word' id='word_1_282' title='bbox 1047 1989 1315 2045; x_wconf 89' lang='lat' dir='ltr'><strong>desidero.</strong></span> <span class='ocrx_word' id='word_1_283' title='bbox 1342 2009 1360 2041; x_wconf 76' lang='grc' dir='ltr'><strong><em>ι</em></strong></span> <span class='ocrx_word' id='word_1_284' title='bbox 1389 1988 1786 2053; x_wconf 82' lang='lat' dir='ltr'><strong>Venitmulier,</strong></span> <span class='ocrx_word' id='word_1_285' title='bbox 1809 1995 1866 2041; x_wconf 91' lang='lat' dir='ltr'><strong>et</strong></span> <span class='ocrx_word' id='word_1_286' title='bbox 1884 1986 2085 2051; x_wconf 83' lang='lat' dir='ltr'><strong>omnia,</strong></span> 
     </span>
    </p>
   </div>
   <div class='ocr_carea' id='block_1_35' title="bbox 494 2078 2087 2151">
    <p class='ocr_par' dir='ltr' id='par_1_35' title="bbox 494 2078 2087 2151">
     <span class='ocr_line' id='line_1_35' title="bbox 494 2078 2087 2151; baseline -0.005 -12"><span class='ocrx_word' id='word_1_287' title='bbox 494 2089 656 2150; x_wconf 79' lang='lat' dir='ltr'><strong>prout</strong></span> <span class='ocrx_word' id='word_1_288' title='bbox 671 2082 825 2151; x_wconf 63' lang='lat' dir='ltr'><strong>gBSta</strong></span> <span class='ocrx_word' id='word_1_289' title='bbox 846 2088 1025 2147; x_wconf 90' lang='lat' dir='ltr'><strong>erant,</strong></span> <span class='ocrx_word' id='word_1_290' title='bbox 1039 2089 1291 2151; x_wconf 81' lang='lat' dir='ltr'><strong>patenter</strong></span> <span class='ocrx_word' id='word_1_291' title='bbox 1309 2080 1579 2151; x_wconf 79' lang='lat' dir='ltr'><strong>exposuit.</strong></span> <span class='ocrx_word' id='word_1_292' title='bbox 1599 2078 1927 2135; x_wconf 80' lang='lat' dir='ltr'><strong>Gerwardus</strong></span> <span class='ocrx_word' id='word_1_293' title='bbox 1937 2091 2087 2142; x_wconf 90' lang='lat' dir='ltr'><strong>vero,</strong></span> 
     </span>
    </p>
   </div>
   <div class='ocr_carea' id='block_1_36' title="bbox 492 2167 2091 2241">
    <p class='ocr_par' dir='ltr' id='par_1_36' title="bbox 492 2167 2091 2241">
     <span class='ocr_line' id='line_1_36' title="bbox 492 2167 2091 2241; baseline -0.004 -14"><span class='ocrx_word' id='word_1_294' title='bbox 492 2185 619 2227; x_wconf 86' lang='lat' dir='ltr'><strong>cum</strong></span> <span class='ocrx_word' id='word_1_295' title='bbox 640 2171 693 2224; x_wconf 90' lang='lat' dir='ltr'><strong>in</strong></span> <span class='ocrx_word' id='word_1_296' title='bbox 722 2173 1020 2226; x_wconf 87' lang='lat' dir='ltr'><strong>crastinum</strong></span> <span class='ocrx_word' id='word_1_297' title='bbox 1037 2172 1106 2226; x_wconf 90' lang='lat' dir='ltr'><strong>ad</strong></span> <span class='ocrx_word' id='word_1_298' title='bbox 1132 2185 1314 2241; x_wconf 84' lang='lat' dir='ltr'><strong>regem</strong></span> <span class='ocrx_word' id='word_1_299' title='bbox 1330 2172 1591 2235; x_wconf 85' lang='lat' dir='ltr'><strong>venisset,</strong></span> <span class='ocrx_word' id='word_1_300' title='bbox 1605 2184 1669 2224; x_wconf 83' lang='lat' dir='ltr'><strong>ea</strong></span> <span class='ocrx_word' id='word_1_301' title='bbox 1682 2183 1805 2238; x_wconf 60' lang='lat' dir='ltr'><strong>quas</strong></span> <span class='ocrx_word' id='word_1_302' title='bbox 1821 2169 1887 2222; x_wconf 92' lang='lat' dir='ltr'><strong>de</strong></span> <span class='ocrx_word' id='word_1_303' title='bbox 1901 2169 2005 2222; x_wconf 89' lang='lat' dir='ltr'><strong>hoc</strong></span> <span class='ocrx_word' id='word_1_304' title='bbox 2017 2167 2091 2221; x_wconf 88' lang='lat' dir='ltr'><strong>si-</strong></span> 
     </span>
    </p>
   </div>
   <div class='ocr_carea' id='block_1_37' title="bbox 492 2256 2093 2331">
    <p class='ocr_par' dir='ltr' id='par_1_37' title="bbox 492 2256 2093 2331">
     <span class='ocr_line' id='line_1_37' title="bbox 492 2256 2093 2331; baseline -0.002 -17"><span class='ocrx_word' id='word_1_305' title='bbox 492 2274 607 2328; x_wconf 84' lang='lat' dir='ltr'><strong>gno</strong></span> <span class='ocrx_word' id='word_1_306' title='bbox 632 2259 1145 2331; x_wconf 74' lang='lat' dir='ltr'><strong>revelatione-[Ms.,</strong></span> <span class='ocrx_word' id='word_1_307' title='bbox 1169 2258 1456 2330; x_wconf 86' lang='lat' dir='ltr'><strong>relatione]</strong></span> <span class='ocrx_word' id='word_1_308' title='bbox 1480 2258 1624 2313; x_wconf 90' lang='lat' dir='ltr'><strong>illius</strong></span> <span class='ocrx_word' id='word_1_309' title='bbox 1639 2256 1855 2311; x_wconf 69' lang='lat' dir='ltr'><strong>feminas</strong></span> <span class='ocrx_word' id='word_1_310' title='bbox 1872 2272 2093 2326; x_wconf 83' lang='lat' dir='ltr'><strong>compe-</strong></span> 
     </span>
    </p>
   </div>
   <div class='ocr_carea' id='block_1_38' title="bbox 492 2346 2093 2421">
    <p class='ocr_par' dir='ltr' id='par_1_38' title="bbox 492 2346 2093 2421">
     <span class='ocr_line' id='line_1_38' title="bbox 492 2346 2093 2421; baseline -0.003 -16"><span class='ocrx_word' id='word_1_311' title='bbox 492 2358 660 2417; x_wconf 89' lang='lat' dir='ltr'><strong>rerat,</strong></span> <span class='ocrx_word' id='word_1_312' title='bbox 704 2352 879 2421; x_wconf 85' lang='lat' dir='ltr'><strong>eidem</strong></span> <span class='ocrx_word' id='word_1_313' title='bbox 913 2349 1189 2405; x_wconf 85' lang='lat' dir='ltr'><strong>indicavit.</strong></span> <span class='ocrx_word' id='word_1_314' title='bbox 1222 2349 1339 2403; x_wconf 81' lang='lat' dir='ltr'><strong>Rex</strong></span> <span class='ocrx_word' id='word_1_315' title='bbox 1382 2357 1586 2413; x_wconf 89' lang='lat' dir='ltr'><strong>autem,</strong></span> <span class='ocrx_word' id='word_1_316' title='bbox 1613 2361 1737 2403; x_wconf 88' lang='lat' dir='ltr'><strong>cum</strong></span> <span class='ocrx_word' id='word_1_317' title='bbox 1769 2360 1873 2416; x_wconf 90' lang='lat' dir='ltr'><strong>ego</strong></span> <span class='ocrx_word' id='word_1_318' title='bbox 1898 2346 2093 2401; x_wconf 84' lang='lat' dir='ltr'><strong>secun-</strong></span> 
     </span>
    </p>
   </div>
   <div class='ocr_carea' id='block_1_39' title="bbox 493 2436 2087 2510">
    <p class='ocr_par' dir='ltr' id='par_1_39' title="bbox 493 2436 2087 2510">
     <span class='ocr_line' id='line_1_39' title="bbox 493 2436 2087 2510; baseline -0.005 -13"><span class='ocrx_word' id='word_1_319' title='bbox 493 2441 635 2497; x_wconf 89' lang='lat' dir='ltr'><strong>dum</strong></span> <span class='ocrx_word' id='word_1_320' title='bbox 664 2439 1112 2496; x_wconf 86' lang='lat' dir='ltr'><strong>consuetudinem</strong></span> <span class='ocrx_word' id='word_1_321' title='bbox 1168 2439 1448 2510; x_wconf 81' lang='lat' dir='ltr'><strong>ingressus</strong></span> <span class='ocrx_word' id='word_1_322' title='bbox 1495 2451 1681 2493; x_wconf 80' lang='lat' dir='ltr'><strong>coram</strong></span> <span class='ocrx_word' id='word_1_323' title='bbox 1728 2436 1823 2491; x_wconf 88' lang='lat' dir='ltr'><strong>illo</strong></span> <span class='ocrx_word' id='word_1_324' title='bbox 1862 2444 2087 2501; x_wconf 84' lang='lat' dir='ltr'><strong>starem,</strong></span> 
     </span>
    </p>
   </div>
   <div class='ocr_carea' id='block_1_40' title="bbox 492 2524 2090 2601">
    <p class='ocr_par' dir='ltr' id='par_1_40' title="bbox 492 2524 2090 2601">
     <span class='ocr_line' id='line_1_40' title="bbox 492 2524 2090 2601; baseline -0.003 -15"><span class='ocrx_word' id='word_1_325' title='bbox 492 2531 624 2601; x_wconf 91' lang='lat' dir='ltr'><strong>quid</strong></span> <span class='ocrx_word' id='word_1_326' title='bbox 658 2531 757 2586; x_wconf 87' lang='lat' dir='ltr'><strong>sibi</strong></span> <span class='ocrx_word' id='word_1_327' title='bbox 780 2530 1107 2587; x_wconf 79' lang='lat' dir='ltr'><strong>Gerwardus</strong></span> <span class='ocrx_word' id='word_1_328' title='bbox 1132 2530 1201 2585; x_wconf 88' lang='lat' dir='ltr'><strong>de</strong></span> <span class='ocrx_word' id='word_1_329' title='bbox 1225 2530 1329 2583; x_wconf 87' lang='lat' dir='ltr'><strong>hoc</strong></span> <span class='ocrx_word' id='word_1_330' title='bbox 1363 2528 1628 2583; x_wconf 89' lang='lat' dir='ltr'><strong>miraculo</strong></span> <span class='ocrx_word' id='word_1_331' title='bbox 1656 2524 1955 2591; x_wconf 88' lang='lat' dir='ltr'><strong>retulisset,</strong></span> <span class='ocrx_word' id='word_1_332' title='bbox 1977 2533 2090 2582; x_wconf 86' lang='lat' dir='ltr'><strong>tam</strong></span> 
     </span>
    </p>
   </div>
   <div class='ocr_carea' id='block_1_41' title="bbox 491 2616 2084 2691">
    <p class='ocr_par' dir='ltr' id='par_1_41' title="bbox 491 2616 2084 2691">
     <span class='ocr_line' id='line_1_41' title="bbox 491 2616 2084 2691; baseline -0.004 -14"><span class='ocrx_word' id='word_1_333' title='bbox 491 2623 645 2688; x_wconf 90' lang='lat' dir='ltr'><strong>mihi,</strong></span> <span class='ocrx_word' id='word_1_334' title='bbox 692 2636 855 2691; x_wconf 89' lang='lat' dir='ltr'><strong>quam</strong></span> <span class='ocrx_word' id='word_1_335' title='bbox 905 2621 1119 2676; x_wconf 70' lang='lat' dir='ltr'><strong>caeteris</strong></span> <span class='ocrx_word' id='word_1_336' title='bbox 1146 2619 1249 2674; x_wconf 84' lang='lat' dir='ltr'><strong>sibi</strong></span> <span class='ocrx_word' id='word_1_337' title='bbox 1286 2617 1890 2683; x_wconf 82' lang='lat' dir='ltr'><strong>astantibus,.‘divinam</strong></span> <span class='ocrx_word' id='word_1_338' title='bbox 1914 2616 2084 2671; x_wconf 84' lang='lat' dir='ltr'><strong>mise-</strong></span> 
     </span>
    </p>
   </div>
   <div class='ocr_carea' id='block_1_42' title="bbox 493 2705 2090 2778">
    <p class='ocr_par' dir='ltr' id='par_1_42' title="bbox 493 2705 2090 2778">
     <span class='ocr_line' id='line_1_42' title="bbox 493 2705 2090 2778; baseline -0.004 -12"><span class='ocrx_word' id='word_1_339' title='bbox 493 2710 786 2766; x_wconf 84' lang='lat' dir='ltr'><strong>ricordiam</strong></span> <span class='ocrx_word' id='word_1_340' title='bbox 827 2717 993 2778; x_wconf 83' lang='lat' dir='ltr'><strong>atque</strong></span> <span class='ocrx_word' id='word_1_341' title='bbox 1022 2708 1322 2777; x_wconf 80' lang='lat' dir='ltr'><strong>potentiam</strong></span> <span class='ocrx_word' id='word_1_342' title='bbox 1365 2706 1688 2761; x_wconf 79' lang='lat' dir='ltr'><strong>admirando</strong></span> <span class='ocrx_word' id='word_1_343' title='bbox 1725 2705 1891 2760; x_wconf 85' lang='lat' dir='ltr'><strong>simul</strong></span> <span class='ocrx_word' id='word_1_344' title='bbox 1926 2713 2090 2774; x_wconf 87' lang='lat' dir='ltr'><strong>atque</strong></span> 
     </span>
    </p>
   </div>
   <div class='ocr_carea' id='block_1_43' title="bbox 490 2796 2090 2867">
    <p class='ocr_par' dir='ltr' id='par_1_43' title="bbox 490 2796 2090 2867">
     <span class='ocr_line' id='line_1_43' title="bbox 490 2796 2090 2867; baseline -0.004 -12"><span class='ocrx_word' id='word_1_345' title='bbox 490 2799 782 2863; x_wconf 82' lang='lat' dir='ltr'><strong>laudando.</strong></span> <span class='ocrx_word' id='word_1_346' title='bbox 808 2800 1122 2855; x_wconf 83' lang='lat' dir='ltr'><strong>insinuavit.</strong></span> <span class='ocrx_word' id='word_1_347' title='bbox 1158 2798 1251 2854; x_wconf 86' lang='lat' dir='ltr'><strong>Sic</strong></span> <span class='ocrx_word' id='word_1_348' title='bbox 1268 2814 1365 2853; x_wconf 90' lang='lat' dir='ltr'><strong>nos</strong></span> <span class='ocrx_word' id='word_1_349' title='bbox 1405 2798 1635 2867; x_wconf 78' lang='lat' dir='ltr'><strong>contigit</strong></span> <span class='ocrx_word' id='word_1_350' title='bbox 1660 2797 1897 2867; x_wconf 85' lang='lat' dir='ltr'><strong>signum,</strong></span> <span class='ocrx_word' id='word_1_351' title='bbox 1943 2796 2090 2866; x_wconf 88' lang='lat' dir='ltr'><strong>quod</strong></span> 
     </span>
    </p>
   </div>
   <div class='ocr_carea' id='block_1_44' title="bbox 490 2887 2090 2959">
    <p class='ocr_par' dir='ltr' id='par_1_44' title="bbox 490 2887 2090 2959">
     <span class='ocr_line' id='line_1_44' title="bbox 490 2887 2090 2959; baseline -0.004 -14"><span class='ocrx_word' id='word_1_352' title='bbox 490 2890 651 2947; x_wconf 87' lang='lat' dir='ltr'><strong>nobis</strong></span> <span class='ocrx_word' id='word_1_353' title='bbox 686 2887 1078 2959; x_wconf 77' lang='lat' dir='ltr'><strong>ignorantibus</strong></span> <span class='ocrx_word' id='word_1_354' title='bbox 1106 2888 1161 2942; x_wconf 92' lang='lat' dir='ltr'><strong>in</strong></span> <span class='ocrx_word' id='word_1_355' title='bbox 1201 2888 1361 2941; x_wconf 90' lang='lat' dir='ltr'><strong>domo</strong></span> <span class='ocrx_word' id='word_1_356' title='bbox 1400 2892 1589 2941; x_wconf 85' lang='lat' dir='ltr'><strong>nostra</strong></span> <span class='ocrx_word' id='word_1_357' title='bbox 1615 2892 1830 2956; x_wconf 80' lang='lat' dir='ltr'><strong>gestum</strong></span> <span class='ocrx_word' id='word_1_358' title='bbox 1872 2892 1982 2950; x_wconf 90' lang='lat' dir='ltr'><strong>est,</strong></span> <span class='ocrx_word' id='word_1_359' title='bbox 2016 2897 2090 2938; x_wconf 80' lang='lat' dir='ltr'><strong>ex</strong></span> 
     </span>
    </p>
   </div>
   <div class='ocr_carea' id='block_1_45' title="bbox 494 2979 1463 3051">
    <p class='ocr_par' dir='ltr' id='par_1_45' title="bbox 494 2979 1463 3051">
     <span class='ocr_line' id='line_1_45' title="bbox 494 2979 1463 3051; baseline -0.006 -14"><span class='ocrx_word' id='word_1_360' title='bbox 494 2979 806 3051; x_wconf 81' lang='lat' dir='ltr'><strong>hujusmodi</strong></span> <span class='ocrx_word' id='word_1_361' title='bbox 834 2980 1096 3037; x_wconf 87' lang='lat' dir='ltr'><strong>relatione</strong></span> <span class='ocrx_word' id='word_1_362' title='bbox 1117 2992 1463 3049; x_wconf 80' lang='lat' dir='ltr'><strong>cognoscere.</strong></span> 
     </span>
    </p>
   </div>
   <div class='ocr_carea' id='block_1_46' title="bbox 1096 3086 1469 3145">
    <p class='ocr_par' dir='ltr' id='par_1_46' title="bbox 1096 3086 1469 3145">
     <span class='ocr_line' id='line_1_46' title="bbox 1096 3086 1469 3145; baseline -0.013 1"><span class='ocrx_word' id='word_1_363' title='bbox 1096 3087 1324 3145; x_wconf 81' lang='lat' dir='ltr'><strong>CAPUT</strong></span> <span class='ocrx_word' id='word_1_364' title='bbox 1359 3086 1469 3143; x_wconf 82' lang='lat' dir='ltr'><strong>VII.</strong></span> 
     </span>
    </p>
   </div>
   <div class='ocr_carea' id='block_1_47' title="bbox 500 3194 2083 3256">
    <p class='ocr_par' dir='ltr' id='par_1_47' title="bbox 500 3194 2083 3256">
     <span class='ocr_line' id='line_1_47' title="bbox 500 3194 2083 3256; baseline -0.004 -1"><span class='ocrx_word' id='word_1_365' title='bbox 500 3198 768 3256; x_wconf 69' lang='lat' dir='ltr'><strong>Hiracula</strong></span> <span class='ocrx_word' id='word_1_366' title='bbox 804 3199 1116 3253; x_wconf 65' lang='lat' dir='ltr'><strong>Valenceni‘s</strong></span> <span class='ocrx_word' id='word_1_367' title='bbox 1154 3199 1211 3252; x_wconf 81' lang='lat' dir='ltr'><strong>in</strong></span> <span class='ocrx_word' id='word_1_368' title='bbox 1250 3195 1540 3250; x_wconf 82' lang='lat' dir='ltr'><strong>Hannonia</strong></span> <span class='ocrx_word' id='word_1_369' title='bbox 1575 3202 1787 3256; x_wconf 80' lang='lat' dir='ltr'><strong>patrata</strong></span> <span class='ocrx_word' id='word_1_370' title='bbox 1832 3194 1904 3249; x_wconf 82' lang='lat' dir='ltr'><strong>ad</strong></span> <span class='ocrx_word' id='word_1_371' title='bbox 1956 3194 2083 3249; x_wconf 78' lang='lat' dir='ltr'><strong>reli-</strong></span> 
     </span>
    </p>
   </div>
   <div class='ocr_carea' id='block_1_48' title="bbox 570 3263 2074 3341">
    <p class='ocr_par' dir='ltr' id='par_1_48' title="bbox 570 3263 2074 3341">
     <span class='ocr_line' id='line_1_48' title="bbox 570 3263 2074 3341; baseline -0.003 -18"><span class='ocrx_word' id='word_1_372' title='bbox 570 3272 723 3341; x_wconf 79' lang='lat' dir='ltr'><strong>quias</strong></span> <span class='ocrx_word' id='word_1_373' title='bbox 759 3272 946 3323; x_wconf 81' lang='lat' dir='ltr'><strong>horum</strong></span> <span class='ocrx_word' id='word_1_374' title='bbox 984 3267 1325 3341; x_wconf 70' lang='lat' dir='ltr'><strong>sanctorum.</strong></span> <span class='ocrx_word' id='word_1_375' title='bbox 1367 3264 1507 3321; x_wconf 67' lang='lat' dir='ltr'><strong>Caeci</strong></span> <span class='ocrx_word' id='word_1_376' title='bbox 1543 3263 1722 3321; x_wconf 77' lang='lat' dir='ltr'><strong>decem</strong></span> <span class='ocrx_word' id='word_1_377' title='bbox 1756 3263 2074 3330; x_wconf 68' lang='lat' dir='ltr'><strong>“luminati,</strong></span> 
     </span>
    </p>
   </div>
   <div class='ocr_carea' id='block_1_49' title="bbox 570 3339 1055 3411">
    <p class='ocr_par' dir='ltr' id='par_1_49' title="bbox 570 3339 1055 3411">
     <span class='ocr_line' id='line_1_49' title="bbox 570 3339 1055 3411; baseline -0.008 -16"><span class='ocrx_word' id='word_1_378' title='bbox 570 3339 664 3395; x_wconf 74' lang='lat' dir='ltr'><strong>alii</strong></span> <span class='ocrx_word' id='word_1_379' title='bbox 696 3341 823 3411; x_wconf 72' lang='lat' dir='ltr'><strong>wgri</strong></span> <span class='ocrx_word' id='word_1_380' title='bbox 859 3339 1055 3393; x_wconf 79' lang='lat' dir='ltr'><strong>sanati.</strong></span> 
     </span>
    </p>
   </div>
   <div class='ocr_carea' id='block_1_50' title="bbox 570 3427 2084 3500">
    <p class='ocr_par' dir='ltr' id='par_1_50' title="bbox 570 3427 2084 3500">
     <span class='ocr_line' id='line_1_50' title="bbox 570 3427 2084 3500; baseline -0.004 -15"><span class='ocrx_word' id='word_1_381' title='bbox 570 3431 659 3487; x_wconf 88' lang='lat'><strong>68.</strong></span> <span class='ocrx_word' id='word_1_382' title='bbox 702 3430 831 3484; x_wconf 74' lang='lat' dir='ltr'><strong>Haec</strong></span> <span class='ocrx_word' id='word_1_383' title='bbox 860 3429 927 3484; x_wconf 90' lang='lat' dir='ltr'><strong>de</strong></span> <span class='ocrx_word' id='word_1_384' title='bbox 955 3427 1233 3485; x_wconf 84' lang='lat' dir='ltr'><strong>miraculis</strong></span> <span class='ocrx_word' id='word_1_385' title='bbox 1263 3427 1550 3483; x_wconf 88' lang='lat' dir='ltr'><strong>beatorum</strong></span> <span class='ocrx_word' id='word_1_386' title='bbox 1585 3433 1892 3496; x_wconf 77' lang='lat' dir='ltr'><strong>martyrum</strong></span> <span class='ocrx_word' id='word_1_387' title='bbox 1912 3464 1928 3489; x_wconf 90' lang='lat'><strong>,</strong></span> <span class='ocrx_word' id='word_1_388' title='bbox 1961 3438 2084 3500; x_wconf 59' lang='lat' dir='ltr'><strong>qua</strong></span> 
     </span>
    </p>
   </div>
   <div class='ocr_carea' id='block_1_51' title="bbox 503 3516 2084 3590">
    <p class='ocr_par' dir='ltr' id='par_1_51' title="bbox 503 3516 2084 3590">
     <span class='ocr_line' id='line_1_51' title="bbox 503 3516 2084 3590; baseline -0.004 -15"><span class='ocrx_word' id='word_1_389' title='bbox 503 3522 559 3576; x_wconf 89' lang='lat' dir='ltr'><strong>in</strong></span> <span class='ocrx_word' id='word_1_390' title='bbox 589 3521 793 3590; x_wconf 83' lang='lat' dir='ltr'><strong>palatio</strong></span> <span class='ocrx_word' id='word_1_391' title='bbox 823 3527 973 3589; x_wconf 88' lang='lat' dir='ltr'><strong>gesta</strong></span> <span class='ocrx_word' id='word_1_392' title='bbox 1000 3527 1154 3581; x_wconf 92' lang='lat' dir='ltr'><strong>sunt,</strong></span> <span class='ocrx_word' id='word_1_393' title='bbox 1186 3518 1241 3572; x_wconf 90' lang='lat' dir='ltr'><strong>in</strong></span> <span class='ocrx_word' id='word_1_394' title='bbox 1269 3516 1524 3587; x_wconf 66' lang='lat' dir='ltr'><strong>prmsenti</strong></span> <span class='ocrx_word' id='word_1_395' title='bbox 1552 3530 1716 3586; x_wconf 80' lang='lat' dir='ltr'><strong>opere</strong></span> <span class='ocrx_word' id='word_1_396' title='bbox 1746 3528 2084 3570; x_wconf 84' lang='lat' dir='ltr'><strong>commemo-</strong></span> 
     </span>
    </p>
   </div>
   <div class='ocr_carea' id='block_1_52' title="bbox 498 3605 2083 3669">
    <p class='ocr_par' dir='ltr' id='par_1_52' title="bbox 498 3605 2083 3669">
     <span class='ocr_line' id='line_1_52' title="bbox 498 3605 2083 3669; baseline -0.006 -2"><span class='ocrx_word' id='word_1_397' title='bbox 498 3626 653 3667; x_wconf 89' lang='lat' dir='ltr'><strong>rasse</strong></span> <span class='ocrx_word' id='word_1_398' title='bbox 682 3609 932 3665; x_wconf 87' lang='lat' dir='ltr'><strong>sutliciat.</strong></span> <span class='ocrx_word' id='word_1_399' title='bbox 967 3607 1122 3663; x_wconf 82' lang='lat' dir='ltr'><strong>Nunc</strong></span> <span class='ocrx_word' id='word_1_400' title='bbox 1154 3608 1223 3663; x_wconf 89' lang='lat' dir='ltr'><strong>ad</strong></span> <span class='ocrx_word' id='word_1_401' title='bbox 1248 3622 1342 3661; x_wconf 89' lang='lat' dir='ltr'><strong>eas</strong></span> <span class='ocrx_word' id='word_1_402' title='bbox 1363 3607 1594 3661; x_wconf 86' lang='lat' dir='ltr'><strong>virtutes</strong></span> <span class='ocrx_word' id='word_1_403' title='bbox 1614 3605 1941 3660; x_wconf 88' lang='lat' dir='ltr'><strong>veniendum</strong></span> <span class='ocrx_word' id='word_1_404' title='bbox 1969 3611 2083 3669; x_wconf 91' lang='lat' dir='ltr'><strong>est,</strong></span> 
     </span>
    </p>
   </div>
   <div class='ocr_carea' id='block_1_53' title="bbox 502 3688 2086 3773">
    <p class='ocr_par' dir='ltr' id='par_1_53' title="bbox 502 3688 2086 3773">
     <span class='ocr_line' id='line_1_53' title="bbox 502 3688 2086 3773; baseline -0.005 -18"><span class='ocrx_word' id='word_1_405' title='bbox 502 3718 621 3773; x_wconf 73' lang='lat' dir='ltr'><strong>qua:</strong></span> <span class='ocrx_word' id='word_1_406' title='bbox 658 3701 713 3755; x_wconf 91' lang='lat' dir='ltr'><strong>in</strong></span> <span class='ocrx_word' id='word_1_407' title='bbox 751 3688 886 3754; x_wconf 72' lang='lat' dir='ltr'><strong>locis</strong></span> <span class='ocrx_word' id='word_1_408' title='bbox 924 3698 1083 3753; x_wconf 66' lang='lat' dir='ltr'><strong>facta:</strong></span> <span class='ocrx_word' id='word_1_409' title='bbox 1120 3705 1280 3761; x_wconf 90' lang='lat' dir='ltr'><strong>sunt,</strong></span> <span class='ocrx_word' id='word_1_410' title='bbox 1323 3696 1390 3749; x_wconf 91' lang='lat' dir='ltr'><strong>ad</strong></span> <span class='ocrx_word' id='word_1_411' title='bbox 1444 3711 1597 3764; x_wconf 62' lang='lat' dir='ltr'><strong>quas,</strong></span> <span class='ocrx_word' id='word_1_412' title='bbox 1636 3695 1907 3765; x_wconf 88' lang='lat' dir='ltr'><strong>religiosis</strong></span> <span class='ocrx_word' id='word_1_413' title='bbox 1953 3694 2086 3748; x_wconf 89' lang='lat' dir='ltr'><strong>viris</strong></span> 
     </span>
    </p>
   </div>
   <div class='ocr_carea' id='block_1_54' title="bbox 498 3784 2087 3864">
    <p class='ocr_par' dir='ltr' id='par_1_54' title="bbox 498 3784 2087 3864">
     <span class='ocr_line' id='line_1_54' title="bbox 498 3784 2087 3864; baseline -0.006 -17"><span class='ocrx_word' id='word_1_414' title='bbox 498 3793 810 3864; x_wconf 88' lang='lat' dir='ltr'><strong>petentibus</strong></span> <span class='ocrx_word' id='word_1_415' title='bbox 846 3806 911 3846; x_wconf 91' lang='lat' dir='ltr'><strong>ac</strong></span> <span class='ocrx_word' id='word_1_416' title='bbox 946 3805 1033 3845; x_wconf 92' lang='lat' dir='ltr'><strong>me</strong></span> <span class='ocrx_word' id='word_1_417' title='bbox 1070 3789 1334 3860; x_wconf 87' lang='lat' dir='ltr'><strong>largiente</strong></span> <span class='ocrx_word' id='word_1_418' title='bbox 1357 3829 1371 3855; x_wconf 96' lang='lat'><strong>,</strong></span> <span class='ocrx_word' id='word_1_419' title='bbox 1407 3787 1730 3843; x_wconf 60' lang='lat' dir='ltr'><strong>veneranda;</strong></span> <span class='ocrx_word' id='word_1_420' title='bbox 1768 3784 2087 3841; x_wconf 80' lang='lat' dir='ltr'><strong>earumdem</strong></span> 
     </span>
    </p>
   </div>
   <div class='ocr_carea' id='block_1_55' title="bbox 496 3880 2087 3954">
    <p class='ocr_par' dir='ltr' id='par_1_55' title="bbox 496 3880 2087 3954">
     <span class='ocr_line' id='line_1_55' title="bbox 496 3880 2087 3954; baseline -0.005 -13"><span class='ocrx_word' id='word_1_421' title='bbox 496 3895 803 3954; x_wconf 81' lang='lat' dir='ltr'><strong>martyrum</strong></span> <span class='ocrx_word' id='word_1_422' title='bbox 832 3882 1075 3952; x_wconf 63' lang='lat' dir='ltr'><strong>reliquiae</strong></span> <span class='ocrx_word' id='word_1_423' title='bbox 1104 3890 1399 3945; x_wconf 88' lang='lat' dir='ltr'><strong>venerunt,</strong></span> <span class='ocrx_word' id='word_1_424' title='bbox 1431 3890 1486 3935; x_wconf 91' lang='lat' dir='ltr'><strong>et</strong></span> <span class='ocrx_word' id='word_1_425' title='bbox 1515 3880 1568 3933; x_wconf 91' lang='lat' dir='ltr'><strong>in</strong></span> <span class='ocrx_word' id='word_1_426' title='bbox 1598 3880 1794 3949; x_wconf 87' lang='lat' dir='ltr'><strong>quibus</strong></span> <span class='ocrx_word' id='word_1_427' title='bbox 1823 3880 2087 3933; x_wconf 89' lang='lat' dir='ltr'><strong>hactenus</strong></span> 
     </span>
    </p>
   </div>
   <div class='ocr_carea' id='block_1_56' title="bbox 497 3969 2085 4042">
    <p class='ocr_par' dir='ltr' id='par_1_56' title="bbox 497 3969 2085 4042">
     <span class='ocr_line' id='line_1_56' title="bbox 497 3969 2085 4042; baseline -0.003 -13"><span class='ocrx_word' id='word_1_428' title='bbox 497 3990 621 4030; x_wconf 90' lang='lat' dir='ltr'><strong>cum</strong></span> <span class='ocrx_word' id='word_1_429' title='bbox 658 3988 853 4042; x_wconf 88' lang='lat' dir='ltr'><strong>magna</strong></span> <span class='ocrx_word' id='word_1_430' title='bbox 890 3972 1199 4029; x_wconf 85' lang='lat' dir='ltr'><strong>reverentia</strong></span> <span class='ocrx_word' id='word_1_431' title='bbox 1238 3970 1507 4027; x_wconf 89' lang='lat' dir='ltr'><strong>coluntur.</strong></span> <span class='ocrx_word' id='word_1_432' title='bbox 1551 3969 1700 4037; x_wconf 83' lang='lat' dir='ltr'><strong>Quas</strong></span> <span class='ocrx_word' id='word_1_433' title='bbox 1732 3971 1941 4041; x_wconf 90' lang='lat' dir='ltr'><strong>primus</strong></span> <span class='ocrx_word' id='word_1_434' title='bbox 1965 3986 2085 4025; x_wconf 87' lang='lat' dir='ltr'><strong>om-</strong></span> 
     </span>
    </p>
   </div>
   <div class='ocr_carea' id='block_1_57' title="bbox 500 4044 2083 4135">
    <p class='ocr_par' dir='ltr' id='par_1_57' title="bbox 500 4044 2083 4135">
     <span class='ocr_line' id='line_1_57' title="bbox 500 4044 2083 4135; baseline -0.004 -15"><span class='ocrx_word' id='word_1_435' title='bbox 500 4066 651 4121; x_wconf 90' lang='lat' dir='ltr'><strong>nium</strong></span> <span class='ocrx_word' id='word_1_436' title='bbox 700 4064 966 4135; x_wconf 87' lang='lat' dir='ltr'><strong>Georgius</strong></span> <span class='ocrx_word' id='word_1_437' title='bbox 1009 4044 1297 4134; x_wconf 80' lang='lat' dir='ltr'><strong>presbyter</strong></span> <span class='ocrx_word' id='word_1_438' title='bbox 1345 4070 1402 4116; x_wconf 91' lang='lat' dir='ltr'><strong>et</strong></span> <span class='ocrx_word' id='word_1_439' title='bbox 1447 4072 1627 4116; x_wconf 90' lang='lat' dir='ltr'><strong>rector</strong></span> <span class='ocrx_word' id='word_1_440' title='bbox 1671 4061 1987 4116; x_wconf 85' lang='lat' dir='ltr'><strong>monasterii</strong></span> <span class='ocrx_word' id='word_1_441' title='bbox 2026 4060 2083 4115; x_wconf 89' lang='lat' dir='ltr'><strong>S.</strong></span> 
     </span>
    </p>
   </div>
   <div class='ocr_carea' id='block_1_58' title="bbox 500 4150 2085 4223">
    <p class='ocr_par' dir='ltr' id='par_1_58' title="bbox 500 4150 2085 4223">
     <span class='ocr_line' id='line_1_58' title="bbox 500 4150 2085 4223; baseline -0.002 -15"><span class='ocrx_word' id='word_1_442' title='bbox 500 4151 673 4208; x_wconf 85' lang='lat' dir='ltr'><strong>Salvii</strong></span> <span class='ocrx_word' id='word_1_443' title='bbox 703 4153 731 4193; x_wconf 70' lang='grc' dir='ltr'>δ</span> <span class='ocrx_word' id='word_1_444' title='bbox 761 4153 1051 4223; x_wconf 82' lang='lat' dir='ltr'><strong>martyris,</strong></span> <span class='ocrx_word' id='word_1_445' title='bbox 1094 4152 1237 4222; x_wconf 90' lang='lat' dir='ltr'><strong>quod</strong></span> <span class='ocrx_word' id='word_1_446' title='bbox 1272 4152 1325 4205; x_wconf 92' lang='lat' dir='ltr'><strong>in</strong></span> <span class='ocrx_word' id='word_1_447' title='bbox 1364 4166 1503 4221; x_wconf 90' lang='lat' dir='ltr'><strong>pago</strong></span> <span class='ocrx_word' id='word_1_448' title='bbox 1542 4150 1991 4217; x_wconf 85' lang='lat' dir='ltr'><strong>Fanomartensi,</strong></span> <span class='ocrx_word' id='word_1_449' title='bbox 2032 4151 2085 4205; x_wconf 91' lang='lat' dir='ltr'><strong>in</strong></span> 
     </span>
    </p>
   </div>
   <div class='ocr_carea' id='block_1_59' title="bbox 497 4242 2089 4314">
    <p class='ocr_par' dir='ltr' id='par_1_59' title="bbox 497 4242 2089 4314">
     <span class='ocr_line' id='line_1_59' title="bbox 497 4242 2089 4314; baseline -0.001 -15"><span class='ocrx_word' id='word_1_450' title='bbox 497 4246 621 4301; x_wconf 89' lang='lat' dir='ltr'><strong>vico</strong></span> <span class='ocrx_word' id='word_1_451' title='bbox 653 4244 989 4301; x_wconf 82' lang='lat' dir='ltr'><strong>Valentianis</strong></span> <span class='ocrx_word' id='word_1_452' title='bbox 1020 4243 1291 4314; x_wconf 88' lang='lat' dir='ltr'><strong>appellato</strong></span> <span class='ocrx_word' id='word_1_453' title='bbox 1311 4284 1324 4307; x_wconf 91' lang='lat'><strong>,</strong></span> <span class='ocrx_word' id='word_1_454' title='bbox 1360 4244 1415 4296; x_wconf 91' lang='lat' dir='ltr'><strong>in</strong></span> <span class='ocrx_word' id='word_1_455' title='bbox 1446 4243 1563 4312; x_wconf 87' lang='lat' dir='ltr'><strong>ripa</strong></span> <span class='ocrx_word' id='word_1_456' title='bbox 1596 4242 1806 4297; x_wconf 87' lang='lat' dir='ltr'><strong>Scaldis</strong></span> <span class='ocrx_word' id='word_1_457' title='bbox 1836 4242 1984 4296; x_wconf 85' lang='lat' dir='ltr'><strong>ﬂuvii</strong></span> <span class='ocrx_word' id='word_1_458' title='bbox 2013 4242 2089 4297; x_wconf 90' lang='lat' dir='ltr'><strong>si-</strong></span> 
     </span>
    </p>
   </div>
   <div class='ocr_carea' id='block_1_60' title="bbox 498 4335 2088 4407">
    <p class='ocr_par' dir='ltr' id='par_1_60' title="bbox 498 4335 2088 4407">
     <span class='ocr_line' id='line_1_60' title="bbox 498 4335 2088 4407; baseline -0.006 -8"><span class='ocrx_word' id='word_1_459' title='bbox 498 4351 612 4399; x_wconf 92' lang='lat' dir='ltr'><strong>tum</strong></span> <span class='ocrx_word' id='word_1_460' title='bbox 641 4348 760 4406; x_wconf 92' lang='lat' dir='ltr'><strong>est,</strong></span> <span class='ocrx_word' id='word_1_461' title='bbox 791 4356 877 4395; x_wconf 89' lang='lat' dir='ltr'><strong>me</strong></span> <span class='ocrx_word' id='word_1_462' title='bbox 915 4341 1077 4395; x_wconf 88' lang='lat' dir='ltr'><strong>dante</strong></span> <span class='ocrx_word' id='word_1_463' title='bbox 1114 4338 1388 4407; x_wconf 87' lang='lat' dir='ltr'><strong>suscepit,</strong></span> <span class='ocrx_word' id='word_1_464' title='bbox 1420 4345 1473 4391; x_wconf 91' lang='lat' dir='ltr'><strong>et</strong></span> <span class='ocrx_word' id='word_1_465' title='bbox 1506 4351 1605 4406; x_wconf 90' lang='lat' dir='ltr'><strong>per</strong></span> <span class='ocrx_word' id='word_1_466' title='bbox 1642 4335 1936 4407; x_wconf 87' lang='lat' dir='ltr'><strong>quemdam</strong></span> <span class='ocrx_word' id='word_1_467' title='bbox 1972 4335 2088 4390; x_wconf 86' lang='lat' dir='ltr'><strong>dia-</strong></span> 
     </span>
    </p>
   </div>
   <div class='ocr_carea' id='block_1_61' title="bbox 496 4425 2082 4496">
    <p class='ocr_par' dir='ltr' id='par_1_61' title="bbox 496 4425 2082 4496">
     <span class='ocr_line' id='line_1_61' title="bbox 496 4425 2082 4496; baseline -0.007 -5"><span class='ocrx_word' id='word_1_468' title='bbox 496 4449 698 4491; x_wconf 89' lang='lat' dir='ltr'><strong>conum</strong></span> <span class='ocrx_word' id='word_1_469' title='bbox 755 4433 827 4487; x_wconf 71' lang='lat' dir='ltr'><strong>ad&#39;</strong></span> <span class='ocrx_word' id='word_1_470' title='bbox 873 4438 1232 4486; x_wconf 87' lang='lat' dir='ltr'><strong>memoratum</strong></span> <span class='ocrx_word' id='word_1_471' title='bbox 1282 4429 1675 4483; x_wconf 87' lang='lat' dir='ltr'><strong>monasterium</strong></span> <span class='ocrx_word' id='word_1_472' title='bbox 1727 4428 1794 4482; x_wconf 91' lang='lat' dir='ltr'><strong>de</strong></span> <span class='ocrx_word' id='word_1_473' title='bbox 1842 4425 2082 4496; x_wconf 81' lang='lat' dir='ltr'><strong>Aquensl</strong></span> 
     </span>
    </p>
   </div>
   <div class='ocr_carea' id='block_1_62' title="bbox 2111 4480 2165 4541">
    <p class='ocr_par' dir='ltr' id='par_1_62' title="bbox 2111 4480 2165 4541">
     <span class='ocr_line' id='line_1_62' title="bbox 2111 4480 2165 4541; baseline 0 0"><span class='ocrx_word' id='word_1_474' title='bbox 2111 4480 2165 4541; x_wconf 90' lang='lat' dir='ltr'><strong>D</strong></span> 
     </span>
    </p>
   </div>
   <div class='ocr_carea' id='block_1_63' title="bbox 2191 1885 3772 1955">
    <p class='ocr_par' dir='ltr' id='par_1_63' title="bbox 2191 1885 3772 1955">
     <span class='ocr_line' id='line_1_63' title="bbox 2191 1885 3772 1955; baseline -0.001 -16"><span class='ocrx_word' id='word_1_475' title='bbox 2191 1886 2512 1955; x_wconf 86' lang='lat' dir='ltr'><strong>interposita</strong></span> <span class='ocrx_word' id='word_1_476' title='bbox 2550 1900 2737 1951; x_wconf 90' lang='lat' dir='ltr'><strong>mora,</strong></span> <span class='ocrx_word' id='word_1_477' title='bbox 2775 1887 2852 1939; x_wconf 91' lang='lat' dir='ltr'><strong>ita</strong></span> <span class='ocrx_word' id='word_1_478' title='bbox 2901 1902 3066 1941; x_wconf 87' lang='lat' dir='ltr'><strong>sanus</strong></span> <span class='ocrx_word' id='word_1_479' title='bbox 3114 1887 3185 1941; x_wconf 87' lang='lat' dir='ltr'><strong>ab</strong></span> <span class='ocrx_word' id='word_1_480' title='bbox 3222 1886 3474 1940; x_wconf 91' lang='lat' dir='ltr'><strong>oratione</strong></span> <span class='ocrx_word' id='word_1_481' title='bbox 3515 1885 3772 1949; x_wconf 76' lang='lat' dir='ltr'><strong>surrexit,</strong></span> 
     </span>
    </p>
   </div>
   <div class='ocr_carea' id='block_1_64' title="bbox 2190 1974 3777 2039">
    <p class='ocr_par' dir='ltr' id='par_1_64' title="bbox 2190 1974 3777 2039">
     <span class='ocr_line' id='line_1_64' title="bbox 2190 1974 3777 2039; baseline 0.001 -12"><span class='ocrx_word' id='word_1_482' title='bbox 2190 1982 2250 2027; x_wconf 91' lang='lat' dir='ltr'><strong>ut</strong></span> <span class='ocrx_word' id='word_1_483' title='bbox 2280 1990 2382 2029; x_wconf 90' lang='lat' dir='ltr'><strong>nec</strong></span> <span class='ocrx_word' id='word_1_484' title='bbox 2413 1982 2597 2029; x_wconf 89' lang='lat' dir='ltr'><strong>tumor</strong></span> <span class='ocrx_word' id='word_1_485' title='bbox 2627 1975 2682 2029; x_wconf 92' lang='lat' dir='ltr'><strong>in</strong></span> <span class='ocrx_word' id='word_1_486' title='bbox 2711 1974 2889 2039; x_wconf 88' lang='lat' dir='ltr'><strong>facie,</strong></span> <span class='ocrx_word' id='word_1_487' title='bbox 2930 1989 3033 2031; x_wconf 86' lang='lat' dir='ltr'><strong>nee</strong></span> <span class='ocrx_word' id='word_1_488' title='bbox 3067 1975 3224 2031; x_wconf 92' lang='lat' dir='ltr'><strong>dolor</strong></span> <span class='ocrx_word' id='word_1_489' title='bbox 3278 1976 3333 2029; x_wconf 84' lang='lat' dir='ltr'><strong>in</strong></span> <span class='ocrx_word' id='word_1_490' title='bbox 3367 1975 3626 2030; x_wconf 88' lang='lat' dir='ltr'><strong>dentibus</strong></span> <span class='ocrx_word' id='word_1_491' title='bbox 3645 2014 3661 2039; x_wconf 94' lang='lat'><strong>,</strong></span> <span class='ocrx_word' id='word_1_492' title='bbox 3688 1989 3777 2029; x_wconf 83' lang='lat' dir='ltr'><strong>nec</strong></span> 
     </span>
    </p>
   </div>
   <div class='ocr_carea' id='block_1_65' title="bbox 2191 2062 3775 2133">
    <p class='ocr_par' dir='ltr' id='par_1_65' title="bbox 2191 2062 3775 2133">
     <span class='ocr_line' id='line_1_65' title="bbox 2191 2062 3775 2133; baseline 0.004 -18"><span class='ocrx_word' id='word_1_493' title='bbox 2191 2062 2385 2132; x_wconf 88' lang='lat' dir='ltr'><strong>gibbus</strong></span> <span class='ocrx_word' id='word_1_494' title='bbox 2434 2078 2544 2133; x_wconf 93' lang='lat' dir='ltr'><strong>quo</strong></span> <span class='ocrx_word' id='word_1_495' title='bbox 2592 2065 2964 2133; x_wconf 88' lang='lat' dir='ltr'><strong>premebatur,</strong></span> <span class='ocrx_word' id='word_1_496' title='bbox 3019 2074 3331 2120; x_wconf 87' lang='lat' dir='ltr'><strong>remaneret</strong></span> <span class='ocrx_word' id='word_1_497' title='bbox 3371 2065 3429 2119; x_wconf 92' lang='lat' dir='ltr'><strong>in</strong></span> <span class='ocrx_word' id='word_1_498' title='bbox 3475 2066 3665 2120; x_wconf 87' lang='lat' dir='ltr'><strong>dorso.</strong></span> <span class='ocrx_word' id='word_1_499' title='bbox 3709 2066 3775 2121; x_wconf 80' lang='lat' dir='ltr'><strong>Ac</strong></span> 
     </span>
    </p>
   </div>
   <div class='ocr_carea' id='block_1_66' title="bbox 2190 2154 3777 2227">
    <p class='ocr_par' dir='ltr' id='par_1_66' title="bbox 2190 2154 3777 2227">
     <span class='ocr_line' id='line_1_66' title="bbox 2190 2154 3777 2227; baseline 0.003 -20"><span class='ocrx_word' id='word_1_500' title='bbox 2190 2154 2418 2223; x_wconf 82' lang='lat' dir='ltr'><strong>proinde</strong></span> <span class='ocrx_word' id='word_1_501' title='bbox 2446 2154 2662 2210; x_wconf 89' lang='lat' dir='ltr'><strong>concito</strong></span> <span class='ocrx_word' id='word_1_502' title='bbox 2691 2155 2864 2225; x_wconf 87' lang='lat' dir='ltr'><strong>gradu</strong></span> <span class='ocrx_word' id='word_1_503' title='bbox 2890 2156 3072 2211; x_wconf 89' lang='lat' dir='ltr'><strong>vicum</strong></span> <span class='ocrx_word' id='word_1_504' title='bbox 3100 2156 3413 2227; x_wconf 89' lang='lat' dir='ltr'><strong>ingressus,</strong></span> <span class='ocrx_word' id='word_1_505' title='bbox 3446 2170 3644 2210; x_wconf 83' lang='lat' dir='ltr'><strong>omnes</strong></span> <span class='ocrx_word' id='word_1_506' title='bbox 3666 2170 3777 2225; x_wconf 86' lang='lat' dir='ltr'><strong>pro-</strong></span> 
     </span>
    </p>
   </div>
   <div class='ocr_carea' id='block_1_67' title="bbox 2192 2243 3777 2313">
    <p class='ocr_par' dir='ltr' id='par_1_67' title="bbox 2192 2243 3777 2313">
     <span class='ocr_line' id='line_1_67' title="bbox 2192 2243 3777 2313; baseline 0.001 -16"><span class='ocrx_word' id='word_1_507' title='bbox 2192 2243 2443 2313; x_wconf 71' lang='lat' dir='ltr'><strong>pinquos</strong></span> <span class='ocrx_word' id='word_1_508' title='bbox 2455 2259 2521 2299; x_wconf 87' lang='lat' dir='ltr'><strong>ac</strong></span> <span class='ocrx_word' id='word_1_509' title='bbox 2548 2244 2761 2299; x_wconf 84' lang='lat' dir='ltr'><strong>vicinos</strong></span> <span class='ocrx_word' id='word_1_510' title='bbox 2790 2260 2917 2300; x_wconf 88' lang='lat' dir='ltr'><strong>suos</strong></span> <span class='ocrx_word' id='word_1_511' title='bbox 2937 2285 2953 2311; x_wconf 94' lang='lat'><strong>,</strong></span> <span class='ocrx_word' id='word_1_512' title='bbox 2986 2246 3042 2299; x_wconf 92' lang='lat' dir='ltr'><strong>in</strong></span> <span class='ocrx_word' id='word_1_513' title='bbox 3071 2246 3264 2300; x_wconf 89' lang='lat' dir='ltr'><strong>eodem</strong></span> <span class='ocrx_word' id='word_1_514' title='bbox 3290 2244 3411 2299; x_wconf 89' lang='lat' dir='ltr'><strong>loco</strong></span> <span class='ocrx_word' id='word_1_515' title='bbox 3439 2245 3777 2309; x_wconf 79' lang='lat' dir='ltr'><strong>constitutos,</strong></span> 
     </span>
    </p>
   </div>
   <div class='ocr_carea' id='block_1_68' title="bbox 2191 2332 3777 2405">
    <p class='ocr_par' dir='ltr' id='par_1_68' title="bbox 2191 2332 3777 2405">
     <span class='ocr_line' id='line_1_68' title="bbox 2191 2332 3777 2405; baseline 0.002 -18"><span class='ocrx_word' id='word_1_516' title='bbox 2191 2332 2262 2387; x_wconf 87' lang='lat' dir='ltr'><strong>ad</strong></span> <span class='ocrx_word' id='word_1_517' title='bbox 2290 2332 2505 2387; x_wconf 91' lang='lat' dir='ltr'><strong>laudem</strong></span> <span class='ocrx_word' id='word_1_518' title='bbox 2527 2332 2640 2389; x_wconf 91' lang='lat' dir='ltr'><strong>Deo</strong></span> <span class='ocrx_word' id='word_1_519' title='bbox 2661 2334 2971 2399; x_wconf 91' lang='lat' dir='ltr'><strong>dicendam,</strong></span> <span class='ocrx_word' id='word_1_520' title='bbox 3001 2344 3055 2388; x_wconf 92' lang='lat' dir='ltr'><strong>et</strong></span> <span class='ocrx_word' id='word_1_521' title='bbox 3077 2335 3282 2405; x_wconf 90' lang='lat' dir='ltr'><strong>gratias</strong></span> <span class='ocrx_word' id='word_1_522' title='bbox 3309 2332 3532 2390; x_wconf 87' lang='lat' dir='ltr'><strong>Christo</strong></span> <span class='ocrx_word' id='word_1_523' title='bbox 3556 2335 3777 2390; x_wconf 88' lang='lat' dir='ltr'><strong>Domino</strong></span> 
     </span>
    </p>
   </div>
   <div class='ocr_carea' id='block_1_69' title="bbox 2192 2424 3779 2500">
    <p class='ocr_par' dir='ltr' id='par_1_69' title="bbox 2192 2424 3779 2500">
     <span class='ocr_line' id='line_1_69' title="bbox 2192 2424 3779 2500; baseline 0.003 -21"><span class='ocrx_word' id='word_1_524' title='bbox 2192 2424 2541 2491; x_wconf 90' lang='lat' dir='ltr'><strong>referendas,</strong></span> <span class='ocrx_word' id='word_1_525' title='bbox 2590 2426 2859 2481; x_wconf 87' lang='lat' dir='ltr'><strong>invitavit.</strong></span> <span class='ocrx_word' id='word_1_526' title='bbox 2912 2426 3185 2482; x_wconf 83' lang='lat' dir='ltr'><strong>Confluxit</strong></span> <span class='ocrx_word' id='word_1_527' title='bbox 3228 2428 3283 2481; x_wconf 92' lang='lat' dir='ltr'><strong>in</strong></span> <span class='ocrx_word' id='word_1_528' title='bbox 3333 2436 3552 2497; x_wconf 87' lang='lat' dir='ltr'><strong>pratum</strong></span> <span class='ocrx_word' id='word_1_529' title='bbox 3602 2428 3779 2500; x_wconf 88' lang='lat' dir='ltr'><strong>ingens</strong></span> 
     </span>
    </p>
   </div>
   <div class='ocr_carea' id='block_1_70' title="bbox 2190 2520 3777 2591">
    <p class='ocr_par' dir='ltr' id='par_1_70' title="bbox 2190 2520 3777 2591">
     <span class='ocr_line' id='line_1_70' title="bbox 2190 2520 3777 2591; baseline 0.003 -19"><span class='ocrx_word' id='word_1_530' title='bbox 2190 2520 2375 2590; x_wconf 89' lang='lat' dir='ltr'><strong>populi</strong></span> <span class='ocrx_word' id='word_1_531' title='bbox 2430 2520 2758 2587; x_wconf 83' lang='lat' dir='ltr'><strong>multitudo,</strong></span> <span class='ocrx_word' id='word_1_532' title='bbox 2806 2530 2860 2575; x_wconf 90' lang='lat' dir='ltr'><strong>et</strong></span> <span class='ocrx_word' id='word_1_533' title='bbox 2906 2537 3007 2591; x_wconf 92' lang='lat' dir='ltr'><strong>pro</strong></span> <span class='ocrx_word' id='word_1_534' title='bbox 3054 2538 3121 2577; x_wconf 91' lang='lat' dir='ltr'><strong>eo</strong></span> <span class='ocrx_word' id='word_1_535' title='bbox 3168 2524 3260 2591; x_wconf 90' lang='lat' dir='ltr'><strong>qui</strong></span> <span class='ocrx_word' id='word_1_536' title='bbox 3310 2530 3541 2577; x_wconf 85' lang='lat' dir='ltr'><strong>sanatus</strong></span> <span class='ocrx_word' id='word_1_537' title='bbox 3571 2521 3777 2589; x_wconf 88' lang='lat' dir='ltr'><strong>fuerat,</strong></span> 
     </span>
    </p>
   </div>
   <div class='ocr_carea' id='block_1_71' title="bbox 2192 2612 3776 2684">
    <p class='ocr_par' dir='ltr' id='par_1_71' title="bbox 2192 2612 3776 2684">
     <span class='ocr_line' id='line_1_71' title="bbox 2192 2612 3776 2684; baseline 0.003 -20"><span class='ocrx_word' id='word_1_538' title='bbox 2192 2612 2395 2681; x_wconf 85' lang='lat' dir='ltr'><strong>gratias</strong></span> <span class='ocrx_word' id='word_1_539' title='bbox 2417 2619 2606 2667; x_wconf 84' lang='lat' dir='ltr'><strong>actura</strong></span> <span class='ocrx_word' id='word_1_540' title='bbox 2634 2613 3069 2684; x_wconf 87' lang='lat' dir='ltr'><strong>circumjacentis</strong></span> <span class='ocrx_word' id='word_1_541' title='bbox 3103 2614 3338 2684; x_wconf 87' lang='lat' dir='ltr'><strong>regionis</strong></span> <span class='ocrx_word' id='word_1_542' title='bbox 3365 2615 3527 2667; x_wconf 90' lang='lat' dir='ltr'><strong>turba</strong></span> <span class='ocrx_word' id='word_1_543' title='bbox 3559 2628 3776 2684; x_wconf 86' lang='lat' dir='ltr'><strong>congre-</strong></span> 
     </span>
    </p>
   </div>
   <div class='ocr_carea' id='block_1_72' title="bbox 2192 2703 3775 2775">
    <p class='ocr_par' dir='ltr' id='par_1_72' title="bbox 2192 2703 3775 2775">
     <span class='ocr_line' id='line_1_72' title="bbox 2192 2703 3775 2775; baseline 0.001 -18"><span class='ocrx_word' id='word_1_544' title='bbox 2192 2712 2317 2775; x_wconf 82' lang='lat' dir='ltr'><strong>gata</strong></span> <span class='ocrx_word' id='word_1_545' title='bbox 2348 2712 2451 2759; x_wconf 89' lang='lat' dir='ltr'><strong>est.</strong></span> <span class='ocrx_word' id='word_1_546' title='bbox 2487 2703 2701 2773; x_wconf 82' lang='lat' dir='ltr'><strong>Rogant</strong></span> <span class='ocrx_word' id='word_1_547' title='bbox 2733 2719 2925 2759; x_wconf 90' lang='lat' dir='ltr'><strong>omnes</strong></span> <span class='ocrx_word' id='word_1_548' title='bbox 2954 2704 3243 2759; x_wconf 88' lang='lat' dir='ltr'><strong>diaconum</strong></span> <span class='ocrx_word' id='word_1_549' title='bbox 3283 2714 3344 2759; x_wconf 90' lang='lat' dir='ltr'><strong>ut</strong></span> <span class='ocrx_word' id='word_1_550' title='bbox 3380 2705 3532 2759; x_wconf 90' lang='lat' dir='ltr'><strong>illam</strong></span> <span class='ocrx_word' id='word_1_551' title='bbox 3572 2714 3775 2761; x_wconf 85' lang='lat' dir='ltr'><strong>noctem</strong></span> 
     </span>
    </p>
   </div>
   <div class='ocr_carea' id='block_1_73' title="bbox 2193 2794 3772 2869">
    <p class='ocr_par' dir='ltr' id='par_1_73' title="bbox 2193 2794 3772 2869">
     <span class='ocr_line' id='line_1_73' title="bbox 2193 2794 3772 2869; baseline 0.003 -21"><span class='ocrx_word' id='word_1_552' title='bbox 2193 2794 2266 2849; x_wconf 90' lang='lat' dir='ltr'><strong>ibi</strong></span> <span class='ocrx_word' id='word_1_553' title='bbox 2321 2795 2668 2850; x_wconf 84' lang='lat' dir='ltr'><strong>moraretur:</strong></span> <span class='ocrx_word' id='word_1_554' title='bbox 2720 2810 2823 2851; x_wconf 91' lang='lat' dir='ltr'><strong>nec</strong></span> <span class='ocrx_word' id='word_1_555' title='bbox 2868 2796 2958 2851; x_wconf 91' lang='lat' dir='ltr'><strong>ille</strong></span> <span class='ocrx_word' id='word_1_556' title='bbox 2995 2798 3079 2853; x_wconf 90' lang='lat' dir='ltr'><strong>eis</strong></span> <span class='ocrx_word' id='word_1_557' title='bbox 3125 2798 3229 2852; x_wconf 85' lang='lat' dir='ltr'><strong>hoc</strong></span> <span class='ocrx_word' id='word_1_558' title='bbox 3278 2813 3484 2869; x_wconf 88' lang='lat' dir='ltr'><strong>negare</strong></span> <span class='ocrx_word' id='word_1_559' title='bbox 3536 2807 3772 2868; x_wconf 85' lang='lat' dir='ltr'><strong>poterat,</strong></span> 
     </span>
    </p>
   </div>
   <div class='ocr_carea' id='block_1_74' title="bbox 2192 2884 3771 2954">
    <p class='ocr_par' dir='ltr' id='par_1_74' title="bbox 2192 2884 3771 2954">
     <span class='ocr_line' id='line_1_74' title="bbox 2192 2884 3771 2954; baseline 0.003 -17"><span class='ocrx_word' id='word_1_560' title='bbox 2192 2884 2318 2952; x_wconf 86' lang='lat' dir='ltr'><strong>quia</strong></span> <span class='ocrx_word' id='word_1_561' title='bbox 2364 2885 2543 2954; x_wconf 90' lang='lat' dir='ltr'><strong>parati</strong></span> <span class='ocrx_word' id='word_1_562' title='bbox 2595 2894 2785 2951; x_wconf 91' lang='lat' dir='ltr'><strong>erant,</strong></span> <span class='ocrx_word' id='word_1_563' title='bbox 2826 2887 2931 2941; x_wconf 91' lang='lat' dir='ltr'><strong>nisi</strong></span> <span class='ocrx_word' id='word_1_564' title='bbox 2981 2888 3310 2953; x_wconf 84' lang='lat' dir='ltr'><strong>assentiret,</strong></span> <span class='ocrx_word' id='word_1_565' title='bbox 3349 2889 3518 2943; x_wconf 84' lang='lat' dir='ltr'><strong>etiam</strong></span> <span class='ocrx_word' id='word_1_566' title='bbox 3560 2889 3771 2943; x_wconf 86' lang='lat' dir='ltr'><strong>invitum</strong></span> 
     </span>
    </p>
   </div>
   <div class='ocr_carea' id='block_1_75' title="bbox 2192 2972 3768 3048">
    <p class='ocr_par' dir='ltr' id='par_1_75' title="bbox 2192 2972 3768 3048">
     <span class='ocr_line' id='line_1_75' title="bbox 2192 2972 3768 3048; baseline 0.001 -19"><span class='ocrx_word' id='word_1_567' title='bbox 2192 2972 2458 3029; x_wconf 88' lang='lat' dir='ltr'><strong>detinere.</strong></span> <span class='ocrx_word' id='word_1_568' title='bbox 2497 2975 2711 3030; x_wconf 83' lang='lat' dir='ltr'><strong>Ducunt</strong></span> <span class='ocrx_word' id='word_1_569' title='bbox 2742 2976 2938 3031; x_wconf 88' lang='lat' dir='ltr'><strong>deinde</strong></span> <span class='ocrx_word' id='word_1_570' title='bbox 2977 2978 3292 3048; x_wconf 88' lang='lat' dir='ltr'><strong>pervigilem</strong></span> <span class='ocrx_word' id='word_1_571' title='bbox 3331 2987 3587 3043; x_wconf 84' lang='lat' dir='ltr'><strong>noctem,</strong></span> <span class='ocrx_word' id='word_1_572' title='bbox 3626 2987 3677 3032; x_wconf 92' lang='lat' dir='ltr'><strong>et</strong></span> <span class='ocrx_word' id='word_1_573' title='bbox 3722 2979 3768 3031; x_wconf 88' lang='lat' dir='ltr'><strong>in</strong></span> 
     </span>
    </p>
   </div>
   <div class='ocr_carea' id='block_1_76' title="bbox 2193 3064 3768 3138">
    <p class='ocr_par' dir='ltr' id='par_1_76' title="bbox 2193 3064 3768 3138">
     <span class='ocr_line' id='line_1_76' title="bbox 2193 3064 3768 3138; baseline 0.001 -19"><span class='ocrx_word' id='word_1_574' title='bbox 2193 3064 2291 3119; x_wconf 88' lang='lat' dir='ltr'><strong>Dei</strong></span> <span class='ocrx_word' id='word_1_575' title='bbox 2340 3065 2592 3122; x_wconf 89' lang='lat' dir='ltr'><strong>laudibus</strong></span> <span class='ocrx_word' id='word_1_576' title='bbox 2643 3072 2756 3121; x_wconf 88' lang='lat' dir='ltr'><strong>tota</strong></span> <span class='ocrx_word' id='word_1_577' title='bbox 2807 3068 2958 3138; x_wconf 91' lang='lat' dir='ltr'><strong>regio</strong></span> <span class='ocrx_word' id='word_1_578' title='bbox 3011 3069 3323 3122; x_wconf 87' lang='lat' dir='ltr'><strong>resonabat.</strong></span> <span class='ocrx_word' id='word_1_579' title='bbox 3377 3068 3434 3122; x_wconf 84' lang='lat' dir='ltr'><strong>In</strong></span> <span class='ocrx_word' id='word_1_580' title='bbox 3484 3069 3768 3123; x_wconf 88' lang='lat' dir='ltr'><strong>crastinum</strong></span> 
     </span>
    </p>
   </div>
   <div class='ocr_carea' id='block_1_77' title="bbox 2114 3136 3767 3227">
    <p class='ocr_par' dir='ltr' id='par_1_77' title="bbox 2114 3136 3767 3227">
     <span class='ocr_line' id='line_1_77' title="bbox 2114 3136 3767 3227; baseline 0.001 -19"><span class='ocrx_word' id='word_1_581' title='bbox 2114 3136 2160 3198; x_wconf 66' lang='grc' dir='ltr'><strong>(ἶ</strong></span> <span class='ocrx_word' id='word_1_582' title='bbox 2195 3164 2413 3219; x_wconf 84' lang='lat' dir='ltr'><strong>autem,</strong></span> <span class='ocrx_word' id='word_1_583' title='bbox 2452 3170 2576 3210; x_wconf 89' lang='lat' dir='ltr'><strong>cum</strong></span> <span class='ocrx_word' id='word_1_584' title='bbox 2611 3136 3011 3210; x_wconf 34' lang='lat' dir='ltr'><strong>diaconus&#39;iter</strong></span> <span class='ocrx_word' id='word_1_585' title='bbox 3049 3169 3205 3211; x_wconf 89' lang='lat' dir='ltr'><strong>suum</strong></span> <span class='ocrx_word' id='word_1_586' title='bbox 3248 3172 3446 3227; x_wconf 84' lang='lat' dir='ltr'><strong>capere</strong></span> <span class='ocrx_word' id='word_1_587' title='bbox 3488 3159 3767 3227; x_wconf 72' lang='lat' dir='ltr'><strong>erupisset,</strong></span> 
     </span>
    </p>
   </div>
   <div class='ocr_carea' id='block_1_78' title="bbox 2192 3244 3768 3317">
    <p class='ocr_par' dir='ltr' id='par_1_78' title="bbox 2192 3244 3768 3317">
     <span class='ocr_line' id='line_1_78' title="bbox 2192 3244 3768 3317; baseline 0.001 -18"><span class='ocrx_word' id='word_1_588' title='bbox 2192 3245 2381 3299; x_wconf 77' lang='lat' dir='ltr'><strong>omnis</strong></span> <span class='ocrx_word' id='word_1_589' title='bbox 2410 3244 2501 3299; x_wconf 89' lang='lat' dir='ltr'><strong>illa</strong></span> <span class='ocrx_word' id='word_1_590' title='bbox 2541 3248 2851 3317; x_wconf 87' lang='lat' dir='ltr'><strong>congregati</strong></span> <span class='ocrx_word' id='word_1_591' title='bbox 2898 3248 3082 3317; x_wconf 85' lang='lat' dir='ltr'><strong>populi</strong></span> <span class='ocrx_word' id='word_1_592' title='bbox 3135 3248 3447 3317; x_wconf 81' lang='lat' dir='ltr'><strong>frequentia</strong></span> <span class='ocrx_word' id='word_1_593' title='bbox 3492 3250 3768 3302; x_wconf 84' lang='lat' dir='ltr'><strong>abeuntem</strong></span> 
     </span>
    </p>
   </div>
   <div class='ocr_carea' id='block_1_79' title="bbox 2187 3338 3767 3409">
    <p class='ocr_par' dir='ltr' id='par_1_79' title="bbox 2187 3338 3767 3409">
     <span class='ocr_line' id='line_1_79' title="bbox 2187 3338 3767 3409; baseline 0 -18"><span class='ocrx_word' id='word_1_594' title='bbox 2187 3352 2312 3391; x_wconf 89' lang='lat' dir='ltr'><strong>cum</strong></span> <span class='ocrx_word' id='word_1_595' title='bbox 2354 3338 2559 3409; x_wconf 88' lang='lat' dir='ltr'><strong>ingenti</strong></span> <span class='ocrx_word' id='word_1_596' title='bbox 2598 3340 2886 3393; x_wconf 85' lang='lat' dir='ltr'><strong>devotione</strong></span> <span class='ocrx_word' id='word_1_597' title='bbox 2922 3340 3177 3394; x_wconf 88' lang='lat' dir='ltr'><strong>comitata</strong></span> <span class='ocrx_word' id='word_1_598' title='bbox 3214 3348 3300 3394; x_wconf 91' lang='lat' dir='ltr'><strong>est</strong></span> <span class='ocrx_word' id='word_1_599' title='bbox 3324 3380 3339 3404; x_wconf 93' lang='lat'><strong>,</strong></span> <span class='ocrx_word' id='word_1_600' title='bbox 3379 3355 3479 3394; x_wconf 91' lang='lat' dir='ltr'><strong>nec</strong></span> <span class='ocrx_word' id='word_1_601' title='bbox 3529 3348 3654 3394; x_wconf 87' lang='lat' dir='ltr'><strong>ante</strong></span> <span class='ocrx_word' id='word_1_602' title='bbox 3692 3338 3767 3393; x_wconf 84' lang='lat' dir='ltr'><strong>vel</strong></span> 
     </span>
    </p>
   </div>
   <div class='ocr_carea' id='block_1_80' title="bbox 2188 3426 3769 3499">
    <p class='ocr_par' dir='ltr' id='par_1_80' title="bbox 2188 3426 3769 3499">
     <span class='ocr_line' id='line_1_80' title="bbox 2188 3426 3769 3499; baseline 0.001 -19"><span class='ocrx_word' id='word_1_603' title='bbox 2188 3426 2487 3481; x_wconf 88' lang='lat' dir='ltr'><strong>subsistere</strong></span> <span class='ocrx_word' id='word_1_604' title='bbox 2520 3428 2604 3482; x_wconf 89' lang='lat' dir='ltr'><strong>vel</strong></span> <span class='ocrx_word' id='word_1_605' title='bbox 2634 3427 2916 3483; x_wconf 87' lang='lat' dir='ltr'><strong>discedere</strong></span> <span class='ocrx_word' id='word_1_606' title='bbox 2944 3429 3142 3495; x_wconf 88' lang='lat' dir='ltr'><strong>voluit,</strong></span> <span class='ocrx_word' id='word_1_607' title='bbox 3172 3444 3337 3498; x_wconf 91' lang='lat' dir='ltr'><strong>quam</strong></span> <span class='ocrx_word' id='word_1_608' title='bbox 3367 3430 3438 3483; x_wconf 92' lang='lat' dir='ltr'><strong>ab</strong></span> <span class='ocrx_word' id='word_1_609' title='bbox 3466 3428 3619 3492; x_wconf 88' lang='lat' dir='ltr'><strong>aliis,</strong></span> <span class='ocrx_word' id='word_1_610' title='bbox 3646 3442 3769 3499; x_wconf 73' lang='lat' dir='ltr'><strong>quos</strong></span> 
     </span>
    </p>
   </div>
   <div class='ocr_carea' id='block_1_81' title="bbox 2190 3519 3771 3590">
    <p class='ocr_par' dir='ltr' id='par_1_81' title="bbox 2190 3519 3771 3590">
     <span class='ocr_line' id='line_1_81' title="bbox 2190 3519 3771 3590; baseline 0.001 -18"><span class='ocrx_word' id='word_1_611' title='bbox 2190 3519 2438 3573; x_wconf 86' lang='lat' dir='ltr'><strong>miraculi</strong></span> <span class='ocrx_word' id='word_1_612' title='bbox 2468 3520 2631 3590; x_wconf 75' lang='lat' dir='ltr'><strong>huius</strong></span> <span class='ocrx_word' id='word_1_613' title='bbox 2661 3519 2804 3574; x_wconf 87' lang='lat' dir='ltr'><strong>fama</strong></span> <span class='ocrx_word' id='word_1_614' title='bbox 2841 3530 3250 3585; x_wconf 78' lang='lat' dir='ltr'><strong>commoverat,</strong></span> <span class='ocrx_word' id='word_1_615' title='bbox 3292 3523 3511 3576; x_wconf 86' lang='lat' dir='ltr'><strong>obviam</strong></span> <span class='ocrx_word' id='word_1_616' title='bbox 3551 3522 3653 3576; x_wconf 88' lang='lat' dir='ltr'><strong>sibi</strong></span> <span class='ocrx_word' id='word_1_617' title='bbox 3688 3536 3771 3574; x_wconf 80' lang='lat' dir='ltr'><strong>ve-</strong></span> 
     </span>
    </p>
   </div>
   <div class='ocr_carea' id='block_1_82' title="bbox 2188 3610 3772 3682">
    <p class='ocr_par' dir='ltr' id='par_1_82' title="bbox 2188 3610 3772 3682">
     <span class='ocr_line' id='line_1_82' title="bbox 2188 3610 3772 3682; baseline 0.002 -19"><span class='ocrx_word' id='word_1_618' title='bbox 2188 3610 2463 3671; x_wconf 83' lang='lat' dir='ltr'><strong>nientibus</strong></span> <span class='ocrx_word' id='word_1_619' title='bbox 2497 3610 2688 3665; x_wconf 86' lang='lat' dir='ltr'><strong>fuisset</strong></span> <span class='ocrx_word' id='word_1_620' title='bbox 2719 3621 2999 3680; x_wconf 81' lang='lat' dir='ltr'><strong>exceptus.</strong></span> <span class='ocrx_word' id='word_1_621' title='bbox 3042 3612 3157 3667; x_wconf 81' lang='lat' dir='ltr'><strong>Hoc</strong></span> <span class='ocrx_word' id='word_1_622' title='bbox 3184 3614 3350 3668; x_wconf 88' lang='lat' dir='ltr'><strong>modo</strong></span> <span class='ocrx_word' id='word_1_623' title='bbox 3378 3628 3548 3667; x_wconf 70' lang='lat' dir='ltr'><strong>sacrm</strong></span> <span class='ocrx_word' id='word_1_624' title='bbox 3579 3624 3772 3682; x_wconf 83' lang='lat' dir='ltr'><strong>marty-</strong></span> 
     </span>
    </p>
   </div>
   <div class='ocr_carea' id='block_1_83' title="bbox 2190 3702 3767 3774">
    <p class='ocr_par' dir='ltr' id='par_1_83' title="bbox 2190 3702 3767 3774">
     <span class='ocr_line' id='line_1_83' title="bbox 2190 3702 3767 3774; baseline 0.001 -18"><span class='ocrx_word' id='word_1_625' title='bbox 2190 3718 2312 3756; x_wconf 89' lang='lat' dir='ltr'><strong>rum</strong></span> <span class='ocrx_word' id='word_1_626' title='bbox 2353 3702 2629 3771; x_wconf 72' lang='lat' dir='ltr'><strong>reliquiae,</strong></span> <span class='ocrx_word' id='word_1_627' title='bbox 2667 3718 2733 3756; x_wconf 81' lang='lat' dir='ltr'><strong>ex</strong></span> <span class='ocrx_word' id='word_1_628' title='bbox 2773 3702 2935 3773; x_wconf 78' lang='lat' dir='ltr'><strong>hujus</strong></span> <span class='ocrx_word' id='word_1_629' title='bbox 2970 3704 3260 3759; x_wconf 87' lang='lat' dir='ltr'><strong>occasione</strong></span> <span class='ocrx_word' id='word_1_630' title='bbox 3299 3705 3581 3768; x_wconf 88' lang='lat' dir='ltr'><strong>miraculi,</strong></span> <span class='ocrx_word' id='word_1_631' title='bbox 3611 3720 3640 3757; x_wconf 88' lang='lat' dir='ltr'><strong>a</strong></span> <span class='ocrx_word' id='word_1_632' title='bbox 3676 3719 3767 3774; x_wconf 83' lang='lat' dir='ltr'><strong>po-</strong></span> 
     </span>
    </p>
   </div>
   <div class='ocr_carea' id='block_1_84' title="bbox 2187 3793 3765 3865">
    <p class='ocr_par' dir='ltr' id='par_1_84' title="bbox 2187 3793 3765 3865">
     <span class='ocr_line' id='line_1_84' title="bbox 2187 3793 3765 3865; baseline 0 -19"><span class='ocrx_word' id='word_1_633' title='bbox 2187 3793 2327 3863; x_wconf 85' lang='lat' dir='ltr'><strong>pulis</strong></span> <span class='ocrx_word' id='word_1_634' title='bbox 2356 3793 2571 3847; x_wconf 90' lang='lat' dir='ltr'><strong>illarum</strong></span> <span class='ocrx_word' id='word_1_635' title='bbox 2602 3793 2882 3865; x_wconf 89' lang='lat' dir='ltr'><strong>regionum</strong></span> <span class='ocrx_word' id='word_1_636' title='bbox 2912 3804 3185 3863; x_wconf 64' lang='lat' dir='ltr'><strong>exceptae,</strong></span> <span class='ocrx_word' id='word_1_637' title='bbox 3216 3804 3271 3849; x_wconf 90' lang='lat' dir='ltr'><strong>et</strong></span> <span class='ocrx_word' id='word_1_638' title='bbox 3302 3795 3371 3849; x_wconf 90' lang='lat' dir='ltr'><strong>ad</strong></span> <span class='ocrx_word' id='word_1_639' title='bbox 3399 3795 3679 3849; x_wconf 84' lang='lat' dir='ltr'><strong>basilicam</strong></span> <span class='ocrx_word' id='word_1_640' title='bbox 3709 3794 3765 3847; x_wconf 92' lang='lat' dir='ltr'><strong>S.</strong></span> 
     </span>
    </p>
   </div>
   <div class='ocr_carea' id='block_1_85' title="bbox 2192 3881 3769 3955">
    <p class='ocr_par' dir='ltr' id='par_1_85' title="bbox 2192 3881 3769 3955">
     <span class='ocr_line' id='line_1_85' title="bbox 2192 3881 3769 3955; baseline 0.001 -18"><span class='ocrx_word' id='word_1_641' title='bbox 2192 3881 2391 3948; x_wconf 88' lang='lat' dir='ltr'><strong>Salvii,</strong></span> <span class='ocrx_word' id='word_1_642' title='bbox 2435 3899 2542 3953; x_wconf 89' lang='lat' dir='ltr'><strong>quo</strong></span> <span class='ocrx_word' id='word_1_643' title='bbox 2574 3899 2667 3939; x_wconf 89' lang='lat' dir='ltr'><strong>eas</strong></span> <span class='ocrx_word' id='word_1_644' title='bbox 2705 3894 3040 3939; x_wconf 89' lang='lat' dir='ltr'><strong>memoratus</strong></span> <span class='ocrx_word' id='word_1_645' title='bbox 3075 3884 3342 3955; x_wconf 67' lang='lat' dir='ltr'><strong>Georgius</strong></span> <span class='ocrx_word' id='word_1_646' title='bbox 3381 3886 3637 3949; x_wconf 89' lang='lat' dir='ltr'><strong>miserat,</strong></span> <span class='ocrx_word' id='word_1_647' title='bbox 3674 3886 3769 3939; x_wconf 90' lang='lat' dir='ltr'><strong>Do-</strong></span> 
     </span>
    </p>
   </div>
   <div class='ocr_carea' id='block_1_86' title="bbox 2191 3971 3769 4045">
    <p class='ocr_par' dir='ltr' id='par_1_86' title="bbox 2191 3971 3769 4045">
     <span class='ocr_line' id='line_1_86' title="bbox 2191 3971 3769 4045; baseline 0.002 -20"><span class='ocrx_word' id='word_1_648' title='bbox 2191 3971 2340 4026; x_wconf 89' lang='lat' dir='ltr'><strong>mino</strong></span> <span class='ocrx_word' id='word_1_649' title='bbox 2392 3972 2653 4035; x_wconf 82' lang='lat' dir='ltr'><strong>ducente,</strong></span> <span class='ocrx_word' id='word_1_650' title='bbox 2708 3973 2933 4044; x_wconf 73' lang='lat' dir='ltr'><strong>perlata:</strong></span> <span class='ocrx_word' id='word_1_651' title='bbox 2986 3981 3133 4028; x_wconf 89' lang='lat' dir='ltr'><strong>sunt.</strong></span> <span class='ocrx_word' id='word_1_652' title='bbox 3191 3974 3304 4029; x_wconf 79' lang='lat' dir='ltr'><strong>Hoc</strong></span> <span class='ocrx_word' id='word_1_653' title='bbox 3351 3975 3565 4045; x_wconf 83' lang='lat' dir='ltr'><strong>signum</strong></span> <span class='ocrx_word' id='word_1_654' title='bbox 3610 3977 3769 4045; x_wconf 86' lang='lat' dir='ltr'><strong>ipsius</strong></span> 
     </span>
    </p>
   </div>
   <div class='ocr_carea' id='block_1_87' title="bbox 2190 4064 3771 4139">
    <p class='ocr_par' dir='ltr' id='par_1_87' title="bbox 2190 4064 3771 4139">
     <span class='ocr_line' id='line_1_87' title="bbox 2190 4064 3771 4139; baseline 0.003 -21"><span class='ocrx_word' id='word_1_655' title='bbox 2190 4064 2409 4135; x_wconf 88' lang='lat' dir='ltr'><strong>Georgii</strong></span> <span class='ocrx_word' id='word_1_656' title='bbox 2442 4066 2709 4121; x_wconf 83' lang='lat' dir='ltr'><strong>relatione</strong></span> <span class='ocrx_word' id='word_1_657' title='bbox 2739 4076 2956 4121; x_wconf 90' lang='lat' dir='ltr'><strong>constat</strong></span> <span class='ocrx_word' id='word_1_658' title='bbox 2985 4069 3115 4122; x_wconf 87' lang='lat' dir='ltr'><strong>mihi</strong></span> <span class='ocrx_word' id='word_1_659' title='bbox 3143 4084 3264 4123; x_wconf 91' lang='lat' dir='ltr'><strong>esse</strong></span> <span class='ocrx_word' id='word_1_660' title='bbox 3296 4080 3635 4139; x_wconf 84' lang='lat' dir='ltr'><strong>compertum</strong></span> <span class='ocrx_word' id='word_1_661' title='bbox 3668 4089 3680 4122; x_wconf 88' lang='lat'><strong>:</strong></span> <span class='ocrx_word' id='word_1_662' title='bbox 3711 4070 3771 4123; x_wconf 86' lang='lat' dir='ltr'><strong>de</strong></span> 
     </span>
    </p>
   </div>
   <div class='ocr_carea' id='block_1_88' title="bbox 2191 4154 3766 4241">
    <p class='ocr_par' dir='ltr' id='par_1_88' title="bbox 2191 4154 3766 4241">
     <span class='ocr_line' id='line_1_88' title="bbox 2191 4154 3766 4241; baseline 0.003 -33"><span class='ocrx_word' id='word_1_663' title='bbox 2191 4154 2405 4209; x_wconf 64' lang='lat' dir='ltr'><strong>ueteris</strong></span> <span class='ocrx_word' id='word_1_664' title='bbox 2442 4164 2655 4220; x_wconf 88' lang='lat' dir='ltr'><strong>autem,</strong></span> <span class='ocrx_word' id='word_1_665' title='bbox 2696 4171 2817 4224; x_wconf 70' lang='lat' dir='ltr'><strong>qua:</strong></span> <span class='ocrx_word' id='word_1_666' title='bbox 2856 4171 3001 4211; x_wconf 90' lang='lat' dir='ltr'><strong>nunc</strong></span> <span class='ocrx_word' id='word_1_667' title='bbox 3041 4159 3266 4213; x_wconf 90' lang='lat' dir='ltr'><strong>dicenda</strong></span> <span class='ocrx_word' id='word_1_668' title='bbox 3307 4168 3469 4241; x_wconf 49' lang='lat' dir='ltr'><strong>su&#39;nt,</strong></span> <span class='ocrx_word' id='word_1_669' title='bbox 3510 4162 3578 4215; x_wconf 89' lang='lat' dir='ltr'><strong>ab</strong></span> <span class='ocrx_word' id='word_1_670' title='bbox 3609 4176 3674 4215; x_wconf 87' lang='lat' dir='ltr'><strong>eo</strong></span> <span class='ocrx_word' id='word_1_671' title='bbox 3706 4160 3766 4213; x_wconf 87' lang='lat' dir='ltr'><strong>li-</strong></span> 
     </span>
    </p>
   </div>
   <div class='ocr_carea' id='block_1_89' title="bbox 2191 4244 3766 4315">
    <p class='ocr_par' dir='ltr' id='par_1_89' title="bbox 2191 4244 3766 4315">
     <span class='ocr_line' id='line_1_89' title="bbox 2191 4244 3766 4315; baseline 0.004 -16"><span class='ocrx_word' id='word_1_672' title='bbox 2191 4244 2389 4299; x_wconf 85' lang='lat' dir='ltr'><strong>bellum</strong></span> <span class='ocrx_word' id='word_1_673' title='bbox 2427 4246 2641 4313; x_wconf 87' lang='lat' dir='ltr'><strong>accepi,</strong></span> <span class='ocrx_word' id='word_1_674' title='bbox 2682 4246 2837 4315; x_wconf 85' lang='lat' dir='ltr'><strong>cujus</strong></span> <span class='ocrx_word' id='word_1_675' title='bbox 2875 4249 3010 4304; x_wconf 85' lang='lat' dir='ltr'><strong>ordo</strong></span> <span class='ocrx_word' id='word_1_676' title='bbox 3048 4250 3133 4304; x_wconf 88' lang='lat' dir='ltr'><strong>vel</strong></span> <span class='ocrx_word' id='word_1_677' title='bbox 3169 4251 3343 4305; x_wconf 88' lang='lat' dir='ltr'><strong>series</strong></span> <span class='ocrx_word' id='word_1_678' title='bbox 3376 4251 3523 4306; x_wconf 91' lang='lat' dir='ltr'><strong>hunc</strong></span> <span class='ocrx_word' id='word_1_679' title='bbox 3559 4252 3766 4307; x_wconf 89' lang='lat' dir='ltr'><strong>modum</strong></span> 
     </span>
    </p>
   </div>
   <div class='ocr_carea' id='block_1_90' title="bbox 2192 4337 2791 4407">
    <p class='ocr_par' dir='ltr' id='par_1_90' title="bbox 2192 4337 2791 4407">
     <span class='ocr_line' id='line_1_90' title="bbox 2192 4337 2791 4407; baseline -0.002 -16"><span class='ocrx_word' id='word_1_680' title='bbox 2192 4337 2395 4391; x_wconf 82' lang='lat' dir='ltr'><strong>habere</strong></span> <span class='ocrx_word' id='word_1_681' title='bbox 2422 4338 2791 4407; x_wconf 88' lang='lat' dir='ltr'><strong>cognoscitur.</strong></span> 
     </span>
    </p>
   </div>
   <div class='ocr_carea' id='block_1_91' title="bbox 2267 4427 3771 4507">
    <p class='ocr_par' dir='ltr' id='par_1_91' title="bbox 2267 4427 3771 4507">
     <span class='ocr_line' id='line_1_91' title="bbox 2267 4427 3771 4507; baseline 0.003 -26"><span class='ocrx_word' id='word_1_682' title='bbox 2267 4427 2353 4482; x_wconf 89' lang='lat'><strong>69.</strong></span> <span class='ocrx_word' id='word_1_683' title='bbox 2395 4427 2553 4481; x_wconf 79' lang='lat' dir='ltr'><strong>Anno</strong></span> <span class='ocrx_word' id='word_1_684' title='bbox 2578 4436 2778 4507; x_wconf 80' lang='lat' dir='ltr'><strong>quarto</strong></span> <span class='ocrx_word' id='word_1_685' title='bbox 2809 4428 3023 4484; x_wconf 88' lang='lat' dir='ltr'><strong>decimo</strong></span> <span class='ocrx_word' id='word_1_686' title='bbox 3052 4429 3104 4496; x_wconf 72' lang='grc' dir='ltr'><strong>εἰ,</strong></span> <span class='ocrx_word' id='word_1_687' title='bbox 3135 4429 3357 4485; x_wconf 89' lang='lat' dir='ltr'><strong>Christo</strong></span> <span class='ocrx_word' id='word_1_688' title='bbox 3392 4434 3649 4502; x_wconf 85' lang='lat' dir='ltr'><strong>propitio,</strong></span> <span class='ocrx_word' id='word_1_689' title='bbox 3682 4432 3771 4485; x_wconf 88' lang='lat' dir='ltr'><strong>im-</strong></span> 
     </span>
    </p>
   </div>
   <div class='ocr_carea' id='block_1_92' title="bbox 498 4517 3767 4601">
    <p class='ocr_par' dir='ltr' id='par_1_92' title="bbox 498 4517 3767 4601">
     <span class='ocr_line' id='line_1_92' title="bbox 498 4517 3767 4601; baseline -0.001 -22"><span class='ocrx_word' id='word_1_690' title='bbox 498 4524 703 4595; x_wconf 86' lang='lat' dir='ltr'><strong>palatio</strong></span> <span class='ocrx_word' id='word_1_691' title='bbox 735 4521 1045 4601; x_wconf 86' lang='lat' dir='ltr'><strong>destinavit.</strong></span> <span class='ocrx_word' id='word_1_692' title='bbox 1083 4520 1135 4575; x_wconf 87' lang='lat' dir='ltr'><strong>Is</strong></span> <span class='ocrx_word' id='word_1_693' title='bbox 1165 4536 1331 4575; x_wconf 90' lang='lat' dir='ltr'><strong>unum</strong></span> <span class='ocrx_word' id='word_1_694' title='bbox 1362 4524 1572 4573; x_wconf 84' lang='lat' dir='ltr'><strong>tantum</strong></span> <span class='ocrx_word' id='word_1_695' title='bbox 1603 4517 1861 4573; x_wconf 87' lang='lat' dir='ltr'><strong>comitem</strong></span> <span class='ocrx_word' id='word_1_696' title='bbox 1900 4532 2085 4571; x_wconf 85' lang='lat' dir='ltr'><strong>secum</strong></span> <span class='ocrx_word' id='word_1_697' title='bbox 2111 4517 2163 4541; x_wconf 80' lang='grc' dir='ltr'>ν</span> <span class='ocrx_word' id='word_1_698' title='bbox 2190 4520 2328 4589; x_wconf 88' lang='lat' dir='ltr'><strong>perii</strong></span> <span class='ocrx_word' id='word_1_699' title='bbox 2376 4518 2678 4573; x_wconf 80' lang='lat' dir='ltr'><strong>Hludowici</strong></span> <span class='ocrx_word' id='word_1_700' title='bbox 2726 4520 2988 4590; x_wconf 83' lang='lat' dir='ltr'><strong>Augusti,</strong></span> <span class='ocrx_word' id='word_1_701' title='bbox 3040 4537 3161 4576; x_wconf 91' lang='lat' dir='ltr'><strong>cum</strong></span> <span class='ocrx_word' id='word_1_702' title='bbox 3212 4522 3279 4577; x_wconf 91' lang='lat' dir='ltr'><strong>ad</strong></span> <span class='ocrx_word' id='word_1_703' title='bbox 3315 4524 3767 4579; x_wconf 84' lang='lat' dir='ltr'><strong>corroborandam</strong></span> 
     </span>
    </p>
   </div>
   <div class='ocr_carea' id='block_1_93' title="bbox 499 4610 2083 4683">
    <p class='ocr_par' dir='ltr' id='par_1_93' title="bbox 499 4610 2083 4683">
     <span class='ocr_line' id='line_1_93' title="bbox 499 4610 2083 4683; baseline -0.004 -13"><span class='ocrx_word' id='word_1_704' title='bbox 499 4617 739 4678; x_wconf 88' lang='lat' dir='ltr'><strong>habens,</strong></span> <span class='ocrx_word' id='word_1_705' title='bbox 776 4628 901 4668; x_wconf 88' lang='lat' dir='ltr'><strong>cum</strong></span> <span class='ocrx_word' id='word_1_706' title='bbox 939 4614 995 4667; x_wconf 91' lang='lat' dir='ltr'><strong>in</strong></span> <span class='ocrx_word' id='word_1_707' title='bbox 1026 4616 1165 4683; x_wconf 78' lang='lat' dir='ltr'><strong>pago</strong></span> <span class='ocrx_word' id='word_1_708' title='bbox 1204 4612 1479 4667; x_wconf 77' lang='lat' dir='ltr'><strong>ilasbanio</strong></span> <span class='ocrx_word' id='word_1_709' title='bbox 1514 4610 1583 4664; x_wconf 90' lang='lat' dir='ltr'><strong>ad</strong></span> <span class='ocrx_word' id='word_1_710' title='bbox 1620 4610 1799 4664; x_wconf 91' lang='lat' dir='ltr'><strong>vicum</strong></span> <span class='ocrx_word' id='word_1_711' title='bbox 1838 4610 2047 4680; x_wconf 85' lang='lat' dir='ltr'><strong>regium</strong></span> <span class='ocrx_word' id='word_1_712' title='bbox 2069 4649 2083 4674; x_wconf 94' lang='lat'><strong>,</strong></span> 
     </span>
    </p>
   </div>
   <div class='ocr_carea' id='block_1_94' title="bbox 497 4700 2089 4776">
    <p class='ocr_par' dir='ltr' id='par_1_94' title="bbox 497 4700 2089 4776">
     <span class='ocr_line' id='line_1_94' title="bbox 497 4700 2089 4776; baseline -0.004 -16"><span class='ocrx_word' id='word_1_713' title='bbox 497 4720 662 4776; x_wconf 84' lang='lat' dir='ltr'><strong>quem</strong></span> <span class='ocrx_word' id='word_1_714' title='bbox 693 4704 1016 4759; x_wconf 81' lang='lat' dir='ltr'><strong>Vuasidium</strong></span> <span class='ocrx_word' id='word_1_715' title='bbox 1050 4713 1072 4741; x_wconf 75' lang='grc' dir='ltr'><strong>ο</strong></span> <span class='ocrx_word' id='word_1_716' title='bbox 1105 4709 1331 4768; x_wconf 90' lang='lat' dir='ltr'><strong>vocant,</strong></span> <span class='ocrx_word' id='word_1_717' title='bbox 1361 4702 1636 4765; x_wconf 90' lang='lat' dir='ltr'><strong>venisset,</strong></span> <span class='ocrx_word' id='word_1_718' title='bbox 1665 4709 1831 4769; x_wconf 89' lang='lat' dir='ltr'><strong>atque</strong></span> <span class='ocrx_word' id='word_1_719' title='bbox 1868 4700 1925 4754; x_wconf 89' lang='lat' dir='ltr'><strong>in</strong></span> <span class='ocrx_word' id='word_1_720' title='bbox 1960 4714 2089 4770; x_wconf 86' lang='lat' dir='ltr'><strong>pra-</strong></span> 
     </span>
    </p>
   </div>
   <div class='ocr_carea' id='block_1_95' title="bbox 499 4788 2085 4861">
    <p class='ocr_par' dir='ltr' id='par_1_95' title="bbox 499 4788 2085 4861">
     <span class='ocr_line' id='line_1_95' title="bbox 499 4788 2085 4861; baseline -0.003 -14"><span class='ocrx_word' id='word_1_721' title='bbox 499 4800 593 4858; x_wconf 89' lang='lat' dir='ltr'><strong>to,</strong></span> <span class='ocrx_word' id='word_1_722' title='bbox 646 4791 792 4861; x_wconf 89' lang='lat' dir='ltr'><strong>quod</strong></span> <span class='ocrx_word' id='word_1_723' title='bbox 838 4792 960 4846; x_wconf 90' lang='lat' dir='ltr'><strong>vico</strong></span> <span class='ocrx_word' id='word_1_724' title='bbox 1005 4792 1313 4861; x_wconf 75' lang='lat' dir='ltr'><strong>proximum</strong></span> <span class='ocrx_word' id='word_1_725' title='bbox 1350 4798 1505 4855; x_wconf 90' lang='lat' dir='ltr'><strong>erat,</strong></span> <span class='ocrx_word' id='word_1_726' title='bbox 1540 4788 1958 4844; x_wconf 84' lang='lat' dir='ltr'><strong>reficiendorum</strong></span> <span class='ocrx_word' id='word_1_727' title='bbox 1992 4789 2085 4858; x_wconf 90' lang='lat' dir='ltr'><strong>ju-</strong></span> 
     </span>
    </p>
   </div>
   <div class='ocr_carea' id='block_1_96' title="bbox 498 4880 2087 4954">
    <p class='ocr_par' dir='ltr' id='par_1_96' title="bbox 498 4880 2087 4954">
     <span class='ocr_line' id='line_1_96' title="bbox 498 4880 2087 4954; baseline -0.004 -15"><span class='ocrx_word' id='word_1_728' title='bbox 498 4893 809 4939; x_wconf 87' lang='lat' dir='ltr'><strong>mentorum</strong></span> <span class='ocrx_word' id='word_1_729' title='bbox 845 4882 1018 4954; x_wconf 85' lang='lat' dir='ltr'><strong>gratia</strong></span> <span class='ocrx_word' id='word_1_730' title='bbox 1056 4882 1459 4948; x_wconf 88' lang='lat' dir='ltr'><strong>descendisset,</strong></span> <span class='ocrx_word' id='word_1_731' title='bbox 1500 4896 1629 4937; x_wconf 89' lang='lat' dir='ltr'><strong>ecce</strong></span> <span class='ocrx_word' id='word_1_732' title='bbox 1668 4898 1809 4937; x_wconf 90' lang='lat' dir='ltr'><strong>unus</strong></span> <span class='ocrx_word' id='word_1_733' title='bbox 1837 4882 1905 4939; x_wconf 86' lang='lat' dir='ltr'><strong>de</strong></span> <span class='ocrx_word' id='word_1_734' title='bbox 1931 4880 2087 4936; x_wconf 89' lang='lat' dir='ltr'><strong>habi-</strong></span> 
     </span>
    </p>
   </div>
   <div class='ocr_carea' id='block_1_97' title="bbox 500 4972 2080 5045">
    <p class='ocr_par' dir='ltr' id='par_1_97' title="bbox 500 4972 2080 5045">
     <span class='ocr_line' id='line_1_97' title="bbox 500 4972 2080 5045; baseline -0.003 -15"><span class='ocrx_word' id='word_1_735' title='bbox 500 4974 770 5031; x_wconf 88' lang='lat' dir='ltr'><strong>tatoribus</strong></span> <span class='ocrx_word' id='word_1_736' title='bbox 803 4973 907 5029; x_wconf 90' lang='lat' dir='ltr'><strong>loci</strong></span> <span class='ocrx_word' id='word_1_737' title='bbox 947 4974 1108 5045; x_wconf 85' lang='lat' dir='ltr'><strong>gibbo</strong></span> <span class='ocrx_word' id='word_1_738' title='bbox 1142 4973 1429 5043; x_wconf 85' lang='lat' dir='ltr'><strong>depressus</strong></span> <span class='ocrx_word' id='word_1_739' title='bbox 1449 5013 1464 5039; x_wconf 92' lang='lat'><strong>,</strong></span> <span class='ocrx_word' id='word_1_740' title='bbox 1506 4972 1744 5027; x_wconf 80' lang='lat' dir='ltr'><strong>maxillis</strong></span> <span class='ocrx_word' id='word_1_741' title='bbox 1776 4972 1942 5031; x_wconf 82' lang='lat' dir='ltr'><strong>etiam</strong></span> <span class='ocrx_word' id='word_1_742' title='bbox 1963 5011 1978 5038; x_wconf 83' lang='grc'><strong><em>,</em></strong></span> <span class='ocrx_word' id='word_1_743' title='bbox 2010 4988 2080 5027; x_wconf 76' lang='lat' dir='ltr'><strong>ex</strong></span> 
     </span>
    </p>
   </div>
   <div class='ocr_carea' id='block_1_98' title="bbox 568 5142 2079 5217">
    <p class='ocr_par' dir='ltr' id='par_1_98' title="bbox 568 5142 2079 5217">
     <span class='ocr_line' id='line_1_98' title="bbox 568 5142 2079 5217; baseline -0.001 -17"><span class='ocrx_word' id='word_1_744' title='bbox 568 5159 595 5187; x_wconf 82' lang='grc' dir='ltr'>ι</span> <span class='ocrx_word' id='word_1_745' title='bbox 615 5142 775 5217; x_wconf 18' lang='lat' dir='ltr'><strong>,Huic</strong></span> <span class='ocrx_word' id='word_1_746' title='bbox 797 5145 1075 5217; x_wconf 84' lang='lat' dir='ltr'><strong>Cervardo</strong></span> <span class='ocrx_word' id='word_1_747' title='bbox 1099 5145 1348 5217; x_wconf 80' lang='lat' dir='ltr'><strong>scribens</strong></span> <span class='ocrx_word' id='word_1_748' title='bbox 1356 5215 1376 5217; x_wconf 97' lang='lat'>_</span> <span class='ocrx_word' id='word_1_749' title='bbox 1395 5146 1738 5217; x_wconf 85' lang='lat' dir='ltr'><strong>Eginhardus</strong></span> <span class='ocrx_word' id='word_1_750' title='bbox 1794 5145 2079 5216; x_wconf 89' lang='lat' dir='ltr'><strong>epistolam</strong></span> 
     </span>
    </p>
   </div>
   <div class='ocr_carea' id='block_1_99' title="bbox 498 5215 2111 5285">
    <p class='ocr_par' dir='ltr' id='par_1_99' title="bbox 498 5215 2111 5285">
     <span class='ocr_line' id='line_1_99' title="bbox 498 5215 2111 5285; baseline 0.001 -15"><span class='ocrx_word' id='word_1_751' title='bbox 498 5215 589 5281; x_wconf 74' lang='grc'><strong>14,</strong></span> <span class='ocrx_word' id='word_1_752' title='bbox 610 5216 753 5271; x_wconf 88' lang='lat' dir='ltr'><strong>inter</strong></span> <span class='ocrx_word' id='word_1_753' title='bbox 772 5216 875 5270; x_wconf 86' lang='lat' dir='ltr'><strong>alia</strong></span> <span class='ocrx_word' id='word_1_754' title='bbox 917 5216 1083 5271; x_wconf 89' lang='lat' dir='ltr'><strong>habet</strong></span> <span class='ocrx_word' id='word_1_755' title='bbox 1106 5217 1208 5285; x_wconf 74' lang='lat' dir='ltr'><strong>ista</strong></span> <span class='ocrx_word' id='word_1_756' title='bbox 1237 5234 1249 5268; x_wconf 92' lang='lat'>:</span> <span class='ocrx_word' id='word_1_757' title='bbox 1282 5234 1300 5265; x_wconf 74' lang='grc' dir='ltr'>ι</span> <span class='ocrx_word' id='word_1_758' title='bbox 1332 5215 1612 5282; x_wconf 80' lang='lat' dir='ltr'><strong>Hortaris,</strong></span> <span class='ocrx_word' id='word_1_759' title='bbox 1653 5218 1763 5271; x_wconf 85' lang='lat' dir='ltr'><strong>imo</strong></span> <span class='ocrx_word' id='word_1_760' title='bbox 1796 5215 2111 5277; x_wconf 56' lang='lat' dir='ltr'><strong>consilium«</strong></span> 
     </span>
    </p>
   </div>
   <div class='ocr_carea' id='block_1_100' title="bbox 496 5285 2081 5355">
    <p class='ocr_par' dir='ltr' id='par_1_100' title="bbox 496 5285 2081 5355">
     <span class='ocr_line' id='line_1_100' title="bbox 496 5285 2081 5355; baseline 0 -16"><span class='ocrx_word' id='word_1_761' title='bbox 496 5285 616 5350; x_wconf 77' lang='lat' dir='ltr'><strong>das,</strong></span> <span class='ocrx_word' id='word_1_762' title='bbox 646 5294 703 5341; x_wconf 89' lang='lat' dir='ltr'><strong>ut</strong></span> <span class='ocrx_word' id='word_1_763' title='bbox 739 5285 955 5341; x_wconf 89' lang='lat' dir='ltr'><strong>omissis</strong></span> <span class='ocrx_word' id='word_1_764' title='bbox 982 5294 1283 5354; x_wconf 86' lang='lat' dir='ltr'><strong>martyrum</strong></span> <span class='ocrx_word' id='word_1_765' title='bbox 1318 5285 1580 5349; x_wconf 83' lang='lat' dir='ltr'><strong>excubiis,</strong></span> <span class='ocrx_word' id='word_1_766' title='bbox 1638 5286 1835 5355; x_wconf 90' lang='lat' dir='ltr'><strong>quibus</strong></span> <span class='ocrx_word' id='word_1_767' title='bbox 1880 5286 2081 5341; x_wconf 86' lang='lat' dir='ltr'><strong>indesi-</strong></span> 
     </span>
    </p>
   </div>
   <div class='ocr_carea' id='block_1_101' title="bbox 498 5355 2080 5477">
    <p class='ocr_par' dir='ltr' id='par_1_101' title="bbox 498 5355 2080 5477">
     <span class='ocr_line' id='line_1_101' title="bbox 498 5355 2080 5477; baseline -0.001 -68"><span class='ocrx_word' id='word_1_768' title='bbox 498 5364 692 5477; x_wconf 48' lang='lat' dir='ltr'><strong>nmetrlilter</strong></span> <span class='ocrx_word' id='word_1_769' title='bbox 726 5356 915 5410; x_wconf 90' lang='lat' dir='ltr'><strong>adesse</strong></span> <span class='ocrx_word' id='word_1_770' title='bbox 939 5363 994 5409; x_wconf 90' lang='lat' dir='ltr'><strong>et</strong></span> <span class='ocrx_word' id='word_1_771' title='bbox 1020 5356 1283 5411; x_wconf 89' lang='lat' dir='ltr'><strong>interesse</strong></span> <span class='ocrx_word' id='word_1_772' title='bbox 1302 5355 1487 5425; x_wconf 88' lang='lat' dir='ltr'><strong>jussus</strong></span> <span class='ocrx_word' id='word_1_773' title='bbox 1512 5370 1650 5421; x_wconf 89' lang='lat' dir='ltr'><strong>sum,</strong></span> <span class='ocrx_word' id='word_1_774' title='bbox 1688 5355 1947 5424; x_wconf 86' lang='lat' dir='ltr'><strong>palatium</strong></span> <span class='ocrx_word' id='word_1_775' title='bbox 1982 5370 2080 5425; x_wconf 89' lang='lat' dir='ltr'><strong>pe-</strong></span> 
     </span>
     <span class='ocr_line' id='line_1_102' title="bbox 618 5443 691 5477; baseline -0.027 0"><span class='ocrx_word' id='word_1_776' title='bbox 618 5464 632 5477; x_wconf 82' lang='lat'><em>.</em></span> <span class='ocrx_word' id='word_1_777' title='bbox 672 5443 691 5475; x_wconf 73' lang='grc' dir='ltr'><strong><em>ι</em></strong></span> 
     </span>
    </p>
   </div>
   <div class='ocr_carea' id='block_1_102' title="bbox 567 5484 2082 5555">
    <p class='ocr_par' dir='ltr' id='par_1_102' title="bbox 567 5484 2082 5555">
     <span class='ocr_line' id='line_1_103' title="bbox 567 5484 2082 5555; baseline 0.001 -8"><span class='ocrx_word' id='word_1_778' title='bbox 567 5493 595 5532; x_wconf 69' lang='grc' dir='ltr'>δ</span> <span class='ocrx_word' id='word_1_779' title='bbox 617 5492 824 5548; x_wconf 87' lang='lat' dir='ltr'><strong>Colitur</strong></span> <span class='ocrx_word' id='word_1_780' title='bbox 847 5492 905 5548; x_wconf 88' lang='lat' dir='ltr'><strong>S.</strong></span> <span class='ocrx_word' id='word_1_781' title='bbox 921 5491 1136 5548; x_wconf 85' lang='lat' dir='ltr'><strong>Salvius</strong></span> <span class='ocrx_word' id='word_1_782' title='bbox 1153 5484 1224 5546; x_wconf 67' lang='lat'><strong>26</strong></span> <span class='ocrx_word' id='word_1_783' title='bbox 1241 5491 1411 5555; x_wconf 78' lang='lat' dir='ltr'><strong>Junii,</strong></span> <span class='ocrx_word' id='word_1_784' title='bbox 1434 5492 1525 5547; x_wconf 87' lang='lat' dir='ltr'><strong>ubi</strong></span> <span class='ocrx_word' id='word_1_785' title='bbox 1550 5492 2082 5548; x_wconf 69' lang='lat' dir='ltr'><strong>ostendemus&#39;fuisse</strong></span> 
     </span>
    </p>
   </div>
   <div class='ocr_carea' id='block_1_103' title="bbox 497 5562 2082 5631">
    <p class='ocr_par' dir='ltr' id='par_1_103' title="bbox 497 5562 2082 5631">
     <span class='ocr_line' id='line_1_104' title="bbox 497 5562 2082 5631; baseline 0.003 -17"><span class='ocrx_word' id='word_1_786' title='bbox 497 5564 805 5618; x_wconf 71' lang='lat' dir='ltr'><strong>emnobium</strong></span> <span class='ocrx_word' id='word_1_787' title='bbox 837 5564 1176 5627; x_wconf 81' lang='lat' dir='ltr'><strong>clericorum,</strong></span> <span class='ocrx_word' id='word_1_788' title='bbox 1200 5562 1339 5631; x_wconf 90' lang='lat' dir='ltr'><strong>quod</strong></span> <span class='ocrx_word' id='word_1_789' title='bbox 1363 5562 1695 5628; x_wconf 87' lang='lat' dir='ltr'><strong>Baldericus,</strong></span> <span class='ocrx_word' id='word_1_790' title='bbox 1720 5562 1814 5619; x_wconf 89' lang='lat' dir='ltr'><strong>lib.</strong></span> <span class='ocrx_word' id='word_1_791' title='bbox 1842 5579 1879 5617; x_wconf 87' lang='grc' dir='ltr'><strong>ιι</strong></span> <span class='ocrx_word' id='word_1_792' title='bbox 1910 5563 2082 5618; x_wconf 90' lang='lat' dir='ltr'><strong>Chro-</strong></span> 
     </span>
    </p>
   </div>
   <div class='ocr_carea' id='block_1_104' title="bbox 499 5631 2081 5702">
    <p class='ocr_par' dir='ltr' id='par_1_104' title="bbox 499 5631 2081 5702">
     <span class='ocr_line' id='line_1_105' title="bbox 499 5631 2081 5702; baseline 0.001 -17"><span class='ocrx_word' id='word_1_793' title='bbox 499 5633 605 5686; x_wconf 87' lang='lat' dir='ltr'><strong>nici</strong></span> <span class='ocrx_word' id='word_1_794' title='bbox 656 5632 1086 5697; x_wconf 84' lang='lat' dir='ltr'><strong>Cameracensis,</strong></span> <span class='ocrx_word' id='word_1_795' title='bbox 1140 5646 1260 5701; x_wconf 90' lang='lat' dir='ltr'><strong>cap.</strong></span> <span class='ocrx_word' id='word_1_796' title='bbox 1302 5631 1362 5686; x_wconf 74' lang='lat'><strong>51</strong></span> <span class='ocrx_word' id='word_1_797' title='bbox 1413 5632 1644 5702; x_wconf 90' lang='lat' dir='ltr'><strong>appellat</strong></span> <span class='ocrx_word' id='word_1_798' title='bbox 1689 5634 2081 5688; x_wconf 88' lang='lat' dir='ltr'><strong>monasterium</strong></span> 
     </span>
    </p>
   </div>
   <div class='ocr_carea' id='block_1_105' title="bbox 498 5702 2080 5775">
    <p class='ocr_par' dir='ltr' id='par_1_105' title="bbox 498 5702 2080 5775">
     <span class='ocr_line' id='line_1_106' title="bbox 498 5702 2080 5775; baseline 0.001 -19"><span class='ocrx_word' id='word_1_799' title='bbox 498 5704 811 5759; x_wconf 61' lang='lat' dir='ltr'><strong>cantauit-ale</strong></span> <span class='ocrx_word' id='word_1_800' title='bbox 850 5703 908 5759; x_wconf 89' lang='lat' dir='ltr'><strong>S.</strong></span> <span class='ocrx_word' id='word_1_801' title='bbox 935 5704 1099 5761; x_wconf 78' lang='lat' dir='ltr'><strong>Salvii</strong></span> <span class='ocrx_word' id='word_1_802' title='bbox 1124 5702 1365 5775; x_wconf 88' lang='lat' dir='ltr'><strong>episcopi</strong></span> <span class='ocrx_word' id='word_1_803' title='bbox 1394 5710 1449 5758; x_wconf 92' lang='lat' dir='ltr'><strong>et</strong></span> <span class='ocrx_word' id='word_1_804' title='bbox 1475 5702 1746 5773; x_wconf 85' lang='lat' dir='ltr'><strong>martyris.</strong></span> <span class='ocrx_word' id='word_1_805' title='bbox 1796 5703 1893 5761; x_wconf 89' lang='lat' dir='ltr'><strong>Est</strong></span> <span class='ocrx_word' id='word_1_806' title='bbox 1919 5703 2080 5759; x_wconf 85' lang='lat' dir='ltr'><strong>modo</strong></span> 
     </span>
    </p>
   </div>
   <div class='ocr_carea' id='block_1_106' title="bbox 2188 4611 3771 4680">
    <p class='ocr_par' dir='ltr' id='par_1_106' title="bbox 2188 4611 3771 4680">
     <span class='ocr_line' id='line_1_107' title="bbox 2188 4611 3771 4680; baseline 0.002 -15"><span class='ocrx_word' id='word_1_807' title='bbox 2188 4611 2473 4665; x_wconf 88' lang='lat' dir='ltr'><strong>christiani</strong></span> <span class='ocrx_word' id='word_1_808' title='bbox 2524 4611 2708 4680; x_wconf 87' lang='lat' dir='ltr'><strong>populi</strong></span> <span class='ocrx_word' id='word_1_809' title='bbox 2758 4611 2952 4676; x_wconf 82' lang='lat' dir='ltr'><strong>fidem,</strong></span> <span class='ocrx_word' id='word_1_810' title='bbox 3008 4614 3147 4667; x_wconf 90' lang='lat' dir='ltr'><strong>sicut</strong></span> <span class='ocrx_word' id='word_1_811' title='bbox 3194 4614 3250 4667; x_wconf 93' lang='lat' dir='ltr'><strong>in</strong></span> <span class='ocrx_word' id='word_1_812' title='bbox 3297 4616 3456 4669; x_wconf 81' lang='lat' dir='ltr'><strong>initio</strong></span> <span class='ocrx_word' id='word_1_813' title='bbox 3508 4616 3771 4671; x_wconf 88' lang='lat' dir='ltr'><strong>nascentis</strong></span> 
     </span>
    </p>
   </div>
   <div class='ocr_carea' id='block_1_107' title="bbox 2189 4701 3768 4775">
    <p class='ocr_par' dir='ltr' id='par_1_107' title="bbox 2189 4701 3768 4775">
     <span class='ocr_line' id='line_1_108' title="bbox 2189 4701 3768 4775; baseline 0.003 -20"><span class='ocrx_word' id='word_1_814' title='bbox 2189 4701 2468 4764; x_wconf 71' lang='lat' dir='ltr'><strong>ecclesiae,</strong></span> <span class='ocrx_word' id='word_1_815' title='bbox 2509 4702 2664 4771; x_wconf 86' lang='lat' dir='ltr'><strong>signa</strong></span> <span class='ocrx_word' id='word_1_816' title='bbox 2701 4712 2756 4757; x_wconf 90' lang='lat' dir='ltr'><strong>et</strong></span> <span class='ocrx_word' id='word_1_817' title='bbox 2793 4703 3043 4773; x_wconf 90' lang='lat' dir='ltr'><strong>prodigia</strong></span> <span class='ocrx_word' id='word_1_818' title='bbox 3082 4705 3135 4756; x_wconf 93' lang='lat' dir='ltr'><strong>in</strong></span> <span class='ocrx_word' id='word_1_819' title='bbox 3183 4703 3301 4773; x_wconf 91' lang='lat' dir='ltr'><strong>ipso</strong></span> <span class='ocrx_word' id='word_1_820' title='bbox 3349 4707 3495 4775; x_wconf 88' lang='lat' dir='ltr'><strong>regis</strong></span> <span class='ocrx_word' id='word_1_821' title='bbox 3542 4707 3768 4775; x_wconf 80' lang='lat' dir='ltr'><strong>palatio,</strong></span> 
     </span>
    </p>
   </div>
   <div class='ocr_carea' id='block_1_108' title="bbox 2189 4792 3771 4874">
    <p class='ocr_par' dir='ltr' id='par_1_108' title="bbox 2189 4792 3771 4874">
     <span class='ocr_line' id='line_1_109' title="bbox 2189 4792 3771 4874; baseline 0.001 -29"><span class='ocrx_word' id='word_1_822' title='bbox 2189 4807 2287 4861; x_wconf 89' lang='lat' dir='ltr'><strong>per</strong></span> <span class='ocrx_word' id='word_1_823' title='bbox 2316 4792 2510 4845; x_wconf 90' lang='lat' dir='ltr'><strong>merita</strong></span> <span class='ocrx_word' id='word_1_824' title='bbox 2539 4800 2853 4846; x_wconf 89' lang='lat' dir='ltr'><strong>sanctorum</strong></span> <span class='ocrx_word' id='word_1_825' title='bbox 2871 4808 3102 4874; x_wconf 50' lang='lat' dir='ltr'><strong>&#39;suorum</strong></span> <span class='ocrx_word' id='word_1_826' title='bbox 3122 4834 3136 4858; x_wconf 90' lang='lat'><strong>,</strong></span> <span class='ocrx_word' id='word_1_827' title='bbox 3168 4792 3433 4848; x_wconf 90' lang='lat' dir='ltr'><strong>Dominus</strong></span> <span class='ocrx_word' id='word_1_828' title='bbox 3463 4795 3771 4867; x_wconf 86' lang='lat' dir='ltr'><strong>dignaretur</strong></span> 
     </span>
    </p>
   </div>
   <div class='ocr_carea' id='block_1_109' title="bbox 2190 4882 3817 4955">
    <p class='ocr_par' dir='ltr' id='par_1_109' title="bbox 2190 4882 3817 4955">
     <span class='ocr_line' id='line_1_110' title="bbox 2190 4882 3817 4955; baseline 0 -17"><span class='ocrx_word' id='word_1_829' title='bbox 2190 4883 2511 4947; x_wconf 86' lang='lat' dir='ltr'><strong>ostendere,</strong></span> <span class='ocrx_word' id='word_1_830' title='bbox 2562 4882 2719 4951; x_wconf 90' lang='lat' dir='ltr'><strong>petiit</strong></span> <span class='ocrx_word' id='word_1_831' title='bbox 2765 4892 2821 4938; x_wconf 90' lang='lat' dir='ltr'><strong>et</strong></span> <span class='ocrx_word' id='word_1_832' title='bbox 2865 4884 3100 4937; x_wconf 91' lang='lat' dir='ltr'><strong>obtinuit</strong></span> <span class='ocrx_word' id='word_1_833' title='bbox 3145 4882 3415 4955; x_wconf 86' lang='lat' dir='ltr'><strong>Georgius</strong></span> <span class='ocrx_word' id='word_1_834' title='bbox 3464 4886 3766 4955; x_wconf 82' lang='lat' dir='ltr'><strong>presbyter,</strong></span> <span class='ocrx_word' id='word_1_835' title='bbox 3808 4920 3817 4938; x_wconf 70' lang='grc' dir='ltr'><em>ι</em></span> 
     </span>
    </p>
   </div>
   <div class='ocr_carea' id='block_1_110' title="bbox 2184 4970 3767 5044">
    <p class='ocr_par' dir='ltr' id='par_1_110' title="bbox 2184 4970 3767 5044">
     <span class='ocr_line' id='line_1_111' title="bbox 2184 4970 3767 5044; baseline 0.001 -18"><span class='ocrx_word' id='word_1_836' title='bbox 2184 4970 2513 5041; x_wconf 83' lang='lat' dir='ltr'><strong>Aquisgrani</strong></span> <span class='ocrx_word' id='word_1_837' title='bbox 2545 4972 2751 5042; x_wconf 88' lang='lat' dir='ltr'><strong>palatio</strong></span> <span class='ocrx_word' id='word_1_838' title='bbox 2772 5012 2787 5037; x_wconf 91' lang='lat'><strong>,</strong></span> <span class='ocrx_word' id='word_1_839' title='bbox 2818 4974 2886 5027; x_wconf 84' lang='lat' dir='ltr'><strong>ab</strong></span> <span class='ocrx_word' id='word_1_840' title='bbox 2916 4972 3229 5042; x_wconf 85' lang='lat' dir='ltr'><strong>Eginhardo</strong></span> <span class='ocrx_word' id='word_1_841' title='bbox 3261 4975 3491 5040; x_wconf 87' lang='lat' dir='ltr'><strong>abbate,</strong></span> <span class='ocrx_word' id='word_1_842' title='bbox 3520 4974 3767 5044; x_wconf 83' lang='lat' dir='ltr'><strong>reliquias</strong></span> 
     </span>
    </p>
   </div>
   <div class='ocr_carea' id='block_1_111' title="bbox 2221 5143 3763 5213">
    <p class='ocr_par' dir='ltr' id='par_1_111' title="bbox 2221 5143 3763 5213">
     <span class='ocr_line' id='line_1_112' title="bbox 2221 5143 3763 5213; baseline -0.002 -14"><span class='ocrx_word' id='word_1_843' title='bbox 2221 5146 2457 5200; x_wconf 90' lang='lat' dir='ltr'><strong>rioratus</strong></span> <span class='ocrx_word' id='word_1_844' title='bbox 2497 5145 2703 5200; x_wconf 90' lang='lat' dir='ltr'><strong>ordinis</strong></span> <span class='ocrx_word' id='word_1_845' title='bbox 2736 5144 3108 5200; x_wconf 90' lang='lat' dir='ltr'><strong>Cluniacensis</strong></span> <span class='ocrx_word' id='word_1_846' title='bbox 3146 5145 3213 5200; x_wconf 88' lang='lat' dir='ltr'><strong>ab</strong></span> <span class='ocrx_word' id='word_1_847' title='bbox 3244 5160 3387 5199; x_wconf 89' lang='lat' dir='ltr'><strong>anno</strong></span> <span class='ocrx_word' id='word_1_848' title='bbox 3410 5143 3566 5207; x_wconf 70' lang='lat'><strong>1:03,</strong></span> <span class='ocrx_word' id='word_1_849' title='bbox 3607 5155 3763 5213; x_wconf 77' lang='lat' dir='ltr'><strong>prope</strong></span> 
     </span>
    </p>
   </div>
   <div class='ocr_carea' id='block_1_112' title="bbox 2233 5214 3762 5283">
    <p class='ocr_par' dir='ltr' id='par_1_112' title="bbox 2233 5214 3762 5283">
     <span class='ocr_line' id='line_1_113' title="bbox 2233 5214 3762 5283; baseline -0.001 -14"><span class='ocrx_word' id='word_1_850' title='bbox 2233 5216 2519 5271; x_wconf 80' lang='lat' dir='ltr'><strong>alencenas</strong></span> <span class='ocrx_word' id='word_1_851' title='bbox 2546 5232 2609 5269; x_wconf 86' lang='lat' dir='ltr'><strong>ac</strong></span> <span class='ocrx_word' id='word_1_852' title='bbox 2630 5214 2743 5270; x_wconf 90' lang='lat' dir='ltr'><strong>fere</strong></span> <span class='ocrx_word' id='word_1_853' title='bbox 2783 5216 2837 5269; x_wconf 92' lang='lat' dir='ltr'><strong>in</strong></span> <span class='ocrx_word' id='word_1_854' title='bbox 2867 5214 3161 5281; x_wconf 89' lang='lat' dir='ltr'><strong>suburbiis,</strong></span> <span class='ocrx_word' id='word_1_855' title='bbox 3193 5230 3355 5283; x_wconf 91' lang='lat' dir='ltr'><strong>quem</strong></span> <span class='ocrx_word' id='word_1_856' title='bbox 3394 5214 3572 5268; x_wconf 90' lang='lat' dir='ltr'><strong>locum</strong></span> <span class='ocrx_word' id='word_1_857' title='bbox 3610 5216 3762 5281; x_wconf 86' lang='lat' dir='ltr'><strong>vulgo</strong></span> 
     </span>
    </p>
   </div>
   <div class='ocr_carea' id='block_1_113' title="bbox 2184 5272 3014 5341">
    <p class='ocr_par' dir='ltr' id='par_1_113' title="bbox 2184 5272 3014 5341">
     <span class='ocr_line' id='line_1_114' title="bbox 2184 5272 3014 5341; baseline 0 -4"><span class='ocrx_word' id='word_1_858' title='bbox 2184 5272 2433 5339; x_wconf 79' lang='lat' dir='ltr'><strong>Famam</strong></span> <span class='ocrx_word' id='word_1_859' title='bbox 2464 5286 2569 5341; x_wconf 88' lang='lat' dir='ltr'><strong>dici</strong></span> <span class='ocrx_word' id='word_1_860' title='bbox 2599 5293 2751 5339; x_wconf 91' lang='lat' dir='ltr'><strong>notat</strong></span> <span class='ocrx_word' id='word_1_861' title='bbox 2780 5284 3014 5338; x_wconf 76' lang='lat' dir='ltr'><strong>Mabilio.</strong></span> 
     </span>
    </p>
   </div>
   <div class='ocr_carea' id='block_1_114' title="bbox 2262 5351 3759 5420">
    <p class='ocr_par' dir='ltr' id='par_1_114' title="bbox 2262 5351 3759 5420">
     <span class='ocr_line' id='line_1_115' title="bbox 2262 5351 3759 5420; baseline -0.005 -11"><span class='ocrx_word' id='word_1_862' title='bbox 2262 5365 2283 5395; x_wconf 78' lang='grc' dir='ltr'><strong><em>ο</em></strong></span> <span class='ocrx_word' id='word_1_863' title='bbox 2336 5354 2651 5409; x_wconf 79' lang='lat' dir='ltr'><strong>Vuasidinm</strong></span> <span class='ocrx_word' id='word_1_864' title='bbox 2705 5352 2885 5407; x_wconf 78' lang='lat' dir='ltr'><strong>forsan</strong></span> <span class='ocrx_word' id='word_1_865' title='bbox 2939 5353 3133 5420; x_wconf 81' lang='lat' dir='ltr'><strong>Weset,</strong></span> <span class='ocrx_word' id='word_1_866' title='bbox 3193 5369 3288 5408; x_wconf 91' lang='lat' dir='ltr'><strong>seu</strong></span> <span class='ocrx_word' id='word_1_867' title='bbox 3329 5358 3583 5406; x_wconf 77' lang='lat' dir='ltr'><strong>Veltweset</strong></span> <span class='ocrx_word' id='word_1_868' title='bbox 3610 5351 3759 5420; x_wconf 86' lang='lat' dir='ltr'><strong>inter</strong></span> 
     </span>
    </p>
   </div>
   <div class='ocr_carea' id='block_1_115' title="bbox 2187 5419 3754 5551">
    <p class='ocr_par' dir='ltr' id='par_1_115' title="bbox 2187 5419 3754 5551">
     <span class='ocr_line' id='line_1_116' title="bbox 2187 5419 3754 5551; baseline -0.005 -73"><span class='ocrx_word' id='word_1_869' title='bbox 2187 5424 2498 5551; x_wconf 46' lang='lat' dir='ltr'><strong>grajectum</strong></span> <span class='ocrx_word' id='word_1_870' title='bbox 2544 5432 2601 5479; x_wconf 91' lang='lat' dir='ltr'><strong>et</strong></span> <span class='ocrx_word' id='word_1_871' title='bbox 2632 5422 2937 5488; x_wconf 83' lang='lat' dir='ltr'><strong>Bilsenam,</strong></span> <span class='ocrx_word' id='word_1_872' title='bbox 2974 5425 3117 5492; x_wconf 88' lang='lat' dir='ltr'><strong>quod</strong></span> <span class='ocrx_word' id='word_1_873' title='bbox 3148 5423 3340 5480; x_wconf 73' lang='lat' dir='ltr'><strong>Wesed</strong></span> <span class='ocrx_word' id='word_1_874' title='bbox 3380 5430 3555 5493; x_wconf 83' lang='lat' dir='ltr'><strong>potest</strong></span> <span class='ocrx_word' id='word_1_875' title='bbox 3598 5419 3754 5472; x_wconf 80' lang='lat' dir='ltr'><strong>fuisse</strong></span> 
     </span>
     <span class='ocr_line' id='line_1_117' title="bbox 2223 5508 2409 5549; baseline -0.022 0"><span class='ocrx_word' id='word_1_876' title='bbox 2223 5509 2273 5549; x_wconf 83' lang='lat' dir='ltr'><strong>1c</strong></span> <span class='ocrx_word' id='word_1_877' title='bbox 2301 5508 2409 5547; x_wconf 89' lang='lat' dir='ltr'><strong>um.</strong></span> 
     </span>
    </p>
   </div>
   <div class='ocr_carea' id='block_1_116' title="bbox 2223 5495 2409 5549">
    <p class='ocr_par' dir='ltr' id='par_1_116' title="bbox 2223 5495 2409 5549">
     <span class='ocr_line' id='line_1_118' title="bbox 2223 5495 2409 5549; baseline -0.016 0"><span class='ocrx_word' id='word_1_878' title='bbox 2223 5495 2409 5549; x_wconf 89' lang='lat' dir='ltr'><strong>ictum.</strong></span> 
     </span>
    </p>
   </div>
   <div class='ocr_carea' id='block_1_117' title="bbox 2256 5555 3751 5633">
    <p class='ocr_par' dir='ltr' id='par_1_117' title="bbox 2256 5555 3751 5633">
     <span class='ocr_line' id='line_1_119' title="bbox 2256 5555 3751 5633; baseline -0.005 -15"><span class='ocrx_word' id='word_1_879' title='bbox 2256 5563 2283 5603; x_wconf 74' lang='grc' dir='ltr'><em>ά</em></span> <span class='ocrx_word' id='word_1_880' title='bbox 2310 5563 2405 5618; x_wconf 81' lang='lat' dir='ltr'><strong>Est</strong></span> <span class='ocrx_word' id='word_1_881' title='bbox 2431 5564 2476 5617; x_wconf 91' lang='lat' dir='ltr'><strong>is</strong></span> <span class='ocrx_word' id='word_1_882' title='bbox 2506 5566 2681 5617; x_wconf 87' lang='lat' dir='ltr'><strong>annus</strong></span> <span class='ocrx_word' id='word_1_883' title='bbox 2707 5560 2913 5617; x_wconf 80' lang='lat' dir='ltr'><strong>Christi</strong></span> <span class='ocrx_word' id='word_1_884' title='bbox 2941 5562 3071 5630; x_wconf 70' lang='lat'><strong>827,</strong></span> <span class='ocrx_word' id='word_1_885' title='bbox 3094 5564 3438 5633; x_wconf 86' lang='lat' dir='ltr'><strong>potissimum</strong></span> <span class='ocrx_word' id='word_1_886' title='bbox 3466 5574 3640 5618; x_wconf 88' lang='lat' dir='ltr'><strong>mense</strong></span> <span class='ocrx_word' id='word_1_887' title='bbox 3666 5555 3751 5611; x_wconf 78' lang='lat' dir='ltr'><strong>Ju-</strong></span> 
     </span>
    </p>
   </div>
   <div class='ocr_carea' id='block_1_118' title="bbox 2186 5633 2949 5706">
    <p class='ocr_par' dir='ltr' id='par_1_118' title="bbox 2186 5633 2949 5706">
     <span class='ocr_line' id='line_1_120' title="bbox 2186 5633 2949 5706; baseline -0.005 -14"><span class='ocrx_word' id='word_1_888' title='bbox 2186 5635 2278 5692; x_wconf 81' lang='lat' dir='ltr'><strong>nio</strong></span> <span class='ocrx_word' id='word_1_889' title='bbox 2303 5648 2412 5706; x_wconf 89' lang='lat' dir='ltr'><strong>quo</strong></span> <span class='ocrx_word' id='word_1_890' title='bbox 2439 5634 2555 5689; x_wconf 71' lang='lat' dir='ltr'><strong>11th</strong></span> <span class='ocrx_word' id='word_1_891' title='bbox 2584 5633 2949 5703; x_wconf 88' lang='lat' dir='ltr'><strong>contigerunt.</strong></span> 
     </span>
    </p>
   </div>
  </div>
