3912 6318
155 337 251 393 581

996 339 1172 396 HIST.
1210 340 1600 398 TRANSLAT.
1640 340 1745 395 BB.
1789 338 2205 397 MARCELLINI
2244 339 2331 396 ET
2370 338 2591 395 PETRI.

3318 336 3424 395 582

152 449 449 505 beatorum
504 450 707 507 Christi
759 461 1060 523 martyrum
1113 452 1408 509 Marcellini
1456 462 1513 509 et
1560 452 1739 520 Petri,
1771 458 1823 517 Α
1845 452 1999 509 Pauli
2020 494 2033 519 ,
2059 454 2111 509 id
2140 463 2252 521 est,
2280 464 2474 525 quarto
2499 454 2767 509 Kalendas
2786 451 2947 518 Julii,
2972 452 3147 522 puella
3174 454 3417 524 quredam

154 557 397 611 quorum
447 558 675 613 corpora
724 544 839 612 ipse
886 543 954 597 de
990 541 1163 597 Roma
1197 558 1297 612 per
1332 543 1579 598 homines
1615 556 1743 598 suos

154 633 323 688 allata
372 649 547 705 nuper
594 641 919 703 acceperat:
972 647 1174 702 easque
1229 633 1282 686 in
1334 647 1525 701 capsa,
1577 646 1741 702 quam

154 738 295 778 auro
324 732 382 779 et
410 726 641 795 gemmis
666 726 922 780 decenter
946 731 1271 789 ornaverat,
1311 725 1616 780 reconditas
1644 740 1743 795 per

152 814 453 870 diaconum
488 831 678 879 suum,
719 816 935 870 nomine
970 814 1375 870 Theothardum
1397 854 1411 881 ,
1451 816 1520 869 ad
1554 816 1740 871 basili-

151 920 279 961 cam
315 906 373 960 S.
417 905 584 961 Salvii
619 908 905 977 martyris,
941 923 1104 977 quam
1151 907 1266 976 ipse
1311 915 1439 962 tunc
1481 908 1740 976 temporis

149 1009 256 1064 per
285 996 610 1050 beneficium
642 997 785 1066 regis
823 998 1072 1061 tenebat,
1101 996 1334 1065 dirigere
1368 997 1595 1051 curavit.
1636 997 1740 1063 Qui

152 1086 421 1141 diaconus
466 1103 591 1142 cum
636 1088 704 1142 ad
746 1088 928 1143 villam
975 1088 1211 1158 regiam,
1258 1102 1379 1156 quae
1419 1087 1738 1142 Vuasidium

149 1185 405 1242 vocatur,
437 1178 695 1243 venisset,
727 1179 966 1235 occurrit
1004 1180 1055 1233 ei
1089 1180 1252 1233 homo
1291 1179 1641 1248 gibberosus,
1684 1188 1739 1233 et

148 1281 220 1321 ex
260 1268 505 1324 dentium
542 1269 725 1325 dolore
768 1270 843 1323 ita
883 1280 1109 1324 vexatus
1132 1276 1294 1338 atque
1323 1268 1637 1335 confectus,
1676 1276 1737 1322 ut

142 1355 259 1425 jam
288 1374 387 1427 per
412 1359 528 1414 dies
560 1360 869 1430 quindecim
898 1359 1103 1414 nullum
1130 1360 1296 1413 alium
1330 1360 1535 1415 victum
1573 1374 1735 1427 quam

147 1445 328 1501 solam
366 1462 562 1523 aquam
599 1456 783 1518 posset
822 1464 1120 1505 assumere.
1158 1448 1264 1515 Qui
1300 1464 1426 1503 cum
1480 1449 1735 1503 hortante

146 1535 385 1593 diacono
413 1553 597 1593 coram
629 1539 904 1608 reliquiis,
953 1555 1091 1609 quas
1132 1538 1222 1594 ille
1274 1538 1518 1605 ferebat,
1564 1554 1622 1594 se
1667 1540 1735 1593 ad

141 1627 416 1681 orandum
447 1636 806 1697 prostrasset,
830 1636 884 1683 et
912 1628 1198 1682 Dominum
1225 1626 1500 1689 Christum
1519 1667 1534 1692 ,
1564 1634 1625 1681 ut
1650 1628 1732 1682 sui

144 1717 525 1789 misereretur,
568 1719 763 1775 devote
812 1735 875 1774 ac
906 1719 1221 1790 suppliciter
1249 1719 1588 1783 invocasset,
1636 1734 1733 1789 per

1844 557 2034 613 parva,
2064 544 2283 600 nomine
2314 544 2669 610 Theotbalda,
2700 545 2906 600 habens
2936 544 3113 598 (etatis
3141 559 3331 609 annos,
3361 553 3422 599 ut

1841 634 2157 704 putabatur,
2196 651 2387 692 novem
2409 677 2424 701 ,
2458 652 2577 705 qua:
2615 637 2785 691 tribus
2821 637 2976 691 annis
3006 637 3141 692 nihil
3173 636 3419 704 viderat,

1843 732 2088 794 tempore
2117 725 2372 780 salutaris
2395 724 2555 780 officii
2586 725 2638 778 in
2669 726 2840 779 media
2869 726 3052 795 populi
3077 726 3421 779 multitudine

1840 817 2160 883 constituta,
2191 826 2491 887 martyrum
2522 816 2942 885 suffragantibus
2972 804 3201 883 meritis,
3234 818 3418 872 lumen

1840 908 2099 963 amissum
2126 922 2193 962 ex
2219 908 2400 961 divina
2440 908 2788 962 miseratione
2830 909 3049 977 recepit.
3099 908 3300 963 Eadem
3332 908 3420 961 die

1838 996 2061 1065 quidam
2092 996 2275 1061 homo,
2307 996 2523 1049 nomine
2550 997 2721 1061 Dado,
2747 996 2813 1051 de
2834 997 2959 1049 villa
2985 997 3250 1051 Ponticuli
3276 1009 3295 1035 ε
3325 1011 3419 1051 vo-

1838 1094 1993 1150 cata,
2032 1086 2124 1155 qui
2160 1100 2330 1142 annos
2378 1102 2471 1141 sex
2508 1103 2705 1143 curvus
2741 1095 2894 1151 erat,
2932 1094 2985 1138 et
3022 1087 3089 1140 ad
3126 1086 3323 1141 coelum
3360 1100 3420 1141 se

1837 1176 2050 1245 erigere
2097 1192 2203 1231 non
2252 1185 2503 1245 poterat,
2559 1178 2789 1245 ideoque
2832 1177 3086 1231 brevibus
3130 1178 3415 1241 anticulis,

1836 1266 2180 1321 sustentandi
2208 1282 2266 1321 se
2296 1268 2469 1336 gratia
2501 1269 2599 1321 sub
2624 1268 2801 1321 axillis
2828 1267 3037 1336 positis,
3072 1284 3306 1321 cernuus
3334 1268 3419 1321 in-

1834 1357 2101 1418 cedebat,
2152 1358 2199 1411 is
2243 1359 2431 1412 eadem
2476 1359 2640 1423 hora,
2687 1357 2986 1427 eodemque
3028 1359 3081 1411 in
3126 1358 3274 1423 loco,
3318 1374 3418 1428 per

1834 1448 2263 1503 misericordiam
2293 1448 2386 1503 Dei
2428 1456 2482 1503 et
2524 1463 2619 1517 per
2660 1448 2851 1502 merita
2890 1449 3173 1503 beatorum
3214 1457 3418 1519 marty-

1834 1553 1991 1600 rum.
2022 1547 2237 1593 erectus
2265 1554 2329 1594 ac
2358 1554 2521 1594 sanus
2549 1538 2774 1594 effectus
2802 1546 2904 1595 est.

1905 1626 1992 1683 73.
2024 1628 2121 1683 Die
2150 1637 2345 1699 quarto
2370 1644 2632 1684 nonarum
2652 1628 2913 1697 juliarum
2933 1669 2947 1693 ,
2978 1628 3222 1697 quaedam
3248 1628 3411 1683 vidua

1833 1719 2050 1773 nomine
2076 1718 2345 1773 Adalrada
2366 1759 2380 1783 ,
2415 1733 2535 1787 quze
2566 1719 2724 1771 annis
2752 1727 2984 1786 quatuor
3010 1716 3291 1771 oculorum
3325 1717 3409 1771 lu-

143 1804 603 1861 intercessionem
627 1816 942 1863 sanctorum
971 1806 1270 1863 Marcellini
1304 1815 1361 1862 et
1393 1807 1565 1873 Petri,
1600 1822 1730 1862 cuu-
1760 1811 1806 1869 B
1834 1812 1980 1866 mine
2008 1811 2215 1879 privata
2253 1809 2387 1864 nihil
2422 1810 2673 1873 videbat,
2714 1808 2899 1862 audita
2934 1807 3195 1861 virtutum
3232 1805 3411 1872 fama,

142 1904 235 1950 cta
261 1898 511 1968 corporis
549 1899 993 1955 incommoditate
1031 1900 1253 1970 depulsa
1272 1939 1287 1965 ,
1319 1915 1486 1954 sanus
1514 1900 1583 1953 ab
1612 1916 1735 1955 ora-

142 1985 299 2042 tione
345 1990 602 2044 surrexit.
649 1989 879 2045 Factum
928 2001 1011 2047 est
1054 1993 1159 2047 hoc
1200 1991 1521 2046 miraculum
1573 1992 1734 2048 tertio

142 2076 360 2132 decimo
388 2077 658 2135 Kalendas
686 2078 834 2135 Julii.
865 2080 1019 2149 Quod
1049 2098 1082 2137 a
1114 2098 1201 2137 me
1230 2083 1481 2153 superius
1520 2082 1733 2152 plenius

138 2173 233 2219 est
282 2174 632 2235 enarratum,
688 2170 815 2239 quia
867 2185 968 2241 ego
1016 2170 1148 2225 illud
1193 2171 1351 2240 juxta
1406 2172 1730 2227 'relatiouem

142 2258 439 2311 memorati
468 2257 684 2330 Georgii
715 2262 1065 2317 conscribere
1093 2262 1300 2317 curavi.

214 2344 307 2399 70.
346 2344 616 2403 Diaconus
654 2357 834 2403 autem
872 2365 995 2405 cum
1035 2351 1282 2419 reliquiis
1311 2352 1470 2406 tertia
1500 2352 1588 2407 die
1616 2351 1728 2406 Va-

140 2434 420 2491 lentianas
456 2438 717 2504 veniens,
757 2454 880 2494 cum
920 2453 1015 2494 eas
1040 2438 1094 2493 in
1124 2440 1405 2497 basilicam
1438 2441 1495 2496 S.
1528 2441 1727 2507 Salvii,

139 2527 290 2581 sicut
321 2527 370 2582 ei
401 2527 579 2583 fuerat
606 2530 931 2598 imperatum
951 2570 967 2597 ,
999 2540 1312 2587 reverenter
1342 2542 1397 2586 et
1429 2532 1730 2589 honorifice

139 2618 398 2686 inferret,
428 2620 649 2690 quidam
672 2620 890 2689 juvenis
911 2622 977 2676 de
1004 2623 1131 2677 villa
1156 2624 1301 2694 regis
1329 2639 1448 2694 quae
1470 2625 1677 2679 Listina
1700 2637 1727 2665 ι

137 2720 391 2775 vocatur,
444 2710 756 2766 Dominicus
790 2712 1025 2778 nomine,
1077 2714 1169 2783 qui
1209 2728 1275 2768 eo
1322 2716 1534 2780 morbo,
1564 2724 1726 2784 ‘quem

138 2799 321 2857 ϐπερὶ
370 2817 645 2872 spasmum
693 2802 1001 2873 appellant,
1039 2802 1154 2872 jam
1198 2820 1298 2874 per
1338 2820 1537 2860 annum
1583 2808 1726 2861 inte-

138 2910 298 2971 grum
334 2890 417 2948 sic
443 2894 761 2959 vexabatur,
802 2902 862 2948 ut
898 2910 1093 2949 manus
1129 2893 1244 2963 ejus
1283 2896 1472 2950 dextra
1512 2898 1729 2966 penitus

143 2972 421 3039 contineri
478 2999 584 3039 non
636 2992 857 3054 posset,
915 2985 1034 3039 sed‘
1074 2985 1367 3055 agitatione
1424 2986 1722 3052 continua,

137 3078 298 3146 quasi
343 3077 439 3147 qui
483 3077 680 3133 molam
728 3084 999 3142 verteret,
1049 3086 1359 3133 moveretur
1404 3078 1457 3133 in
1500 3095 1724 3151 gyrum,

139 3170 330 3224 statim
354 3146 419 3223 in
445 3170 563 3239 ipso
591 3170 817 3224 introitu
838 3211 852 3235 ,
886 3185 984 3239 per
1013 3171 1205 3225 merita
1252 3146 1550 3226 beatorum
1580 3186 1723 3225 mar-
1755 3146 1799 3208 (ἶ

140 3270 355 3329 tyrum,
390 3275 573 3314 coram
597 3261 745 3314 omni
770 3260 968 3330 populo
994 3261 1069 3315 ita
1097 3269 1317 3314 curatus
1352 3269 1462 3325 est,
1502 3268 1563 3315 ut
1600 3268 1723 3333 post

138 3350 255 3405 haec
304 3350 509 3407 nullum
550 3350 697 3404 illius
748 3350 1032 3406 horrenda:
1080 3350 1393 3420 agitationis
1440 3358 1721 3419 pateretur

139 3439 567 3493 incommodum.
609 3440 819 3505 Exinde
857 3440 945 3495 die
980 3449 1205 3509 quarta,
1234 3440 1290 3493 in
1319 3438 1608 3494 festivitate
1634 3440 1717 3493 vi-

136 3530 343 3585 delicet
371 3530 517 3586 beati
541 3530 765 3585 Joannis
807 3530 1093 3601 Baptistae,
1138 3546 1275 3585 anus
1314 3530 1590 3599 quaedam,
1624 3545 1720 3584 no-

139 3623 283 3675 mine
333 3620 601 3686 Gerrada,
654 3638 777 3693 qua:
817 3637 876 3677 se
920 3636 1121 3675 annum
1164 3636 1331 3675 unum
1375 3618 1716 3691 (ποιμα,

135 3710 369 3783 εωεπη]
392 3711 560 3767 fuisse
592 3719 791 3766 testata
820 3718 937 3776 est,
979 3711 1107 3765 dum
1141 3711 1429 3765 missarum
1460 3709 1722 3764 solemnia

137 3802 552 3858 celebrarentur
590 3800 763 3873 [Ms.,
808 3801 1211 3874 celebrantur],
1254 3802 1522 3857 invocatis
1548 3798 1724 3857 beatis

138 3896 512 3966 martyribus,
556 3894 770 3959 lumen,
830 3894 975 3962 quod
1013 3909 1080 3949 ex
1118 3893 1224 3948 fide
1270 3894 1521 3965 petierat,
1586 3908 1720 3948 cun-

136 3985 239 4041 ctis
305 3985 403 4054 qui
468 3983 693 4038 aderant
748 3983 1099 4047 videntibus,
1166 3994 1270 4052 per
1334 3983 1550 4039 illorum
1605 3997 1719 4037 me-

137 4080 239 4133 rita
271 4062 502 4148 recepit.
549 4077 815 4132 Similiter
860 4077 915 4131 in
962 4075 1254 4142 festivitate
1304 4076 1475 4129 sancti
1520 4073 1719 4138 Salvii,

138 4170 226 4239 ειῆί
251 4168 441 4223 evenit
478 4176 634 4223 sexto
674 4166 944 4226 Kalendas
977 4164 1127 4231 Julii,
1155 4165 1375 4235 quidam
1403 4165 1566 4219 homo
1596 4179 1720 4218 sur-

140 4260 234 4315 dus
257 4268 315 4314 et
343 4267 565 4324 mutus,
608 4258 751 4313 inter
796 4256 1060 4312 solemnia
1102 4256 1425 4319 missarum,
1469 4269 1567 4323 per
1610 4252 1723 4308 suf—

143 4351 310 4422 fragia
358 4358 662 4421 martme
682 4390 697 4415 ,
728 4357 783 4404 et
811 4349 1053 4404 auditum
1080 4356 1135 4402 et
1166 4345 1437 4417 loquelam
1479 4346 1722 4414 recipere

141 4444 359 4497 meruit.
393 4442 595 4497 Eadem
638 4441 725 4495 die
764 4456 901 4495 anus
939 4439 1185 4515 qumdam
1227 4437 1294 4491 de
1330 4451 1468 4506 pago
1509 4435 1722 4489 Laudu—

138 4533 324 4598 nensi,
359 4530 710 4587 Rodeltrudis
740 4529 958 4585 nomine
979 4568 995 4592 ,
1027 4542 1148 4596 quas
1175 4542 1273 4596 per
1302 4533 1415 4580 tres
1444 4538 1615 4577 annos
1642 4522 1723 4577 lu-

139 4642 259 4685 men
285 4627 418 4685 οωιί
446 4641 555 4681 nou
587 4624 757 4689 vidit,
803 4623 855 4676 in
899 4621 1087 4677 eadem
1132 4618 1496 4674 celebratione
1535 4616 1724 4672 missa-

140 4736 292 4783 rum,
342 4718 521 4773 visum
563 4714 787 4783 recepit.
828 4712 1030 4779 Quinto
1072 4709 1345 4765 Kalendas
1385 4705 1546 4770 Julii,
1589 4720 1724 4773 puer

139 4802 364 4881 q'uidam
397 4821 663 4862 annorum
695 4804 915 4859 circiter
944 4811 1182 4871 septem,
1216 4798 1541 4853 Donitianus
1570 4795 1599 4834 ιι
1631 4809 1725 4847 no-

142 4904 317 4966 mine,
372 4899 468 4969 qui
516 4897 616 4951 fuit
661 4910 840 4950 caecus
881 4908 911 4947 a
954 4893 1271 4954 nativitate,
1316 4890 1441 4943 dum
1484 4886 1726 4942 divinum

141 4992 451 5046 celebratur
480 4986 711 5044 officium
729 5026 744 5052 ,
771 5000 869 5055 per
897 4984 1089 5039 merita
1113 4985 1396 5039 beatorum
1421 4988 1723 5048 martyrum

143 5080 483 5135 illuminatus
512 5086 617 5133 est.

210 5171 302 5224 71.
344 5170 406 5223 In
428 5169 608 5239 vigilia
632 5181 763 5223 vero
789 5166 1075 5221 beatorum
1102 5160 1470 5232 apostolorum
1497 5157 1645 5213 Petri
1673 5165 1729 5212 et

216 5338 242 5366 ι
266 5323 436 5378 Forte
464 5320 684 5375 Lessina
730 5318 983 5389 oppidum
1034 5313 1329 5389 llannonize
1351 5309 1726 5389 _aut__f.iptines

148 5410 312 5467 prope
339 5392 624 5467 Lanbinm,
657 5390 749 5444 ubi
767 5380 893 5443 's'ub
921 5386 1313 5441 Carolomanno
1348 5382 1404 5436 in
1431 5380 1556 5435 villa
1587 5380 1730 5449 regis

150 5463 387 5537 Synodus
417 5463 598 5516 habita
627 5468 731 5513 est.
1086 5525 1098 5537 .
1129 5524 1139 5535 .
1660 5520 1672 5532 .

219 5537 247 5575 ιδ
279 5533 477 5588 Putem
521 5528 901 5595 scribendum,
944 5525 1306 5587 Domitianus,
1361 5521 1448 5577 vel
1473 5520 1733 5575 Donatza‘

154 5623 419 5727 nu::Sunt
442 5671 662 5741 quidem
699 5669 752 5723 in
784 5669 960 5741 vicina
987 5663 1309 5741 Valencenis
1335 5660 1736 5741 Fland‘riaCalf

156 5744 344 5811 licana,
375 5730 519 5798 inter
552 5742 786 5797 Duacum
818 5748 871 5793 et
900 5738 1225 5804 Tornacum,
1252 5732 1387 5786 Pont
1412 5734 1442 5786 ὰ
1475 5730 1652 5787 Rache
1679 5739 1734 5785 et

1833 1915 1984 1970 spem
2013 1901 2161 1968 visus
2188 1901 2480 1972 recipiendi
2511 1916 2615 1955 non
2644 1916 2780 1959 vana
2809 1900 2913 1955 fide
2944 1899 3193 1968 concepit
3217 1915 3231 1963 ;
3263 1913 3415 1952 arre-

1831 2000 2033 2062 ptoque
2060 1993 2253 2048 baculo
2274 2034 2289 2057 ,
2322 1994 2435 2047 sola
2468 1993 2584 2047 sine
2612 1994 2835 2049 ductore
2862 1991 2927 2046 ad
2961 1990 3307 2046 Valentianas
3331 1990 3413 2045 ire

1832 2083 2135 2139 contendit.
2181 2082 2423 2151 Cumque
2468 2083 2589 2137 vico
2639 2080 3075 2151 apprOpinquare
3120 2080 3407 2151 coepisset,

1828 2172 2008 2227 visunt
2049 2179 2135 2228 est
2174 2172 2224 2227 ei
2267 2173 2411 2240 quod
2449 2171 2599 2225 velut
2640 2186 2809 2225 unum
2850 2169 2979 2224 solis
3017 2169 3229 2223 radium
3256 2167 3415 2222 oculo

1829 2264 2026 2319 dextro
2052 2263 2426 2331 conspiceret;
2457 2277 2520 2316 ac
2543 2262 2771 2331 proinde
2794 2260 3032 2314 divinam
3061 2258 3412 2313 clementiam

1827 2369 1966 2425 puro
2020 2354 2185 2409 corde
2232 2353 2524 2423 deprecata
2573 2358 2657 2407 est
2708 2358 2768 2405 ut
2812 2345 2911 2420 pei'
2964 2350 3413 2405 intercessionem

1831 2453 2149 2500 sanctorum
2199 2458 2421 2497 suorum
2470 2441 2754 2495 ecclesiam
2804 2439 2861 2494 S.
2916 2437 3083 2493 Salvii
3137 2454 3195 2494 se
3223 2439 3413 2493 videre

1827 2533 2187 2603 permitteret.
2226 2532 2534 2601 Statimque
2570 2529 2820 2584 exaudita
2859 2537 2971 2593 est,
2998 2539 3052 2584 et
3083 2529 3226 2597 quod
3262 2537 3417 2599 opta-

1829 2634 2015 2688 verat,
2045 2622 2273 2676 Domino
2304 2622 2629 2684 miserante,
2664 2620 2780 2673 sine
2808 2634 2960 2673 mora
2988 2627 3072 2673 est
3101 2628 3411 2675 consecuta.

1828 2712 1949 2783 lpsa
1997 2728 2211 2783 quoque
2253 2713 2370 2777 die,
2414 2712 2582 2766 altera
2628 2716 2872 2779 qumdam
2915 2708 3115 2764 femina
3162 2710 3228 2764 de
3270 2724 3414 2781 pago

1829 2803 2208 2869 Noviomensi,
2252 2804 2472 2857 nomine
2520 2800 2772 2864 Ruoitla,
2816 2800 3187 2869 quinquennio
3229 2814 3410 2866 caeca,

1831 2895 1976 2949 inter
2027 2896 2317 2949 missarum
2372 2892 2633 2947 solemnia
2684 2892 2865 2945 lumen
2922 2893 3066 2961 quod
3121 2892 3408 2957 amiserat,

1830 2982 2049 3039 Christo
2086 2982 2315 3037 Domino
2352 2996 2449 3052 per
2487 2982 2680 3037 merita
2720 2991 3031 3037 sanctorum
3060 2998 3282 3037 suorum
3312 2982 3413 3038 do-

1831 3083 1995 3128 nante
2016 3114 2030 3138 ,
2059 3074 2283 3146 recepit.

1906 3163 1995 3218 75.
2035 3162 2093 3216 In
2120 3162 2331 3217 octavis
2360 3160 2725 3229 apostolorum
2749 3201 2763 3226 ,
2795 3161 2847 3215 id
2874 3168 2958 3214 est
2978 3200 2993 3224 ,
3024 3159 3201 3228 pridie
3228 3158 3412 3218 Nonas

1827 3253 1983 3318 Julii,
2016 3253 2234 3325 quidam
2262 3252 2445 3315 homo,
2477 3249 2828 3306 Gunthardus
2856 3250 3094 3313 nomine,
3125 3250 3191 3303 de
3219 3250 3410 3306 eodem

1828 3359 1987 3414 pago,
2022 3342 2172 3396 Velut
2196 3340 2431 3411 paralysi
2462 3356 2772 3410 percussus,
2800 3340 2866 3393 ad
2892 3340 3173 3393 basilicam
3200 3338 3259 3393 S.
3290 3340 3413 3395 Sal-

1826 3433 1899 3486 vii
1928 3448 1958 3485 a
1985 3432 2098 3486 suis
2122 3430 2389 3484 adductus
2416 3438 2502 3483 est
2528 3446 2541 3481 :
2573 3429 2664 3497 qui
2683 3469 2695 3493 ,
2719 3436 2779 3482 ut
2802 3428 3082 3493 dicebant,
3101 3426 3215 3495 jam
3244 3444 3412 3487 unum

1826 3537 2026 3576 annum
2060 3521 2297 3575 habebat
2326 3520 2379 3573 in
2407 3520 2596 3573 eadem
2629 3518 2973 3581 infirmitate,
3006 3525 3061 3571 et
3100 3527 3211 3571 tam
3247 3520 3413 3594 vehe-

1828 3620 2042 3666 menter
2068 3611 2122 3663 in
2153 3609 2371 3663 sinistra
2397 3618 2551 3678 parte
2579 3606 2823 3676 c0rporis
2848 3606 2929 3660 sui
2953 3606 3269 3662 debilitatus
3294 3619 3410 3675 est,

1828 3712 1887 3757 ut
1924 3717 2024 3757 nec
2058 3717 2278 3757 manum
2323 3700 2391 3754 ad
2429 3715 2491 3754 os
2532 3700 2751 3763 ducere,
2783 3714 2883 3753 nec
2907 3712 2965 3752 se
2989 3698 3074 3752 vel
3116 3699 3297 3753 lavare
3325 3701 3412 3755 vel

1829 3794 2074 3849 calceare
2104 3792 2331 3846 valeret.
2362 3789 2495 3854 Hic,
2525 3804 2622 3857 per
2651 3788 3081 3843 misericordiam
3118 3788 3214 3844 Dei
3249 3792 3413 3844 meri-

1830 3892 1997 3952 taque
2039 3889 2386 3945 sanctorum,
2445 3888 2688 3947 tempore
2732 3880 3067 3934 matutinalis
3108 3880 3305 3947 ofllcii',
3354 3883 3411 3938 in

1812 3972 1943 4042 ipsa
1975 3970 2318 4027 solemnitate
2336 4010 2351 4033 ,
2382 3984 2545 4022 sanus
2572 3968 2797 4023 effectus
2821 3976 2924 4023 est.

1895 4059 1985 4113 74.
2018 4046 2282 4113 Similiter
2310 4051 2366 4111 et
2394 4058 2533 4111 alius
2566 4057 2757 4122 homo,
2787 4058 3005 4111 nomine
3038 4058 3369 4113 Hildebonus
3391 4101 3409 4127 ,

1825 4147 2059 4211 veniens,
2075 4147 2140 4202 de
2167 4146 2497 4201 monasterio
2524 4148 2666 4215 quod
2690 4146 3234 4203 Adcduos-Gemellos
3263 4148 3289 4187 ἀ
3316 4164 3411 4220 ap-

1826 4237 2074 4307 pellatur,
2124 4252 2246 4291 cum
2298 4236 2368 4290 ab
2415 4234 2641 4289 infantia
2687 4250 2862 4290 caecus
2900 4244 3077 4301 esset,
3118 4253 3184 4292 ac
3226 4238 3407 4295 lumen

1826 4331 1949 4385 caeli
1993 4332 2047 4384 in
2090 4338 2203 4383 tota
2246 4329 2358 4382 vita
2403 4344 2501 4382 sua
2531 4342 2638 4382 non
2672 4329 2926 4393 vidisset,
2958 4329 3011 4382 in
3042 4330 3409 4388 celebratione

1826 4420 2144 4483 missarum,
2172 4419 2361 4473 eadem
2404 4418 2491 4472 die
2510 4458 2523 4481 ,
2557 4418 2609 4471 in
2637 4417 2825 4472 eadem
2856 4418 3080 4473 basilica
3102 4460 3116 4485 ,
3146 4434 3246 4489 per
3286 4436 3409 4477 eos-

1744 4476 1798 4535 Β
1823 4510 1945 4565 dem
1989 4517 2225 4573 sanctos,
2248 4508 2439 4563 eodem
2480 4507 2708 4561 Domino
2731 4508 3027 4562 miserante
3050 4517 3213 4578 atque
3256 4510 3412 4564 auxi-

1825 4599 2026 4664 liante,
2068 4599 2246 4653 visum
2296 4598 2533 4667 recepit,
2578 4606 2631 4650 et
2694 4598 2874 4651 omnia
2937 4614 3058 4668 quas
3097 4600 3251 4668 prius
3298 4616 3406 4655 non

1826 4694 1991 4758 vidit,
2022 4693 2167 4747 clare
2196 4692 2383 4745 videre
2414 4691 2632 4745 meruit.
2664 4690 2761 4743 Die
2789 4705 2917 4743 vero
2942 4689 3215 4745 Nonarum
3241 4688 3410 4745 Julia-

1827 4802 1980 4850 rum,
2011 4784 2189 4854 puella
2217 4784 2463 4853 quazdam
2493 4782 2714 4852 parvula
2734 4823 2748 4846 ,
2790 4783 3007 4836 nomine
3038 4782 3405 4852 Reginlindis,

1829 4892 1953 4947 qua:
1986 4892 2102 4943 anon
2149 4876 2381 4945 amplius
2422 4888 2583 4944 quam
2625 4873 2902 4945 septennis
2944 4888 3063 4927 esse
3103 4874 3404 4937 videbatur,

1830 4983 1953 5023 cum
1994 4968 2169 5021 tribus
2206 4964 2364 5019 annis
2394 4964 2676 5019 oculorum
2707 4978 2927 5018 suorum
2969 4964 3171 5017 lumine
3200 4964 3409 5017 caruis-

1828 5066 1945 5124 set,
1976 5068 2031 5113 et
2061 5059 2201 5111 inter
2230 5064 2457 5112 caeteros
2485 5057 2539 5111 in
2566 5056 2788 5111 basilica
2817 5056 2883 5110 ad
2910 5056 3147 5109 divinum
3174 5054 3408 5109 officium

1831 5149 2157 5205 audiendum
2225 5148 2595 5209 constitisset,
2651 5145 3137 5200 intervenientibus
3188 5154 3408 5201 sancto-

1832 5302 1973 5359 Pont
1999 5307 2030 5358 ὰ
2054 5304 2239 5374 Harcy
2260 5320 2278 5368 ;
2303 5302 2395 5357 sed
2424 5300 2740 5374 alterutrum
2769 5298 2944 5374 locum
2971 5297 3060 5351 hic
3086 5297 3285 5367 signari
3315 5311 3411 5351 no-

1832 5376 1979 5430 mine
2020 5368 2284 5428 Ροηεὶεῐιιὶ
2314 5383 2516 5426 temere
2544 5370 2664 5438 quis
2689 5368 2926 5438 dixerit?

1903 5445 1930 5484 δ
1964 5444 2346 5498 Monasterium
2373 5441 2441 5494 ad
2464 5436 2593 5493 duo—.5
2622 5436 2877 5492 Gemellos
2906 5438 2995 5491 hic
3038 5437 3143 5491 dici
3174 5436 3409 5499 videtur,

1834 5516 1978 5586 quod
2005 5514 2287 5586 Ambianis
2335 5514 2386 5566 in
2412 5506 2848 5586 Picar‘diavulgo
2880 5505 3411 5586 nominatur_Saint-

1836 5576 2038 5641 Martia
2064 5586 2153 5638 des
2174 5585 2460 5645 Jumeaux,
2486 5595 2515 5632 a
2545 5578 2791 5634 Guidone
2818 5578 3092 5645 episcopo,
3132 5576 3232 5631 sub
3267 5587 3412 5629 anno

1837 5657 1998 5726 1073,
2023 5664 2210 5726 postea
2242 5658 2623 5711 restauratum.
