3912 6322
477 328 585 393 533

1769 326 2144 388 EGINHARDI
2182 330 2471 389 ABBATIS

3656 331 3770 389 585.

481 463 601 503 rum
651 444 861 500 meritis
881 483 896 511 ,
943 456 1131 501 coram
1160 440 1309 499 omni
1341 437 1688 498 multitudine
1709 482 1725 509 ,
1761 439 2064 495 illumma‘ta
2094 449 2141 509 Α
2168 442 2430 512 jungitur,
2458 457 2487 496 a
2520 441 2778 499 fratribus
2800 452 2821 482 ε
2851 440 3047 501 ibidem
3073 442 3184 500 Deo
3211 443 3605 511 servientibus,
3631 461 3758 515 quo-

482 548 584 595 est.
617 537 825 607 Quarto
866 535 992 591 ldus
1021 534 1171 602 Julii,
1209 549 1354 590 caeca
1397 536 1667 605 quaedam,
1699 533 1915 589 nomine
1942 533 2067 591 Ala-

481 632 567 701 gia
587 670 600 694 ,
637 644 759 701 qua!
801 628 1012 684 duobus
1050 627 1165 682 fere
1193 628 1349 682 annis
1376 627 1492 681 visu
1523 628 1746 682 carebat
1765 667 1780 692 ,
1812 625 1955 680 intra
1981 639 2069 680 sa—

478 741 572 779 era
601 724 893 778 missarum
923 722 1211 787 solemnia,
1263 719 1686 791 suﬂ'ragantibus
1715 719 1819 773 sibi
1854 725 2069 773 sancto—

482 830 601 869 rum
649 815 939 885 precibus,
986 828 1017 867 a
1062 812 1293 867 Domino
1332 810 1460 866 Jesu
1505 810 1725 865 Christo
1769 809 2069 864 illuminata

481 918 583 963 est.
619 909 823 963 Eadem
854 908 941 965 die
969 922 1147 962 caecus
1176 905 1397 974 quidam
1424 904 1581 960 valde
1610 919 1774 960 senex
1796 944 1811 969 ,
1843 904 1911 959 de
1941 903 2067 957 villa

481 996 771 1051 Gauliacas
826 1008 888 1063 ι,
940 995 1363 1050 Ermenwardus
1413 993 1713 1059 vocabulo,
1764 992 1856 1062 qui
1912 993 2069 1047 anuis

482 1083 893 1153 quatuordecim
941 1082 1077 1136 nihil
1116 1081 1300 1135 videre
1339 1080 1546 1150 potuit,
1590 1079 1660 1134 ad
1695 1078 2069 1149 vespertinum

484 1172 724 1228 ollicium
756 1166 1045 1227 ecclesiam
1077 1170 1359 1240 ingressus
1387 1170 1577 1223 beatos
1604 1175 1878 1238 martyres
1918 1167 2069 1221 invo-

476 1265 657 1328 cavit,
696 1277 761 1318 ac
785 1261 974 1316 statim
1005 1260 1253 1315 emcitate
1284 1258 1539 1328 depulsa,
1570 1256 1664 1312 diu
1706 1256 2070 1311 desideratam

483 1353 690 1419 lucem,
720 1352 953 1407 Domino
982 1349 1300 1418 adiuvante,
1329 1351 1558 1417 recepit.

552 1446 640 1501 75.
684 1440 926 1514 Septimo
966 1440 1223 1496 kalendas
1267 1439 1519 1509 augusti,
1567 1436 1749 1508 puella
1790 1436 2069 1507 quaedam,

482 1552 603 1606 quae
634 1536 703 1591 ab
726 1533 1004 1589 immundo
1030 1531 1223 1602 spiritu
1250 1533 1568 1595 vexabatur,
1596 1530 1651 1583 in
1680 1529 1958 1584 basilicam
1979 1527 2073 1584 ad—

482 1627 665 1690 ducta,
695 1626 821 1680 dum
851 1638 1021 1678 sacra:
1048 1622 1338 1678 oblationis
1364 1620 1597 1681 cilicium
1628 1620 1954 1685 celebratur,
1978 1632 2073 1686 per

480 1717 736 1770 virtutem
753 1714 952 1769 Christi
970 1713 1526 1773 etmeritabeatorum
1548 1720 1873 1781 martyrum,
1889 1709 2074 1780 fugato

2172 546 2292 586 rum
2330 540 2519 603 rogatu
2558 531 2817 601 reliquias
2856 542 3277 591 memoratorum
3311 534 3519 590 Christi
3557 545 3763 607 marty-

2172 636 2293 676 rum
2331 623 2398 678 ad
2436 621 2579 679 idem
2609 626 2999 679 monasterium
3048 626 3204 691 misi;
3253 626 3307 681 iu
3350 642 3461 698 quo
3509 627 3629 683 hac
3668 644 3764 700 per

2172 711 2419 767 ordinem
2440 720 2590 783 gesta
2614 722 2824 781 reperta
2853 722 2997 769 sunt.

2247 802 2274 842 ἀ
2309 803 2467 859 Anno
2494 804 2561 860 ab
2587 804 2957 861 incarnatione
2977 804 3190 860 Domini
3214 806 3385 861 nostri
3409 804 3535 862 Jesu
3557 806 3764 863 Christi

2176 893 2624 965 octingentesimo
2663 894 2921 957 vicesimo
2962 905 3175 961 octavo,
3217 898 3483 950 venerunt
3522 896 3765 967 reliquiae

2177 994 2493 1041 sanctorum
2521 984 2722 1041 Christi
2748 995 3047 1057 martyrum
3084 987 3383 1044 Marcellini
3418 996 3474 1044 et
3511 988 3660 1045 Petri
3697 990 3764 1045 ad

2176 1079 2564 1135 monasterium
2589 1077 2646 1134 S.
2678 1078 2929 1145 Bavonis,
2966 1079 3053 1134 die
3074 1081 3262 1149 quinto
3300 1080 3576 1137 Nonarum
3613 1080 3767 1147 Julii,

2176 1169 2312 1225 feria
2339 1177 2515 1235 sexta,
2537 1168 2829 1225 indictione
2849 1184 2923 1222 v1.
2961 1169 3144 1224 Tertia
3171 1169 3430 1235 verodie,
3455 1170 3509 1224 id
3530 1180 3640 1236 est,
3664 1171 3762 1225 Do

2179 1259 2379 1314 minica
2404 1258 2673 1329 proxima,
2698 1272 2819 1327 qum
2837 1256 2939 1312 fuit
2971 1257 3130 1313 tertio
3164 1254 3348 1313 Nonas
3381 1257 3572 1323 Julias,
3611 1275 3766 1329 quae—

2180 1348 2303 1403 dam
2340 1347 2527 1417 puella.
2558 1361 2727 1413 caeca,
2766 1347 2986 1401 nomine
3021 1346 3327 1414 Hartlinda,
3373 1349 3439 1403 de
3471 1348 3598 1404 villa
3645 1365 3768 1419 quae

2178 1438 2482 1495 Furseuum
2518 1448 2541 1477 °
2573 1437 2891 1507 appellatur,
2920 1452 3084 1509 quam
3108 1446 3268 1507 pater
3296 1446 3350 1493 et
3380 1447 3555 1493 mater
3581 1440 3768 1493 testati

2180 1537 2307 1585 sunt
2330 1535 2454 1584 octo
2479 1527 2637 1582 annis
2660 1527 2941 1583 oculorum
2968 1525 3143 1581 cilicio
3179 1528 3440 1592 caruisse,
3475 1543 3601 1582 eum
3640 1539 3770 1582 ante

2180 1620 2370 1683 altare,
2398 1633 2560 1688 super
2570 1618 2715 1688 quod
2729 1633 2897 1674 saera:
2910 1626 3208 1689 martyrum
3236 1617 3473 1686 reliquiae
3494 1628 3655 1673 erant
3678 1634 3775 1689 po-

2183 1712 2319 1776 sitae,
2347 1709 2540 1765 fuisset
2570 1709 2824 1775 adducta,
2866 1723 3052 1764 coram
3092 1708 3346 1763 omnibus
3384 1708 3475 1778 qui
3517 1710 3769 1771 aderant,

483 1808 748 1871 dmmoue,
773 1804 1179 1873 integerrimam
1205 1802 1403 1859 mentis
1423 1811 1478 1857 et
1498 1800 1743 1870 corporis
1772 1800 1972 1855 meruit
1995 1813 2078 1854 re-
2106 1792 2152 1852 B
2180 1804 2378 1870 visum,
2420 1800 2650 1857 Domino
2691 1801 3005 1868 miserante,
3052 1799 3276 1870 recepit.
3316 1799 3444 1854 Inde
3483 1809 3607 1869 post
3655 1801 3775 1855 dies

482 1900 667 1968 cipere
694 1898 1003 1952 sanitatem.
1053 1894 1181 1949 Haec
1212 1902 1339 1949 sunt
1365 1893 1627 1949 miracula
1655 1901 1818 1962 atque
1851 1892 2080 1946 virtutes

482 2005 621 2060 quas
646 1989 905 2044 Dominus
934 1994 1118 2042 noster
1136 1984 1295 2042 Jesus
1314 1985 1587 2049 Christus,
1613 1998 1712 2054 per
1731 1981 1926 2036 merita
1954 1997 2081 2036 san-

484 2090 696 2137 ctorum
724 2088 1025 2149 martyrum
1055 2092 1276 2132 suorum
1306 2075 1605 2131 Marcellini
1632 2083 1688 2139 et
1713 2073 1882 2139 Petri,
1915 2073 1970 2127 in
1999 2072 2083 2127 vi-

484 2186 553 2227 co
582 2169 953 2232 Valentianas,
986 2168 1052 2223 ad
1076 2167 1304 2223 salutem
1330 2167 1554 2221 humani
1594 2165 1827 2237 generis,
1865 2163 2082 2234 Operari

483 2260 738 2331 dignatus
765 2267 850 2313 est
873 2273 888 2311 :
911 2272 1033 2327 qua:
1073 2265 1406 2311 memoratus
1440 2254 1706 2326 Georgius
1735 2254 1765 2294 ι)
1798 2252 2085 2324 presbyter

481 2351 635 2407 brevi
668 2348 851 2404 llbello
890 2346 1114 2402 collecta
1155 2345 1313 2400 nobis
1356 2346 1572 2399 mittere
1618 2344 1849 2407 curavit,
1891 2351 1948 2397 et
1984 2356 2085 2396 nos

484 2441 611 2495 huic
628 2440 777 2510 operi
801 2445 990 2493 nostro
1018 2435 1329 2490 censuimus
1349 2432 1655 2488 inserenda.
1696 2431 1797 2486 llic
1815 2440 1899 2486 est
1916 2430 2085 2486 Geor-

483 2532 607 2602 gius
642 2530 955 2593 Veneticus,
1004 2528 1097 2597 qui
1124 2525 1191 2581 de
1230 2525 1411 2596 patria
1448 2538 1546 2579 sua
1588 2522 1657 2577 ad
1700 2523 2083 2591 imperatorem

484 2621 654 2684 venit,
686 2629 739 2674 et
764 2620 816 2673 in
840 2617 1078 2688 Aquensi
1099 2614 1302 2686 palatio
1323 2629 1608 2687 organum,
1627 2613 1771 2683 quod
1789 2611 1978 2667 Graece
1992 2612 2087 2683 hy-

486 2710 726 2765 draulica
760 2719 1003 2775 vocatur,
1036 2706 1265 2763 miriﬁca
1294 2717 1411 2761 arte
1431 2706 1755 2775 composuit.

1078 2818 1308 2874 CAPUT
1347 2816 1482 2871 Vlll.

489 2910 753 2964 Hiracula
777 2906 1037 2974 Gandbui,
1069 2908 1125 2962 in
1148 2908 1467 2961 monasterio
1498 2904 1555 2960 S.
1590 2904 1840 2969 Bavonis,
1868 2905 1939 2959 ad
1965 2903 2087 2959 reli-

562 2982 714 3050 quias
770 2981 957 3050 horum
1006 2974 1570 3032 sanctarum—chi
1614 2988 1729 3031 octo
1777 2975 2083 3030 illuminari.

564 3048 669 3102 Alii
694 3051 819 3117 ιτς]νὶ
851 3048 1044 3119 adjuti.

2180 1905 2326 1960 Octo,
2354 1894 2405 1948 id
2426 1901 2529 1958 est,
2553 1901 2748 1965 quarto
2769 1892 2888 1947 idus
2901 1890 3044 1959 julii,
3073 1892 3303 1946 adducta
3326 1899 3410 1946 est
3429 1891 3597 1945 altera
3618 1891 3775 1960 puel-

2180 1985 2231 2039 la
2259 1984 2509 2039 similiter
2537 2000 2704 2049 eteca,
2726 1985 2943 2039 nomine
2969 1982 3277 2049 Helmrada,
3300 1984 3368 2039 de
3391 1983 3517 2038 villa
3544 1983 3727 2054 Magle
3754 1983 3770 2021 ί

2183 2085 2492 2148 nuncupata
2519 2094 2531 2129 :
2562 2074 2715 2147 cujus
2758 2083 3011 2146 parentes
3052 2077 3117 2132 de
3156 2092 3219 2131 ea
3260 2078 3573 2142 retulerunt,
3625 2078 3774 2147 quod

2183 2180 2375 2229 octava
2406 2167 2493 2222 die
2524 2175 2812 2237 postquam
2850 2166 3122 2236 baptizata
3159 2166 3282 2231 fuit,
3315 2168 3491 2224 subita
3526 2169 3777 2223 excitate

2183 2272 2440 2329 percussa
2468 2256 2560 2311 sit.
2601 2255 2732 2322 Quae
2758 2264 2813 2310 et
2839 2256 2955 2326 ipsa
2984 2258 3166 2311 statim
3204 2272 3388 2311 coram
3423 2258 3592 2312 sacris
3619 2273 3774 2311 mar-

2184 2355 2365 2418 tyrum
2400 2346 2673 2401 cineribus
2716 2344 2922 2409 lumen,
2962 2344 3103 2415 quod
3130 2344 3244 2414 jam
3283 2348 3484 2403 dudum
3510 2350 3774 2419 perdidit,

2185 2436 2412 2491 Domino
2437 2436 2539 2490 sibi
2562 2435 2843 2500 reddente,
2871 2437 3093 2506 recepit.
3135 2438 3273 2492 Exin
3306 2432 3393 2495 die
3421 2440 3592 2501 tertia,
3629 2443 3775 2511 quod

2185 2525 2287 2580 fuit
2308 2527 2481 2595 pridie
2504 2526 2628 2580 ldus
2657 2523 2806 2590 Julii,
2831 2526 2975 2579 venit
3001 2527 3129 2581 illuc
3153 2527 3329 2596 puella
3355 2530 3622 2597 quadam,
3650 2545 3775 2584 cur-

2184 2630 2273 2681 va,
2299 2615 2517 2669 nomine
2550 2615 2822 2680 Bildrada,
2851 2616 2915 2670 de
2936 2615 3060 2669 villa
3089 2616 3376 2672 Boderetio
3410 2620 3459 2682 3,
3491 2633 3608 2689 qua:
3643 2634 3774 2690 per-

2188 2706 2324 2762 tinet
2345 2707 2413 2761 ad
2438 2706 2825 2761 monasterium
2849 2705 2908 2759 S.
2939 2704 3175 2762 Vedasti.
3216 2706 3347 2773 Quae
3367 2722 3492 2761 cum
3512 2717 3639 2762 ante
3658 2724 3774 2763 me-

2189 2803 2426 2851 moratas
2455 2803 2771 2851 sanctorum
2796 2795 3072 2865 reliquias,
3096 2811 3196 2865 pro
3224 2799 3562 2853 restitutione
3583 2798 3776 2853 salutis

2189 2898 2321 2949 sum,
2354 2886 2642 2941 Dominum
2671 2883 2948 2939 Christum
2984 2885 3299 2954 suppliciter
3328 2887 3656 2953 invocasset,
3687 2905 3777 2945 eo-

2191 2988 2310 3029 ram
2346 2974 2595 3028 omnibus
2625 2973 2715 3042 qui
2755 2974 2981 3028 aderant
3028 2984 3209 3031 erecta
3256 2985 3359 3043 est,
3405 2987 3461 3032 et
3506 2979 3775 3049 integrum

2190 3066 2436 3136 corporis
2464 3064 2548 3120 sui
2582 3072 2780 3120 statum
2816 3064 2875 3119 in
2916 3074 3191 3121 momento
3232 3069 3492 3138 temporis
3532 3070 3777 3141 recipere

561 3159 649 3213 76.
692 3158 842 3214 Alter
866 3158 1083 3213 libellus
1113 3157 1243 3213 mihi
1268 3157 1482 3213 oblatus
1520 3163 1603 3211 est
1640 3156 1708 3211 de
1748 3155 2083 3215 monasterio
2112 3139 2156 3202 C
2188 3158 2407 3216 meruit.

489 3250 665 3304 sancti
700 3248 955 3310 Bavonis,
988 3247 1132 3315 quod
1159 3248 1321 3302 situm
1347 3255 1432 3303 est
1464 3247 1616 3316 juxta
1651 3246 1887 3302 Sealdim
1919 3247 1973 3301 in
2001 3246 2082 3303 lo-

490 3355 555 3395 co
582 3338 769 3397 Gauda
793 3345 1007 3403 vocato,
1041 3336 1131 3392 ubi
1159 3337 1301 3393 idem
1324 3338 1497 3393 amnis
1527 3337 1702 3409 Legite
1722 3335 1929 3391 flumini
1954 3350 2085 3393 con-

563 3530 589 3558 ι
623 3516 914 3572 Gauliacaa
951 3518 1129 3572 adhuc
1157 3518 1343 3573 nescio
1374 3518 1619 3575 invenire
1644 3523 1793 3575 circa
1822 3520 2086 3576 Valeuce-

494 3603 614 3643 nas.

564 3660 592 3698 δ
628 3657 682 3713 1n
717 3656 1019 3712 Annalibus
1042 3656 1377 3712 Francorum
1403 3657 1705 3713 Pithceanis
1735 3660 1804 3715 ad
1833 3676 1959 3714 ann.
1980 3660 2087 3715 826

492 3728 599 3799 illa
631 3728 925 3799 leguntur_:
957 3746 1005 3799 _i_
1041 3726 1303 3799 Georgius
1329 3728 1548 3799 quidam
1572 3731 1865 3799 presbyter
1893 3731 1959 3784 de
1984 3729 2086 3784 Ve-

494 3794 833 3858 netia.'eum
880 3794 1130 3850 Baldrico
1181 3794 1379 3850 comite
1427 3794 1797 3864 Foroiuliense
1840 3800 2083 3865 veniens,

494 3881 763 3938 organum
803 3866 1179 3936 hydrauliwm
1210 3867 1721 3938 Aquisgranifccit.
1762 3888 1779 3919 ι
1819 3868 1937 3933 Quo
1964 3884 2087 3938 per-

492 3936 634 3990 fecto
661 3937 842 3989 factus
868 3943 953 3989 est
981 3946 1161 3990 rector
1194 3936 1512 3991 monasterii
1545 3936 1603 3991 S.
1624 3938 1824 4003 Salvii;
1860 3947 1915 3992 et
1945 3936 2087 3993 anno

491 4006 595 4060 827
624 4006 861 4061 obtinuit
888 4004 1146 4072 reliquias
1172 4005 1365 4059 dictas.

568 4088 587 4115 ε
613 4075 815 4129 Horum
842 4074 1071 4128 fratrum
1098 4076 1209 4128 sive
1232 4076 1619 4130 monachorum
1646 4076 1895 4129 abbatem
1922 4075 2088 4130 fuisse

498 4144 869 4215 Eginhardum
910 4144 979 4197 ab
1006 4159 1147 4197 anno
1175 4144 1298 4207 826,
1334 4148 1524 4200 scribit
1551 4146 1800 4215 Meyerus
1831 4148 1882 4198 in
1914 4161 2087 4199 anna-

495 4215 638 4270 libus
668 4215 968 4277 Flandrite;
1006 4215 1209 4268 addens
1246 4216 1386 4283 quod
1414 4216 1481 4280 is,
1515 4234 1532 4265 ι
1569 4216 1826 4270 sacerdos
1855 4215 2088 4271 Caesaris

496 4285 772 4347 Ludovici,
815 4284 1141 4345 coenobium,
1196 4284 1447 4339 incendio
1497 4286 1879 4350 deformatum,
1937 4286 2087 4340 resti—

498 4356 691 4424 tuerit,
738 4368 1013 4424 vagosque
1065 4355 1359 4424 monachos
1406 4356 1458 4408 in
1506 4372 1674 4409 unum
1728 4356 2021 4408 reduxerit.
2064 4376 2081 4406 ι

498 4422 660 4478 Hisce
685 4422 835 4476 addit
862 4422 1157 4486 Sauderus,
1190 4423 1281 4476 lib.
1316 4439 1367 4477 tv
1391 4425 1593 4477 Rerum
1620 4424 2081 4487 Gandavcnsium,

496 4508 617 4562 cap.
655 4494 711 4557 4,
739 4506 863 4546 eum
902 4511 920 4542 ι
950 4480 1270 4560 impetrasse
1304 4508 1331 4545 a
1352 4493 1624 4548 Ludovico
1656 4495 1785 4560 imp.
1820 4480 2087 4562 approba;
2114 4480 2165 4537 D

495 4566 701 4617 tionem
733 4562 1135 4631 privilegiorum
1166 4563 1396 4616 cmnobii
1427 4562 1731 4617 Gandensis
1758 4571 1813 4615 et
1842 4564 1946 4615 alia
1973 4564 2085 4631 pri-

500 4632 689 4701 vilegia
726 4646 893 4701 nova;
938 4651 955 4683 ι
1011 4648 1129 4701 quae
1185 4633 1391 4685 utinam
1443 4641 1745 4690 exstarent.
1779 4632 1845 4684 ad
1886 4632 2085 4685 contir-

498 4700 750 4754 matidam
801 4700 1141 4755 collationem
1192 4701 1352 4768 hujus
1399 4703 1628 4755 abbatim
1660 4702 1969 4769 Egiuharilo
2007 4700 2086 4753 fa-

495 4780 662 4825 ctam.
697 4770 850 4835 Quod
881 4780 1061 4824 autem
1092 4780 1369 4823 asscratur
1397 4787 1521 4825 eum
1552 4772 1834 4839 scripsisse
1878 4772 1930 4823 in
1961 4772 2083 4825 Vita

497 4840 678 4910 Caroli
738 4839 934 4910 Magni,
995 4839 1183 4895 ambos
1240 4840 1577 4907 frequentius
1643 4840 1804 4895 simul
1840 4840 2083 4894 Gandavi

498 4908 685 4971 fuisse,
727 4908 845 4963 noni
877 4910 1105 4979 habetur
1154 4911 1207 4962 in
1249 4912 1409 4979 hujus
1439 4911 1586 4973 Vita,
1620 4912 1688 4964 ad
1718 4910 1858 4963 diem
1892 4912 1961 4964 28
1990 4910 2083 4963 Ja-

501 4979 677 5032 nuarii
724 4995 754 5030 a
801 4979 956 5031 nobis
1002 4978 1289 5031 illustrata.
1322 4977 1455 5032 ‘Sed
1490 4995 1645 5031 'anno
1689 4980 1793 5032 826
1832 4995 1888 5032 se
1920 4980 2085 5033 fuisse

504 5045 742 5099 Gandavi
791 5047 844 5099 in
876 5049 1210 5117 monasterio
1258 5047 1315 5099 S.
1347 5047 1578 5101 Bavnnis
1626 5049 1813 5101 scribit
1859 5050 2085 5117 ipsemet

501 5132 667 5185 supra
710 5131 856 5169 num.
883 5116 937 5169 4.
985 5116 1109 5171 Fuit
1152 5117 1355 5185 Lupus,
1406 5119 1524 5185 ejus
1569 5116 1889 5179 familiaris,
1916 5118 2085 5171 abbas

502 5132 667 5185 supra
710 5132 856 5169 num.
883 5132 937 5169 θ.
986 5132 1109 5171 ιιιιιι
1152 5132 1355 5239 Lagus,
1406 5132 1524 5185 eius
1569 5132 1873 5179 mutuaris,
1916 5132 2085 5171 annas

502 5185 867 5239 Ferrariensis
896 5188 951 5239 in
983 5186 1201 5241 dimeesi
1268 5187 1523 5241 enonensi
1550 5195 1604 5240 et
1632 5186 1793 5241 simul
1821 5187 1878 5240 S.
1896 5185 2085 5240 Jndoci

502 5268 665 5323 super
694 5270 846 5310 mare
879 5255 932 5308 in
964 5254 1209 5310 Pontivo.
1274 5256 1352 5309 lta
1400 5258 1573 5323 potuit
1621 5256 1779 5309 simul
1831 5256 2086 5309 habuisse

502 5324 844 5394 Egiuhardus
878 5324 1115 5394 aliquam
1152 5340 1338 5387 curam
1381 5326 1695 5379 monasterii
1740 5324 1797 5378 S.
1824 5325 2080 5388 Bavonis,

502 5393 629 5448 licet
642 5393 911 5464 habitaret
933 5393 1335 5464 Hclingestadii.
1354 5424 1422 5433 ——
1438 5395 1583 5450 Idem
1604 5394 1832 5463 epistola
1858 5396 1925 5448 12
1950 5396 2086 5464 petit

508 5409 629 5448 ncet
642 5409 911 5448 nuntiaret
933 5409 1335 5518 nonagesimum
1354 5424 1422 5433 ——
1439 5409 1583 5450 luem
1604 5409 1832 5463 epistula
1858 5409 1925 5448 η
1950 5409 2085 5464 petit

508 5478 745 5587 Remum,
776 5463 878 5518 sibi
907 5464 1049 5534 apud
1144 5504 1158 5518 .
1184 5465 1455 5519 Bavonem
1501 5474 1557 5519 et
1585 5466 1637 5519 in
1668 5464 1952 5519 Blandinio
1989 5465 2085 5517 de-

567 5542 678 5585 tum
688 5572 699 5585 .

573 5600 599 5638 ἀ
632 5600 756 5657 Hice
780 5610 1034 5657 accurate
1064 5603 1395 5658 conveniunt
1414 5605 1467 5658 in
1493 5603 1698 5659 dictum
1725 5618 1927 5658 annum
1955 5601 2083 5667 828,

508 5670 658 5740 eyelo
687 5672 815 5725 solis
837 5672 929 5739 25,
963 5672 1161 5728 litteris
1188 5672 1608 5727 Dominicalibus
1648 5672 1707 5726 E.
1741 5672 1804 5726 D.

584 5752 606 5778 ο
632 5739 714 5794 An
756 5740 1071 5797 Fursenund
1115 5742 1459 5799 eontractiori
1500 5742 1717 5799 nomine
1768 5742 1969 5798 dictum
2016 5741 2086 5795 sit

2257 3246 2344 3300 77.
2384 3246 2578 3301 Postea
2606 3260 2756 3310 vero,
2802 3245 3123 3301 duodecimo
3150 3246 3239 3301 die
3288 3246 3653 3303 Kalendarum
3680 3264 3775 3302 au-

2187 3347 2498 3410 gustarum,
2530 3336 2731 3392 femina
2768 3338 3037 3407 quaedam,
3082 3340 3300 3395 nomine
3327 3338 3554 3408 Eddela,
3584 3340 3776 3395 ancilla

2186 3515 2382 3573 szeculo
2406 3530 2485 3570 xu
2505 3514 2748 3587 Furnas;
2781 3514 2934 3587 alteri
2962 3517 3375 3587 coniectandum
3397 3518 3667 3587 relinquo,
3690 3518 3777 3573 do-

2187 3601 2287 3642 nec
2315 3587 2518 3656 aliquid
2542 3586 2797 3655 proprius
2820 3586 2923 3640 hac
2946 3586 3217 3641 referihile
3244 3586 3566 3641 inveniatur.

2264 3656 2283 3691 ¹
2324 3656 2550 3712 Videtur
2576 3670 2695 3710 esse
2722 3656 3040 3710 hodiernum
3066 3656 3336 3710 Machelen
3354 3697 3368 3718 ,
3399 3658 3541 3712 inter
3563 3656 3776 3713 Cortrao

2188 3742 2309 3781 cum
2359 3735 2413 3780 et
2437 3725 2757 3779 Gandavum
2797 3726 2887 3780 via
2935 3725 3048 3779 fere
3098 3727 3296 3780 media.
3350 3726 3575 3781 Relicta:
3628 3729 3774 3783 fuere

2190 3798 2383 3851 horum
2412 3803 2723 3849 sanctorum
2744 3795 2998 3865 reliquite
3028 3796 3255 3865 indicto
3307 3795 3364 3850 S.
3396 3796 3632 3851 Bavonis
3662 3814 3775 3853 mo—

2187 3865 2425 3920 nasterio
2477 3880 2646 3934 usque
2689 3864 3005 3934 adrannum
3044 3864 3205 3929 1070,
3239 3868 3453 3934 quando
3485 3867 3773 3922 Balduinus

2190 3935 2509 3998 Montensis,
2537 3933 2718 3987 comes
2748 3933 3015 3990 Flandrim
3062 3942 3117 3987 et
3144 3933 3462 4000 Hannonis,
3513 3936 3566 3990 in
3594 3953 3773 3993 emno-

2189 4006 2277 4059 bio
2308 4003 2664 4074 llasuoniensi
2696 4004 2763 4056 ad
2788 4002 3051 4074 Scarpum
3079 4004 3321 4071 ﬂuvium,
3350 4007 3526 4059 tribus
3551 4008 3620 4061 ab
3646 4011 3772 4061 urbe

2190 4073 2789 4144 V'aleueenpnsileucis
2816 4073 3223 4144 procanonicis
3258 4076 3612 4131 saecularibus
3659 4092 3773 4134 mo—

2190 4146 2394 4215 nachos
2422 4142 3151 4215 Benedictiuosintroduxit,
3185 4147 3373 4215 eisque
3401 4146 3656 4215 templum
3691 4162 3773 4201 rc-

2189 4214 2423 4283 paravit.
2458 4212 2537 4266 Ad
2558 4213 2721 4283 quod
2739 4214 2952 4283 curavit
2982 4213 3258 4283 transferri
3286 4212 3362 4267 ex
3394 4212 3537 4269 dicta
3586 4216 3643 4271 8.
3668 4216 3767 4269 Ba-

2194 4280 2346 4355 vonis
2373 4280 2603 4355 ecclesia
2630 4281 2888 4355 reliquias
2914 4280 2971 4335 S.
2993 4281 3297 4355 Marcellini
3317 4292 3383 4355 et,
3399 4284 3569 4349 Petri,
3600 4300 3771 4355 capsae

2190 4354 2452 4434 inauratae
2493 4352 2797 4434 impositas,
2827 4360 2883 4405 et
2891 4354 3131 4434 gemmis
3164 4352 3768 4434 pretiosisexorna—tas,

2192 4433 2251 4476 ut
2285 4422 2529 4477 referunt
2549 4420 2866 4476 Guillelmus
2886 4420 3121 4476 Gazetus
3160 4420 3214 4477 in
3242 4423 3481 4478 Historia
3521 4424 3770 4479 ecclesia-

2192 4494 2328 4563 stica
2354 4490 2629 4563 Belgii,iin
2651 4491 2924 4563 Lietberto
2951 4492 3206 4561 episcopo
3233 4494 3512 4563 trigesimo
3541 4497 3769 4549 secundo

2190 4560 2567 4615 Cameracensi
2637 4570 2691 4614 et
2716 4560 3112 4631 iAtrehatensi,
3140 4560 3276 4631 pag.
3311 4560 3452 4627 162;
3511 4563 3769 4619 Henricus

2190 4578 2567 4615 cameracenst
2637 4578 2691 4614 et
2734 4578 3112 4626 AtrenatenSi,
3226 4578 3276 4631 g.
3319 4578 3452 4627 rex;
3513 4578 3765 4619 uenncus

2188 4631 2623 4703 Doutremannus
2673 4630 2767 4703 lib.
2794 4630 3105 4703 t_liis_tori:n
3142 4578 3616 4703 ﬁleneenuensis,
3646 4649 3765 4703 cap.

2188 4700 2242 4763 8,
2285 4700 2510 4753 Locrius
2557 4708 2611 4769 et
2658 4698 2769 4751 alii.
2822 4699 2897 4750 De
2944 4699 3093 4754 hisce
3128 4700 3369 4769 reliquiis
3415 4703 3519 4757 ista
3552 4698 3767 4757 adnotat

2189 4770 2421 4840 Bazzius
2471 4770 2523 4822 in
2549 4768 3108 4840 ,HicrogazOphy-laeio
3136 4768 3389 4840 Belgieo:
3425 4790 3445 4823 c
3480 4771 3630 4839 Quod
3660 4772 3768 4826 llo-

2186 4838 2343 4894 lanus
2389 4839 2603 4902 asserit,
2662 4838 3137 4893 iconomaehorum
3190 4838 3342 4895 rabie
3397 4842 3657 4896 feretrum
3705 4858 3766 4896 ac

2187 4911 2369 4963 omnia
2415 4924 2550 4976 pene
2592 4923 2779 4962 eorum
2825 4922 2980 4962 sacra
3025 4924 3149 4963 ossa
3200 4910 3485 4965 devastata
3531 4926 3671 4975 esse,
3702 4928 3763 4965 ex

2188 4978 2324 5032 falsa
2393 4979 2696 5046 aliquorum
2746 4976 3009 5048 relatione
3062 4980 3343 5048 scripsisse
3397 4990 3636 5036 autumo.
3691 4981 3762 5037 Ea

2186 5049 2329 5101 enim
2359 5048 2571 5117 piorum
2595 5046 2953 5117 quorumdam
2980 5046 3260 5102 hominum
3289 5049 3471 5105 studio
3499 5050 3764 5105 Valentia-

2187 5119 2273 5171 nis
2301 5116 2589 5180 occultata,
2612 5116 2903 5184 “hodieque
2952 5118 3098 5171 salva
3129 5118 3531 5175 HasuOnienses
3573 5128 3762 5174 ascette

2186 5187 2279 5259 pie
2306 5188 2357 5239 in
2388 5186 2747 5255 pulcherrima
2778 5199 2842 5239 ac
2861 5187 3249 5259 pretiosissima
3282 5203 3421 5259 auro
3439 5197 3763 5259 argentoque

2187 5256 2373 5309 caelato
2397 5270 2556 5324 capsa
2585 5263 3043 5326 commonstrant;
3085 5258 3227 5326 quod
3250 5272 3313 5326 ex
3346 5256 3573 5312 solem'ui
3598 5256 3763 5313 infor-

2189 5323 2621 5398 matione,’facta
2650 5331 2704 5398 et
2730 5323 2969 5398 eghibita
2993 5323 3210 5398 domino
3242 5324 3476 5398 Georgio
3503 5327 3759 5383 Colvene-

2191 5396 2289 5458 rio,
2342 5395 2709 5448 universitatis
2755 5393 3051 5449 Duacensis
3100 5393 3425 5450 cancellario
3474 5412 3537 5452 ac
3590 5412 3760 5451 sacra:

2189 5465 2473 5546 theologia:
2499 5464 2725 5546 doctori,
2756 5477 2963 5546 necnon
2994 5465 3269 5546 ordinario
3289 5465 3597 5536 professori,
3626 5467 3758 5522 mihi

2188 5530 2489 5588 certissime
2520 5541 2752 5588 constat.
2793 5551 2811 5583 ›
2845 5530 2970 5587 limo
2998 5533 3090 5587 ibi.

2231 5607 2289 5686 β
2314 5602 2555 5659 Bodereti
2598 5602 2884 5673 vestigium
2926 5603 3130 5660 nullum
3176 5612 3287 5662 tota
3311 5604 3562 5663 Flandria
3603 5606 3757 5663 inve-

2190 5689 2298 5730 mo.
