3912 6318
137 362 262 422 385

976 371 1153 426 HIST.
1194 373 1582 428 TRANSLAT.
1621 373 1724 427 BB.
1766 370 2184 426 MARCELLINI
2218 372 2307 426 ET
2339 372 2564 429 PETRI.

3309 371 3412 428 586

143 475 214 530 S.
247 475 500 540 Amandi,
532 478 598 532 de
621 478 743 533 villa
780 480 1048 536 Baceroda
1066 495 1318 550 avocata,
1345 501 1464 554 qum
1486 484 1734 554 plurimis
1762 492 1813 548 Α
1838 491 2008 538 tutem
2039 483 2261 550 Christi,
2291 485 2530 556 depulsis
2557 485 2822 542 universis
2851 486 3045 556 quibus
3079 485 3413 544 afficiebatur

151 571 316 622 annis
366 569 644 623 oculorum
675 571 877 626 lumine
907 577 1148 630 caruisse
1180 577 1484 642 dicebatur,
1532 577 1738 632 ibidem

145 662 390 718 feliciter
419 663 571 735 [Ms.,
610 665 858 738 fideliter]
887 682 1048 722 orans
1079 671 1252 723 visum
1277 670 1498 739 recepit.
1535 669 1737 724 Eodem

148 753 242 807 die
267 768 461 808 servus
486 756 708 823 quidam
747 755 811 810 ‘S.
847 757 1096 823 Bavonis,
1125 760 1426 814 Eberaldus
1449 758 1735 822 vocabulo,

147 841 219 895 de
259 841 389 895 vil'la
421 842 647 898 Millinio
697 845 744 909 δ,
779 848 866 914 qui
893 854 945 900 et
969 849 1083 916 ipse
1111 863 1207 916 per
1237 848 1420 917 plures
1449 864 1621 903 annos
1653 848 1737 902 lu-

147 946 277 987 men
304 933 428 987 cceli
452 949 558 988 non
579 935 738 1000 vidit,
763 939 974 992 cunctis
995 940 1087 1007 qui
1119 940 1342 993 aderant
1367 940 1732 1003 cernentibus,

145 1022 343 1076 eodem
373 1023 426 1077 in
448 1023 567 1078 loco
595 1024 684 1079 diu
718 1027 1021 1080 desiderata
1056 1029 1177 1083 luce
1205 1030 1435 1084 donatus
1471 1037 1573 1082 est.
1615 1029 1735 1098 Ipsa

147 1127 369 1182 quoque
400 1115 486 1167 die
509 1115 626 1168 dua:
654 1116 846 1180 viduae,
870 1132 989 1186 quae
1007 1117 1252 1186 plurimis
1273 1119 1429 1172 annis
1450 1133 1603 1173 caeca;
1619 1117 1736 1173 fue-

145 1212 290 1266 rant,
319 1204 517 1258 ibidem
545 1205 858 1279 illuminatze
888 1217 1033 1273 sunt,
1073 1223 1298 1276 quarum
1322 1210 1491 1264 altera
1515 1210 1735 1265 nomine

141 1291 450 1358 Blidwara,’
467 1295 532 1347 de
560 1294 687 1347 villa
713 1294 936 1350 Accinio
961 1307 981 1334 ο
1006 1313 1021 1360 ;
1053 1297 1220 1351 altera
1249 1297 1500 1352 Ricberta
1518 1305 1730 1365 vocata,

137 1380 214 1436 de
237 1382 366 1436 villa
389 1383 702 1438 Vuerminio
726 1385 750 1421 ά
780 1383 946 1441 fuisse
981 1394 1255 1441 narratur.

219 1517 309 1574 78.
353 1519 556 1574 Deinde
592 1530 714 1590 post
749 1523 862 1577 dies
905 1525 1093 1595 viginti
1125 1526 1382 1596 quinque,
1437 1528 1492 1582 id
1520 1537 1624 1594 est,
1674 1546 1731 1584 in

140 1605 443 1663 festivitate
469 1610 865 1681 Assumptionis
891 1625 1090 1668 sanetae
1135 1615 1334 1682 Mariae,
1365 1616 1569 1672 femina
1592 1634 1732 1688 quaa-

141 1697 271 1753 dam
302 1700 560 1755 vocabulo
587 1700 960 1772 Angarihilda,
993 1705 1061 1758 de
1084 1705 1209 1759 villa
1246 1706 1449 1778 Gojaco
1476 1719 1522 1773 ο,
1547 1724 1730 1763 coram

141 1786 319 1841 sacris
351 1787 646 1858 Martyrum
677 1790 936 1859 reliquiis,
963 1793 1112 1846 omni
1140 1795 1336 1864 populo
1370 1805 1645 1863 cernente,
1676 1806 1731 1852 et
1759 1832 1806 1891 Β

136 1875 196 1931 id
241 1878 385 1946 quod
423 1888 677 1933 evenerat
705 1881 1040 1946 admirante,
1082 1883 1157 1937 ita
1201 1884 1479 1939 incurvata
1519 1896 1623 1952 est,
1672 1899 1732 1942 ut

136 1966 362 2034 penitus
392 1983 452 2020 se
488 1968 558 2021 ad
599 1969 798 2024 omium
824 1970 1118 2026 videndum
1150 1975 1360 2044 erigere
1388 1993 1496 2031 non
1527 1987 1726 2046 posset.

135 2054 477 2125 Eademque,
492 2059 736 2126 sequenti
759 2059 866 2124 die,
888 2060 947 2114 id
963 2071 1047 2115 est
1059 2063 1266 2119 decimo
1292 2067 1521 2135 septimo
1537 2067 1730 2123 Kalen-

139 2147 240 2202 das
262 2146 618 2217 Septembris,
643 2152 700 2205 ~in
731 2152 922 2206 eadem
942 2155 1193 2220 ecclesia,
1228 2173 1351 2213 cum
1383 2162 1724 2232 evangelium

139 2239 436 2309 legeretur,
483 2242 674 2296 eodem
698 2244 895 2313 populo
923 2254 1078 2310 teste,
1127 2247 1200 2301 ita
1247 2259 1424 2304 erecta
1458 2260 1621 2321 atque
1672 2255 1729 2307 in

139 2339 348 2384 statum
395 2333 686 2400 pristinum
718 2335 966 2390 restituta
990 2345 1091 2398 est,
1126 2353 1190 2391 ac
1222 2339 1267 2392 si
1315 2356 1590 2409 nunquam
1635 2358 1732 2411 per

139 2423 310 2475 ullam
341 2425 586 2494 corporis
607 2425 688 2479 sui
721 2425 996 2480 lzesionem
1021 2427 1088 2480 ad
1132 2435 1332 2483 terram
1363 2430 1555 2488 fuisset
1573 2431 1731 2487 incli-

141 2520 290 2564 nata.
350 2512 544 2567 Postea
583 2529 733 2579 vero,
772 2517 1009 2570 secunda
1066 2524 1120 2571 et
1162 2518 1416 2573 vicesima
1455 2520 1541 2574 die
1576 2536 1728 2574 men~

139 2600 218 2654 sis
256 2600 615 2670 Septembris,
665 2604 719 2657 id
765 2614 849 2658 est
893 2606 1104 2661 decimo
1154 2602 1423 2663 Kalendas
1457 2608 1728 2676 Octobris,

139 2692 305 2747 homo
321 2694 539 2762 quidam
552 2695 766 2764 depago
789 2695 1089 2751 Texandria
1119 2697 1162 2762 ί,
1178 2713 1243 2752 ex
1257 2700 1382 2753 villa
1406 2716 1526 2770 qua:
1550 2700 1732 2772 Apen-

137 2784 231 2835 nia
258 2783 590 2848 nominatur,
618 2785 880 2840 vocabulo
910 2786 1217 2852 Liodoldus,
1241 2789 1333 2856 qui
1361 2798 1582 2858 propter
1603 2791 1734 2845 siui-

137 2874 242 2929 stri
271 2875 449 2928 cruris
472 2890 540 2929 ac
562 2874 712 2943 pedis
738 2876 1162 2931 imbecillitatem
1200 2879 1408 2933 duobus
1438 2894 1496 2933 se
1526 2880 1733 2935 baculis

138 2963 208 3016 ad
243 2963 597 3018 incedendum
635 2965 994 3030 sustentabat,
1025 2965 1099 3019 ita
1129 2967 1326 3021 ibidem
1355 2968 1409 3022 in
1443 2978 1732 3038 conspectu

140 3053 326 3122 populi
361 3053 599 3123 perfecte
612 3064 843 3110 curatus
863 3064 1041 3120 est,ut
1068 3056 1208 3109 ultra
1226 3057 1344 3125 jam
1375 3057 1429 3110 in
1454 3058 1732 3114 ambulan-

139 3146 209 3198 do
239 3145 554 3201 baeulorum
582 3147 907 3202 adminiculo
931 3164 1039 3202 non
1067 3164 1270 3219 egeret.

211 3259 303 3314 79.
345 3257 549 3324 Quarta
577 3274 705 3314 vero
732 3260 820 3314 die
883 3267 1006 3329 post
1038 3260 1399 3329 patrationem
1427 3261 1586 3332 hujus
1621 3265 1721 3318 mi-

138 3349 336 3412 raculi,
369 3349 425 3402 id
470 3357 554 3403 est
600 3350 826 3418 septimo
880 3348 1152 3404 Kalendas
1203 3347 1478 3416 Octobris,
1503 3350 1721 3418 juvenis

137 3440 364 3509 quidam
421 3442 617 3494 surdus
660 3448 716 3494 et
769 3449 968 3505 mutus,
1018 3441 1238 3494 sinistra
1286 3455 1500 3510 quoque
1556 3458 1721 3498 manu

137 3537 475 3593 contractus,
527 3530 745 3584 nomine
801 3528 1154 3594 Hunwaldus,
1207 3531 1274 3584 de
1313 3530 1438 3584 villa
1472 3530 1669 3586 Cowio
1695 3534 1720 3572 ⁸

137 3628 472 3688 nuncupata,
503 3634 624 3674 cum
654 3626 777 3672 ante
806 3633 990 3672 sacras
1015 3626 1320 3687 martyrum
1348 3619 1608 3689 reliquias
1629 3635 1720 3675 ve-

137 3713 332 3775 nisset,
361 3721 522 3779 atque
551 3710 625 3765 ibi
663 3707 972 3778 suppliciter
1004 3716 1234 3773 orasset,
1282 3709 1466 3763 statim
1493 3725 1590 3777 per
1614 3711 1723 3766 virs

215 3835 239 3863 α
277 3820 552 3874 Baceroda
582 3819 738 3889 vulgo
765 3818 994 3889 Baefroy
1023 3817 1090 3871 ad
1119 3817 1356 3873 Scaldim
1396 3819 1450 3874 in
1479 3819 1719 3875 Braban-

134 3894 235 3955 tia,
291 3893 346 3945 in
395 3891 568 3962 capite
598 3888 696 3941 viae
725 3888 968 3962 Alos_tum
1005 3889 1273 3962 ducentis,
1325 3891 1426 3943 sub
1467 3890 1721 3962 episeopo

136 3961 415 4017 Gandensi
448 3957 503 4012 in
536 3959 795 4012 decanatu
828 3957 1328 4010 Teneramondano.

211 4033 239 4070 δ
268 4029 577 4090 Miilim'unt,
613 4043 681 4080 an
711 4025 907 4079 Melle?
945 4026 1073 4080 item
1109 4027 1175 4079 ad
1205 4025 1442 4080 Scaldim
1483 4028 1536 4081 in
1560 4027 1721 4083 Flan-

135 4103 279 4165 dria,
313 4099 522 4152 duabus
550 4098 722 4167 leucis
749 4095 888 4149 infra
912 4095 1264 4167 Gaudavum?
1291 4111 1362 4150 an
1391 4099 1569 4167 potius
1585 4097 1724 4151 Μαι.

134 4171 240 4224 lem
269 4170 327 4222 in
357 4169 603 4222 districtu
626 4165 1057 4220 Aldenardensi?

214 4251 236 4278 ο
273 4239 571 4301 Accinium,
607 4235 990 4305 verosiiniliter
1015 4233 1261 4300 Eessene,
1303 4250 1470 4305 prepe
1495 4236 1719 4292 Dixmu-

135 4311 261 4364 dam
293 4307 396 4361 sub
423 4307 734 4375 episcopatu
762 4304 988 4375 lprensi.

212 4379 240 4418 ά
281 4370 838 4439 Vuerniinimh,_nunc
865 4371 1111 4426 fortassis
1139 4370 1402 4426 deﬂexum
1427 4373 1480 4426 in
1503 4373 1718 4429 Warm-

134 4450 287 4510 hout,
316 4445 473 4515 quasi
503 4443 787 4515 Werntim'i
816 4441 1060 4515 silvatin
1095 4441 1411 4496 castellania
1433 4442 1713 4514 Bergensi.

212 4530 235 4557 ο
268 4509 552 4585 Gdjacum,
577 4512 736 4585 hodie
763 4511 948 4565 forsan
972 4509 1245 4585 Qoyegem,
1275 4526 1416 4566 unus
1445 4527 1514 4567 ex
1538 4509 1717 4582 paria-

136 4589 282 4643 tibus
313 4579 644 4640 castellanis
672 4579 1062 4635 Cortracensis.

214 4657 232 4697 ί
266 4653 589 4716 Texandria,
613 4651 748 4704 alias
779 4649 1104 4712 Taxandria,
1135 4649 1397 4704 hodierno
1428 4666 1530 4706 usu
1560 4651 1718 4706 Cam-

133 4728 282 4802 piniq
308 4740 406 4779 seu
429 4721 717 4802 Camgam’a
736 4719 1088 4783 Brabantica;
1113 4718 1206 4773 ubi
1227 4727 1407 4774 tamen
1423 4720 1716 4790 Apenniam

239 4797 372 4848 dum
404 4797 600 4848 reneri.

136 4808 372 4852 necdum
404 4808 600 4861 reperi.

209 4869 234 4905 ε
267 4864 520 4917 Gai-vium
557 4859 648 4914 ubi
677 4859 1023 4928 quaerendum
1053 4856 1143 4922 sit,
1171 4858 1401 4913 necdum
1443 4861 1592 4928 potui
1637 4861 1716 4915 di-

157 4938 348 4990 dnare.

135 4952 604 5056 Ἠῗιδῖἳέτεωηάία
637 5000 692 5053 in
727 4996 946 5068 dimcesi
975 4997 1328 5068 Tornacen_si,
1371 4998 1531 5068 vulgo
1558 4999 1715 5052 War-

136 5075 255 5130 οσὺι
281 5073 355 5126 ad
376 5069 636 5134 Scaldim,
657 5069 798 5122 inter
820 5065 1135 5121 Cortracum
1160 5073 1217 5119 et
1237 5065 1562 5133 Tornaciim,
1592 5069 1715 5122 huic

137 5159 304 5217 quam
340 5151 432 5194 isti
459 5155 695 5218 propior.
937 5204 948 5215 .
1275 5208 1286 5219 .
1661 5207 1671 5216 .

213 5216 233 5255 ί
270 5210 686 5284 Βετεὶῃῃαζιειτη,
737 5205 1006 5284 fortassis
1029 5215 1346 5284 contra_ctim
1384 5206 1627 5284 Bernem,
1660 5223 1715 5259 in

138 5287 411 5340 decanatu
439 5275 774 5345 Ardenburgi
803 5275 902 5346 sub
925 5275 1176 5344 episcopo
1204 5276 1484 5346 Brugensi.

213 5353 228 5403 i
272 5344 869 5424 Scitaltheim_,_mu'tatis
895 5352 1097 5424 per-tot
1132 5344 1717 5424 saacula'yehementer

139 5420 418 5478 aestuariis
484 5415 695 5470 Scaldis
740 5413 1117 5467 verosiniiliter
1165 5429 1307 5466 nunc
1355 5413 1515 5477 latet,
1561 5413 1715 5480 aquis

140 5485 790 5562 haustumetslelewlna
1145 5550 1218 5562 ..
1362 5558 1372 5562 _
1594 5551 1624 5562 ..

215 5564 241 5602 ιι
272 5555 662 5619 Aldingaheim,
691 5551 828 5604 forte
859 5549 1292 5619 Maldingaheim,
1322 5558 1379 5602 ut
1407 5551 1479 5603 sit
1501 5550 1717 5604 hodier-

143 5646 272 5686 num
299 5619 649 5695 MalJegItem,
675 5621 865 5689 Brugis
890 5620 1095 5674 distans
1121 5620 1188 5673 ad
1217 5628 1328 5673 tres
1352 5619 1554 5683 leucas,
1578 5619 1716 5673 Gan-

143 5697 673 5771 da‘f‘ladﬂuinqmz.
757 5760 789 5771 ..
1277 5759 1306 5771 ..
1409 5758 1468 5771 .-
1632 5758 1680 5771 --

217 5769 343 5823 lDe
385 5758 822 5828 hisce'reliquiis
870 5759 1068 5814 ibidem
1114 5759 1362 5832 repertis,
1406 5758 1509 5816 ista
1559 5758 1714 5814 nobis

587 5855 858 5915 Pnaon.
900 5850 1060 5912 CIV.

1839 576 2216 641 incommodis,
2250 578 2322 630 ita
2353 592 2516 631 sanus
2567 576 2790 633 effectus
2837 587 2939 644 est,
2977 594 3042 634 ac
3067 580 3111 634 si
3139 597 3413 652 nunquam

1840 674 1934 720 aut
1956 668 2170 732 surdus,
2224 677 2317 721 aut
2342 676 2542 734 mutus,
2568 677 2660 723 aut
2710 685 2775 725 ex
2806 674 3174 728 contractione
3224 689 3417 730 nervo-

1841 774 1960 814 rum
2010 760 2068 814 in
2095 777 2257 815 manu
2311 761 2500 816 fuisset
2553 762 2732 831 aliquo
2765 764 2923 818 modo
2949 765 3280 822 debilitatus.
3314 765 3411 821 Se-

1837 849 2132 921 quentique
2177 851 2286 916 die,
2338 852 2442 907 hoc
2470 862 2552 906 est
2607 863 2762 907 sexto
2824 855 3087 912 Kalendas
3142 855 3412 922 Octobris,

1837 940 2037 995 femina
2067 943 2335 1013 quaedam,
2367 946 2582 999 nomine
2605 945 2952 1016 Engilgarda,
3013 965 3131 1018 qua:
3155 965 3254 1020 per
3277 951 3416 1004 mul-

1838 1038 1924 1086 tos
1951 1046 2121 1087 annos
2150 1033 2265 1087 dira
2296 1035 2559 1104 paralysis
2607 1037 2856 1105 passione
2887 1039 3188 1103 tenebatur,
3225 1041 3414 1096 eadem

1837 1121 1893 1174 in
1918 1122 2159 1191 basilica,
2194 1140 2292 1194 per
2317 1127 2510 1180 merita
2533 1126 2818 1183 beatorum
2869 1141 3192 1202 martyrum,
3229 1149 3413 1188 coram

1835 1211 1982 1264 omni
2013 1213 2229 1282 populo,
2259 1223 2344 1268 est
2369 1225 2578 1269 curata.
2630 1218 2760 1271 Erat
2789 1219 2976 1273 eadem
3032 1222 3220 1275 ancilla
3250 1225 3415 1291 perti-

1836 1317 1971 1356 nens
1995 1305 2061 1357 ad
2099 1305 2430 1376 episcopium
2472 1307 2834 1375 Tornacense,
2864 1313 2928 1366 de
2978 1313 3100 1366 vilia
3129 1330 3248 1384 qua:
3277 1317 3414 1370 Vne—

1835 1395 2146 1448 recundiah
2182 1398 2506 1453 nominatur.
2567 1400 2623 1454 ln
2676 1404 2971 1458 crastinum
3031 1421 3180 1470 vero,
3237 1407 3290 1461 id
3334 1420 3416 1462 est

1833 1482 2020 1552 qrtinto
2052 1484 2316 1542 Kalendas
2368 1487 2638 1554 Octobris,
2673 1491 2842 1546 altera
2893 1496 3139 1563 quaedam
3189 1495 3412 1558 femina,

1835 1579 2050 1634 nomine
2091 1580 2422 1652 Ramburga,
2479 1584 2544 1638 de
2572 1584 2693 1638 villa
2751 1585 3148 1656 Bertingalieim
3198 1591 3215 1628 ί
3254 1591 3414 1643 simili

1831 1668 2084 1734 passione
2113 1670 2169 1723 in
2202 1669 2445 1726 inferiori
2483 1674 2727 1741 corporis
2783 1675 2864 1732 sui
2905 1683 3061 1744 parte
3086 1677 3240 1733 valde
3270 1677 3417 1733 debi-

1831 1757 2009 1823 litata,
2045 1761 2256 1814 cunctis
2313 1761 2405 1831 qui
2448 1763 2674 1818 aderant
2721 1765 3047 1830 videntibus,
3083 1781 3267 1821 coram
3305 1768 3414 1822 eis~

1835 1848 1957 1902 dem
2009 1861 2322 1905 sanctorum
2381 1852 2645 1922 reliquiis,
2710 1854 3004 1924 perfectam
3049 1859 3412 1913 membrorum

1836 1952 2057 1993 suorum
2115 1940 2427 1996 ﬁrmitatem
2485 1943 2718 2012 recepit;
2765 1954 2928 2014 atque
2978 1961 3008 1998 a
3042 1946 3250 2012 inorbo,
3308 1963 3414 2016 quo

1830 2041 1929 2095 per
1959 2028 2142 2083 decem
2173 2045 2343 2085 annos
2371 2031 2646 2087 laberasse
2706 2032 3001 2099 ferebatur,
3033 2034 3143 2090 Deo
3179 2036 3411 2104 volente,

1831 2121 1888 2174 in
1919 2129 2192 2176 momento
2219 2123 2478 2192 temporis
2505 2122 2727 2178 liberata
2755 2133 2859 2178 est.

1905 2211 1993 2267 80.
2037 2212 2241 2266 Eadem
2274 2212 2359 2266 die
2390 2213 2478 2267 vir
2498 2213 2715 2281 quidam
2739 2229 2930 2279 παῖδας,
2966 2216 3415 2272 nomineGerma-

1832 2321 1945 2369 rus,
1975 2306 2040 2360 de
2066 2305 2194 2359 villa
2225 2304 2555 2361 Schaltbeim
2584 2305 2634 2372 i,
2660 2323 2779 2379 quae
2789 2307 2944 2377 juxta
2969 2310 3170 2364 ostium
3185 2310 3410 2376 Sealdis,

1829 2396 2068 2452 fluminis
2098 2398 2150 2453 in
2201 2399 2475 2452 maritima
2502 2399 2787 2454 Frisonum
2820 2401 3039 2472 regione
3082 2404 3258 2472 posita
3284 2414 3368 2458 est
3395 2422 3409 2468 ;

1831 2507 1955 2547 cum
1973 2492 2064 2554 ibi,
2095 2507 2194 2561 pro
2220 2491 2529 2547 calamitate
2541 2507 2700 2562 quam
2722 2494 3048 2563 patiebatur,
3078 2494 3288 2551 Domini
3313 2497 3414 2550 mi-

1833 2583 2184 2639 sericordiam
2213 2591 2268 2638 et
2297 2583 2487 2639 beatos
2507 2592 2774 2655 martyres
2805 2585 3412 2658 invocasset,diunega-

1834 2681 1946 2728 tum
1968 2673 2285 2728 lumencum
2306 2674 2744 2745 laetitiarecipere
2757 2677 2970 2731 meruit.
3009 2677 3212 2744 Quarta
3231 2668 3412 2735 autem

1833 2763 1921 2819 die
1947 2772 2234 2832 postquam
2266 2764 2368 2818 hoc
2397 2764 2607 2834 signum
2635 2765 2863 2820 Domino
2902 2766 3118 2822 volente
3159 2769 3406 2838 contigit,

1834 2854 1888 2909 id
1909 2862 2011 2917 est,
2059 2854 2233 2922 pridie
2284 2854 2553 2910 Kalendas
2599 2856 2862 2922 octobris,
2913 2857 3160 2925 quaedam
3217 2860 3410 2915 ancilla

1835 2941 1892 2996 S.
1923 2941 2181 3016 Bayonis,
2231 2943 2491 2998 vocabulo
2519 2942 2834 3009 Gundrada,
2888 2947 2953 3000 de
2976 2945 3102 3001 villa
3156 2945 3410 3019 Aldinga-

1831 3035 1978 3089 beim
2009 3034 2035 3075 ιι
2072 3049 2190 3104 quae
2242 3036 2414 3089 tribus
2467 3033 2583 3089 fere
2619 3036 2776 3090 annis
2813 3036 2979 3091 solem
3017 3053 3126 3093 non
3178 3040 3406 3103 viderat,

1831 3125 1923 3180 ubi
1951 3141 2010 3182 se
2038 3140 2224 3180 coram
2272 3125 2431 3180 altari
2460 3126 2528 3180 ad
2556 3127 2819 3180 orandum
2874 3129 3189 3197 prostravit,
3225 3130 3405 3186 lumen

1829 3215 1973 3284 quod
1998 3216 2276 3280 amiserat,
2301 3213 2515 3270 Christo
2571 3215 2799 3271 Domino
2825 3231 2922 3285 per
2972 3219 3165 3277 merita
3190 3231 3407 3278 sancto;

1825 3324 1946 3364 rum
1975 3323 2190 3366 suorum
2220 3307 2504 3378 largiente,
2542 3309 2765 3378 recepit.

2437 3397 2665 3453 CAPUT
2705 3397 2793 3451 IX.

1824 3467 1905 3518 Ad
1946 3465 2193 3536 reliquias
2225 3466 2454 3540 Trajecu‘
2498 3469 2759 3540 depositas
2809 3479 2983 3540 sanati
3032 3488 3179 3538 elect,
3230 3476 3402 3540 surdi,

2218 3538 2372 3601 muti,
2396 3537 2673 3600 contracti,
2704 3537 3004 3608 paralytici.

1894 3618 1982 3673 81.
2032 3617 2275 3670 Tertium
2305 3631 2516 3685 quoque
2538 3616 2773 3672 libellum
2801 3619 3109 3677 detulerunt
3136 3627 3269 3680 mihi
3296 3624 3405 3680 fra-

1824 3720 1935 3764 tres
1961 3709 2028 3764 de
2051 3707 2381 3763 monasterio
2415 3706 2428 3745 ι
2459 3706 2519 3762 S.
2549 3707 2784 3763 Servatii
2829 3709 3198 3781 confessoris,
3261 3719 3402 3784 quod

1821 3834 1920 3887 pro
1965 3833 2059 3871 sua
2093 3819 2426 3887 humanitate
2465 3816 2769 3870 transmisit
2816 3816 2878 3870 D.
2907 3817 3138 3875 Alardus
3164 3822 3402 3880 Lauren-

1821 3886 1930 3942 tius
1981 3902 2085 3939 van
2136 3886 2257 3957 Eyll
2288 3926 2308 3957 ,γ
2335 3887 2654 3957 Acanenicus
2719 3887 2960 3957 ecclesia:
3006 3889 3395 3957 Trajectensis:

1828 3977 1845 4007 ‹
1881 3973 2025 4010 anno
2052 3944 2262 4010 Domini
2291 3944 2451 4018 l625,
2479 3957 2680 4025 mensis
2706 3955 2903 4025 Aprilis
2927 3957 3012 4012 die
3037 3944 3126 4025 25:
3144 3944 3402 4018 cuni—alii;

1822 4026 2141 4106 quantulum
2168 4025 2482 4106 el‘evaretur‘
2510 4024 2644 4106 lapis
2677 4024 2866 4106 altaris
2894 4024 3118 4106 S.rl_>_etri
3146 4035 3373 4106 apostoli
3385 4076 3397 4095 ,

1823 4093 1878 4150 iii
1903 4104 2086 4166 crypta
2117 4094 2358 4166 ecclesiae
2381 4093 2677 4164 collegiate:
2708 4093 3037 4166 S.7Servatii,
3070 4107 3126 4152 et
3153 4093 3398 4156 n’onnihil

1821 4180 1889 4220 ex
1913 4163 2022 4218 una
2049 4173 2200 4232 parte
2226 4163 2718 4233 inclinatus’esset;
2749 4165 3142 4233 deprehensum
3172 4179 3256 4224 est
3278 4187 3397 4226 eor—

1818 4234 2157 4303 pusaltaris,
2187 4234 2272 4287 cui
2315 4232 2752 4303 lapispinnititur,
2785 4232 2930 4288 intus
2965 4250 3086 4290 esse
3125 4253 3318 4295 cavum
3341 4254 3397 4296 et

1821 4301 2124 4358 confectum
2169 4317 2238 4356 ex
2262 4302 2420 4356 unico
2461 4301 2656 4369 lapide,
2697 4303 2838 4357 intus
2876 4313 3081 4369 cavato,
3116 4308 3183 4361 ad
3225 4309 3398 4365 instar

1820 4374 1984 4436 vasis,
2013 4373 2079 4450 ad
2108 4371 2466 4450 capacitatem
2497 4371 2722 4450 duorum
2744 4372 3033 4450 pedum__in
3063 4374 3396 4450 longitudine

1819 4451 1873 4496 et
1896 4440 2230 4517 sesquipedis
2251 4440 2309 4517 in
2336 4440 2619 4517 latitudine
2639 4449 2695 4517 et
2721 4441 3107 4517 profunditate,
3139 4440 3192 4517 iii
3225 4462 3395 4517 eaque

1742 4501 1796 4561 D
1821 4501 2160 4590 concavitate
2192 4509 2484 4590 repositam
2516 4501 2788 4590 capsulam
2814 4501 3139 4590 plumbeam,
3169 4501 3394 4590 longﬁ'u;

1821 4581 1962 4634 dinis
1995 4580 2108 4634 fere
2150 4578 2310 4632 unius
2344 4578 2531 4648 pedis,
2576 4578 2730 4647 cujus
2756 4582 3024 4648 operculo
3072 4578 3392 4648 insculp'tum

1819 4659 1873 4704 et
1916 4659 2198 4704 exaratum
2238 4646 2361 4702 erat
2383 4663 2399 4702 :
2433 4646 2709 4710 RELIQUlE
2750 4646 3080 4705 Minentur“
3114 4669 3183 4706 nr
3221 4646 3391 4711 Periit

1821 4735 1986 4773 nar.
2035 4719 2202 4788 Erant
2230 4725 2408 4788 autem
2439 4716 2702 4788 (lictorum
2737 4727 3035 4788 martyrum
3066 4723 3279 4778 cineres
3311 4727 3389 4780 in-

1818 4788 1982 4843 voluti
2008 4787 2226 4841 sudario
2251 4785 2680 4858 adhuc_integro,
2713 4787 2808 4858 sed
2834 4785 2977 4856 quod
3004 4791 3227 4846 minimo
3255 4803 3393 4848 atta-

1818 4867 1907 4911 ctu
1955 4859 2008 4910 in
2053 4857 2264 4911 cineres
2307 4855 2695 4909 resolvebatur.
2747 4855 2916 4910 Erant
2965 4867 3144 4915 autem
3181 4863 3391 4919 cineres

1819 4926 1895 4997 illi
1923 4927 1976 4978 iu
2001 4940 2066 4997 ea
2093 4924 2414 4997 quantitate,
2439 4939 2600 4997 quam
2626 4924 2902 4997 sudarium
2931 4942 3122 4996 capere
3150 4940 3382 4997 poterat.

1817 4995 1926 5049 Has
1961 4993 2219 5064 reliquias
2258 4993 2507 5064 viderunt
2553 4993 2623 5064 in_
2660 4993 3021 5064 dicto‘altari,
3060 4993 3387 5056 reverendus

1815 5061 2349 5119 dominus'decanus
2392 5061 2694 5116 Wiuandus
2745 5077 2775 5116 a
2804 5061 2984 5119 Gelria
3011 5106 3025 5130 ,
3072 5065 3388 5124 Guilielmus

1818 5132 2057 5206 Tophius
2097 5138 2390 5206 c_ant9r,_et
2411 5130 2646 5206 Joannes
2667 5130 2899 5196 Stevart,
2927 5137 3170 5190 canonici
3197 5140 3388 5206 praedi-

1817 5199 1916 5256 ctae
1948 5202 2186 5256 ecclesia:
2222 5199 2280 5254 S.
2301 5199 2552 5254 Servatii.

2123 5309 2348 5365 Carmen
2371 5309 2435 5363 de
2460 5310 2600 5362 dicto
2625 5306 2684 5363 S.
2714 5309 2860 5364 Petri
2886 5310 3063 5367 altari.

1938 5411 2039 5462 Hac
2060 5411 2327 5460 Marcellini
2353 5411 2553 5459 cineres
2574 5409 2862 5460 clauduntur
2877 5414 2926 5461 in
2946 5426 3027 5461 Ira
3046 5450 3062 5472 ,

1936 5472 2040 5521 Nec
2062 5485 2156 5520 non
2180 5485 2286 5533 ossa
2310 5472 2464 5533 Petri,
2490 5474 2694 5530 patratis
2712 5472 2893 5533 inclyta
2918 5475 3071 5533 signis
3094 5493 3106 5523 ;

1939 5533 2242 5600 liuncdedit
2269 5532 2572 5600 Eginbardns
2592 5532 2872 5600 thesaurum
2898 5532 3072 5600 nobilis
3093 5536 3262 5600 abbas,

1941 5593 2139 5654 Quando
2163 5595 2492 5642 recensebant
2514 5605 2540 5639 a
2565 5599 2702 5652 partu
2732 5593 2945 5654 Virginis
2967 5596 3104 5642 81018

1937 5653 2119 5715 Bisque
2130 5659 2302 5714 quater
2314 5659 2508 5701 centum
2519 5653 2883 5714 aunos,uecn0n
2897 5656 2971 5702 bis
2984 5656 3159 5705 decem
3179 5665 3230 5707 et
3248 5669 3377 5712 octo.

1816 5736 2087 5791 Hactenus
2125 5750 2153 5787 a
2183 5733 2327 5789 dicto
2356 5733 2617 5789 canonico
2653 5749 2752 5789 van
2780 5734 2892 5802 Eyll
2921 5734 3202 5792 submissa.

2877 5845 2947 5904 19
