3912 6320
535 316 648 372 58Ἱ

1823 315 2214 374 EGINHABDI
2249 319 2541 374 ABBATIS

3731 326 3836 379 ΞΕΒέ

538 432 704 484 situm
729 436 814 482 est
834 428 888 482 in
915 428 1031 499 ripa
1050 427 1210 483 Mosa:
1238 427 1495 494 fluminis,
1524 429 1578 482 in
1605 429 1721 484 vico
1745 428 1837 500 qui
1864 428 2129 498 hodieque
2159 441 2207 498 Α
2236 419 2459 494 inutilis,
2499 433 2637 494 haec,
2695 431 2883 487 eadem
2911 432 3018 493 die,
3061 439 3187 488 ante
3241 434 3462 488 easdem
3511 447 3840 492 sanetcwum

540 518 822 588 Trajectus
841 528 1086 586 vocatur,
1118 527 1174 576 et
1196 519 1360 574 distat
1403 518 1472 575 ab
1499 519 1743 589 Aquensi
1770 521 1970 591 palatio
2005 529 2129 577 octo

537 611 756 668 circiter
777 611 983 684 leugas.
1007 619 1198 681 estque
1223 610 1582 666 habitantium
1605 617 1660 665 et
1673 610 1944 684 praecipue
1967 627 2131 682 nego-

538 707 795 760 tiatorum
822 703 1165 759 multitudine
1195 702 1686 772 frequentissimus.
1738 699 1904 771 Cujus
1924 711 2126 767 textus,

535 795 582 849 si
603 796 742 851 bene
759 795 963 858 recolo,
989 794 1042 849 in
1068 794 1212 849 hunc
1229 796 1446 848 modum
1469 792 1684 847 videtur
1708 806 1830 847 esse
1855 791 2129 861 composi-

537 898 665 943 tus:
704 885 982 942 Adventus
1026 893 1344 941 sanctorum
1390 883 1593 939 Christi
1625 890 1945 953 martyrum,
1982 881 2126 935 Mar-

537 978 716 1032 cellini
746 985 804 1032 et
827 977 996 1042 Petri,
1033 976 1102 1030 ad
1126 975 1304 1030 vicum
1329 973 1666 1044 Trajectum,
1699 972 1927 1042 contigit
1953 970 2129 1042 pridie

536 1065 720 1121 Nonas
738 1065 906 1122 Junii.
954 1065 1087 1119 Nam
1103 1065 1219 1134 ipso
1240 1063 1328 1120 die
1349 1065 1495 1118 venit
1522 1062 1602 1118 eis
1623 1062 1927 1116 obviam'de
1940 1061 2128 1116 eadem

537 1155 659 1210 vico
687 1155 941 1210 immanis
977 1153 1265 1208 multitudo
1293 1153 1501 1223 populi,
1535 1150 1603 1206 ad
1633 1151 2034 1220 susceptionem
2065 1149 2130 1204 il-

535 1245 713 1299 lorum
740 1253 1088 1316 congregata,
1133 1243 1362 1298 laudans
1390 1251 1445 1296 et
1475 1242 1805 1301 benedicens
1833 1240 2002 1294 Deum
2033 1256 2127 1294 su-

534 1350 633 1406 per
680 1335 944 1390 immensa
975 1342 1139 1404 atque
1185 1331 1538 1386 inenarrabili
1585 1329 1961 1385 misericordia
2007 1344 2126 1396 sua,

534 1441 641 1495 qua
675 1441 772 1494 per
800 1433 979 1483 tantos
1009 1432 1268 1493 patronos
1291 1423 1548 1494 populum
1574 1423 1626 1476 in
1652 1436 1710 1477 se
1741 1423 2055 1477 credentem
2075 1429 2131 1475 et

535 1513 896 1569 confidentem
922 1515 1144 1569 visitare
1171 1515 1424 1584 dignatus
1451 1522 1552 1568 est.
1613 1511 1856 1582 Cumque
1907 1513 1990 1568 his
2014 1513 2130 1568 lau-

535 1606 695 1661 dibus
716 1615 770 1659 et
797 1605 984 1660 lzntitia
1009 1605 1272 1676 spirituali
1305 1620 1474 1674 usque
1505 1606 1571 1660 ad
1601 1604 1880 1659 basilicam
1909 1608 1969 1658 B.
2002 1605 2132 1659 Ser-

536 1696 666 1750 vatii
697 1705 1017 1766 perventum
1044 1705 1209 1758 esset,
1235 1693 1631 1764 celebratisque
1661 1709 1785 1750 cum
1809 1709 2003 1765 magna
2018 1708 2131 1749 om-

2237 521 2516 592 reliquias,
2544 522 2661 592 pari
2691 521 2852 578 modo
2887 537 3073 577 curata
3112 533 3216 578 est.

2303 613 2392 670 84.
2423 612 2628 678 Quibus
2649 613 2801 678 visis,
2836 613 3064 683 populus
3090 615 3146 669 in
3187 615 3413 670 basilica
3435 624 3838 688 congregatus,

2234 702 2425 772 etrapit,
2471 717 2601 772 prae.
2633 702 2802 757 nimia
2858 702 3221 758 exsultatione
3281 712 3448 776 atque
3495 705 3716 770 ketitia,
3785 707 3840 761 in

2233 794 2452 862 hymnis
2473 801 2530 848 et
2557 792 2782 859 litaniis,
2814 793 3041 848 sublatis
3081 794 3132 848 in
3161 796 3329 850 altum
3358 797 3606 862 vocibus.
3639 796 3842 853 laudes

2231 885 2462 939 Domino
2509 884 2818 939 decantare.
2871 882 3008 937 Cum
3044 884 3231 939 subito
3258 885 3486 940 intravit
3531 902 3680 958 puer
3716 889 3840 959 qui.

2234 974 2356 1029 dam
2409 974 2630 1039 surdus,
2657 982 2820 1042 atque
2847 973 2902 1026 in
2931 973 3110 1028 media
3134 973 3308 1044 plebis
3332 975 3688 1033 multitudine
3707 986 3838 1032 stn-

2229 1061 2480 1132 pefactus
2532 1070 2588 1116 et
2650 1061 2880 1119 attonito
2931 1061 3124 1116 similis
3161 1063 3424 1117 constitit.
3481 1063 3560 1119 Ac
3611 1065 3841 1130 deinde,

2231 1166 2355 1209 cum
2404 1161 2530 1206 ante
2577 1150 2747 1206 altare
2781 1150 2956 1205 sancti
3010 1149 3331 1216 Salvatoris,
3373 1153 3518 1221 quod
3547 1153 3618 1208 in
3654 1155 3842 1208 media

2230 1242 2459 1298 ecclesia
2495 1242 2732 1312 positum
2789 1248 2891 1306 est,
2922 1242 3278 1310 pervenisset,
3329 1251 3658 1312 erumpente
3692 1259 3838 1317 pre-

2232 1335 2378 1388 tinus
2434 1333 2500 1387 de
2554 1333 2780 1388 naribus
2824 1330 2942 1400 ejus
2984 1333 3271 1404 sanguine,
3321 1349 3430 1403 quo
3455 1334 3547 1387 diu
3575 1335 3842 1405 privatus

2231 1425 2429 1490 fuerat,
2458 1425 2676 1480 auditus
2701 1423 2876 1479 ofﬁcio
2907 1424 3142 1478 donatus
3162 1431 3267 1478 est.
3309 1424 3367 1479 ln
3393 1426 3702 1480 crastinum
3734 1440 3838 1477 au-

2229 1522 2366 1580 tem,
2395 1515 2450 1569 id
2471 1524 2556 1570 est
2585 1521 2784 1586 quarto
2810 1511 2936 1568 ldus
2966 1510 3134 1577 .lunii,
3160 1513 3337 1567 visum
3358 1521 3443 1568 est
3474 1514 3636 1569 nobis
3662 1522 3725 1569 ut
3755 1513 3831 1566 fe-

2231 1613 2465 1670 retrum,
2487 1605 2634 1674 quod
2680 1618 2872 1658 sacros
2921 1602 3220 1674 Martyrum
3255 1604 3469 1660 cineres
3491 1606 3840 1669 continebat,

2232 1695 2396 1751 altius
2420 1695 2624 1751 elevari
2652 1694 2906 1758 deberet;
2932 1694 2998 1748 ad
3024 1695 3128 1748 hoc
3156 1694 3430 1760 videlicet,
3463 1705 3523 1751 ut
3545 1695 3843 1764 aliquanto

533 1789 685 1842 nium
715 1787 1077 1860 gratulatione
1103 1787 1394 1841 missarum
1432 1785 1730 1851 solemniis,
1768 1793 1824 1841 et
1854 1787 2124 1842 universis
2151 1797 2198 1856 Β
2225 1787 2554 1843 eminentius
2573 1795 2720 1842 esset
2747 1800 2911 1856 quam
2937 1786 3110 1840 altare
3135 1786 3224 1841 eui
3255 1787 3558 1856 appositum
3589 1796 3717 1857 erat
3736 1829 3753 1852 ,
3786 1799 3838 1842 et

535 1880 605 1936 ad
635 1894 730 1934 sua
755 1877 1011 1944 reversis,
1037 1877 1324 1942 feretrum,
1357 1892 1465 1946 quo
1491 1878 1633 1931 sacri
1667 1877 1884 1934 cineres
1915 1878 2125 1934 advecti

534 1979 683 2037 sunt,
712 1987 741 2025 a
766 1971 975 2027 dextris
997 1970 1186 2025 altaris
1199 1969 1357 2038 juxta
1380 1969 1654 2025 cancellos
1665 1968 1988 2024 collocatum
2009 1980 2126 2036 est;

535 2074 788 2134 totusque
819 2064 908 2119 ille
937 2064 1070 2126 dies,
1107 2079 1229 2118 cum
1260 2062 1465 2134 ingenti
1497 2061 1688 2116 eodem
1715 2061 1770 2118 in
1802 2061 1921 2116 vico
1950 2063 2130 2116 consi-

534 2157 730 2212 stentis
749 2155 928 2227 populi
944 2153 1302 2210 exsultatione
1323 2162 1485 2224 atque
1501 2153 1861 2223 iucunditate.
1879 2167 2129 2209 consum-

538 2257 718 2302 matus
749 2255 851 2303 88L

609 2379 697 2434 82.
722 2378 966 2449 Cumque
992 2380 1060 2434 ad
1086 2380 1448 2449 vespertinum
1471 2378 1704 2434 ofﬁcium
1725 2380 1878 2449 juxta
1901 2393 2129 2436 consue-

541 2470 777 2525 tudinem
801 2469 1208 2533 celebrandam,
1249 2468 1496 2523 eamdem
1527 2468 1809 2524 basilicam
1833 2468 2129 2527 fuissemus

536 2564 788 2634 ingressi,
818 2563 1006 2616 aderat
1030 2562 1170 2616 inter
1200 2570 1426 2616 caeteros
1452 2576 1590 2631 puer
1616 2562 1862 2630 quidam,
1911 2561 2129 2617 nomine

537 2653 852 2724 Berngisus,
881 2667 1042 2722 quem
1066 2652 1355 2722 propinqui
1382 2652 1464 2707 sui
1489 2653 1556 2707 de
1582 2665 1726 2722 pago
1751 2639 2125 2716 Cundensioa,

536 2757 664 2804 ante
692 2763 892 2819 paucos
918 2749 1035 2803 dies
1062 2747 1190 2802 illuc
1215 2746 1513 2811 venientes,
1555 2747 1900 2803 adduxerunt
1924 2760 2128 2802 caecum

538 2837 693 2910 illa,
723 2838 924 2911 creetis]
946 2853 977 2892 a
1000 2838 1301 2892 nativitate.
1343 2838 1446 2905 Qui
1468 2838 1855 2894 snliitocoram
1877 2839 2131 2894 omnibus

537 2929 593 2982 in
623 2928 996 2999 pavimentum
1017 2926 1235 2992 cecidit,
1266 2927 1450 2996 ibique
1471 2927 1948 2996 aliquandiuvehrt
1971 2936 2131 2998 sopo-

541 3033 600 3074 re
647 3019 940 3089 depnessus
980 3017 1191 3088 jacuit;
1221 3031 1455 3086 moxque
1483 3017 1689 3086 apertis
1713 3016 1887 3071 oculis
1929 3015 2125 3083 lucem,

542 3125 706 3179 quam
747 3123 1021 3178 nunquam
1046 3116 1174 3163 ante
1189 3107 1353 3201 vidit,
1386 3106 1608 3162 Christo
1642 3107 1990 3201 Dorninoper
2018 3123 2131 3201 me-
2160 3140 2203 3201 Ο

541 3201 653 3255 rita
663 3208 976 3255 sanctorum
990 3213 1214 3254 suorum
1226 3198 1486 3263 donante,
1501 3198 1804 3267 conspexit.
1829 3196 1966 3251 Exin
1979 3199 2134 3267 quin-

539 3301 595 3344 ta
617 3290 724 3354 die,
742 3290 796 3344 id
816 3296 920 3354 est,
938 3297 1092 3343 sexto
1109 3286 1236 3343 ldus
1265 3286 1436 3353 Junii,
1465 3287 1628 3343 homo
1658 3287 1902 3358 quidam,
1933 3303 2134 3360 cogno-

545 3389 730 3435 mento
767 3377 1124 3442 ilildimarus,
1153 3378 1249 3448 qui
1273 3376 1473 3433 surdus
1494 3385 1613 3433 erat
1640 3386 1698 3432 et
1719 3386 1926 3444 mutus,
1943 3392 2127 3432 coram

541 3470 747 3526 eisdem
762 3469 933 3524 sacris
958 3478 1272 3524 sanctorum
1299 3467 1568 3538 reliquiis,
1584 3475 1640 3522 et
1665 3467 1908 3522 auditum
1921 3469 2131 3538 pariter

540 3560 880 3631 etloquelam
903 3575 1000 3631 per
1022 3560 1282 3614 virtutem
1309 3557 1516 3614 Christi
1536 3557 1760 3626 recepit.

609 3693 699 3750 85.
729 3689 930 3746 Eodem
956 3705 1168 3759 quoque
1211 3689 1300 3744 die
1325 3688 1501 3758 puella
1530 3689 1802 3757 quasdam,
1826 3689 2128 3745 defamilia

543 3782 605 3838 S.
659 3781 959 3844 Lambcrti,
1017 3778 1234 3833 nomine
1288 3777 1594 3843 Adallinda,
1647 3793 1768 3848 quae
1815 3794 1922 3835 non
1953 3779 2129 3835 solum

544 3874 707 3930 surda
727 3881 782 3928 et
811 3881 980 3935 muta,
1011 3872 1107 3924 sed
1135 3872 1303 3924 etiam
1326 3885 1488 3935 czeca,
1517 3881 1736 3941 totoque
1765 3885 2002 3942 corpore
2018 3884 2131 3930 tam

551 3961 844 4017 miserabili
871 3962 1028 4015 modo
1054 3974 1118 4013 ex
1149 3975 1436 4014 nervorum
1462 3963 1834 4018 contractione
1854 3972 1973 4018 erat
1992 3979 2138 4019 com-

545 4053 764 4123 plicata,
793 4059 850 4105 ut
889 4067 1062 4120 genua
1113 4051 1319 4119 pectori
1356 4050 1735 4121 jungerentur,
1768 4051 1926 4120 juxta
1951 4069 2135 4110 sacras

548 4143 845 4213 Martyrum
874 4141 1132 4211 reliquias
1161 4157 1192 4195 a
1219 4143 1333 4196 suis
1359 4143 1557 4212 posita,
1600 4151 1655 4196 et
1684 4126 1857 4198 visum
1898 4152 1955 4199 et
1982 4145 2137 4199 audi-

549 4243 686 4296 tum,
712 4230 980 4300 loquelam
1005 4230 1168 4282 etiam
1196 4230 1545 4299 omniumque
1581 4232 1948 4286 membrorum
1974 4235 2138 4287 recti-

548 4320 810 4385 tudinem,
856 4335 920 4374 ac
955 4318 1206 4382 salutem.
1248 4333 1433 4373 coram
1466 4320 1719 4376 omnibus
1764 4322 1855 4392 qui
1885 4324 2133 4388 aderant,

547 4415 785 4470 mirabili
825 4413 1126 4477 celeritate,
1169 4414 1354 4468 divino
1406 4429 1655 4481 munere,
1701 4425 1993 4472 consecuta
2029 4427 2129 4472 est.

548 4504 815 4559 Postridie
867 4519 1018 4569 vero,
1065 4504 1251 4568 idest,
1293 4505 1484 4573 quinto
1531 4506 1661 4561 ldus
1710 4505 1878 4572 Junii,
1916 4507 2137 4578 quidam

547 4610 738 4649 servus
791 4595 992 4664 regius,
1034 4595 1253 4649 nomine
1277 4595 1612 4659 Berohadus,
1643 4596 1707 4651 de
1743 4595 1870 4650 villa
1902 4596 2142 4652 Crescia-

545 4699 616 4742 co
645 4684 692 4750 δ,
743 4684 798 4738 in
846 4685 1068 4741 dextera
1126 4685 1210 4740 sui
1261 4685 1506 4754 corporis
1534 4694 1689 4754 parte
1738 4702 1836 4756 per
1876 4697 2046 4742 totum
2071 4704 2140 4743 ex

542 4789 841 4829 nervorum
903 4777 1282 4842 contractione
1346 4775 1662 4832 debilitatus
1706 4786 1762 4831 et
1809 4779 2018 4834 inutilis
2057 4778 2141 4833 fa-

551 4877 691 4932 ctus,
723 4883 847 4923 cum
891 4877 1017 4922 ante
1057 4874 1386 4932 memoratas
1422 4876 1733 4925 sanctorum
1769 4868 2027 4940 reliquias
2051 4886 2142 4925 ve-

552 4960 746 5024 nisset,
778 4959 962 5014 statim
982 4969 1219 5023 erectus,
1248 4965 1302 5012 et
1329 4960 1548 5015 sanitati
1596 4977 1758 5030 quam
1799 4963 2144 5018 desiderabat

553 5051 672 5104 sine
702 5063 853 5105 mora
884 5058 968 5104 est
994 5052 1258 5106 redditus.
1291 5050 1555 5106 Similiter
1593 5061 1645 5106 et
1674 5053 1850 5121 puella
1897 5055 2142 5124 quaedam

556 5143 622 5196 de
659 5142 777 5211 ipso
830 5141 953 5196 vico
998 5140 1271 5208 Trajecto,
1299 5141 1561 5196 vocabulo
1591 5143 1942 5207 Theothildis,
1989 5145 2142 5214 cujus

557 5235 782 5286 dextera
830 5244 1024 5286 manus
1068 5240 1187 5286 erat
1218 5232 1382 5286 simili
1420 5234 1794 5288 contractione
1825 5235 1877 5288 in
1936 5245 2142 5288 tantum

560 5321 874 5392 complicata
920 5330 1080 5392 atque
1114 5315 1365 5388 distor'ta,
1391 5332 1451 5378 ut
1478 5325 1544 5377 ad
1569 5339 1782 5379 omnem
1815 5343 1968 5381 usum
2000 5337 2144 5381 esset

624 5467 652 5496 ι
677 5454 1052 5520 Condensium,
1077 5471 1146 5508 an
1167 5456 1308 5510 forte
1328 5454 1721 5510 Condrusium?
1742 5456 1993 5512 dimcesis
2017 5457 2146 5510 Leo-

556 5525 759 5582 diensis
791 5526 988 5593 portio,
1021 5525 1181 5595 vulgo
1213 5525 1259 5578 le
1285 5524 1568 5578 Condroz?

631 5596 657 5632 δ
683 5595 762 5648 Ex
785 5595 1030 5663 pluribus
1056 5594 1318 5648 Cresciaci
1363 5595 1584 5649 nomine
1614 5595 1774 5649 dictis
1814 5596 1966 5657 locis,
2002 5597 2143 5650 cele-

561 5663 710 5718 brius
744 5673 826 5717 est
861 5664 991 5717 illud
1022 5665 1184 5732 quod,
1220 5666 1272 5717 in
1311 5663 1672 5718 Melodunensi
1704 5665 1888 5718 Gallia:
1919 5668 2140 5721 dimcesi

564 5734 742 5800 situm,
776 5735 919 5805 regia
945 5735 1110 5789 etiam
1139 5750 1277 5788 nunc
1305 5734 1681 5802 jurisdictione
1717 5736 1899 5808 pollet.

2230 1878 2444 1933 facilius
2471 1878 2540 1933 ab
2561 1877 2942 1933 accedentibus
2963 1877 3108 1932 cerni
3133 1878 3419 1946 potuisset.
3459 1879 3632 1950 quue
3676 1880 3842 1934 nobis

2229 1967 2576 2031 facientibus,
2627 1975 2683 2021 et
2731 1967 2876 2022 inter
2910 1965 3222 2022 faciendum
3277 1966 3496 2022 litanias
3545 1983 3678 2024 cum
3736 1968 3837 2022 Dei

2229 2058 2388 2114 laude
2427 2058 2764 2123 canentibus,
2795 2058 2972 2129 puella
3001 2061 3249 2130 quaedam
3276 2059 3344 2117 de
3375 2059 3583 2118 familia
3615 2059 3678 2116 S.
3705 2061 3837 2116 Ser-

2228 2150 2382 2214 vatii,
2435 2163 2467 2202 a
2500 2149 2786 2204 nativitate
2832 2164 2927 2203 sua
2958 2149 3192 2219 pedibus
3225 2163 3291 2204 ex
3316 2151 3704 2209 contractione
3726 2153 3837 2206 (ﬁs-

2231 2243 2407 2307 tortis,
2445 2241 2693 2295 manibus
2727 2241 2892 2295 etiam
2931 2256 2996 2296 ex
3038 2255 3331 2298 nervorum
3360 2244 3711 2303 distensione
3729 2245 3837 2299 dis—

2230 2336 2443 2401 solutis,
2472 2336 2696 2406 insuper
2718 2344 2775 2390 et
2800 2343 2971 2400 muta,
2994 2350 3158 2407 quam
3185 2337 3349 2407 paulo
3378 2346 3507 2394 ante
3551 2338 3612 2396 in
3641 2337 3838 2393 basili-

2231 2440 2350 2480 cam
2399 2425 2482 2479 sni
2528 2425 2864 2490 detulerunt,
2907 2434 2964 2480 et
3010 2440 3196 2482 coram
3253 2427 3458 2483 feretro
3496 2411 3837 2500 posuerunt,

2231 2517 2411 2572 subito
2465 2516 2685 2570 sanitati
2732 2523 2818 2570 est
2868 2517 3110 2582 reddita;
3146 2517 3223 2572 ita
3258 2527 3325 2583 ut
3366 2518 3553 2574 eadem
3611 2519 3753 2574 hora
3782 2529 3837 2578 et

2232 2605 2400 2676 loqui,
2425 2614 2480 2659 et
2517 2605 2792 2670 incedere,
2821 2613 2878 2660 et
2915 2606 3167 2662 manibus
3199 2607 3265 2661 ad
3296 2608 3478 2664 omnia
3505 2610 3835 2667 necessaria

2228 2700 2472 2771 perfecte
2507 2699 2586 2754 uti
2613 2700 2873 2769 potuerit.

2303 2791 2392 2846 85.
2433 2791 2654 2845 Femina
2689 2790 2940 2859 quaedam
2985 2791 3064 2845 de'
3083 2791 3203 2862 ipso
3231 2791 3352 2847 vico
3380 2792 3661 2860 Trajecto,
3711 2802 3838 2848 cum

2235 2883 2462 2937 haberet
2490 2881 2742 2936 ancillam
2775 2895 2998 2946 caecam,
3043 2881 3264 2935 nomine
3313 2881 3715 2952 Ada‘lgardam,
3755 2884 3838 2938 in-

2236 2987 2424 3042 gressa
2478 2972 2756 3028 basilicam
2809 2971 3034 3025 tradidit
3091 2984 3211 3024 eam
3243 2971 3446 3026 sanctis
3491 2971 3839 3046 martyribus

2241 3063 2550 3120 Marcellino
2578 3073 2635 3118 et
2671 3062 2862 3128 Petro,
2898 3069 2960 3117 ut
2988 3076 3089 3132 per
3116 3078 3305 3120 eorum
3358 3061 3615 3134 suffragia
3655 3063 3836 3120 visum

2235 3158 2479 3227 recipere
2534 3162 2856 3221 mereretur,
2886 3155 3072 3226 ibique
3103 3157 3336 3212 dimisit.
3366 3155 3497 3228 Qua:
3525 3174 3684 3225 cum,
3713 3168 3838 3232 post

2233 3258 2517 3322 peractum
2547 3246 2913 3317 vespertinale
2963 3245 3222 3312 cilicium,
3273 3249 3326 3306 in
3377 3234 3568 3305 eadem
3595 3251 3840 3307 ecclesia

2235 3340 2588 3404 substitisset,
2617 3339 2819 3403 subito,
2841 3337 2986 3392 velut
3008 3338 3077 3393 ab
3113 3337 3296 3409 aliquo
3322 3339 3578 3410 impulsa,
3601 3339 3662 3394 in
3685 3343 3840 3414 pavi-

2233 3441 2476 3488 mentum
2521 3431 2751 3496 cecidit;
2786 3439 2949 3501 atque
3005 3429 3080 3485 ibi
3126 3430 3218 3486 diu
3277 3430 3542 3497 volutata,
3583 3433 3835 3495 tandem,

2235 3539 2358 3578 cum
2401 3522 2609 3593 ingenti
2638 3521 3049 3577 circumstantis
3076 3522 3261 3592 populi
3287 3529 3508 3590 stupore
3536 3529 3710 3589 atque
3743 3523 3838 3575 ad-

2233 3614 2547 3676 miratione,
2577 3612 2727 3666 clare
2750 3611 2941 3666 videns
2963 3611 3225 3665 surrexit.
3247 3611 3490 3679 Contigit
3515 3611 3618 3664 hoc
3648 3610 3838 3666 Idibus

2234 3703 2382 3758 Junii
2417 3703 2486 3757 ad
2512 3717 2829 3773 vesperum,
2854 3703 2972 3772 ipso
3001 3702 3178 3758 noctis
3203 3702 3497 3774 incipiente
3530 3715 3836 3774 crepuscu-

2236 3797 2307 3850 lo.
2332 3794 2507 3850 Homo
2536 3793 2758 3864 quidam
2782 3792 2850 3847 de
2885 3793 3167 3862 provincia
3191 3792 3524 3863 Burgundia,
3560 3807 3630 3847 ex
3670 3794 3834 3849 terri-

2237 3885 2376 3941 torio
2422 3878 2765 3940 Gennavensi
2820 3895 2868 3950 °,
2916 3885 3136 3942 nomine
3188 3883 3569 3954 Theotgarius,
3603 3899 3672 3938 ea
3707 3901 3836 3955 pas-

2237 3977 2388 4032 sione
2406 3976 2665 4032 laborans
2686 3991 2848 4046 quam
2873 3976 3068 4031 medici
3089 3975 3280 4032 Gmco
3303 3976 3564 4032 vocabulo
3580 3993 3833 4045 spumas

2237 4067 2531 4138 appellant,
2581 4067 2775 4124 Latine
2826 4075 3033 4132 autem,
3066 4069 3134 4123 ab
3187 4069 3410 4124 assidua
3457 4068 3831 4125 membrorum

2239 4159 2557 4231 agitatione,
2599 4157 2887 4213 tremulam
2932 4174 3039 4213 non
3066 4159 3363 4230 incongrue
3413 4159 3598 4213 vocari
3621 4168 3830 4233 potest,

2238 4249 2388 4305 venit
2411 4250 2466 4304 in
2495 4249 2808 4305 basilicam:
2827 4258 2990 4320 atque
3016 4249 3070 4304 in
3095 4250 3270 4303 media
3305 4249 3488 4323 populi
3507 4249 3693 4312 turba,
3708 4265 3830 4321 qua

2234 4340 2307 4393 ad
2336 4339 2602 4394 audienda
2649 4339 2939 4393 missarum
2963 4338 3254 4403 solemnia,
3285 4347 3342 4393 ut
3371 4340 3425 4392 in
3465 4339 3554 4394 die
3584 4339 3828 4394 Domini-

2242 4445 2307 4484 co
2335 4430 2502 4484 moris
2525 4437 2633 4493 est,
2664 4428 2842 4483 fuerat
2869 4438 3222 4500 congregata,
3251 4430 3517 4485 constitit.
3555 4418 3827 4498 Cumque,

2245 4526 2366 4588 post
2399 4519 2684 4572 recitatam
2713 4519 2986 4588 Evangelii
3016 4518 3326 4584 lectionem,
3355 4518 3682 4574 Christiana:
3706 4535 3826 4574 cre-

2243 4608 2486 4664 dulitatis
2515 4607 2821 4676 symbolum
2836 4609 3160 4663 recitaretur
3177 4605 3329 4678 [Ms.,
3349 4607 3682 4679 caneretur].
3716 4617 3827 4662 tre-

2244 4695 2778 4752 mulosusillesubito
2791 4698 2858 4752 ad
2873 4705 3076 4752 terram
3095 4697 3333 4760 corruit;
3360 4705 3416 4751 et
3439 4696 3566 4751 dum
3586 4697 3764 4753 divina
3774 4713 3829 4751 ru

2243 4787 2475 4842 officium
2490 4787 2790 4858 peragitur,
2803 4802 2939 4858 pene
2969 4787 3263 4843 immobilis
3275 4801 3339 4841 ac
3351 4795 3566 4842 mortuo
3577 4801 3739 4856 quam
3750 4802 3780 4836 δ’
3791 4789 3828 4842 i-

2244 4880 2390 4934 venti
2407 4877 2839 4948 similiorjacuit;
2854 4879 3134 4948 multoque
3154 4895 3221 4935 ex
3238 4879 3463 4933 naribus
3478 4878 3596 4946 ejus
3611 4880 3828 4949 sangui-

2245 4984 2311 5024 ne
2332 4976 2587 5025 tnanente
2607 4967 2758 5042 μίση
2781 4969 3080 5040 manante],
3100 4977 3225 5040 post
3250 4969 3585 5038 completum
3608 4954 3825 5024 sacrum

2243 5058 2498 5124 ofﬁcium,
2523 5075 2644 5113 cum
2675 5075 2868 5130 magna
2898 5060 3257 5130 inspectantis
3279 5059 3467 5130 populi
3511 5060 3826 5114 admiratio—

2245 5166 2333 5213 ne,
2367 5165 2531 5204 sanus
2554 5165 2616 5202 ac
2634 5151 2750 5204 sine
2780 5150 2886 5204 ulla
2921 5151 3280 5220 trepidatione
3305 5151 3544 5204 surrexit
3603 5147 3826 5206 Factum

2245 5251 2327 5294 est
2376 5242 2480 5294 hoc
2540 5240 2858 5296 miraculum
2885 5242 3096 5297 decimo
3135 5250 3330 5296 octavo
3361 5241 3623 5298 kalendas
3673 5241 3820 5302 Julii,

2244 5333 2268 5371 ἀ
2298 5333 2385 5387 die
2413 5332 2723 5396 Dominico,
2773 5333 2912 5388 sicut
2943 5333 3192 5401 superius
3236 5335 3689 5403 comprehensum
3721 5345 3819 5388 est.

2317 5476 2338 5501 ε
2370 5461 2676 5546 (ξεηῃαὸκτη
2728 5466 2801 5546 in
2831 5464 3028 5546 ﬁnibus
3049 5465 3549 5546 Aurelianensiutn
3569 5467 3638 5521 ad
3677 5466 3824 5546 Lige.

2246 5534 2372 5605 rim,
2394 5534 2553 5586 hodie
2574 5532 2725 5596 (ἤδη.
2752 5543 2808 5587 ut
2832 5535 3150 5605 quibusdam
3177 5551 3301 5590 cum
3327 5537 3509 5605 aliquo
3534 5538 3591 5591 in
3616 5532 3824 5591 nomine

2245 5602 2598 5657 fundamento
2627 5605 2835 5670 placet;
2868 5603 3132 5667 Genabus,
3166 5605 3406 5659 Lucano.

2314 5670 2338 5708 ἀ
2370 5673 2500 5744 cum
2537 5674 2620 5725 hic
2649 5688 2946 5727 concursus
2977 5675 3154 5744 exigat
3178 5676 3412 5728 litteram
3442 5675 3825 5730 Dominicalem

2247 5741 2306 5808 l),
2338 5750 2390 5796 et
2415 5743 2529 5796 hzcc
2559 5743 2826 5797 habeatur
2865 5757 3010 5800 anno
3051 5741 3174 5811 823,
3211 5760 3309 5800 nec
3337 5746 3528 5801 deinde
3563 5756 3694 5802 ante
3741 5762 3826 5802 an~
