3912 6324
181 308 289 365 589

1015 318 1196 374 illST.
1244 317 1630 379 TRANSLAT.
1669 318 1776 372 'BB.
1820 317 2232 375 MARCELLINI
2271 319 2358 375 ET
2399 319 2619 375 PETRI.

3325 325 3433 385 500

252 424 338 480 86.
393 422 596 490 Quarta
645 436 824 481 autem
873 427 1028 493 feria,
1078 430 1131 483 id
1172 439 1276 493 est,
1328 430 1537 484 decimo
1564 430 1754 498 quinto
1781 434 1830 490 A
1857 428 2072 493 distine,
2110 429 2300 498 inquit,
2348 430 2548 499 aliquid
2579 431 2645 485 de
2685 433 2903 494 sanctis,
2941 433 3031 504 qui
3087 436 3142 490 in
3184 435 3432 507 Trajectq

179 513 451 573 Kalendas
494 515 643 582 Julii,
681 532 813 586 puer
849 520 1087 588 quidam,
1131 521 1347 575 nomine
1403 520 1751 583 Folcbardus,

186 607 251 661 de
273 608 600 665 monasterio
630 610 772 678 quod
810 610 1161 666 Meldradium
1187 626 1212 652 ει
1244 621 1489 678 vocatur,
1525 613 1617 681 qui
1638 621 1757 667 erat

181 697 432 753 cruribus
462 713 524 752 ac
558 699 782 763 pedibus
816 702 1111 756 miserabili
1140 705 1512 758 contractione
1556 705 1754 760 distor-

187 795 290 851 tus,
314 786 501 840 eodem
529 789 584 840 in
605 787 747 854 loco,
779 805 961 844 coram
988 792 1135 845 omni
1163 793 1380 863 populo,
1407 802 1629 851 curatus
1652 803 1753 849 est.

183 875 480 931 «Undecimo
505 876 771 933 Kalendas
809 878 936 942 Julii
967 882 1115 936 venit
1141 884 1361 952 quidam
1393 884 1556 938 homo
1573 883 1641 948 ad
1671 899 1760 940 ec-

177 967 424 1033 clesiam,
446 977 503 1025 et
539 969 680 1024 inter
708 979 935 1026 caeteros
987 973 1228 1038 intravit,
1255 975 1407 1045 cujus
1429 974 1618 1032 dextra
1647 991 1761 1028 ma-

184 1073 283 1111 nus
307 1058 466 1112 simul
491 1074 614 1113 cum
641 1061 864 1117 brachio
894 1063 1052 1119 modo
1082 1064 1316 1118 mirabili
1347 1065 1666 1132 movebatur
1706 1065 1758 1118 in

179 1164 396 1231 gyrum,
441 1165 506 1204 ac
549 1151 596 1206 si
645 1153 840 1207 molam
871 1162 1085 1210 vertere
1128 1155 1367 1219 deberet,
1397 1155 1557 1225 idque
1589 1156 1762 1210 inces-

183 1247 369 1294 santer
398 1241 607 1312 agebat.
647 1241 696 1297 Is
726 1243 958 1312 dicebat,
1011 1245 1082 1300 ob
1112 1246 1213 1301 boc
1251 1246 1353 1301 sibi
1385 1247 1525 1303 hanc
1553 1247 1763 1317 inquie-

179 1331 424 1394 tudinem
476 1331 760 1398 accidisse,
793 1335 920 1404 quia
956 1335 1042 1390 die
1088 1335 1368 1392 Dominica
1413 1346 1604 1392 contra
1635 1338 1763 1391 veti-

178 1431 296 1488 tum
350 1421 606 1487 moleret;
643 1430 698 1476 et
742 1423 858 1504 jam
913 1441 1114 1480 annum
1172 1428 1445 1498 integrum
1488 1427 1762 1484 evolutum

174 1528 321 1578 esse,
347 1529 414 1569 ex
438 1530 545 1583 quo
572 1513 875 1586 hujusmodi
911 1531 1072 1586 poena
1095 1517 1355 1572 multatus
1381 1527 1483 1572 est.
1510 1517 1611 1584 Qui
1640 1533 1763 1572 cum

174 1607 247 1672 ,ad
290 1621 476 1662 sacras
516 1615 813 1678 martyrum
845 1608 1100 1680 reliquias
1131 1609 1524 1681 appropiasset,
1580 1609 1762 1679 ibique

183 1697 412 1756 ﬁdeliter
436 1715 530 1754 eos
554 1700 884 1768 invocasset,
927 1701 1149 1758 molaris
1184 1702 1270 1756 illa
1298 1691 1588 1764 commotio
1609 1703 1760 1758 subi-

1859 520 1926 572 ad
1959 519 2015 572 S.
2053 518 2357 574 Servatium
2403 523 2700 575 venerunt?
2738 543 2756 575 ι
2794 523 2890 578 Cui
2929 540 3052 583 cum
3089 527 3222 584 nihil
3258 528 3325 585 de
3349 529 3438 586 bis

1860 623 1918 661 se
1981 609 2194 663 audisse
2250 610 2636 678 respondisset,
2692 632 2709 663 ι
2765 611 2958 684 Surge,
3006 616 3104 682 ait,
3157 616 3434 687 velociter,

1861 704 2020 765 atque
2067 697 2195 751 illuc
2219 707 2573 769 properanter
2613 701 2797 757 venire
2837 706 3136 771 contendet
3191 724 3317 763 nam
3362 710 3438 766 ibi

1859 800 1918 839 es
1957 787 2197 840 omnium
2247 789 2613 842 membrorum
2642 799 2855 861 tuorum
2898 807 3178 872 receptura
3233 797 3439 854 saluta-

1862 883 1989 929 tem.
2035 897 2052 928 ι
2108 876 2214 932 Sed
2245 893 2366 932 cum
2401 879 2782 950 expergefacta
2829 886 2960 940 nihil
3020 888 3086 943 de
3114 889 3199 945 his
3257 889 3440 947 facere

1861 975 2125 1031 curasset,
2181 968 2375 1022 iterum
2417 972 2665 1038 sequenti
2712 981 2869 1030 nocte
2916 977 2984 1030 ab
3035 978 3245 1046 eodem,
3275 965 3439 1045 simili

1862 1057 2040 1126 modo,
2096 1066 2182 1112 est
2217 1059 2490 1113 admonita
2546 1071 2605 1114 ut
2659 1062 2966 1130 Trajectum
3023 1078 3288 1140 pergeret.
3347 1070 3440 1126 Illa

1865 1155 2064 1209 tamen,
2093 1157 2152 1200 ut
2193 1149 2362 1219 prius,
2391 1159 2568 1220 spreta
2596 1154 2864 1207 monentis
2907 1171 3060 1221 voce,
3084 1174 3190 1228 quo
3215 1159 3442 1227 jubeba-

1859 1245 1952 1302 tur
1978 1237 2183 1292 distulit
2231 1241 2518 1309 prolicisci.
2554 1242 2732 1298 Tertia
2764 1259 2894 1300 vero
2933 1258 3089 1315 nocte
3132 1251 3266 1307 vidit
3290 1267 3442 1310 eum:

1863 1327 1984 1383 dem
2011 1329 2111 1383 sibi
2142 1338 2342 1395 astare,
2373 1341 2569 1399 etcum
2605 1335 2835 1404 quadam
2859 1339 3167 1411 severitate,
3197 1356 3294 1397 cur
3327 1361 3443 1400 mo.-

1863 1421 1977 1477 nita
2031 1436 2127 1475 sua
2192 1413 2632 1492 contempsisset,
2701 1427 3068 1501 interrogare;
3121 1431 3440 1507 baculoque,

1863 1524 2022 1578 quem
2049 1519 2172 1565 tunc
2201 1529 2359 1566 manu
2389 1522 2574 1578 tenere
2611 1516 2918 1590 videbatur,
2943 1519 3084 1577 latus
3110 1521 3224 1590 ejus
3249 1540 3444 1593 percu.-

1866 1611 2001 1668 tere,
2026 1614 2190 1674 atque
2236 1614 2294 1660 ut
2326 1606 2636 1674 Traiectum
2678 1609 2937 1671 velociter
2974 1624 3242 1688 pergeret,
3276 1617 3444 1688 impe-.

1864 1709 2007 1749 rare.
2042 1695 2153 1750 Nec
2198 1696 2285 1750 illa
2325 1695 2438 1765 jam
2494 1714 2623 1754 ausa
2677 1701 2828 1757 trinae
2864 1703 3087 1760 visionis
3133 1708 3442 1768 auctoritati

177 1799 340 1855 ignea
385 1793 564 1861 quiete
610 1794 783 1862 sopita
834 1802 935 1855 εει,
985 1793 1084 1848 Hic
1136 1795 1299 1850 homo
1335 1795 1401 1856 dc
1432 1794 1762 1864 ιιιοηρειει-ίο
1790 1779 1838 1838 Β
1868 1786 2143 1851 resistere,
2179 1789 2365 1844 accitis
2395 1791 2462 1844 ad
2517 1806 2575 1844 se
2617 1794 2935 1864 propinquis
2978 1804 3034 1848 et
3076 1798 3288 1863 amicis,
3319 1799 3446 1857 Tra:

180 1883 488 1949 Scotorum,
539 1887 681 1954 quod
717 1885 898 1941 Fossa:
949 1886 976 1926 δ
1021 1894 1266 1955 vocatur,
1295 1901 1354 1941 se
1395 1887 1629 1953 venisse,
1658 1885 1760 1940 Do-

183 1975 461 2044 tliiumque
489 1961 747 2048 appellari
773 1976 1012 2044 dicebat,

247 2066 337 2120 8'1.
371 2066 431 2120 lu
461 2054 643 2137 vigilia
693 2067 751 2122 S.
797 2066 1024 2130 Joannis
1057 2068 1331 2138 Baptistae,
1387 2083 1507 2137 quae
1546 2077 1637 2136 est
1675 2068 1761 2124 die

181 2169 320 2212 nono
373 2155 734 2224 Kalendarum
754 2156 1039 2228 Iuliarum,
1064 2158 1213 2213 venit
1251 2158 1470 2227 quidam
1516 2158 1601 2226 vir
1630 2158 1763 2212 Tra-

177 2244 380 2312 iectum
420 2246 489 2301 ad
519 2247 800 2308 basilicam
852 2247 909 2302 S.
951 2237 1209 2315 Servatii,
1236 2249 1413 2324 quise
1449 2248 1518 2314 de
1543 2248 1761 2312 civitate

177 2336 427 2395 Tornaco
475 2353 596 2392 esse
625 2337 915 2394 fatebatur.
961 2339 1036 2404 ls,
1093 2348 1153 2393 ut
1183 2340 1299 2411 ipse
1333 2340 1536 2412 aiebat,
1565 2338 1668 2396 fuit
1693 2340 1762 2393 ab

177 2427 407 2496 infantia
428 2429 624 2484 surdus
653 2438 707 2484 et
729 2439 906 2497 mutus
932 2447 943 2481 :
971 2430 1274 2499 ductusque
1297 2447 1326 2483 a
1353 2431 1465 2485 suis
1479 2431 1553 2495 ad
1581 2429 1641 2484 S.
1667 2429 1766 2494 Se-

181 2521 506 2596 bastianum,
534 2521 696 2602 coepit
722 2520 797 2583 ibi
824 2528 880 2584 et
906 2519 1093 2588 audire
1113 2528 1170 2588 et
1206 2520 1376 2590 loqui,
1405 2520 1499 2586 sed
1531 2517 1762 2583 ineliica-

182 2612 335 2680 citer,
359 2613 614 2682 quoniam
655 2615 817 2667 verba
864 2613 979 2688 ejus
1005 2614 1097 2668 vix
1124 2613 1604 2684 intelligebantur;
1646 2613 1763 2683 ipse

182 2718 414 2772 quoque,
446 2718 591 2758 -cum
623 2704 713 2769 alii
760 2706 828 2759 ad
861 2719 982 2758 eum
1027 2704 1393 2781 loquerentur,
1441 2695 1761 2762 tenuitatem

182 2793 395 2848 auditus
424 2793 505 2848 sui
535 2793 876 2860 dissimulare
901 2809 1008 2849 non
1037 2800 1270 2864 poterat.
1305 2793 1408 2861 Qui
1434 2793 1525 2848 ubi
1553 2791 1622 2847 ad
1646 2806 1763 2848 ma-

182 2885 414 2949 tutinum
451 2883 684 2939 officium
714 2885 881 2950 venit,
913 2899 1095 2939 coram
1126 2884 1301 2940 sacris
1341 2883 1589 2962 reliquiis
1636 2897 1762 2952 pro-

183 2976 463 3040 cumbens,
510 2975 856 3040 obdormivit.
907 2973 1019 3036 Nec
1047 2976 1217 3029 multo
1237 2981 1381 3044 post,
1408 2973 1555 3027 velut
1581 2972 1763 3042 aliquo

182 3065 450 3120 excitante
469 3065 746 3136 evigilans,
775 3065 866 3134 qui
889 3080 950 3120 os
997 3080 1153 3120 suum
1176 3079 1360 3140 pugno
1380 3063 1758 3134 percussisset,

184 3168 211 3210 a
256 3153 734 3208 circumstantibus
758 3153 1098 3224 perquisivit.
1129 3151 1228 3207 Cui
1260 3167 1384 3206 cum
1425 3164 1637 3218 omnes,
1668 3163 1761 3213 ne-

185 3245 384 3299 minem
409 3245 508 3300 hoc
538 3243 747 3311 fecisse,
775 3226 1200 3313 respondissent,
1227 3245 1463 3298 surrexit
1495 3261 1507 3295 :
1540 3243 1760 3297 eadem-

184 3350 284 3404 que
317 3338 449 3390 hora
495 3352 659 3404 sanus
709 3335 905 3402 factus,
939 3335 1195 3406 perfecte,
1227 3336 1345 3391 sine
1400 3335 1505 3391 ullo
1535 3335 1760 3403 impedi-

185 3439 390 3495 mento,
418 3440 466 3484 et
486 3432 696 3506 audivit
713 3441 767 3492 et
786 3432 994 3491 locutus
1017 3439 1122 3486 est.

248 3520 338 3575 88.
381 3521 580 3589 Eadem
637 3521 742 3584 die,
798 3521 925 3587 dum
972 3535 1124 3576 sacra
1154 3521 1444 3582 missarum
1495 3520 1758 3584 solemnia

186 3608 547 3680 celebrantur,
597 3607 797 3663 femina
857 3609 1127 3678 quaedam,
1181 3608 1399 3662 nomine
1454 3606 1760 3676 Adallinda,

187 3699 316 3762 duos
343 3712 532 3765 cereos
560 3700 626 3753 ad
649 3699 829 3753 lumen
851 3699 910 3767 in
932 3699 1160 3762 ecclesia
1191 3696 1499 3766 faciendum
1523 3696 1717 3758 detulit
1745 3715 1758 3750 :

187 3803 416 3856 quorum
462 3804 624 3841 unum
665 3789 853 3842 dextra
888 3804 1051 3842 manu
1080 3788 1294 3847 cuidam
1329 3803 1395 3842 ex
1428 3787 1759 3852 custodibus,

187 3888 243 3944 ut
286 3877 693 3945 accenderetur,
742 3877 1016 3946 porrexit;
1076 3876 1238 3930 alium
1286 3883 1467 3944 autem
1521 3875 1761 3940 interim,
1799 3913 1804 3916 -

187 3969 334 4040 quasi
385 3967 448 4022 de
500 3968 589 4022 illo
623 3976 808 4036 postea
858 3967 1295 4033 illuminandum,
1331 3981 1494 4020 manu
1543 3965 1764 4020 sinistra

189 4048 426 4118 retinuit.
459 4057 566 4112 Sed
602 4044 798 4112 mirum
826 4058 879 4111 in
903 4058 1142 4122 modum,
1173 4060 1298 4124 dum
1331 4064 1515 4120 custos
1538 4055 1638 4122 sibi
1672 4056 1767 4110 da-

189 4154 296 4208 tum
335 4148 604 4211 accendit,
655 4147 745 4201 ille
775 4149 866 4218 qui
923 4148 977 4201 in
1010 4163 1175 4205 manu
1223 4147 1437 4202 feminze
1481 4146 1759 4210 remansit,

189 4237 398 4298 cunctis
420 4237 768 4296 cernentibus
789 4237 1045 4292 divinitus
1073 4251 1335 4292 accensus
1357 4245 1458 4290 est.

255 4330 345 4392 89.
404 4330 790 4385 Monasterium
839 4330 1350 4393 sanctimonialium,
1397 4327 1529 4395 Eike
1556 4337 1577 4366 ο
1610 4341 1766 4390 voca-

1847 1875 2084 1943 jectum,
2112 1878 2286 1935 utsibi
2311 1879 2522 1950 jussum
2552 1890 2691 1949 erat,
2719 1883 3023 1943 deducitur.
3055 1897 3108 1942 et
3137 1889 3192 1942 in
3217 1888 3442 1948 basilica

1863 1969 1924 2023 B.
1951 1968 2181 2024 Servatii
2200 1969 2351 2038 juxta
2369 1987 2553 2028 sacros
2577 1983 2873 2046 martyrum
2891 1977 3105 2033 cineres
3127 1983 3442 2052 collocatur,

1865 2059 2106 2131 Cumque
2132 2061 2204 2117 ibi
2232 2064 2514 2134 promissae
2547 2065 2794 2120 sanitatis
2835 2068 3240 2137 praestolaretur
3285 2085 3444 2126 even-

1864 2156 2000 2217 tum,
2048 2151 2236 2221 quinto
2290 2153 2506 2208 demum
2567 2154 2654 2209 die
2692 2164 2979 2227 postquam
3034 2159 3162 2215 illuc
3198 2172 3442 2237 venerat,

1864 2255 1988 2291 cum
2024 2253 2216 2312 magna
2249 2241 2490 2311 omnium
2526 2243 2903 2312 admiratione,
2941 2247 3232 2319 perfectam
3280 2253 3445 2308 totius

1864 2330 2108 2399 corporis
2143 2330 2227 2386 sui
2257 2332 2454 2387 meruit
2477 2333 2718 2405 recipere
2747 2338 3053 2396 sanitatem.

2488 2443 2715 2501 CAPUT
2754 2447 2819 2504 Χ.

1862 2549 1982 2604 Duo
2008 2551 2286 2626 miraculo,
2317 2554 2686 2626 intercessione
2732 2543 2840 2626 SS.
2879 2554 3032 2614 Preti
3067 2571 3117 2616 et
3156 2562 3445 2626 Huacmm;

1932 2593 1979 2603 ,ν
2009 2593 2261 2606 ...πων-η.
2318 2593 2684 2610 ..νννυνννυινην
2732 2593 2840 2611 υυ.
2879 2593 2904 2608 ιι
2933 2593 3030 2614 πνοι
3067 2593 3115 2616 co
3156 2593 3445 2626 μισαωηυιι

1932 2629 2090 2700 ξιᾳας
2119 2622 2179 2677 S.
2225 2593 2517 2690 Iiennelis,
2545 2624 2599 2678 in
2642 2621 2862 2678 ecclesia
2896 2626 3001 2683 SS.
3055 2632 3353 2689 Marcellini
3397 2650 3446 2700 et

1939 2688 2081 2744 Petri
2113 2700 2346 2760 patrata.

1934 2780 2022 2834 90.
2065 2780 2294 2871 Restant
2327 2783 2504 2838 adhuc
2533 2784 2639 2840 duo
2667 2785 2822 2842 valde
2859 2789 3122 2858 praeclara
3160 2795 3444 2871 miracula,

1863 2884 1985 2937 quae
2008 2884 2114 2924 non
2144 2870 2319 2929 solum
2349 2873 2576 2942 tegenda
2601 2873 2818 2937 silentio
2839 2891 2945 2932 non
2971 2893 3186 2949 censeo,
3206 2885 3335 2952 quin
3357 2870 3448 2958 po-

1867 2961 1973 3014 tius
1995 2960 2210 3016 illorum
2238 2965 2636 3033 conscriptione
2659 2968 3227 3030 convenientissimum
3253 2988 3448 3046 quarto

1865 3050 2145 3124 volumini,
2166 3054 2310 3122 quod
2345 3055 2397 3108 in
2421 3060 2673 3114 manibus
2696 3061 2941 3128 habetur,
2972 3063 3136 3120 ﬁnem
3164 3083 3251 3124 me
3275 3070 3448 3129 factu:

1789 3120 1834 3182 Ο
1865 3158 1983 3198 rum
2008 3157 2129 3198 esse
2157 3147 2386 3201 conﬁdo.
2413 3148 2480 3200 Et
2508 3149 2631 3202 licet
2658 3154 2848 3208 eadem
2871 3155 3023 3226 signa
3046 3158 3219 3214 beatis
3243 3123 3448 3233 marty;

1861 3238 2011 3296 ribus
2036 3237 2349 3295 Marcellino
2379 3251 2435 3294 et
2461 3242 2622 3298 Petro
2672 3262 2796 3301 cum
2833 3250 2959 3304 aliis
3004 3255 3208 3309 sanctis
3239 3258 3450 3326 possint

1863 3331 2029 3395 yideri
2046 3335 2371 3399 communia,
2397 3351 2464 3390 ex
2492 3352 2558 3391 eo
2586 3339 2728 3409 quod
2754 3355 2918 3393 unum
2938 3355 3004 3396 ex
3029 3342 3114 3398 his
3133 3343 3185 3398 in
3209 3344 3444 3402 adventu

1861 3425 1885 3468 ἀ
1918 3423 2267 3494 reliquiarum
2293 3436 2607 3495 sanctorum
2630 3430 2776 3494 i’roti
2799 3431 3178 3501 etilyacinthi,
3208 3435 3440 3505 etjuxta

1859 3517 2007 3587 ipsas
2028 3517 2287 3587 reliquias
2307 3526 2517 3589 gestuin
2548 3528 2662 3585 est;
2691 3521 3026 3590 alterumque
3056 3524 3107 3578 in
3140 3527 3227 3581 die
3251 3528 3446 3582 natali-

1863 3608 1938 3663 tio
1981 3608 2153 3665 sancti
2192 3606 2482 3681 Hermetis,
2516 3610 2627 3665 suis
2651 3608 2804 3681 [Mr.,
2830 3611 2952 3683 sub]
2981 3614 3149 3682 ipsius
3198 3615 3444 3686 reliquiis

1861 3698 2156 3768 contigisse
2181 3706 2386 3753 certum
2413 3709 2525 3766 est;
2561 3701 2682 3756 ideo
2709 3709 2888 3757 tamen
2912 3703 3042 3772 ipsis
3061 3705 3330 3774 praecipue
3353 3707 3445 3760 ad-

1863 3790 2145 3856 scribeuda
2197 3791 2486 3860 videntur,
2527 3793 2779 3862 quoniam
2822 3795 2876 3850 in
2920 3810 2986 3850 ea
3034 3797 3257 3853 basilica
3303 3797 3446 3854 facta

1864 3882 2078 3946 sunt,in
2098 3897 2202 3951 qua
2224 3897 2411 3938 eorum
2435 3885 2798 3943 sacratissima
2823 3899 3048 3955 corpora
3079 3889 3443 3956 requiescunt.

1863 3969 2153 4027 Gestorum
2177 3979 2356 4026 autem
2384 3971 2517 4036 fides
2548 3975 2616 4027 ad
2641 3989 2740 4030 nos
2759 3975 3016 4043 pertinet,
3039 3977 3128 4044 qui
3152 3989 3449 4046 praesentes

1865 4060 2084 4126 fuimus,
2108 4070 2163 4115 et
2189 4062 2384 4134 quibus
2415 4076 2479 4116 ea
2518 4063 2699 4133 divina
2730 4065 2904 4132 pietas
2929 4065 3110 4119 videre
3153 4068 3442 4123 concessit.

1864 4149 1943 4203 Ac
1974 4149 2219 4219 proinde,
2242 4151 2441 4205 omissa
2465 4150 2801 4223 prmfatione,
2833 4154 2903 4216 ad
2926 4154 3041 4224 ipsa
3076 4170 3195 4223 quae
3221 4157 3445 4215 dicenda

1865 4246 1992 4296 sunt
2015 4238 2275 4294 miracula
2307 4240 2606 4301 veniamus.

1935 4329 2022 4386 9L
2061 4328 2375 4404 Gregorius,
2403 4329 2659 4386 Romana:
2687 4333 2839 4395 urbis
2865 4334 3176 4406 episcopus,
3203 4337 3295 4407 qui
3339 4338 3448 4393 Eu-

188 4425 331 4490 bulo,
356 4426 518 4489 situm
565 4439 726 4494 super
753 4423 955 4488 Mosam
985 4423 1202 4492 fluvium
1228 4431 1328 4477 est.
1380 4422 1439 4488 in
1486 4435 1592 4491 quo
1619 4436 1763 4489 quae-
1787 4457 1840 4524 Β
1866 4425 2022 4494 genio
2053 4435 2074 4461 ε
2109 4424 2374 4492 simulque
2417 4421 2702 4498 Valentino
2747 4426 2800 4478 in
2851 4426 3198 4493 pontificatus
3240 4429 3447 4485 honore

190 4517 308 4572 dam
339 4515 452 4576 Deo
489 4525 724 4580 sacrata,
754 4516 975 4573 nomine
1011 4514 1212 4582 Saliga,
1246 4522 1359 4569 toto
1397 4527 1644 4582 corpore,
1669 4527 1764 4566 ex-

191 4617 342 4676 cepto
367 4605 559 4666 dextro
588 4605 830 4674 brachio,
875 4605 993 4670 diro
1020 4603 1287 4675 paralysis
1315 4602 1502 4659 morbo
1535 4600 1764 4655 dissolu-

192 4705 245 4752 ta
263 4696 500 4764 iacebat.
529 4696 664 4761 Huic
689 4711 788 4768 per
814 4696 1050 4764 quietem
1079 4693 1300 4764 quidam
1329 4707 1398 4748 ex
1426 4691 1624 4759 vicinis
1652 4692 1764 4745 suis

193 4786 448 4855 astitisse,
479 4800 542 4838 ac
571 4785 664 4838 tali
688 4799 936 4840 sermone
959 4797 1078 4837 eam
1109 4781 1459 4838 comnellasse
1481 4781 1629 4834 visus
1657 4787 1761 4844 est,

192 4885 249 4929 ut
271 4876 477 4937 diceret
505 4893 518 4927 :
553 4894 570 4926 σ
609 4875 747 4942 Quid
777 4875 932 4947 agis?
969 4893 987 4925 ι
1023 4871 1124 4927 Cui
1167 4888 1292 4931 cum
1340 4872 1450 4937 illa,
1480 4885 1588 4926 non
1619 4869 1762 4923 aliud

193 4979 350 5035 quam
382 4979 441 5026 se
468 4966 520 5017 in
553 4965 692 5019 lecto
721 4979 817 5022 suo
846 4965 1146 5032 quiescere,
1179 4961 1566 5030 respondisset,
1602 4977 1624 5010 ,ι
1659 4958 1767 5012 Au-

193 5157 314 5194 num
363 5141 495 5205 854;
549 5139 858 5194 verosimile
907 5138 989 5204 fit,
1019 5137 1206 5195 eodem
1257 5135 1478 5190 circiter
1527 5143 1765 5205 tempore

193 5210 514 5269 Valencenas
566 5219 621 5264 et
664 5209 970 5277 Traiectum
1020 5207 1276 5277 reliquias
1333 5205 1529 5266 missas
1574 5204 1759 5257 fuisse.

191 5279 438 5348 idemque
465 5279 672 5347 opinari
701 5279 826 5333 licet
849 5277 1213 5348 deGandavo.

259 5363 281 5389 α
309 5345 874 5421 HeldrddiurnLvulgo
902 5346 1144 5421 Meldert,
1177 5345 1231 5399 in
1254 5345 1564 5421 Brabahntia,
1593 5357 1759 5421 prppe

192 5417 512 5488 nugardam.
541 5418 628 5472 Ubi
668 5410 994 5489 B-Piilinlts,
1021 5417 1089 5470 ad
1121 5417 1381 5489 honorem
1413 5413 1470 5468 S.
1496 5410 1762 5466 Ermelin-
1863 5410 2206 5489 constituitur
2235 5419 2596 5489 Valentinus:
2628 5420 2804 5488 eique,
2832 5429 2950 5489 post
2983 5421 3006 5473 l

193 5485 544 5560 dis'virginis,
578 5487 1015 5560 sanctimoniales
1042 5485 1343 5560 constituit.

258 5560 283 5598 ι’
311 5553 1460 5636 591.3%.opperiri.diitﬁctvsanpdisnsis-
1515 5622 1526 5632 .

261 5640 280 5667 ε
311 5627 443 5686 Vide
473 5623 650 5687 vna'm
679 5626 949 5684 Herlindis
995 5634 1050 5679 et
1097 5623 1360 5686 Relindis,
1391 5623 1662 5690 virginum
1711 5629 1766 5674 et

197 5713 451 5754 sororum.
483 5714 603 5751 mne
644 5712 765 5751 cum
798 5703 949 5758 patre
974 5693 1281 5747 Adalhardo
1332 5693 1534 5744 dictqu
1582 5705 1768 5746 mona-

1865 4513 2141 4574 successit,
2172 4528 2292 4566 cum
2334 4512 2544 4566 titulum
2584 4511 2641 4573 S.
2673 4513 2836 4568 Marci
2865 4517 3226 4589 evangelista,
3257 4520 3309 4573 in
3337 4537 3447 4590 quo

1863 4603 2143 4672 presbyter
2170 4600 2360 4664 fuerat,
2379 4602 2658 4672 ampliare,
2674 4611 2728 4657 et
2747 4604 2801 4658 in
2829 4619 2894 4659 eo
2916 4608 3304 4671 monasterium
3329 4610 3446 4665 vel-

1863 4693 1938 4748 let
1952 4701 2251 4756 exstruere,
2270 4693 2516 4760 quzesivit
2537 4707 2634 4761 por
2647 4695 2957 4755 cmmeteria
2979 4697 3309 4761 etecclesias
3331 4699 3448 4754 lon-

1865 4782 1983 4852 gius
2004 4780 2071 4834 ab
2097 4780 2228 4835 urbe
2243 4780 2590 4844 constitutas,
2609 4781 2778 4838 sicubi
2808 4791 3114 4846 sanctorum
3143 4796 3445 4856 martyrum

1866 4887 2093 4941 corpora
2123 4879 2303 4940 posset
2346 4870 2588 4925 invenire
2633 4885 2646 4922 :
2702 4871 3028 4941 inventaque
3072 4875 3248 4942 titulo,
3283 4894 3445 4947 quem

1867 4976 2031 5030 opere
2065 4961 2350 5031 magnifico
2377 4969 2748 5027 exstruxerat,
2771 4963 2982 5018 curavit
3021 4963 3242 5021 inferre.
3301 4967 3446 5024 Casu

1867 5145 2090 5197 sterium
2122 5150 2558 5196 construxerunt.

1935 5212 1960 5252 ἀ
1976 5212 2236 5282 Coluntur
2257 5209 2356 5282 SS.
2374 5211 2566 5264 Protus
2585 5220 2639 5265 et
2661 5211 2990 5281 Hyacinthus
3005 5213 3062 5265 ll
3084 5210 3439 5282 Septembris,

1868 5297 1928 5336 ac
1966 5281 2022 5336 S.
2050 5281 2273 5335 Hermes
2306 5280 2376 5335 28
2401 5281 2645 5349 Augusti.

1939 5363 1961 5390 θ
1991 5350 2231 5420 Eugenio
2277 5350 2322 5403 il
2371 5365 2513 5430 anno
2559 5351 2658 5405 827
2703 5351 2788 5404 die
2832 5350 2900 5403 27
2925 5350 3154 5471 Augusti
3206 5359 3440 5431 mortuo,

1939 5422 2206 5472 nstituitur
2235 5419 2552 5472 Valentinus
2583 5438 2596 5472 :
2628 5420 2804 5472 eiaue.
2832 5429 2950 5472 post
2983 5421 3006 5472 l
3076 5422 3192 5472 dies
3221 5430 3440 5472 circuer

3114 5435 3192 5473 res
3221 5435 3441 5472 Cll‘Cllel'

1866 5492 1972 5543 vita
2011 5488 2218 5552 functo,
2266 5488 2506 5541 succedit
2548 5488 2848 5558 Gregorius
2877 5490 2965 5554 IV,
2999 5498 3242 5558 mortuus
3267 5489 3321 5540 ll
3350 5488 3441 5542 1a.-

1867 5560 2043 5613 nuarii
2080 5559 2204 5612 anni
2233 5557 2357 5625 844,
2410 5557 2699 5626 secundum
2743 5566 2983 5613 nostram
3014 5557 3433 5626 chronologiam,

1868 5631 1935 5684 At
1963 5645 2051 5684 res
2078 5629 2165 5682 hic
2191 5635 2371 5698 gestas
2399 5625 2564 5684 refert
2586 5625 2847 5682 Baronius
2874 5628 2938 5681 ad
2974 5642 3173 5685 annum
3203 5625 3325 5682 829.
