3912 6314
508 324 608 388 ωε

1796 334 2173 394 EGINHABDI
2208 338 2498 395 ABBATIS

3676 336 3777 396 593

491 444 671 518 igitur
698 445 903 504 factum
939 457 1045 515 est,
1094 459 1155 506 ut
1199 466 1264 507 eo
1310 460 1571 522 tempore,
1621 468 1730 522 quo
1782 453 2092 523 sepulcrum
2119 460 2170 517 Α
2195 464 2249 509 et
2298 456 2638 512 occasionem
2683 464 2737 509 et
2785 456 3001 511 modum
3044 458 3394 529 ingressionis
3423 475 3534 515 suae
3558 459 3776 529 jubentc

506 538 804 595 beatissimi
828 538 1100 597 Hermetis
1125 549 1243 598 erat
1275 550 1582 613 aperturas,
1616 549 1671 596 et
1698 556 1915 596 sacrum
1948 541 2094 595 illius

508 642 705 702 corpus
732 633 860 689 inde
888 632 1069 688 fuerat
1090 633 1425 700 sublaturus,
1456 649 1597 689 unus
1623 649 1691 689 ex
1740 631 1961 697 nostris,
2002 634 2095 701 qui

506 720 697 778 eodem
728 736 870 779 anno
893 722 1232 793 supplicandi
1261 723 1468 794 gratia,
1498 732 1559 777 ut
1587 722 1755 777 moris
1801 730 1885 777 est
1916 722 2093 790 paeni-

507 814 770 880 tentibus,
806 811 1034 869 Romam
1059 822 1319 880 venerat,
1344 822 1685 886 congregata:
1722 813 1790 867 ad
1818 810 2095 866 basilicam

508 892 763 975 martyris
818 904 1153 959 multitudini
1198 919 1323 961 cum
1358 904 1571 959 caeteris
1612 901 1916 973 peregrinis
1960 901 2096 955 inte-

506 1001 699 1049 resset.
726 992 777 1048 Is
799 995 1035 1065 negotio,
1054 993 1197 1063 quod
1226 994 1508 1065 agebatur,
1526 993 1809 1063 diligenter
1830 993 2093 1061 inspecto,

508 1094 659 1153 Spem
692 1083 1165 1154 adipiscendarum
1207 1083 1494 1138 memorati
1542 1081 1799 1152 martyris
1836 1079 2096 1152 reliquia-

511 1170 652 1239 ru’m,
678 1173 807 1229 licet
830 1175 993 1228 corde
1015 1173 1265 1242 simplici,
1298 1188 1403 1227 non
1435 1180 1617 1226 tamen
1638 1172 1755 1227 sine
1780 1186 1942 1226 causa
1969 1185 2100 1224 con-

507 1262 670 1333 cepit,
700 1271 757 1318 et
784 1262 1130 1318 Deusdonam
1156 1262 1464 1325 diaconum,
1491 1260 1647 1329 cujus
1680 1261 1735 1315 in
1755 1260 1934 1329 primo
1958 1258 2098 1314 libro

508 1355 758 1409 crebram
788 1352 1017 1410 fecimus
1056 1354 1387 1422 mentionem
1430 1353 1636 1419 adiens,
1660 1353 1857 1408 obnixe
1887 1351 2098 1421 rogavit

507 1448 579 1498 er
601 1455 668 1499 ex
693 1444 780 1499 his
812 1443 1351 1514 quantulumcunque
1387 1458 1418 1496 a
1446 1443 1763 1499 custodibus
1799 1442 1904 1497 loci
1951 1442 2096 1497 acci-

506 1533 677 1603 peret,
705 1535 949 1604 mihique
971 1521 1322 1590 deferendum
1343 1535 1447 1589 sibi
1476 1542 1782 1603 praestaret.
1817 1532 1919 1601 Qui
1967 1548 2101 1588 con-

507 1617 689 1681 festim
716 1625 970 1694 precibus
994 1624 1110 1694 ejus
1136 1640 1400 1691 annuens,
1421 1624 1477 1679 id
1505 1638 1565 1678 se
1594 1624 1712 1678 sine
1736 1638 1891 1678 mora
1919 1621 2098 1679 factu-

503 1716 630 1771 ‘rum
658 1713 978 1784 pollicetur;
1013 1715 1247 1784 datoque
1273 1701 1589 1771 eustOdibus
1628 1714 1824 1784 pretio,
1854 1729 1961 1769 non
2004 1729 2096 1769 so-

2194 545 2514 614 presbytero
2562 547 2931 615 exposuisset,
2984 562 3274 602 conversus
3326 552 3393 603 ad
3448 549 3707 604 feminam
3762 570 3771 601 :

2199 653 2217 684 ‹
2258 634 2385 703 Ego,
2418 636 2613 704 inquit,
2640 634 2822 690 infelix
2854 628 3069 703 mulier,
3093 648 3382 707 antequam
3414 654 3631 702 exeam,
3660 654 3777 692 os:a

2196 734 2287 778 tua
2315 724 2564 779 callidam
2602 735 2764 796 atque
2813 726 3171 797 confring‘am,
3223 739 3386 798 teque
3433 730 3668 784 debilem
3722 744 3777 783 ac

2197 822 2395 871 nostra:
2420 816 2695 871 societatis
2722 830 3017 871 memorem
3042 819 3365 887 relinquam.
3390 842 3406 872 ι
3434 821 3501 875 Et
3525 836 3649 874 cum
3672 820 3777 878 illa.

2197 901 2345 955 velut
2385 902 2717 959 infirmitatis
2759 921 2870 961 sua:
2911 908 3153 972 conscia,
3183 909 3438 978 cmpisset
3486 925 3622 965 voce
3662 926 3781 981 sup-

2196 991 2320 1062 plici
2352 1001 2514 1062 atque
2542 995 2806 1050 submissa
2838 995 3159 1051 Sanctorum
3182 998 3444 1052 auxilium
3468 999 3779 1069 implorare,

2198 1080 2286 1134 ille
2312 1082 2518 1147 statim,
2546 1099 2646 1152 per
2672 1100 2733 1139 os
2756 1085 2925 1154 ipsius
2955 1101 3076 1141 cum
3104 1086 3307 1156 ingenti
3331 1088 3654 1142 austeritate
3683 1086 3781 1141 fre-

2199 1185 2354 1225 mens
2380 1180 2437 1224 et
2464 1172 2794 1242 increpitans
2810 1215 2825 1237 ,
2850 1175 2996 1244 loqui
3036 1174 3233 1230 volenti
3255 1176 3529 1231 silentium
3553 1178 3782 1247 impera-

2198 1261 2294 1316 vit.
2319 1262 2450 1316 Erat
2476 1264 2621 1317 enim
2654 1266 2829 1330 nobis,
2862 1267 2954 1335 qui
2980 1273 3277 1336 prmsentes
3321 1282 3560 1331 eramus,
3592 1268 3660 1320 ad
3707 1268 3779 1319 vi-

2200 1350 2433 1405 dendum
2456 1351 2608 1406 valde
2638 1353 2905 1419 mirabile,
2937 1354 3079 1423 quod
3104 1354 3195 1409 ille
3217 1355 3440 1424 spiritus
3476 1356 3785 1409 immundus

2199 1455 2299 1509 per
2336 1456 2400 1496 os
2434 1442 2678 1511 ejusdem
2714 1444 3045 1499 muliercula:
3093 1455 3204 1500 tam
3248 1446 3460 1501 diverso
3508 1446 3673 1501 modo
3714 1446 3785 1501 lo-

2201 1533 2500 1601 quebatur;
2552 1542 2607 1588 et
2634 1536 3138 1601 nunc‘masculinaz,
3170 1548 3315 1592 nunc
3341 1536 3615 1592 feminina:
3645 1539 3788 1591 vocis

2200 1621 2516 1693 qualitatem
2559 1622 2640 1678 sic
2680 1624 2745 1679 ad
2791 1641 2987 1695 purum
3033 1628 3392 1695 exprimebat,
3424 1636 3485 1682 ut
3531 1644 3643 1682 non
3684 1644 3785 1683 una

2200 1711 2296 1765 sed
2321 1711 2441 1765 duae
2475 1712 2529 1765 in
2557 1726 2618 1767 ea
2650 1714 2850 1769 acriter
2868 1712 3219 1781 altercantes,
3251 1728 3417 1785 seque
3442 1718 3509 1771 ad
3551 1717 3784 1771 invicem

511 1806 621 1859 lum
650 1805 823 1860 sancti
854 1804 1146 1869 Hermetis,
1174 1805 1270 1860 sed
1295 1805 1461 1859 etiam
1498 1813 1809 1861 sanctorum
1834 1804 1986 1859 Proti
2012 1814 2098 1859 at—
2127 1813 2174 1872 Β
2202 1801 2456 1855 convitiis
2488 1802 2816 1858 lacessentes
2857 1819 3132 1873 personat,
3167 1820 3288 1860 esse
3339 1807 3677 1861 viderentur.
3728 1806 3791 1860 Et

510 1911 615 1965 que
642 1896 957 1968 Hyacinthi,
988 1911 1219 1966 quorum
1270 1896 1326 1949 in
1375 1896 1562 1951 eadem
1600 1895 1825 1954 basilica
1872 1910 2098 1965 corpora

508 1990 670 2039 erant
694 1984 893 2054 posita,
919 1984 1178 2055 reliquias
1203 1984 1431 2054 accepit.
1482 1984 1551 2039 Et
1592 1984 1711 2039 illas
1750 1984 1965 2053 quidem
2004 1998 2101 2054 per

508 2076 799 2145 quemdam
818 2075 1142 2131 familiarem
1165 2090 1343 2141 suum,
1368 2076 1452 2130 cui
1482 2075 2101 2146 Sabbatinocognomen

509 2173 648 2231 erat,
674 2153 943 2235 simulque
969 2171 1024 2219 et
1051 2173 1318 2229 nostrum,
1349 2164 1442 2234 qui
1467 2164 1517 2220 ei
1546 2175 1605 2219 ut
1634 2165 1734 2219 hoc
1755 2164 1959 2220 faceret
1981 2179 2102 2234 per-

504 2256 716 2319 suasit,
768 2254 987 2309 mittere
1035 2254 1245 2308 curavit
1282 2270 1296 2306 :
1338 2253 1483 2323 quod
1527 2260 1709 2307 autem
1760 2252 1827 2307 de
1878 2267 2103 2321 corpore

510 2345 656 2401 beati
687 2344 959 2399 llermetis
987 2344 1160 2414 potuit
1184 2343 1442 2414 adipisci,
1467 2344 1595 2412 ipse
1618 2344 1683 2398 ad
1717 2359 1817 2399 nos
1846 2344 2094 2408 veniens,

513 2451 613 2504 pro
642 2436 846 2507 ingenti
873 2449 1098 2489 munere
1120 2474 1135 2500 ,
1156 2433 1368 2489 detulit.
1394 2432 1531 2487 Cum
1557 2440 1738 2487 autem
1766 2433 1832 2487 de
1871 2433 2105 2487 adventu

505 2530 866 2598 reliquiarum
888 2537 1198 2584 sanctorum
1219 2528 1369 2583 Proti
1393 2535 1449 2582 et
1469 2526 1759 2598 Hyacinthi
1782 2526 1938 2585 nobis
1958 2536 2107 2584 esset

513 2620 831 2685 indicatum,
856 2620 1071 2673 obviam
1098 2619 1205 2673 illis
1231 2618 1628 2689 processimus;
1670 2633 1889 2688 easque,
1914 2627 1975 2672 ut
2004 2633 2104 2688 par

514 2722 666 2777 erat,
714 2711 1014 2766 honoriﬁce
1063 2710 1458 2780 suscipientes,
1490 2718 1652 2779 atque
1698 2708 1934 2779 basilicae
1981 2723 2105 2762 eum

514 2803 729 2874 hymnis
769 2810 823 2858 et
861 2800 1199 2859 orationibus
1239 2799 1553 2866 inferentes,
1600 2808 1825 2871 propter
1876 2812 2105 2868 corpora

512 2896 798 2951 beatorum
831 2893 1125 2949 Marcellini
1148 2902 1203 2947 et
1230 2891 1400 2957 Petri,
1423 2906 1547 2947 eum
1574 2890 1776 2946 feretro
1803 2903 1911 2959 quo
1939 2904 2105 2944 vene-

515 2993 657 3050 rant,
689 2983 1095 3039 collocavimus.
1136 2982 1239 3037 Ubi
1286 2998 1409 3038 cum
1463 2984 1517 3036 in
1563 2983 1861 3038 crastinum
1912 2982 2107 3036 mulier

512 3078 764 3148 quasdam
814 3076 880 3131 de
928 3074 1176 3145 proximo
1224 3074 1505 3143 praediolo,
1539 3074 1683 3144 quod
1732 3072 2105 3128 Baldradestat

513 3177 882 3240 nuncupatur,
911 3168 1154 3222 daemone
1193 3181 1443 3237 possessa
1488 3182 1610 3223 eum
1657 3170 1863 3222 caetero.
1902 3165 2100 3236 populo
2128 3187 2172 3249 ρ

512 3262 706 3318 fuisset
749 3259 1011 3328 ingressa,
1044 3258 1209 3326 etrapit
1245 3271 1477 3326 nequam
1510 3257 1731 3327 spiritus
1754 3255 2009 3322 fremere,
2035 3270 2100 3309 ae

511 3360 842 3423 prostratam
872 3351 927 3403 in
973 3349 1285 3418 pavimento
1315 3348 1571 3403 collidere
1592 3390 1604 3413 ,
1633 3363 1895 3417 suamque
1940 3344 2099 3401 mali-

515 3445 648 3498 tiam
673 3455 856 3496 coram
882 3439 1133 3494 omnibus
1175 3438 1479 3495 confitendo
1517 3439 1813 3508 publicare.
1860 3437 2101 3508 Cumque

514 3549 543 3585 a
568 3532 883 3602 presbytero
912 3547 969 3587 se
998 3534 1345 3588 exorcizante
1372 3530 1564 3584 fuisset
1582 3531 1960 3599 interrogatus,
1981 3531 2102 3598 quis

513 3633 677 3687 esset,
712 3624 850 3677 unde
875 3625 1131 3685 venisset,
1157 3621 1375 3691 quando
1396 3629 1449 3675 et
1470 3636 1566 3674 cur
1593 3621 1648 3672 in
1668 3634 1788 3674 eam
1813 3621 2098 3684 intrasset;

508 3714 582 3766 ad
609 3712 819 3784 singula
847 3715 1147 3782 respondit,
1179 3727 1345 3782 seque
1394 3726 1497 3767 non
1554 3712 1726 3766 solum
1777 3711 2099 3775 daemonem,

513 3803 610 3859 sed
640 3803 805 3856 etiam
843 3803 1085 3861 omnium
1122 3802 1417 3855 viventium
1457 3802 1748 3869 pessimum
1779 3816 1900 3854 esse
1938 3809 2103 3855 testa-

512 3902 604 3951 tus
629 3905 732 3951 est.
766 3896 834 3950 Et
860 3912 983 3951 cum
1011 3898 1296 3966 presbyter
1320 3894 1389 3948 ab
1417 3910 1481 3948 eo
1522 3908 1740 3948 causam
1792 3902 1957 3947 tantm
2003 3908 2099 3947 ne-

513 3986 699 4055 quitia:
719 3987 1060 4055 requisisset,
1087 3985 1286 4040 malam
1314 3985 1644 4039 voluntatem
1668 3984 1807 4038 hanc
1847 3984 1951 4038 sibi
2003 3984 2099 4037 tri-

515 4077 697 4131 buisse
743 4074 1032 4129 fatebatur.
1082 4075 1293 4130 Rursus
1336 4090 1458 4129 cmn
1508 4073 1575 4127 ab
1610 4088 1675 4128 eo
1718 4082 2015 4142 quaereret,
2056 4074 2101 4126 si

512 4181 752 4236 unquam
784 4167 835 4220 in
870 4166 1010 4221 cmlo
1041 4165 1261 4231 fuisset;
1314 4165 1368 4218 in
1415 4165 1553 4218 caelo
1584 4180 1643 4219 se
1670 4163 1870 4227 fuisse,
1893 4170 1948 4217 et
1978 4163 2102 4217 inde

511 4265 734 4324 propter
757 4256 1066 4325 superbiam
1092 4254 1359 4323 dqjeetum
1395 4268 1538 4318 esse,
1568 4252 1847 4308 confessus
1880 4259 1981 4306 est.
2013 4251 2103 4305 Ei-

514 4339 637 4400 dem
661 4346 1037 4415 .pcreontanti,
1064 4352 1251 4399 utrum
1280 4344 1553 4399 Christum
1608 4342 1892 4397 Dominum
1933 4355 2103 4396 necne

513 4435 771 4502 vidisset;
807 4436 904 4499 ait,
941 4436 997 4489 in
1020 4433 1237 4489 inferno
1286 4449 1409 4488 eum
1457 4448 1489 4486 a
1532 4448 1591 4487 se
1636 4433 1812 4487 visum
1860 4440 2103 4501 tempore

510 4541 624 4596 quo
650 4540 746 4595 pro
769 4526 990 4579 humani
1019 4526 1233 4597 generis
1256 4525 1553 4581 salvatione
1593 4525 1753 4589 mori,
1783 4532 1947 4591 atque
1972 4523 2098 4578 illuc
2124 4534 2176 4592 1)

514 4620 846 4675 descendere
877 4619 1125 4687 dignatus
1162 4627 1262 4673 est.

582 4722 672 4788 9Q.
702 4728 804 4787 Ubi
832 4748 961 4787 vero
983 4731 1051 4786 ad
1078 4731 1129 4785 id
1162 4739 1381 4785 ventum
1420 4738 1524 4791 est,
1550 4737 1609 4782 ut
1635 4744 1757 4782 eum
1799 4728 2100 4796 interroga-

514 4830 619 4886 ret,
648 4822 694 4875 δ’.
732 4821 950 4876 nomina
993 4827 1291 4891 martyrum
1340 4828 1542 4884 nosset,
1585 4832 1815 4886 quorum
1862 4816 2099 4883 reliqui:e

515 4915 689 4985 pridie
731 4912 905 4968 eidem
933 4912 1175 4967 ecclesia
1215 4911 1376 4965 illatae
1423 4910 1581 4964 sunt?
1617 4927 1635 4959 ι
1676 4908 1986 4970 Notissima,
2019 4905 2100 4958 in-

516 5006 657 5075 quit,
681 5004 813 5058 mihi
853 5010 979 5058 sunt
1007 5016 1194 5057 corum
1222 5002 1439 5056 nomina
1473 5015 1488 5053 :
1525 5000 1653 5069 quia
1698 4998 1911 5067 quando
1954 4996 2099 5065 passi

516 5101 678 5157 sunt,
708 5106 948 5161 praesens
990 5091 1260 5156 astabam,
1301 5106 1364 5145 ac
1412 5090 1479 5143 de
1531 5102 1719 5143 eorum
1769 5088 2099 5156 sempiterna

516 5182 690 5253 gloria
737 5182 939 5251 ingenti
992 5182 1285 5249 torquebar
1338 5180 1570 5243 invidia;
1620 5194 1757 5247 quos
1800 5180 1965 5233 etiam
2006 5177 2099 5233 hic

517 5274 675 5328 modo
696 5274 873 5343 patior
902 5271 1282 5326 infestissimos
1331 5289 1343 5323 :
1394 5272 1641 5325 cruciant
1688 5273 1830 5325 enim
1872 5286 1958 5325 me
1989 5271 2108 5324 tor?

517 5371 697 5417 mento
724 5361 1048 5425 incredibili,
1079 5370 1239 5430 atque
1270 5360 1492 5414 invitum
1525 5360 1589 5414 de
1613 5361 1717 5414 hoc
1735 5376 1883 5423 vase,
1912 5361 1965 5414 in
1993 5375 2099 5428 quo

512 5454 607 5509 diu
657 5452 954 5515 latitabam,
998 5452 1146 5507 exire
1184 5450 1527 5519 compellunt.
1566 5471 1583 5500 ι
1621 5450 1718 5504 Cui
1769 5452 2050 5519 presbyter
2084 5467 2095 5501 :

523 5560 543 5591 σ
576 5542 712 5597 Cum
754 5543 971 5606 exieris,
1001 5542 1195 5609 inquit,
1229 5555 1334 5608 quo
1362 5545 1709 5609 perrecturus
1737 5540 1829 5592 es?
1866 5570 1938 5579 -—
1966 5539 2095 5607 Ego,

517 5631 613 5696 ait,
638 5630 694 5685 in
716 5633 859 5685 viam
879 5631 1169 5700 pessimam
1194 5639 1565 5699 perrecturus,
1590 5636 1645 5681 et
1664 5628 1981 5698 longinquas
2005 5627 2098 5680 de—

516 5732 797 5793 sertasque
824 5723 1069 5793 regiones
1096 5722 1362 5790 petiturus
1394 5734 1532 5772 sum.
1576 5738 1591 5769 ι
1646 5718 1773 5773 Post
1818 5719 1931 5773 haec
1974 5732 2093 5772 cum

2207 1906 2396 1947 revera
2422 1892 2543 1947 duae
2584 1900 2757 1958 erant,
2788 1894 3001 1950 diversa
3038 1896 3184 1950 inter
3225 1909 3284 1950 se
3324 1896 3601 1950 voluntate
3629 1896 3787 1949 dissi-

2205 1979 2396 2035 dentes
2425 1997 2438 2033 :
2481 1982 2741 2037 daemonis
2765 1998 2895 2049 una,
2917 1998 3227 2054 possessum
3266 2000 3297 2037 a
3323 2000 3381 2042 se
3420 1999 3619 2053 corpus
3645 1984 3789 2039 colli-

2205 2069 2333 2125 dere
2361 2072 2646 2142 cupientis,
2675 2072 2919 2129 mulieris
2953 2074 3145 2141 altera,
3170 2075 3324 2130 hoste
3358 2090 3464 2145 quo
3501 2078 3789 2130 tenebatur

2206 2157 2426 2214 liberari
2454 2161 2846 2229 desiderantis;
2888 2178 3007 2232 qua:
3029 2164 3319 2220 diversitas
3344 2166 3711 2232 voluntatum,
3727 2181 3789 2221 ex

2208 2247 2526 2318 disparitate
2549 2266 2742 2306 vocum
2764 2267 2829 2308 ac
2849 2252 3295 2310 dissimilitudine
3331 2256 3644 2321 verborum,
3677 2271 3790 2325 qua:

2209 2336 2351 2392 inter
2370 2339 2577 2411 se[Ms.
2607 2341 2733 2395 add.
2763 2341 3102 2415 alternando]
3119 2344 3433 2413 jactabant,
3462 2346 3596 2400 satis
3646 2346 3790 2400 clare

2210 2437 2375 2498 atque
2411 2439 2594 2499 aperte
2624 2440 2840 2501 poterat
2879 2418 3126 2504 intelligi.
3154 2434 3434 2504 Completo
3454 2436 3620 2507 igitur
3636 2436 3790 2505 juxta

2208 2520 2655 2574 consuetudinem
2679 2523 2923 2591 mysterii
2952 2524 3192 2579 ccelestis
3221 2524 3413 2590 oﬁieio,
3431 2526 3702 2595 nobisque
3728 2529 3789 2581 ad

2209 2609 2451 2663 curanda
2473 2624 2703 2680 corpora
2726 2611 2793 2665 de
2815 2611 3043 2667 basilica
3071 2615 3477 2684 egredientibus
3492 2656 3506 2680 ,
3525 2616 3791 2686 jussimus

2208 2698 2466 2754 feminam
2480 2716 2601 2756 cum
2619 2704 2933 2759 custodibus
2946 2705 3162 2770 ibidem,
3182 2707 3354 2762 donec
3364 2717 3787 2773 reverterentur,

2208 2790 2465 2859 opperiri,
2485 2790 2736 2847 fiduciam
2761 2795 3022 2850 habentes
3050 2798 3192 2866 quod
3206 2811 3303 2865 per
3315 2798 3569 2852 virtutem
3583 2797 3789 2853 Christi

2209 2888 2265 2934 et
2292 2881 2483 2935 merita
2505 2891 2803 2953 martyrum
2827 2900 3068 2952 suorum,
3090 2887 3330 2956 perfidus
3353 2902 3636 2957 possessor
3671 2887 3791 2958 ejus

2207 2971 2318 3025 cito
2332 2970 2471 3025 foret
2484 2973 2748 3028 exiturus.
2764 2973 2951 3044 Neque
2964 2991 3063 3030 nos
3077 2990 3199 3044 spes
3220 2986 3406 3033 nostra
3426 2976 3633 3032 fefellit.
3654 2978 3788 3031 Nam

2207 3072 2330 3132 post
2343 3064 2689 3119 refectionem
2712 3066 2779 3120 ad
2799 3067 3085 3123 ecclesiam
3109 3069 3365 3140 regressi,
3388 3078 3579 3124 exacto
3596 3070 3784 3123 daemo

2207 3154 2522 3221 nio,sanam
2551 3156 2700 3211 illam
2725 3165 2780 3213 et
2800 3158 3149 3225 incolumem,
3171 3174 3235 3215 ac
3260 3174 3361 3228 per
3388 3160 3568 3214 omnia
3590 3160 3789 3213 mentis

2203 3260 2316 3301 sum
2326 3256 2649 3316 compotem,
2667 3257 2830 3317 atque
2846 3250 2901 3303 in
2917 3250 3013 3305 Dei
3029 3251 3279 3307 laudibus
3294 3251 3624 3306 exultantem
3639 3252 3789 3307 inve-

2202 3337 2401 3391 nimus.
2425 3336 2493 3390 Et
2516 3337 2618 3392 hoc
2638 3339 2854 3406 quidem
2879 3340 3091 3410 signum
3116 3342 3170 3394 in
3187 3342 3420 3396 adventu
3438 3341 3785 3409 reliquiarum

2202 3427 2482 3481 beatorum
2505 3426 2706 3483 Christi
2726 3438 3024 3500 martyrum
3054 3430 3205 3486 Proti
3234 3440 3292 3488 et
3315 3433 3623 3503 Hyacinthi,
3631 3433 3784 3501 juxta

2201 3515 2421 3570 modum
2461 3532 2491 3571 a
2528 3518 2685 3572 nobis
2712 3521 3185 3589 comprehensum,
3216 3531 3432 3578 constat
3474 3537 3596 3579 esse
3642 3540 3785 3581 com-

2202 3606 2405 3675 pletum
2431 3626 2445 3661 :
2478 3609 2608 3663 illud
2638 3618 2818 3665 autem
2840 3652 2854 3677 ,
2877 3615 3021 3681 quod
3045 3624 3240 3669 sancto
3264 3615 3505 3670 Hcrmeti
3532 3618 3787 3672 adscribi-

2205 3706 2311 3762 tur,
2336 3714 2442 3768 quo
2486 3700 2558 3754 sit
2584 3700 2776 3756 ordine
2800 3712 3029 3773 gestum,
3053 3707 3308 3776 praesenti
3340 3709 3653 3764 narratione
3676 3709 3787 3765 cla~

2204 3790 2363 3845 rebit.

2275 3928 2363 3983 95.
2429 3930 2647 3986 Colonia
2701 3934 3013 4003 metropolis
3074 3945 3159 3990 est
3221 3937 3278 3991 in
3330 3936 3524 3991 ﬁnibus
3583 3937 3784 3993 Ribua-

2205 4019 2428 4083 riorum,
2468 4036 2631 4091 super
2654 4023 2892 4077 Hrcnum
2924 4026 3119 4094 posita.
3154 4026 3231 4080 Ex
3263 4043 3369 4096 qua
3393 4027 3591 4083 femina
3640 4046 3783 4099 qua:—

2204 4106 2326 4161 dam
2372 4116 2533 4174 erat,
2586 4125 2617 4164 a
2666 4112 2883 4165 renibus
2928 4114 3180 4168 deorsum
3221 4116 3430 4171 diutina
3487 4133 3772 4173 nervorum

2205 4199 2536 4255 distensione
2561 4202 2615 4256 in
2647 4211 2853 4258 tantum
2887 4205 3185 4271 debilitata,
3210 4215 3291 4272 ut,
3317 4218 3511 4278 negato
3534 4210 3635 4264 sibi
3658 4225 3782 4264 crn-

2205 4305 2325 4343 rum
2354 4305 2419 4344 ac
2436 4292 2631 4361 pedum
2652 4292 2846 4359 otiieio,
2881 4310 2986 4349 non
3021 4296 3177 4350 aliter
3203 4312 3365 4366 quam
3390 4300 3583 4355 sedens
3607 4342 3621 4364 ,
3667 4316 3784 4371 por-

2205 4380 2367 4433 rectis
2393 4380 2447 4434 in
2476 4382 2744 4437 anteriora
2802 4383 3047 4453 pedibus,
3079 4400 3144 4440 ac
3184 4387 3431 4442 manibus
3480 4390 3534 4442 in
3586 4400 3781 4443 terram

2206 4470 2397 4537 positis
2431 4471 2687 4535 innitens,
2720 4487 2885 4542 seque
2911 4475 3013 4528 hoc
3048 4475 3207 4530 modo
3244 4491 3589 4545 promovens,
3610 4478 3779 4531 vicem

2202 4558 2509 4612 ambulandi
2539 4561 2755 4630 explere
2790 4564 3071 4631 potuisset.
3107 4563 3251 4630 Haec,
3284 4566 3482 4620 auditis
3509 4566 3780 4619 miraculis

2200 4658 2364 4717 atque
2401 4648 2712 4715 virtutibus,
2743 4667 2878 4720 quas
2919 4651 3180 4708 Dominus
3232 4669 3329 4723 per
3378 4664 3596 4710 sanctos
3640 4670 3781 4708 mar-

2203 4748 2349 4811 tyres
2376 4756 2526 4806 suos,
2567 4741 2939 4801 Marcellinum
2963 4754 3018 4800 et
3048 4745 3287 4812 Petrum,
3312 4748 3368 4802 in
3398 4747 3674 4803 curatione
3695 4749 3776 4803 in-

2202 4829 2482 4885 firmorum
2540 4843 2702 4901 atque
2733 4832 3016 4900 debilium,
3046 4845 3299 4904 operatus
3327 4847 3412 4892 est
3438 4879 3453 4903 ,
3512 4840 3579 4893 ad
3606 4840 3782 4893 basili-

2202 4938 2320 4976 cam
2338 4936 2525 4977 eorum
2555 4924 2737 4979 venire
2764 4927 3017 4994 gestivit:
3060 4937 3114 4981 et
3162 4930 3419 4997 quoniam
3450 4931 3610 4986 aliter
3636 4946 3780 4987 eunt-

2205 5023 2363 5076 mode
2399 5024 2734 5091 nequiverat,
2759 5026 2811 5079 in
2858 5042 2997 5081 nave
3034 5036 3419 5095 mercatorum,
3452 5032 3540 5101 qui
3580 5032 3671 5086 illo
3712 5034 3779 5088 ad

2203 5121 2874 5179 festivitatenreorumdem
2889 5136 3199 5181 sanctorum
3224 5129 3396 5193 ibant,
3418 5131 3635 5186 advecta
3658 5142 3774 5188 est:

2200 5222 2454 5291 venitque
2474 5221 2600 5276 illuc
2633 5224 2701 5277 ad
2730 5223 2871 5277 diem
2903 5225 3227 5293 natalitium,
3268 5238 3433 5299 atque
3480 5230 3551 5284 ibi
3574 5246 3667 5300 spe
3696 5249 3778 5287 re»

2204 5323 2526 5389 cuperandte
2554 5322 2746 5378 salutis
2789 5322 3102 5394 aliquandiu
3129 5337 3341 5382 morata
3381 5339 3484 5385 est.
3533 5330 3634 5385 Sed
3688 5334 3775 5387 ubi

2200 5422 2336 5476 vidit
2365 5422 2699 5478 curationem
2729 5438 2878 5477 suam
2922 5440 3041 5480 esse
3078 5427 3295 5482 dilatam
3316 5455 3390 5468 ——
3413 5438 3469 5483 et
3490 5445 3671 5485 revera
3702 5433 3778 5486 di—

2201 5521 2306 5573 lata
2337 5532 2476 5585 erat,
2498 5536 2601 5575 non
2628 5531 2853 5590 negata;
2891 5523 3017 5591 quia
3045 5539 3151 5578 non
3177 5522 3325 5591 alibi,
3351 5528 3446 5583 sed
3472 5528 3573 5593 ibi;
3605 5544 3777 5599 neque

2202 5631 2348 5682 tunc,
2378 5620 2469 5673 sed
2490 5619 2594 5671 alio
2622 5627 2863 5687 tempore
2888 5619 3004 5674 ﬁeri
3034 5621 3216 5676 debuit
3236 5652 3307 5663 -ο
3348 5627 3537 5680 statuit
3561 5626 3777 5698 Mogun-

2201 5718 2397 5772 tiauum
2448 5714 2737 5785 proficisci.
2789 5716 2920 5772 Erat
2946 5719 3088 5773 enim
3126 5719 3179 5774 in
3233 5723 3481 5790 proximo
3515 5723 3774 5781 festivitas
