3912 6320
148 365 265 421 593

914 362 1301 419 RIIYTHMUS
1340 363 1428 417 DE
1467 362 1802 419 PASSIONE
1840 361 2256 418 MARCELLINI
2301 361 2385 416 ET
2426 362 2637 418 PETRI

3334 367 3433 424 εει

154 495 183 521 α
220 480 400 536 sancti
436 480 629 535 Albani
654 478 1100 550 martyris,cujus
1130 480 1271 550 apud
1297 478 1538 534 eamdem
1564 482 1750 534 urbem
1780 484 1829 541 Α
1854 479 2059 543 dinem,
2086 477 2355 547 completo
2404 476 2704 531 nocturnali
2739 476 2933 541 ollieio,
2965 476 3440 546 adquiescendum

152 582 215 626 et
246 573 473 629 basilica
497 581 551 627 et
578 572 887 643 percelebre
933 572 1319 627 monasterium
1348 580 1448 626 est.
1489 571 1604 637 Quo
1629 588 1752 627 cum

153 665 421 726 venisset,
463 671 517 719 et
554 664 694 734 apud
721 663 1033 716 memoriam
1064 664 1320 733 martyris
1350 705 1365 728 ,
1414 679 1510 732 pro
1541 666 1755 718 restitu-

154 754 311 809 tione
344 754 537 809 salutis
568 768 706 818 suae,
728 753 958 808 Domino
984 754 1364 823 supplicasset,
1394 755 1525 809 vidit
1551 770 1646 823 per
1667 771 1753 809 so-

153 857 354 911 porem
378 846 667 913 quemdam
689 845 940 914 juvenem
971 844 1228 897 clericum
1257 845 1357 898 sibi
1385 847 1750 912 assistentem,

152 949 226 987 ac
247 950 419 990 novos
438 935 649 990 calceos
674 950 837 989 manu
859 934 1146 998 ferentem,
1169 942 1329 1004 atque
1350 946 1409 990 ut
1429 952 1525 990 eos
1545 938 1756 1006 accipe-

154 1035 245 1079 ret
265 1026 604 1095 pedibusque
631 1028 878 1081 indueret
916 1026 1312 1095 imperantem:
1346 1043 1404 1082 se
1434 1042 1649 1097 quoque
1682 1028 1755 1081 ita

150 1114 379 1172 fecisse.
405 1117 560 1172 Illum
588 1118 783 1173 deinde
832 1118 1173 1188 praecepisse,
1202 1127 1261 1171 ut
1290 1118 1374 1173 his
1403 1119 1642 1174 calceata
1688 1120 1756 1174 ad

151 1205 343 1261 locum
373 1248 387 1271 ,
442 1208 585 1263 unde
614 1208 705 1263 illo
729 1216 985 1271 venerat,
1038 1218 1423 1272 reverteretur,
1455 1210 1637 1279 ibique
1662 1212 1758 1265 ad-

153 1304 387 1351 ventum
416 1295 610 1352 medici
640 1298 1067 1367 pmestelaretur,
1100 1299 1192 1368 qui
1236 1314 1355 1353 eam
1382 1307 1526 1355 esset
1569 1301 1757 1369 procul

152 1388 332 1443 dubio
362 1398 672 1444 sanaturus.
727 1389 859 1456 ane
887 1390 978 1444 ubi
1024 1391 1314 1459 evigilavit,
1351 1393 1547 1447 visioni
1596 1393 1755 1447 fidem

153 1480 607 1543 accommodans,
631 1488 831 1548 quanta
849 1480 1025 1549 potuit
1052 1481 1329 1535 celeritate
1352 1483 1418 1535 ad
1446 1493 1755 1538 sanctortun

152 1579 462 1641 martyrum
491 1572 767 1627 salutifera
790 1571 975 1625 limina
1013 1582 1239 1627 reversa
1252 1583 1367 1638 est;
1413 1590 1476 1629 ac
1497 1590 1593 1644 per
1622 1576 1758 1630 duos

151 1674 381 1715 menses
413 1662 468 1715 in
496 1663 684 1716 eodem
713 1662 830 1717 loco
868 1661 1011 1715 inter
1042 1663 1179 1717 alios
1234 1679 1499 1734 pauperes
1535 1681 1757 1720 conver-

149 1759 302 1815 sata,
330 1751 770 1821 pollicitationem
794 1752 1021 1807 visionis
1050 1754 1447 1823 opperiebatur.
1507 1754 1641 1809 Cum
1670 1756 1751 1809 in-

1860 568 1984 639 [Μδ.
2006 570 2130 622 add.
2165 566 2419 639 ecclesia]
2442 566 2725 622 fuissemus
2746 569 2971 637 egressi,
3001 568 3214 623 caeteris
3242 581 3441 622 exeuu‘

1858 661 2018 723 tibus,
2046 660 2243 714 femina
2266 659 2351 712 illa
2380 660 2603 713 introire
2626 658 2827 723 volens,
2849 660 2903 713 in
2921 658 3237 729 ipsolimine
3253 674 3440 714 conse-

1856 752 1952 806 dit.
1980 752 2160 820 Ibique
2181 765 2363 806 coram
2388 752 2637 805 omnibus
2660 760 2875 821 stupore
2901 752 3134 822 quodam
3158 760 3437 825 Oppresszr.

1856 859 2145 913 parumper
2165 843 2421 907 obticuit;
2446 858 2509 897 ac
2530 843 2723 898 deinde
2751 854 3067 914 erumpente
3091 860 3156 900 ex
3184 858 3441 901 omnibus

1856 934 2050 1001 pedum
2094 934 2360 1003 unguibus
2388 934 2664 1003 aliquanto
2687 935 2968 1005 sanguine,
2999 936 3067 990 ad
3101 950 3158 991 se
3196 953 3436 1001 reversa,

1859 1040 2073 1077 manum
2098 1026 2568 1079 circumstantibus
2596 1032 2858 1095 porrexit,
2875 1035 3161 1097 erectaque
3186 1028 3238 1083 in
3252 1028 3436 1099 pedes,

1859 1115 1924 1167 ad
1966 1115 2271 1183 sepulcrum
2304 1123 2603 1185 martyrum
2627 1115 2903 1171 ambulare
2933 1116 3117 1187 coepit.
3154 1116 3271 1184 Quo
3314 1134 3437 1173 cum

1857 1208 2194 1275 pervenisset
2244 1208 2311 1262 ad
2332 1209 2634 1263 orationem
2662 1224 2845 1265 coram
2870 1211 3028 1264 altari
3053 1212 3456 1280 prosternitur,.

1859 1299 2039 1369 ibique
2054 1299 2254 1355 tamdiu
2266 1298 2458 1368 jacuit,
2476 1301 2827 1370 quoadusque
2845 1301 3101 1373 hymnus,
3117 1318 3276 1373 quem
3291 1312 3442 1373 exut-

1860 1392 2091 1445 tantium
2121 1391 2279 1445 simul
2304 1398 2468 1460 atque
2493 1392 2807 1445 mirantium
2832 1391 3117 1448 multitudo
3134 1391 3303 1447 Deum
3329 1398 3452 1448 lau-.

1858 1484 1993 1538 dans
2024 1482 2369 1537 devotissime
2402 1481 2672 1544 cantabat,
2702 1480 3078 1551 compleretur.
3118 1482 3235 1548 Quo
3267 1481 3439 1545 ﬁnito,

1857 1586 1986 1627 sana
2020 1572 2275 1635 surrexit,
2299 1570 2393 1625 sed
2420 1570 2472 1624 in
2499 1570 2731 1638 patriam
2772 1571 2998 1626 ulterius
3027 1572 3203 1627 redire
3245 1572 3437 1627 nolu'it.

1858 1662 2050 1716 Merito
2080 1662 2246 1732 igitur
2268 1660 2587 1716 miraculum
2627 1662 2770 1717 istud
2815 1664 2973 1717 beato
3003 1663 3241 1719 Hermeti
3277 1668 3441 1719 ascri-

1856 1753 2020 1815 bitur,
2048 1754 2200 1823 cujus
2223 1753 2309 1807 die
2341 1752 2617 1817 natalitio,
2672 1762 2726 1807 et
2748 1754 2848 1808 sub
2894 1754 3046 1822 cujus
3084 1754 3327 1827 reliquiis
3354 1762 3443 1824 ge-

149 1844 348 1907 terim,
377 1844 521 1898 circa
547 1843 783 1898 medium
823 1842 935 1897 fere
962 1858 1204 1899 mensem
1229 1844 1556 1915 Augustum,
1581 1845 1753 1901 Deus-
1779 1830 1825 1888 Β
1854 1855 1995 1901 stum
2022 1860 2142 1900 esse
2171 1853 2402 1900 constat.
2446 1844 2550 1899 Sed
2580 1860 2918 1915 nequaquam
2942 1847 3269 1902 sanctissimi
3302 1864 3442 1902 mar-

144 1934 301 1988 dona
327 1934 601 1998 diaconus,
628 1935 779 2003 cujus
807 1936 861 1989 in
886 1937 1063 2005 primo
1087 1938 1268 2005 operis
1285 1936 1447 2005 hujus
1472 1937 1611 1994 libro
1633 1955 1750 1995 cre-

146 2026 317 2081 bram
354 2026 581 2085 fecimus
610 2028 960 2091 mentionem,
1002 2026 1171 2083 Roma
1200 2029 1437 2093 veniens,
1462 2046 1629 2085 unum
1663 2046 1750 2086 ar-

148 2118 387 2172 ticulum
413 2118 564 2186 digiti
596 2117 740 2172 beati
768 2117 1038 2175 Hermetis
1092 2122 1349 2189 martyris
1404 2136 1501 2192 pro
1554 2138 1749 2193 utagno

146 2210 321 2265 nobis
371 2224 595 2264 munere
634 2210 845 2265 detulit.
900 2210 1069 2278 Quem
1107 2213 1472 2283 accipientes,
1532 2215 1749 2283 capsula

145 2301 520 2369 reconditum,
538 2301 592 2354 in
627 2302 893 2370 superiori
925 2312 1079 2370 parte
1104 2304 1361 2369 basilicae,
1384 2319 1547 2374 supra
1575 2306 1748 2374 ipsum

141 2388 549 2445 occidentalem
596 2390 843 2447 ecclesize
897 2392 1176 2447 introitum
1230 2394 1633 2450 collocavimus.
1682 2397 1751 2451 At

141 2474 362 2530 femina
382 2492 521 2546 quze,
544 2486 603 2531 ut
634 2479 769 2543 dixi,
793 2481 999 2535 visione
1030 2482 1286 2537 divinitus
1316 2484 1592 2538 admonita
1619 2485 1747 2540 illuc

143 2577 406 2634 venerat,
438 2578 491 2624 et
516 2570 725 2626 duobus
747 2570 858 2640 jam
911 2576 1118 2631 exactis
1149 2577 1447 2643 mensibus,
1478 2578 1612 2632 nihil
1636 2596 1753 2649 pro-

142 2659 342 2713 missae
366 2661 483 2728 opis
515 2661 617 2716 sibi
643 2662 925 2719 advenisse
949 2666 1227 2731 cernebat,
1253 2668 1495 2724 delusam
1526 2684 1586 2723 se
1611 2686 1751 2726 vano

143 2748 375 2805 somnio
402 2752 741 2818 existimans,
769 2756 1002 2810 reditum
1032 2758 1085 2811 in
1117 2759 1346 2828 patriam
1369 2762 1615 2816 meditari
1639 2777 1750 2816 coe-

142 2840 255 2910 pit.
286 2840 594 2912 Statuitque
627 2860 751 2900 cum
804 2849 1250 2919 negotiatoribus,
1281 2854 1373 2922 qui
1422 2868 1481 2909 se
1533 2856 1753 2910 reduce-

143 2938 303 2995 rent,
335 2939 394 2984 nt
426 2933 673 3001 proxima
706 2936 982 2991 Dominica
1010 2979 1024 3002 ,
1087 2955 1208 3009 quze
1266 2942 1457 3011 quinto
1486 2943 1751 2998 Kalenda-

142 3034 280 3075 rum
315 3020 717 3092 Septembrium
744 3027 832 3082 die
850 3028 877 3068 ι)
903 3029 1062 3083 simul
1088 3045 1208 3084 cum
1236 3033 1604 3089 anniversaria
1624 3049 1751 3088 san-

142 3112 229 3166 cti
263 3112 536 3171 Hel-metis
559 3116 897 3175 solemnitate
927 3130 1047 3176 erat
1082 3120 1277 3187 futura,
1312 3140 1500 3179 navem
1532 3139 1745 3190 eorum,

1852 1947 1997 2005 tyres
2022 1934 2364 1990 Marcellinus
2388 1944 2441 1991 et
2488 1934 2679 1989 Petrus
2724 1934 2965 2003 ejusdam
2993 1937 3171 2007 operis
3221 1948 3441 1993 exortes

1850 2043 1970 2082 esse
2003 2037 2247 2096 possunt,
2279 2027 2329 2080 in
2356 2043 2587 2097 quorum
2634 2028 2855 2083 basilica
2889 2036 3161 2098 patratum
3208 2037 3326 2095 est;
3380 2041 3441 2085 et

1850 2132 1987 2187 quos
2008 2117 2143 2187 ipsa,
2167 2132 2285 2185 quae
2308 2126 2493 2171 curata
2514 2127 2598 2173 est
2617 2117 2839 2185 femina,
2856 2126 2971 2174 toto
2991 2120 3442 2190 peregrinationis

1852 2224 1963 2262 suze
1994 2218 2255 2277 tempore,
2287 2218 2345 2262 ut
2376 2224 2433 2263 se
2462 2207 2797 2277 adjuvarent,
2832 2225 3038 2279 semper
3075 2211 3365 2266 invocavit.

1924 2301 2011 2355 9t.
2056 2300 2180 2355 llaec
2218 2309 2345 2355 sunt
2392 2316 2510 2369 qua:
2554 2300 2621 2356 de
2659 2301 2958 2357 innumeris
2998 2310 3313 2358 sanctorum
3339 2304 3443 2357 vir-

1856 2390 2075 2450 tutibus,
2105 2398 2198 2443 aut
2224 2405 2256 2443 a
2294 2390 2449 2445 nobis
2483 2391 2618 2454 visa,
2668 2399 2762 2445 aut
2815 2390 3050 2446 fidelium
3079 2393 3259 2469 veraci
3299 2392 3441 2447 rela-

1856 2479 2001 2531 tione
2027 2486 2336 2548 comperta,
2377 2478 2569 2532 litteris
2600 2495 2664 2532 ac
2708 2480 2987 2547 memoria:
3042 2481 3302 2535 mandare
3348 2482 3442 2537 do-

1854 2568 2155 2633 crevimus;
2194 2584 2313 2638 qua:
2342 2568 2539 2624 Christi
2558 2570 2891 2624 amatoribus
2919 2586 2982 2625 ac
3002 2579 3297 2642 martyrum
3321 2572 3440 2642 ejus

1854 2662 2261 2715 veneratoribus
2300 2661 2367 2715 ad
2403 2660 2687 2731 legendum
2719 2669 2869 2732 grata
2906 2660 3020 2717 fore
3048 2678 3152 2718 non
3185 2665 3437 2735 ambigo:

1855 2755 2108 2821 quoniam
2142 2754 2276 2809 nihil
2316 2754 2393 2807 eis
2423 2750 2637 2807 videtur
2682 2752 3034 2822 impossibile,
3072 2755 3213 2823 quod
3250 2765 3307 2809 ut
3348 2756 3441 2810 fiat

1855 2847 1964 2900 Deo
1986 2847 2341 2916 omnipotenti
2377 2846 2657 2915 placuerit.
2684 2846 2977 2901 lncredulis
3024 2856 3204 2900 autem
3227 2863 3289 2900 ac
3318 2862 3441 2900 san.-

1855 2946 2063 2991 etorum
2089 2937 2273 3005 gloria:
2298 2935 2701 3006 derogantibus,
2733 2936 2857 3005 quia
2890 2934 3166 2989 fastidiosa
3193 2949 3313 2991 esse
3333 2951 3441 2990 non

1854 3027 2059 3093 dubito,
2082 3043 2149 3082 ne
2175 3028 2394 3082 omnino
2423 3027 2599 3097 legere
2629 3027 2811 3091 vellnt,
2846 3026 3178 3081 suadendum
3203 3035 3397 3080 censeo
3423 3039 3450 3082 ζ

1854 3134 1919 3173 ne
1940 3118 2079 3172 forte
2100 3116 2305 3171 vilitate
2334 3116 2501 3171 nostri
2526 3116 2789 3172 sermonis
2810 3115 3027 3180 offensi,
3051 3115 3438 3186 blasphemiam

144 3202 213 3256 in
241 3204 521 3275 regionem
546 3223 699 3262 suam
742 3224 1048 3275 reversura,
1083 3215 1486 3269 conscenderet.
1520 3213 1747 3283 Jamque
1776 3184 1819 3244 (ἶ
1853 3219 1907 3264 et
1939 3208 2285 3264 invidentiam
2314 3208 2557 3263 devitarc
2582 3225 2687 3263 non
2717 3210 2959 3275 valeant;
2997 3225 3060 3264 ac
3082 3211 3163 3265 sic
3188 3209 3357 3263 Deum
3385 3220 3440 3263 et

144 3294 397 3351 instante
419 3306 602 3364 nocte,
629 3316 749 3369 qua:
780 3301 923 3356 diem
952 3301 1269 3371 profectioni
1301 3305 1607 3359 condictqu
1628 3314 1748 3359 erat

145 3384 272 3439 sine
296 3385 459 3441 dubio
480 3402 833 3457 pmeessura,
859 3408 983 3447 eum
1009 3408 1108 3447 nos
1139 3394 1434 3449 secundum
1459 3404 1748 3451 consuetu-

221 3528 247 3555 ⁸
286 3516 345 3571 S.
372 3518 613 3576 Albanus
647 3530 852 3593 martyr
878 3524 1164 3596 Moguntize
1192 3528 1389 3582 colitur
1414 3529 1476 3582 εί
1505 3528 1668 3583 Junii.

1853 3304 2175 3374 proximum,
2207 3317 2343 3373 quos
2397 3317 2583 3357 amare
2625 3302 2900 3373 jubentur,
2944 3318 3002 3359 se
3037 3304 3215 3359 odisse
3263 3308 3451 3358 declat--

1856 3405 2004 3451 rent.

1926 3529 1953 3566 δ
1987 3528 2175 3582 Annus
2202 3528 2290 3584 hic
2312 3526 2412 3583 fuit
2440 3527 2564 3594 850,
2600 3528 2776 3582 littera
2806 3528 3124 3584 Dominicali
3164 3528 3223 3582 Β.

152 3654 3429 3691 MM

660 3778 688 3815 ³
764 3776 1798 3890 BHYTEMUS
1872 3774 2929 3890 EGINHABDI

1407 3995 1944 4056 ERUDITISSIM]
1992 3995 2158 4055 Vlltl

294 4180 424 4276 DE
500 4176 947 4277 PASSIONE
1022 4179 1408 4277 CHRISTI
1477 4177 2029 4278 MARTYBUM
2101 4178 2702 4280 MARCELLINI
2772 4183 2897 4281 ET
2972 4185 3298 4283 PETRI.

1246 4382 1395 4441 [Acta
1419 4382 1707 4432 Sanctorum
1732 4382 1951 4433 Bolland.
1978 4391 2109 4434 temo
2130 4385 2148 4434 Ι
2173 4384 2351 4443 Junii]

1590 4525 1968 4547 ἡ*

221 4639 277 4694 1.
308 4637 443 4693 Erat
484 4635 705 4707 quidam
750 4636 1021 4692 exorcista
1061 4645 1283 4693 sanctus
1309 4638 1359 4703 δ,
1395 4638 1593 4695 Petrus
1640 4657 1738 4697 no-
1765 4647 1818 4707 D
1844 4643 2009 4698 Poena
2044 4640 2245 4698 inﬂicta
2269 4646 2588 4715 praevaleret
2612 4646 2814 4703 Christi
2844 4649 3003 4707 ﬁdem
3034 4653 3242 4719 tollere,

1548 4728 1739 4801 [mine,

136 4819 250 4886 Qui
280 4819 584 4874 doctrinam
610 4818 788 4891 magni
813 4818 959 4885 Petri
994 4826 1212 4874 secutus
1238 4819 1487 4887 apostoli,

136 4908 351 4964 Veram
382 4908 545 4963 ﬁdem
572 4907 700 4963 Iesu
727 4908 930 4963 Christi
955 4909 1269 4978 prtedicavit
1296 4912 1566 4980 gentibus.

138 4999 508 5070 Halignorum
540 5000 825 5069 adjurator
849 5000 953 5053 iste
982 4998 1086 5053 fuit
1114 5000 1442 5067 daemonum,

136 5088 329 5159 Atque
352 5097 501 5143 atros
526 5090 696 5144 verbo
723 5097 915 5159 potens
951 5088 1224 5160 eﬂ'ugabat
1252 5076 1497 5161 spiritus,

139 5179 364 5250 Perque
404 5182 618 5251 signum
660 5192 864 5237 sancta
892 5183 1070 5237 crucis
1098 5184 1271 5253 aegros
1307 5199 1471 5241 sanos
1506 5185 1730 5242 fecerat.

138 5272 323 5337 Quem
346 5272 544 5341 pagani
574 5273 1025 5341 comprehensum
1055 5272 1209 5327 duris
1230 5282 1456 5329 nectunt
1481 5276 1731 5347 vinculis,

135 5362 220 5417 Ae
244 5375 345 5432 per
370 5360 538 5415 multa
567 5361 824 5415 laniatum
853 5371 1243 5417 tormentorum
1274 5378 1494 5431 genera,

137 5452 225 5506 Ad
265 5459 568 5505 extremum
598 5452 885 5511 tenebroso
915 5453 1294 5521 manciparunt
1321 5456 1549 5509 carceri.

138 5542 525 5613 Imprudentes
551 5543 798 5596 arbitrati
827 5545 969 5613 quod
993 5560 1090 5614 per
1117 5553 1268 5600 artus
1291 5549 1535 5616 corporis

213 5687 241 5715 ι
285 5674 438 5731 Hune
472 5676 683 5730 titulum
727 5676 944 5745 prrefert
984 5687 1137 5733 vetus
1180 5681 1343 5735 codex
1392 5683 1727 5739 bibliotheca:

138 5747 320 5801 sancti
348 5746 629 5802 Benedicti
668 5749 731 5802 ad
768 5746 1000 5821 Ligerim
1030 5748 1273 5819 (Mabill.,
1305 5752 1436 5807 Acta
1462 5753 1566 5810 SS.
1606 5756 1721 5810 ord.

1850 4734 1956 4789 Sed
1986 4750 2100 4800 cor,
2132 4736 2271 4791 caalo
2298 4738 2464 4792 fixum
2495 4754 2741 4805 manens,
2782 4744 2957 4798 nescit
2993 4744 3181 4817 ﬂagris
3207 4750 3406 4805 cedere

1848 4826 1946 4880 Cui
1971 4835 2156 4881 custos
2176 4828 2463 4897 deputatus
2487 4828 2701 4899 praefuit
2721 4833 3056 4899 Arthemius,

1848 4915 1948 4982 Qui
1986 4930 2202 4971 reorum
2231 4918 2445 4972 turbam
2471 4918 2607 4973 diris
2632 4921 3042 4992 constringebat
3071 4924 3323 4990 vinculis,

1844 5007 2018 5074 Atque
2045 5007 2281 5062 claustra
2309 5008 2529 5078 caligosi
2558 5013 2809 5067 servabat
2831 5016 3110 5083 ergastuli.

1844 5094 1975 5149 Erat
2002 5097 2087 5151 cui
2118 5098 2284 5152 chara
2312 5098 2466 5152 valde
2493 5109 2641 5164 nata,
2673 5102 2825 5172 virgo
2850 5105 3089 5170 nomine,

1841 5187 1974 5255 Quae
2002 5190 2186 5244 invasa
2212 5205 2323 5259 pra:
2352 5191 2517 5246 feroci
2548 5194 2848 5249 vexabatur
2873 5196 3133 5261 daemone,

1838 5282 1903 5337 Et
1931 5292 2158 5353 paterna
2187 5299 2326 5337 szeva
2358 5300 2519 5353 pmna
2547 5289 2825 5342 cruciabat
2851 5298 3092 5358 pectora.

1909 5373 1963 5426 2.
1998 5372 2151 5439 Quod
2176 5388 2300 5428 cum
2328 5374 2524 5431 Petrus
2564 5380 2938 5446 comperisset,
2990 5382 3279 5450 compellat
3320 5384 3423 5439 Ar-

3108 5470 3418 5543 [themiuun

1839 5554 2059 5610 Monens
2086 5557 2244 5610 simul
2280 5565 2335 5611 et
2363 5556 2677 5624 exhortans,
2715 5560 2916 5617 Christi
2963 5561 3118 5617 miles
3158 5561 3417 5634 inclytus,

1840 5686 1895 5742 S.
1936 5686 2158 5759 Bene},
2186 5703 2313 5759 saec.
2338 5706 2410 5759 tv,
2438 5700 2591 5759 parte
2620 5692 2678 5751 Il.

1907 5758 1934 5797 ιθ
1974 5757 2036 5810 D.
2067 5756 2277 5828 Teulet,
2316 5756 2513 5816 Rom‘w.
