3912 6312
505 405 611 464 595
1764 394 2161 452 ‘EGINHARDI
2196 394 2485 451 sanans
3666 400 3766 460 δυο

506 519 840 580 Merearetur
863 526 1054 575 sancta
1083 514 1190 570 fide
1218 522 1279 568 ut
1297 509 1528 567 salutem
1552 508 1712 565 filiae;
2118 513 2167 572 Α
2261 508 2313 562 4,
2336 508 2431 563 .ua
2455 509 2617 577 dixit,
2660 518 2715 565 ει
2748 512 3032 579 abscessu,
3075 528 3243 583 seque
3267 513 3491 568 domum
3515 515 3762 581 comam,

510 641 525 670 ι
557 620 756 683 Deum,
775 614 932 680 dixit,
960 610 1123 669 crede
1143 607 1442 671 Christum,
1469 604 1561 674 qui
1586 603 1791 659 creavit
1810 603 2012 667 omnia,
2189 600 2517 671 Coniugique
2544 610 2739 657 cuncta
2769 618 2900 670 suae,
2930 613 3288 675 cognomento
3311 603 3591 670 Candidas,

505 708 609 777 Qui
636 704 837 763 ctelum
860 712 1176 772 terramque
1201 713 1301 755 sua
1327 697 1571 753 continet
1593 696 1649 750 in
1676 694 1921 759 dextera,
2194 695 2355 752 Valde
2387 704 2607 766 stupens
2636 705 2798 765 atque
2826 698 3030 751 mirans
3053 697 3195 751 dicta
3223 695 3368 751 Petri
3395 698 3599 752 retulit.

504 799 577 854 Et
599 798 693 870 qui
716 794 837 852 miti
862 799 1148 865 potentatu
1176 788 1417 860 protegit
1442 786 1588 857 quod
1610 786 1868 857 possidet.
1903 803 1921 837 ›
2188 785 2285 840 Cui
2311 784 2507 854 coniux
2529 785 2799 841 dubitanti
2826 787 2994 842 corde
3022 786 3167 840 fatur
3192 786 3434 851 credulo,

506 889 635 945 llaec
652 889 813 945 beato
835 886 1149 957 proferente
1175 882 1339 937 Petro
1361 878 1565 935 Christi
1596 876 1821 940 famulo,
2192 874 2261 929 Se
2288 875 2474 929 mirari
2501 875 2644 945 quod
2669 876 2919 932 insanum
2950 877 3207 932 voluisset
3234 878 3432 939 dicere,

506 977 702 1034 Custos
725 975 815 1033 ille
840 973 1114 1032 tenebrosi
1141 970 1379 1028 carceris
1401 967 1717 1024 Artbemius
2188 966 2360 1033 Quem
2382 968 2625 1023 audisset
2652 969 2968 1037 sospitatem
2997 971 3119 1025 filiae
3140 972 3497 1041 promittere;

506 1067 672 1124 Plura
698 1066 845 1124 dicta
870 1072 1065 1123 contra
1093 1061 1283 1129 refert,
1312 1060 1407 1117 sed
1432 1059 1622 1115 eadem
1648 1057 1873 1113 frivola:

2188 1062 2297 1117 Nec
2320 1063 2422 1117 hoc
2442 1062 2532 1117 diu
2557 1061 2912 1119 differendum
2940 1078 3059 1120 esse
3086 1063 3228 1134 quod
3261 1065 3606 1133 promiserat.

513 1180 531 1212 ι
560 1160 680 1216 Non
701 1167 808 1225 est,
840 1158 1036 1230 inquit,
1061 1171 1271 1221 verum,
1294 1153 1473 1216 Petre,
1499 1165 1673 1222 neque
1698 1147 1993 1205 verisimile
2190 1152 2297 1207 Sed
2320 1153 2573 1223 praesenti
2598 1169 2657 1208 se
2682 1153 2951 1208 facturum
2980 1156 3243 1210 fateretur
3270 1164 3533 1225 tempore,

508 1251 683 1309 Meam
706 1260 834 1307 tuus
862 1249 1037 1320 possit
1062 1247 1315 1305 Christus
1345 1254 1402 1301 ut
1433 1245 1645 1301 salvare
1676 1242 1860 1308 filiam,
2188 1242 2256 1296 Et
2280 1243 2424 1313 quod
2447 1243 2584 1298 dixit
2611 1259 2676 1299 ac
2702 1246 3015 1314 spopondit,
3042 1245 3201 1301 hodie
3220 1246 3546 1302 clarescere.

506 1344 609 1411 Qui
634 1342 841 1399 nullum
868 1341 1092 1397 exhibet
1114 1340 1229 1395 suis
1252 1337 1493 1393 solamen
1518 1334 1837 1392 cultoribus.
2187 1332 2280 1388 llle
2304 1348 2433 1388 vero
2454 1342 2639 1387 contra
2668 1334 2872 1398 nitens,
2894 1349 3117 1389 uxorem
3141 1335 3447 1404 increpitat,

505 1433 719 1500 Ferret,
756 1440 908 1505 puto,
935 1433 983 1489 si
1007 1431 1235 1496 valeret,
1265 1443 1425 1499 opem
1454 1428 1568 1483 suis
1597 1425 1837 1492 famulis,
2187 1425 2297 1479 Cur
2325 1426 2410 1479 bis
2436 1426 2618 1479 verbis
2648 1425 2809 1480 fidem
2841 1425 3016 1491 daret,
3047 1434 3099 1481 et
3130 1426 3365 1496 appellat
3386 1425 3614 1489 fatuam,

508 1520 615 1578 Sed
635 1521 741 1578 hoc
763 1520 915 1577 illum
935 1535 1042 1577 non
1073 1519 1253 1575 valere
1275 1517 1517 1588 produnt
1540 1516 1632 1572 illa
1652 1517 1903 1579 verbera.
2188 1516 2325 1584 Quia
2353 1516 2628 1572 Christum
2669 1518 2837 1573 Deum
2871 1517 3017 1573 Petri
3060 1526 3169 1573 tam
3200 1524 3471 1590 potentem
3497 1520 3760 1576 crederet.

508 1609 640 1678 Quae
661 1619 720 1665 tu
747 1608 948 1666 dudum
973 1616 1197 1679 propter
1218 1608 1397 1678 ipsum
1426 1605 1706 1661 tolerando
1728 1605 1932 1661 delicis.
1957 1625 1973 1657 ι
2194 1625 2212 1656 ι
2243 1605 2358 1661 Non
2388 1614 2491 1670 est,
2517 1606 2612 1671 ait,
2655 1621 2856 1662 numen
2895 1608 3086 1675 ullum,
3128 1610 3220 1665 sed
3258 1624 3359 1665 nec
3388 1610 3501 1679 ipse
3531 1607 3760 1679 Jupiter,

505 1702 589 1757 Ad
616 1701 735 1759 haec
753 1700 949 1758 Petrus
972 1701 1123 1756 vultu
1152 1701 1275 1756 lzeto
1302 1712 1478 1769 pauca
1501 1699 1665 1754 verba
1692 1697 1938 1753 referens
1964 1715 1976 1727 ·
2188 1696 2341 1763 Quod
2366 1698 2613 1752 eumdem
2648 1698 2725 1752 sic
2746 1705 3055 1754 conclusum
3093 1702 3265 1772 possit
3290 1701 3483 1757 vinclis
3512 1702 3757 1763 solvere.

513 1813 531 1846 ι
562 1794 859 1862 Christum,
906 1795 1099 1865 inquit.
1151 1793 1494 1854 confitemur.
1535 1800 1591 1848 et
1616 1794 1668 1848 in
1695 1794 1869 1863 ipsum
1905 1793 2084 1848 credi-
2189 1786 2283 1841 Vel
2311 1803 2375 1842 ex
2408 1789 2547 1842 antri
2580 1790 2849 1845 tetrolacu
2876 1790 3103 1847 liberum
3132 1793 3421 1847 dimittere.
3459 1812 3478 1844 ι

1920 1890 2082 1962 [ηιυῇ
2115 1868 2163 1926 Β
2189 1879 2279 1933 illa
2303 1878 2451 1935 Petri
2467 1882 2657 1962 verbis
2683 1882 2929 1945 credens,
2963 1883 3160 1952 quibus
3190 1898 3248 1938 se
3273 1885 3619 1953 promiserat,

506 1982 609 2051 Qui
634 1989 721 2040 est
747 1986 895 2041 solus
922 1986 1244 2042 mulorum
1274 1984 1529 2040 Salvator
1555 1991 1611 2039 et
1634 1960 1938 2038 Dominus;
2190 1970 2293 2024 Ρθι·
2318 1960 2571 2027 νίτιιιῖθῐη
2598 1968 2726 2027 Ῑθδιι
2752 1972 2953 2028 Chiis“
2993 1974 3130 2029 mira
3156 1990 3317 2044 P0553
3346 1975 3544 2039 facere,

504 2071 626 2141 Ipse
653 2072 813 2138 valet,
843 2075 1105 2145 quidquid
1143 2075 1244 2130 sibi
1275 2074 1559 2143 placuerit,
1594 2073 1792 2136 facere,
2189 2061 2304 2119 Tali
2333 2062 2435 2116 sibi
2465 2063 2807 2118 resistentem
2833 2063 3028 2133 repulit
3052 2064 3229 2136 elogio
3257 2084 3270 2119 :

506 2160 643 2218 Tam
668 2163 808 2220 caelo
842 2171 1096 2235 terraque
1122 2173 1337 2233 potens,
1367 2178 1529 2233 quam
1557 2173 1613 2220 et
1637 2162 1787 2232 ponti
1816 2160 2051 2218 fluctibus

2193 2173 2211 2204 ο
2251 2154 2363 2208 Hoc
2382 2162 2486 2217 est,
2516 2154 2712 2223 inquit,
2736 2154 2883 2223 quod
2911 2155 3131 2225 augebit
3167 2155 3261 2211 Dei
3289 2156 3374 2211 sui
3400 2156 3653 2225 gloriam,

503 2250 605 2309 Cui
631 2254 798 2310 servit
821 2261 993 2309 totum
1017 2254 1131 2309 suis
1154 2255 1349 2309 ctelum
1378 2268 1501 2307 cum
1526 2253 1817 2307 sideribus.
2186 2246 2318 2300 Cum
2341 2259 2437 2314 per
2461 2246 2609 2299 illum
2635 2246 2740 2299 erit
2761 2244 2984 2309 factum,
3010 2247 3150 2315 quod
3172 2254 3391 2308 patrare
3427 2249 3709 2317 nequeunt

501 2340 599 2398 ille
623 2350 821 2413 potest,
856 2344 1288 2413 quandocunqne
1315 2342 1419 2398 sibi
1453 2342 1650 2411 placet,
1681 2341 1890 2397 solvere
2185 2335 2281 2389 illa
2312 2350 2532 2405 magna,
2563 2351 2684 2405 qua:
2714 2351 2745 2390 a
2768 2337 2924 2389 nobis
2946 2352 3090 2391 nunc
3112 2338 3380 2401 coluntur,
3413 2338 3664 2391 numina.
3703 2358 3721 2391 ι

504 2429 680 2487 Duros
702 2446 874 2487 nexus
897 2440 1239 2493 catenarum,
1264 2430 1460 2501 quibus
1484 2430 1698 2486 vinctus
1727 2439 1939 2496 teneor,
2256 2425 2308 2480 5.
2349 2424 2475 2480 Haec
2497 2426 2622 2481 dum
2653 2423 2814 2480 simul
2856 2441 2922 2480 ac
2947 2425 3187 2481 vicissim
3216 2427 3533 2483 alternando
3570 2428 3757 2484 oonfe-

494 2517 572 2575 Et
595 2518 664 2573 de
688 2520 901 2576 cunctis
922 2527 1311 2575 tormentorum
1339 2520 1516 2589 ptenis
1544 2527 1716 2573 tutum
1741 2520 1984 2575 reddere.
3519 2515 3693 2588 [runt,

504 2607 613 2664 Sed
633 2622 815 2665 meum
846 2608 1007 2666 credo
1035 2609 1175 2679 quod
1205 2608 1341 2665 nolit
1362 2609 1622 2679 impedire
1648 2609 1920 2677 bravium,
2184 2604 2381 2674 Atque,
2408 2604 2537 2660 solis
2560 2606 2692 2660 orbe
2720 2618 2922 2670 merso,
2951 2595 3121 2660 stellae
3143 2614 3357 2660 noctem
3386 2605 3690 2676 proferunt,

502 2705 642 2774 Quin
665 2705 908 2776 peccatis
933 2706 1289 2778 depurgatum
1318 2707 1603 2776 pervenire
1632 2704 1815 2768 faciat,
2185 2697 2324 2753 Ecce
2346 2696 2562 2762 Petrus,
2591 2705 2651 2751 ut
2672 2697 2941 2767 promisit,
2972 2698 3124 2754 adest
3146 2700 3558 2765 admirantibus,

500 2794 608 2851 Per
636 2801 904 2851 tormenta
925 2796 1217 2864 passionis,
1243 2797 1311 2849 ad
1335 2808 1629 2865 perennem
1655 2793 1903 2865 gloriam.
2185 2786 2407 2857 Signum
2430 2788 2609 2843 crucis
2632 2802 2794 2842 manu
2824 2796 3062 2859 gestans,
3093 2798 3242 2844 veste
3264 2788 3475 2859 fulgens
3496 2791 3756 2854 candida;

502 2885 709 2943 Vellem
741 2893 945 2951 tamen,
980 2900 1015 2941 ο
1043 2885 1310 2948 Artbemi,
1345 2884 1552 2941 faceres
1581 2884 1906 2955 periculum,
2186 2876 2365 2948 Seque
2394 2893 2579 2932 verum
2607 2877 2805 2933 Christi
2838 2892 3075 2944 servum,
3110 2888 3166 2935 et
3196 2894 3302 2933 non
3333 2879 3529 2934 falsum
3557 2880 3757 2949 aliquid

503 2980 705 3035 verum
728 2979 854 3044 siet,
885 2994 1027 3035 anne
1056 2978 1269 3042 falsum,
1294 2978 1436 3048 quod
1457 2979 1524 3033 de
1544 2976 1762 3033 Chi-isto
1783 2978 2078 3044 credimus,
2182 2966 2317 3021 Esse
2341 2976 2624 3032 monstrat,
2644 2968 2773 3021 dum
2796 2968 3087 3023 multorum
3105 2978 3476 3024 contrectatur
3492 2970 3754 3024 manibus.

503 3069 767 3139 Quodque
790 3068 941 3123 illum
970 3077 1077 3122 tam
1112 3076 1382 3138 potentem
1415 3082 1604 3123 omnes
1627 3081 1748 3123 esse
1777 3067 2025 3122 dicimus.
2056 3088 2075 3121 ι
2183 3056 2310 3113 Hinc
2333 3066 2643 3113 cernentem
2675 3067 2861 3128 δωρον
2889 3060 3077 3129 ingens
3100 3060 3291 3129 πτίρίι
3315 3060 3689 3126 Αΐῐιιθῐῐιίυως

570 3162 626 3217 5.
662 3162 746 3217 Ad
791 3164 908 3219 hac
937 3164 1078 3218 antri
1118 3163 1409 3220 carceralis
1448 3171 1654 3227 custos,
1688 3162 1927 3217 nondum
1958 3177 2079 3217 cre-
2108 3201 2153 3264 G
2182 3147 2358 3264 atque
2384 3146 2529 3264 Ρεξίτί
2559 3149 2675 3205 Sine
2709 3152 3114 3264 mox-Pedibus
3146 3153 3475 3217 adVOlViml'.

1856 3252 1873 3264 ρ
1896 3255 1910 3264 ι
1953 3254 1967 3264 ι
2234 3252 2354 3264 ιιι-Μ
2385 3252 2443 3264 ’.Α
2470 3252 2556 3264 ..ν-ι
2585 3253 2771 3264 -.ιιι-..ις
2915 3241 3074 3264 2Αι--...
3106 3243 3315 3264 ...ΑΔ-2..
3360 3244 3475 3264 ΔΙΑΜ.

1856 3252 2036 3326 [auius
2063 3272 2076 3307 ε
2108 3236 2153 3264 υ
2187 3236 2356 3291 Deum
2383 3237 2559 3292 solum
2585 3253 2773 3294 verum
2801 3239 3078 3296 Christum
3106 3243 3319 3314 magnis
3352 3244 3592 3301 clamans
3612 3247 3729 3301 voci

507 3362 525 3394 ι
553 3342 697 3407 Fiat,
727 3342 823 3407 ait,
852 3344 995 3413 quod
1018 3343 1280 3409 hortaris,
1314 3343 1582 3414 hodieque
1611 3342 1836 3409 clareat,
3541 3334 3687 3391 rbus.

502 3432 694 3488 Valeat
721 3433 851 3503 quid
884 3432 1135 3489 Christus
1160 3443 1307 3498 ιυυεν
1337 3447 1500 3503 quem
1529 3449 1615 3489 me
1643 3449 1804 3503 rogas
1832 3435 2075 3490 credere.
2183 3414 2296 3470 Hoc
2319 3422 2372 3471 et
2393 3417 2615 3487 conjux,
2646 3418 2749 3472 hoc
2774 3425 2830 3473 et
2860 3429 3052 3475 cuncta
3076 3429 3339 3477 consonat
3361 3422 3563 3478 familia

500 3522 582 3576 En
606 3538 707 3594 ego
732 3537 875 3578 nunc
898 3523 1005 3578 tuis
1030 3522 1221 3580 vinclis
1250 3522 1609 3594 superaddam
1638 3524 1868 3590 vincula,
2182 3507 2315 3563 Esse
2339 3509 2542 3563 nullum
2566 3510 2669 3565 nisi
2690 3509 2986 3572 Christum.
3016 3525 3200 3569 rerum
3226 3516 3683 3583 potentissimum;

501 3611 688 3681 Teque
714 3613 890 3681 ipsum
917 3612 1203 3667 tenebroso
1224 3613 1467 3667 clausum
1492 3612 1732 3682 linquam
1756 3629 1995 3679 carcere,

2182 3598 2353 3665 Quem
2375 3599 2566 3654 beatus
2592 3602 2942 3670 prmdicasse‘t
2963 3602 3156 3658 Petrus
3177 3614 3339 3674 atque
3363 3606 3578 3661 coleret.

498 3704 677 3773 Atque
707 3703 849 3758 antri
877 3712 1058 3772 postes
1081 3705 1219 3759 seris
1240 3704 1502 3774 stringam
1534 3704 1881 3760 firmioribus.
2180 3686 2238 3740 Ῑη
2260 3688 2494 3742 adveni“
2520 3688 2674 3759 cui“
2696 3690 2894 3758 ipsum.
2923 3692 3065 3760 (ιιιοά
3095 3700 3285 3748 θοιυω
3312 3694 3477 3749 ﬁliam

500 3790 557 3846 Si
581 3802 634 3847 te
658 3792 821 3847 tantis
849 3791 1162 3848 innodatum
1191 3790 1437 3849 liberarii.
1458 3792 1687 3847 nexibus
2182 3775 2282 3830 Di“
2317 3777 2457 3832 male
2478 3779 2805 3848 Ροδδίάθιιάο
2832 3783 3088 3847 “ﬂabat,
3114 3783 3440 3839 daemonium

497 3883 749 3939 Christus
776 3892 975 3950 vester,
1005 3901 1070 3940 ac
1090 3884 1326 3941 solutum
1358 3893 1615 3955 sospitem
1647 3888 1965 3953 reddiderit,
2180 3866 2340 3937 Ῥυείι
2360 3868 2567 3933 “mimi
2595 3878 2652 3923 ει
2687 3875 2888 3926 imitus
2911 3872 3005 3927 Ι)θὶ
3032 3875 3204 3929 Virum
3225 3878 3503 3945 praedicnt,

497 3975 728 4029 Credam
757 3974 930 4037 illum,
959 3983 1123 4044 atque
1152 3976 1323 4030 Deum
1356 3976 1530 4030 colam
1559 3977 1677 4032 sine
1706 3978 1897 4044 dubio;
2182 3959 2253 4014 Ui
2278 3961 2330 4013 ίη
2359 3960 2468 4015 alio
2494 3961 2695 4017 malum
2726 3975 2751 4002 ⁸
2777 3972 2932 4019 δυ’οΧ
2966 3966 3249 4021 andil‘elul‘
3270 3982 3397 4022 aere
3421 3987 3434 4021 ι

498 4065 573 4119 Ea
602 4073 781 4119 nmen
811 4074 1039 4129 ι-ειιιοηε,
1071 4066 1117 4120 εί
1144 4067 1479 4135 redemptam
1505 4064 1710 4129 videro,
2050 4048 2053 4053 ’
2185 4064 2204 4099 t
2236 4050 2440 4116 Virtus,
2462 4052 2666 4118 dicens,
2698 4054 2917 4119 Christi,
2942 4057 3120 4124 Petre,
3152 4059 3207 4113 in
3234 4068 3285 4114 te
3310 4076 3534 4117 manens
3554 4060 3749 4132 pepulit

497 4155 617 4225 [p90
637 4154 857 4210 Chl-iam
885 4155 1139 4221 τθρίεηιρ,
1171 4171 1346 4210 meam
1375 4157 1597 4211 chara“,
1620 4156 1806 4221 quam,
2182 4140 2356 4228 Meude
2387 4142 2497 4207 illa,
2522 4159 2683 4211 quam
2709 4148 2959 4200 tenebam
2978 4163 3152 4218 usque
3182 4151 3357 4213 modo,
3388 4153 3613 4221 virgine.
3649 4172 3665 4202 ι

501 4244 579 4298 Ab
600 4244 742 4299 illius
763 4244 1062 4308 dominatu,
1090 4261 1201 4315 quo
1223 4254 1471 4311 vexatur,
1503 4246 1786 4303 daemonis.
1818 4267 1836 4299 ι

2250 4230 2301 4284 6.
2335 4231 2460 4286 ΗἘο
2492 4242 2604 4286 tum
2630 4232 2793 4289 Petro
2825 4234 3056 4290 facient:
3079 4252 3177 4307 per
3200 4240 3452 4293 virtutem
3476 4241 3713 4310 spiritus,

502 4333 652 4389 Tunc
678 4334 967 4390 subridens
994 4333 1150 4390 fortis
1175 4333 1264 4389 ille
1293 4334 1485 4389 Petrus
1508 4334 1709 4391 Christi
1736 4335 2001 4392 famulus:
2180 4325 2346 4379 Fama
2370 4326 2544 4391 νειοιν
2572 4341 2668 4396 Der
2692 4328 2867 4382 ViCina
2899 4330 3083 4383 statim
3118 4330 3234 4385 1003
3256 4330 3508 4396 vOlimnsi

502 4444 521 4473 ε
551 4422 729 4489 Fides,
755 4423 855 4489 ait,
883 4424 1152 4480 imbecilla
1182 4424 1493 4480 confirmari
1525 4426 1743 4495 poterit,
2008 4478 2014 4491 ,
2180 4415 2374 4470 Multos
2393 4415 2549 4471 valde
2575 4419 2925 4487 congregavit
2949 4420 3092 4474 viros
3129 4428 3291 4490 atque
3327 4420 3570 4483 feminas.

497 4515 574 4575 Si.
604 4530 723 4584 quae
746 4515 928 4570 verbis
956 4515 1272 4586 promisisti,
1300 4514 1459 4571 factis
1490 4517 1900 4586 adimpleveris;
2100 4550 2152 4608 D
2178 4507 2312 4561 Nam
2338 4523 2444 4562 "011
2473 4508 2653 4563 minus
2681 4516 2841 4577 quam
2870 4511 3098 4565 ῑτθϐθηῑί
3120 4525 3423 4565 convenere
3457 4512 3699 4574 "13560";

495 4603 707 4672 Meque,
738 4604 972 4659 humana
998 4605 1116 4659 sine
1144 4619 1244 4675 ope
1272 4612 1435 4674 atque
1461 4606 1809 4661 amminiculo
2100 4597 2145 4608 "
2177 4597 2461 4653 Mulierum
2496 4613 2710 4668 quoque
2740 4600 2913 4669 major
2939 4616 3195 4655 numerus
3220 4600 3570 4665 confluxerat,

495 4692 603 4747 Isto
631 4699 771 4748 tetro
805 4709 911 4763 quo
937 4694 1183 4749 includor
1206 4692 1492 4751 liberatum
1531 4708 1777 4758 carcere,
2179 4686 2349 4742 Simul
2379 4702 2567 4743 omnes
2586 4687 2918 4744 admirantes
2949 4698 3193 4744 sanctam
3216 4689 3416 4745 Christi
3443 4692 3666 4762 gloriam

494 4780 697 4836 Domus
727 4790 833 4836 tute
858 4781 1019 4836 limen
1047 4782 1187 4851 pede
1210 4789 1523 4851 penetrasse
1546 4782 1746 4838 videris
1768 4784 1779 4837 ξ
2175 4778 2387 4833 Etenim
2412 4779 2706 4832 cernebant
2730 4781 2931 4841 cuncti,
2957 4780 3173 4849 quodin
3202 4780 3403 4834 Christi
3432 4781 3643 4835 nomine

494 4869 564 4923 Et
584 4884 688 4924 non
717 4878 925 4926 tantum
953 4870 1343 4941 contemplatu,
1374 4872 1467 4927 sed
1491 4866 1789 4941 palmarum
1815 4876 2060 4942 tactibus,
2175 4867 2374 4924 Omnes
2416 4857 2588 4923 morbi
2617 4878 2937 4923 sanarentur
2964 4884 3061 4939 per
3087 4886 3375 4941 supernam
3407 4873 3644 4942 gratiam.

493 4959 838 5031 Explorando
864 4961 1240 5031 comprobabis
1269 4962 1445 5032 ipsum
1475 4962 1571 5018 tibi
1603 4965 1875 5027 assistere,
2176 4957 2385 5027 Perque
2411 4972 2565 5013 sacra
2597 4958 2739 5013 Petri
2766 4959 2917 5029 jussa
2946 4960 3273 5029 pellerentur
3294 4962 3575 5017 dmmones.

492 5051 667 5120 Quem
697 5050 963 5105 inclusum
991 5051 1241 5107 dimisisti
1273 5053 1561 5108 tenebroso
1588 5054 1641 5108 in
1671 5069 1910 5110 carcere.
1936 5075 1955 5107 ι
2177 5050 2244 5104 Εῑ
2263 5050 2527 5113 videntes,
2553 5050 2713 5103 corde
2742 5060 2878 5118 puro
2904 5058 3096 5119 capere
3123 5052 3432 5106 desiderant

495 5140 574 5196 Ad
598 5140 716 5195 haec
739 5138 906 5194 verba
939 5138 1135 5194 crebro
1163 5144 1325 5209 caput
1351 5141 1560 5211 agitans
1592 5142 1925 5209 Arthemius,
2175 5139 2361 5195 Fidem
2394 5124 2594 5195 Christi
2619 5140 2931 5204 salutarem,
2960 5140 3119 5194 simul
3148 5148 3311 5211 atque
3332 5140 3566 5210 ﬂagitant

490 5232 561 5286 Et
583 5247 690 5286 non
717 5232 945 5288 credens
974 5232 1145 5286 Deum
1176 5246 1335 5301 posse
1367 5240 1517 5288 tanta
1547 5235 1687 5290 bona
1715 5235 1912 5302 facere,
2177 5230 2247 5287 Ut
2274 5231 2327 5284 in
2356 5230 2495 5286 sacri
2519 5238 2859 5285 mererentur
2884 5231 3026 5284 unda
3058 5230 3221 5286 fontis
3252 5232 3416 5286 ablui.

490 5321 607 5378 Tali
631 5320 793 5377 Petro
818 5336 976 5377 servo
1002 5320 1205 5377 Christi
1234 5323 1521 5393 respondet
1545 5323 1795 5379 affaminc
1820 5344 1832 5378 :
2176 5321 2292 5377 Huc
2319 5322 2517 5384 statim,
2552 5330 2778 5375 vocante
2797 5321 2978 5392 Petro,
3011 5321 3158 5375 venit
3190 5320 3389 5375 Chn’sti
3419 5320 3668 5382 famulus,

496 5429 515 5462 ι
544 5406 735 5477 Homo,
765 5410 961 5479 inquit,
991 5420 1170 5466 mente
1196 5421 1410 5483 captus,
1438 5402 1611 5468 aliena
1636 5414 1897 5484 loqueris,
2176 5409 2397 5479 Magnus
2420 5417 2627 5479 martyr
2653 5418 2708 5464 et
2732 5408 3031 5473 confessor,
3072 5408 3411 5464 Marcellinus
3434 5409 3731 5480 presbyter,

488 5504 644 5572 Quod
671 5520 739 5561 ex
762 5504 946 5561 multis
972 5505 1235 5562 accidisse
1260 5521 1387 5561 reor
1410 5506 1773 5577 passio‘nibus.
2174 5500 2246 5555 Ut
2270 5500 2538 5555 novellum
2560 5500 2909 5555 conﬁrmaret
2937 5500 3258 5568 baptismate
3285 5500 3551 5570 populum.

487 5592 634 5664 Quas
656 5605 715 5652 tu
748 5597 839 5653 diu
870 5604 1091 5668 propter
1121 5606 1326 5655 sectam
1358 5593 1723 5656 Christianam
1756 5599 2009 5654 sustines.
2044 5617 2061 5653 ι
2172 5594 2301 5661 Quae
2330 5594 2455 5650 dum
2478 5603 2658 5651 essent
2684 5593 2971 5662 adimpleta
2996 5593 3325 5663 competenti
3356 5593 3556 5657 ordine,

556 5774 583 5809 ι
619 5770 679 5823 D.
710 5769 921 5834 Teulet,
951 5765 1129 5837 palam
