3912 6310
103 372 215 431 5‘97
852 371 1244 427 RiiYTIIMUS
1283 372 1368 424 DE
1409 367 1743 425 I‘ASSIONE
1780 365 2196 423 MARCELle
2234 365 2322 421 ET
2357 364 2580 421 PETRI.
3263 363 3364 420 3:98

107 489 251 544 Nutu
286 491 378 546 Dei
415 487 741 557 quaterdeni
772 489 888 542 dies
923 485 1122 541 evoluti
1155 497 1300 546 sunt.

100 580 213 634 Per
238 593 376 647 quos
408 578 587 634 sancti
615 594 767 633 nova:
796 578 972 647 gentis
1008 577 1284 630 nationem
1322 576 1575 629 roborant

104 668 198 729 Ut,
233 675 285 722 In
316 667 535 724 Christo
556 676 957 738 permanentes.
988 675 1272 719 creaturas
1295 662 1474 720 colere

105 755 320 822 Nolint,
339 757 508 812 vitam
539 773 715 827 neque
738 758 897 810 istam
921 755 1066 810 velut
1096 757 1273 825 magni
1303 755 1578 826 quippiam

99 849 520 920 Amplectamur
551 866 565 913 ;
598 849 764 903 immo
795 848 960 901 velint
985 857 1206 918 propter
1235 846 1411 916 ipsum
1441 847 1690 916 perdere.

171 943 232 995 7.
266 941 362 996 His
386 940 616 1005 exactis,
642 941 794 994 adest
828 940 954 994 saevi
981 941 1179 993 missus
1204 939 1359 993 lictor
1383 937 1607 1006 iudicis,

99 1029 311 1086 lubens
332 1044 522 1085 omnes
547 1029 639 1099 qui
665 1028 895 1084 fuissent
926 1037 1065 1082 tetro
1092 1027 1260 1081 clausi
1292 1039 1536 1088 carcere,

99 1119 183 1173 Ad
209 1126 566 1190 conspectum
592 1127 748 1174 nocte
771 1119 943 1188 prima
968 1117 1161 1172 arbitri
1193 1117 1470 1170 assistere.

103 1207 262 1275 Quod
289 1209 564 1280 extemplo
590 1224 716 1265 eum
738 1209 978 1264 audisset
1005 1208 1109 1263 atri
1124 1217 1309 1263 custos
1333 1207 1590 1270 carceris,

104 1300 331 1355 Blandis
354 1301 587 1364 vinctos,
613 1299 705 1370 qui
731 1298 979 1364 aderant,
1007 1299 1234 1353 vocibus
1255 1297 1568 1366 alloquitur,

104 1389 254 1444 lrent
281 1391 486 1454 cuncti,
514 1402 734 1458 quoque
760 1403 974 1442 versum
1011 1386 1170 1441 vellet
1195 1387 1425 1456 quisque
1449 1399 1694 1456 pergere.

107 1497 126 1528 θ
157 1479 264 1544 Qui
291 1479 360 1533 ad
388 1479 646 1547 palmam,
677 1476 872 1544 inquit,
903 1477 1056 1547 regni
1087 1477 1371 1546 pervenire
1405 1475 1625 1546 wgitat,

102 1566 195 1621 llle
217 1581 434 1622 mecum
460 1568 527 1620 ad
549 1565 739 1620 Sereni
761 1563 962 1634 iudicis
987 1567 1356 1636 prtesentiam,

107 1657 312 1710 Poenas
330 1655 407 1711 ibi
429 1656 730 1720 subiturus,
754 1669 979 1726 pergere
1005 1670 1114 1710 non
1137 1655 1351 1711 hasitet
1378 1666 1425 1707 ι.

108 1750 168 1805 Si
193 1751 322 1820 quis
341 1765 473 1806 vero
494 1750 732 1805 nondum
771 1749 937 1804 vitam
977 1748 1304 1804 mundialem
1335 1761 1594 1819 spernere

109 1839 295 1906 Valet,
317 1850 480 1912 atque
509 1847 900 1895 tormentorum
930 1846 1016 1894 est
1042 1853 1244 1909 pavore
1267 1842 1509 1900 territus,

109 1930 216 1985 Eat
235 1931 398 1994 liber,
427 1946 535 2001 quo
559 1931 813 1986 voluntas
832 1930 983 1984 illum
1015 1945 1112 1984 sua
1138 1929 1342 1984 tulerit.
1382 1947 1399 1980 ι

113 2019 258 2076 Ecce
281 2028 461 2077 autem
477 2020 666 2089 iudex,
696 2021 874 2090 primo
898 2019 1076 2074 noctis
1105 2017 1397 2090 gallicinio,

113 2113 311 2184 Surgit
330 2113 478 2184 vigil,
508 2128 572 2168 ac
593 2112 793 2168 furenti
819 2126 951 2167 voce
981 2109 1136 2181 iubet
1161 2110 1354 2166 noxios

118 2203 248 2259 Suis
285 2220 478 2260 omnes
500 2203 747 2273 alligatos
768 2186 1013 2258 exhiberi
1039 2201 1266 2256 visibus.

112 2293 256 2348 Huic
282 2301 482 2363 praesto
501 2290 784 2347 tenebrosi
812 2298 999 2346 custos
1024 2297 1213 2345 astans
1235 2291 1477 2343 carceris
1508 2306 1520 2340 :

123 2401 142 2436 ο
176 2383 398 2448 Petrus,
421 2382 518 2447 ait,
541 2382 835 2448 exorcista,
874 2396 1034 2451 quem
1057 2381 1237 2450 puniri
1257 2379 1527 2450 iusseras,

118 2476 224 2530 Per
246 2461 509 2530 virtutem
535 2474 620 2528 sui
644 2473 848 2528 Christi
871 2480 1098 2527 cunctos
1126 2471 1338 2525 vinctos
1358 2473 1632 2532 solverat;

118 2565 186 2621 Et
225 2565 440 2621 catenis
460 2564 758 2628 absolutos,
790 2561 1048 2631 ireiussit
1071 2561 1292 2617 liberos.

117 2659 238 2729 ipse
261 2666 466 2724 tamen,
499 2655 866 2711 Marcellinum
894 2654 1182 2724 quemdam
1211 2667 1395 2708 secum
1412 2652 1670 2715 retinens,

119 2749 177 2804 in
203 2765 316 2819 qua
337 2747 507 2805 semel
536 2747 739 2802 missus
763 2755 884 2802 erat
912 2752 1197 2817 permanet
1218 2744 1481 2800 custodia.
1514 2763 1538 2795 ν

119 2838 248 2896 ἤειδε
278 2840 552 2896 dicentem
576 2838 900 2894 furibundus
931 2842 1162 2908 imperat
1187 2837 1423 2891 vicarius

117 2927 349 2989 Plumbo
378 2945 600 2994 caesum,
631 2937 794 2998 atque
820 2928 1078 2988 vinctum,
1106 2927 1345 2982 carceris
1365 2925 1706 2980 Arthemium

119 3019 176 3079 In
201 3022 494 3077 obscuram
516 3029 679 3089 atque
713 3029 921 3074 arctam
953 3019 1120 3088 recipi
1151 3017 1473 3073 custodiam.

1718 483 1767 542 Α
1793 481 1951 537 Omni
1979 483 2124 538 victu
2161 481 2418 538 abstineri
2456 479 2870 550 Christiiuhens
2892 477 3173 543 famulum,

1797 574 1886 639 Ut,
1920 573 2005 628 bis
2025 573 2201 643 ptenis
2230 581 2509 634 enecatus,
2543 573 2795 627 interiret
2821 585 3068 642 propere,

1795 662 1891 718 Cui
1923 662 2082 717 fidem
2109 669 2434 731 extorquere
2456 677 2513 716 se
2539 677 2642 715 non
2665 674 2825 730 posse
2847 662 3080 716 viderat.

1865 754 1918 808 9.
1952 753 2088 808 Tum
2121 753 2313 808 deinde
2339 752 2560 807 Petrum
2585 753 2792 816 videns,
2819 753 3016 808 talibus
3037 750 3329 820 alloquitur
3357 766 3370 802 :

1803 862 1820 894 ο
1851 843 2005 909 Nolo,
2025 844 2218 914 inquit,
2250 843 2553 905 arbitreris,
2587 844 2778 896 iterum
2811 843 2995 896 eculeo

1799 934 1873 988 'l‘e
1908 933 2293 1003 torquendum,
2326 933 2409 987 vel
2441 931 2625 998 ignitis
2641 931 2971 985 exurendum
2996 930 3197 984 faculis.

1798 1022 1967 1077 Immo
1989 1023 2159 1087 noris,
2187 1021 2328 1092 quod
2361 1023 2657 1077 nectendas
2681 1021 2835 1077 nodis
2862 1021 3195 1086 fortioribus,

1802 1113 2093 1185 Stipitique
2123 1115 2419 1184 applicatus
2451 1114 2569 1169 luce
2601 1114 2772 1168 stabis
2803 1117 3062 1179 crastina,

1799 1203 1877 1258 Ac
1917 1202 2154 1257 ferarum
2179 1203 2378 1258 laniatu
2400 1204 2566 1256 vitam
2597 1203 2744 1257 brevi
2784 1202 2957 1257 finies.
3000 1223 3016 1254 ι

1802 1293 1938 1347 Tum
1969 1293 2162 1348 beatus
2189 1293 2565 1362 respondendo
2591 1292 2788 1348 Petrus
2811 1291 2936 1348 forti
2957 1301 3199 1362 pectore.

1802 1382 1943 1438 Iram
1970 1382 2156 1438 volens
2183 1384 2518 1439 contumacis
2547 1385 2821 1438 concitare
2838 1383 3060 1453 iudicis,

1803 1469 1921 1529 Tali
1949 1489 2080 1530 voce
2107 1475 2417 1530 smvientem
2447 1484 2705 1545 provocat
2738 1476 3004 1530 insaniam
3031 1495 3041 1528 :

1813 1583 1832 1618 ς
1863 1565 1999 1620 Cum
2028 1565 2267 1622 Serenus
2296 1568 2578 1631 vociteris,
2604 1569 2780 1622 miror
2809 1568 3162 1634 validissime,

1808 1655 1916 1709 Cur
1945 1664 2054 1710 tam
2085 1662 2226 1709 tetra
2255 1655 2463 1709 vultum
2493 1670 2650 1726 geras
2676 1655 3018 1710 obfuscatum
3045 1655 3230 1712 nubilo

1813 1745 1884 1800 Ut
1911 1759 2220 1799 mensuram
2256 1745 2540 1814 pervidere
2568 1743 2843 1815 pr0priam
2874 1761 2979 1800 non
3008 1747 3212 1802 valeas.

1732 1831 1778 1888 B
1807 1839 1939 1895 Esse
1966 1854 2200 1910 namque
2226 1847 2278 1894 te
2308 1839 2592 1895 mortalem
2625 1839 2862 1894 universi
2893 1838 3168 1905 novimus;

1801 1930 1871 1988 Et
1905 1938 1980 1994 tu,
2019 1929 2170 1984 velut
2194 1931 2453 2000 quiddam
2476 1945 2730 2002 magnum
2752 1931 2805 1984 in
2831 1937 2882 1986 te
2907 1933 3093 2000 vigens
3116 1939 3349 1998 maneat,

1803 2021 2048 2080 Grandes
2071 2037 2258 2092 pmnas
2290 2022 2641 2078 comminaris
2669 2021 2979 2077 Christiano
3007 2023 3241 2093 populo;

1804 2112 1980 2168 Stulta
2005 2113 2165 2168 nimis
2189 2127 2252 2169 ac
2273 2111 2442 2168 feroci
2470 2113 2747 2169 conlidens
2758 2113 3008 2177 audacia,

1804 2203 2168 2259 Immortalem
2197 2203 2399 2259 Christi
2427 2203 2606 2267 fidem,
2646 2204 2714 2258 de
2739 2204 3054 2258 eredentum
3083 2205 3354 2268 cordibus,

1805 2293 2098 2352 Exturbari
2130 2311 2368 2366 unquam
2406 2310 2567 2366 posse
2591 2295 2768 2366 pinnis
2803 2294 3194 2364 temporalibus

1809 2383 2156 2442 Sacerdotem
2187 2385 2404 2456 quidem
2446 2383 2684 2448 Christi,
2724 2399 2885 2454 quem
2916 2399 3109 2455 rogare
3137 2394 3392 2453 poteras.

1811 2476 1880 2531 Ut
1899 2491 2002 2546 pro
2029 2475 2134 2531 tuis
2159 2485 2411 2530 exoraret
2445 2475 2693 2544 plurimis
2718 2474 3030 2530 excessibus
3057 2516 3072 2540 ,

1804 2564 2008 2638 Pugnis
2045 2582 2244 2621 cmsum
2271 2575 2433 2636 atque
2467 2568 2703 2622 vinctum
2731 2567 3048 2636 mancipasti
3088 2568 3316 2622 carceri.

1810 2657 1887 2711 De
1911 2671 2017 2725 quo
2041 2665 2222 2710 tamen
2250 2656 2392 2711 tristi
2427 2655 2592 2723 facto,
2619 2671 2750 2711 vero
2776 2657 2930 2712 laetus
2959 2657 3176 2727 gaudio,

1813 2746 2035 2818 Magnus
2056 2745 2144 2801 ille
2173 2755 2382 2817 martyr
2405 2745 2608 2802 Christi
2635 2745 2796 2802 modo
2821 2747 2953 2801 nihil
2985 2747 3260 2816 queritur:

1814 2835 1980 2892 immo
2008 2850 2190 2891 rerum
2213 2836 2480 2891 conditori
2511 2838 2702 2908 dignas
2735 2835 2901 2892 refert
2928 2839 3149 2907 gratias.
3193 2858 3208 2888 ι

1813 2925 1909 2979 llis
1940 2924 2160 2989 auditis,
2198 2923 2452 2981 eﬂeratus
2485 2934 2875 2982 tormentorum
2902 2928 3126 2991 arbiter,

1814 3014 2034 3070 Petrum
2061 3016 2219 3086 iubet
2245 3025 2557 3071 catenarum
2589 3020 3045 3088 comprehensum
3073 3021 3307 3090 pondere

189 3113 244 3168 8.
280 3111 514 3167 Sanctus
532 3125 661 3166 vero
687 3107 1058 3164 Marcellinum
1073 3115 1235 3177 atque
1261 3105 1480 3162 Petrum
1509 3113 1713 3174 marty-
1815 3105 2133 3172 Oneratum,
2164 3105 2218 3160 in
2241 3107 2526 3162 obscuram
2555 3108 2718 3178 recipi
2748 3110 3047 3164 custodiam
3077 3129 3088 3162 :

1502 3193 1631 3266 [ηδε.

119 3293 490 3362 ρυεεῐίοηεω
513 3289 798 3346 habiturus
823 3288 891 3341 de
923 3287 1136 3341 illorum
1157 3285 1394 3348 actibus,

117 3380 409 3450 Suoinbet
431 3393 604 3434 savus
626 3377 791 3448 index
829 3375 1084 3430 tribunali
1116 3374 1392 3429 assistere.

126 3473 276 3540 Quos
299 3480 359 3525 ut
388 3468 556 3524 torvis
584 3483 766 3523 coram
796 3474 1005 3521 stantes
1027 3465 1372 3536 conspicatur
1401 3464 1660 3528 vultibus,

129 3562 350 3617 Blandis
375 3561 551 3631 primo
572 3558 978 3629 compellandos
1002 3559 1300 3613 arbitratus
1325 3558 1562 3621 vocibus,

127 3651 196 3707 Ut
217 3667 410 3707 eorum
436 3657 774 3719 permutaret
792 3648 1054 3702 mentium
1082 3648 1420 3719 propositum
1448 3663 1462 3699 :

128 3762 153 3795 ι
182 3743 378 3807 Pcena,
401 3741 556 3806 dixit,
589 3753 685 3794 vos
707 3737 918 3793 minore
936 3737 1098 3806 plecti
1121 3751 1282 3806 posse
1309 3737 1571 3799 dicerem,

127 3835 241 3890 Nisi
269 3841 498 3889 cunctos
526 3832 872 3896 criminosus,
901 3831 994 3900 qui
1022 3831 1301 3885 vobiscum
1328 3830 1564 3884 carceris

126 3929 302 3983 Antro
331 3926 502 3981 clausi
531 3925 875 3988 tenebantur,
899 3923 1150 3994 effugisse
1167 3937 1473 3986 cemerem,

127 4018 195 4072 Et
219 4019 327 4072 hoc
359 4015 562 4070 factum
594 4021 781 4069 vestro
809 4029 1024 4069 nossem
1054 4013 1365 4068 Christiano
1392 4013 1664 4083 dogmate,

131 4109 237 4163 Per
263 4109 407 4177 quod
436 4105 576 4160 male
605 4107 929 4161 miserorum
957 4107 1229 4162 mentibus
1252 4106 1475 4161 illuditis

131 4199 491 4254 Fasciuantes
520 4212 585 4252 ac
611 4196 859 4252 fallentes
890 4198 1117 4268 magicis
1145 4199 1417 4252 versutiis.
1455 4217 1473 4251 ο

131 4289 228 4344 Cui
259 4303 488 4359 magnus
514 4287 718 4342 Christi
739 4297 947 4358 martyr
975 4287 1315 4342 Marcellinus
1344 4287 1644 4356 presbyter,

132 4379 172 4434 ξ’
177 4380 286 4434 orti
312 4389 499 4448 pectus
526 4376 745 4446 pietatis
775 4376 990 4446 plenum
1013 4391 1208 4446 gerens
1234 4375 1446 4444 spiritu,

131 4470 309 4527 Pauca
337 4471 573 4538 quidem,
612 4467 708 4522 sed
747 4479 853 4522 non
883 4481 1070 4533 parva,
1105 4467 1268 4520 verba
1308 4474 1496 4521 contra
1541 4467 1717 4520 reddi—

1814 3197 1880 3252 Et
1906 3197 1959 3251 in
1989 3197 2146 3266 cippo
2173 3195 2492 3252 furibundus
2517 3199 2758 3267 praecipit
2785 3199 3110 3261 arctissimo,

1817 3287 2034 3342 Plantas
2057 3288 2216 3344 simul
2239 3297 2401 3358 atque
2427 3303 2583 3344 crura
2622 3292 2843 3360 pretiosi
2874 3294 3147 3362 martyris,

1818 3378 1892 3435 Ne
1928 3380 2080 3435 abire
2101 3380 2442 3448 prazvaleret,
2466 3381 2788 3437 includendo
2811 3385 3112 3452 comprimi.

1887 3471 1974 3526 10.
2009 3470 2116 3527 Sed
2154 3487 2278 3527 cum
2303 3483 2487 3528 essent
2522 3475 2626 3529 isto
2657 3475 2815 3529 modo
2843 3476 3074 3543 separati
3103 3455 3401 3545 martyres,

1814 3565 1972 3619 Celso
1995 3564 2194 3618 missus
2221 3564 2470 3618 visitatur
2500 3564 2622 3619 caeli
2657 3565 2808 3619 venit
2835 3565 3089 3628 culmine,

1815 3653 1896 3707 Ad
1921 3655 2136 3709 beatum
2163 3652 2367 3708 Christi
2389 3660 2580 3708 teStem
2605 3655 3008 3718 consolandum,
3041 3664 3282 3724 angelus.

1816 3744 2069 3811 Quidum
2088 3756 2334 3803 sanetum
2362 3746 2660 3802 invenisset
2687 3748 2829 3801 vitro
2868 3747 3260 3817 supet'pOsitum

1824 3833 2198 3892 Marcellinum
2253 3839 2370 3894 sine
2392 3846 2544 3894 veste
2577 3840 2722 3895 nudo
2753 3841 2987 3894 vinctum
3017 3855 3264 3909 corpore,

1817 3927 2038 3984 Christo
2064 3928 2176 3984 Deo
2195 3931 2612 3999 supplicantem,
2637 3932 2778 3986 sicut
2803 3940 2918 3986 erat
2943 3933 3155 3996 solitus,

1819 4013 1994 4071 Solvit
2021 4018 2224 4082 statim,
2248 4027 2304 4073 et
2323 4027 2571 4088 Opertum
2593 4019 2921 4074 indumentis
2947 4021 3200 4090 prOpriis,

1818 4102 2236 4174 Quoquoversus
2263 4107 2654 4175 praecedentem
2689 4123 2748 4162 se
2776 4110 3106 4177 sequendum
3149 4110 3398 4178 imperat,

1820 4193 1898 4248 Eo
1919 4194 2104 4250 dicens
2127 4195 2547 4264 perducendum,
2579 4198 2670 4252 ubi
2691 4197 2883 4253 Petrus
2905 4198 3099 4253 fuerat.

1819 4283 2060 4354 Cumque
2087 4293 2233 4340 esset
2255 4286 2607 4362 iilo‘ventum,
2633 4303 2793 4343 verus
2817 4288 2910 4343 Dei
2944 4290 3182 4352 nuntius,

1819 4373 1980 4429 Petro
2002 4375 2184 4429 statim
2220 4375 2484 4440 absoluto,
2520 4377 2827 4433 Marcellino
2855 4380 3115 4448 przecipit,

1827 4463 1893 4519 Ut
1931 4479 1988 4520 se
2027 4465 2186 4520 ambo
2213 4466 2606 4536 praecedentem
2638 4477 2992 4537 sequerentur
3014 4472 3237 4539 pariter.

1513 4555 1641 4627 [ditz
1742 4526 1796 4585 Β
1821 4558 1988 4624 Quem
2026 4526 2312 4628 sequentes
2357 4558 2696 4614 intraverunt
2716 4526 2943 4615 domum
2983 4526 3272 4623 quamdam
3308 4579 3394 4617 su-

133 4670 156 4702 (
189 4648 310 4705 Non
337 4658 444 4714 est,
475 4647 652 4718 inquit
678 4687 694 4714 ,
730 4647 1057 4702 criminosus
1093 4661 1193 4701 nee
1215 4647 1474 4702 dicendus
1501 4649 1713 4711 noxius,

131 4740 259 4809 Qui,
287 4740 491 4796 omisso
520 4738 856 4809 paganismo,
887 4735 1106 4792 Christo
1132 4737 1296 4807 etrapit
1328 4737 1575 4800 credere,

132 4837 309 4906 Atque
346 4835 420 4889 illi
447 4849 579 4889 sana
602 4839 786 4889 mente
814 4833 1157 4887 serviendum
1171 4830 1402 4899 iudicat.

133 4925 248 4982 Hoc
280 4926 376 4996 qui
404 4925 552 4990 facit,
579 4924 675 4979 Dei
703 4923 902 4979 summi
925 4922 1070 4978 ﬁlius
1095 4922 1398 4988 vocabitur,

136 5017 200 5071 Et
224 5032 255 5070 a
277 5017 488 5072 cunctis
517 5025 867 5086 peccatorum
894 5015 1173 5070 absolutus
1201 5013 1472 5078 sordibus,

134 5107 277 5161 Vere
309 5121 432 5162 esse
454 5107 596 5176 quod
623 5114 868 5171 vocatur,
897 5105 1007 5160 Deo
1039 5105 1224 5170 dante,
1247 5104 1462 5159 visitur.
1502 5126 1519 5157 ο

136 5193 263 5251 Hec
285 5195 551 5252 dicentem
575 5195 946 5251 Marcellinum
969 5195 1199 5264 imperat
1220 5193 1506 5248 minaciter

137 5282 329 5340 Satvus
356 5284 544 5354 iudex,
570 5287 674 5341 sub
712 5287 941 5342 duorum
971 5285 1168 5356 pugnis
1191 5298 1391 5338 caesum
1428 5283 1604 5354 subigi
1630 5302 1644 5335 ;

135 5371 204 5429 Et
226 5374 284 5428 in
310 5373 509 5439 locum,
540 5375 690 5430 omni
714 5375 834 5430 luce
869 5375 962 5445 qui
1001 5382 1232 5437 careret,
1257 5373 1448 5442 proiici
1473 5389 1488 5438 ;

135 5459 196 5518 In
227 5478 335 5533 quo
362 5464 561 5517 vitrum
582 5477 745 5530 super
774 5464 998 5518 humum
1029 5463 1158 5518 fecit
1183 5463 1419 5516 fractum
1450 5462 1716 5532 spargier,

141 5551 217 5606 Ac
245 5553 476 5623 desuper
497 5561 828 5608 assertorem
855 5556 968 5608 veri
999 5554 1196 5609 nudum
1230 5553 1465 5608 sternier
1491 5553 1544 5620 ι’,

144 5646 316 5716 Atque
345 5647 584 5701 vinctum
610 5645 837 5702 volutari
870 5647 975 5703 illis
997 5649 1048 5703 in
1073 5645 1423 5718 fragminibus
1452 5663 1465 5713 ;

216 5775 240 5804 ι
273 5761 336 5819 D.
371 5763 578 5835 'l‘eulet,
608 5764 824 5820 dubitet.

3258 4653 3392 4718 bito,

1819 4738 1875 4790 In
1898 4753 2001 4807 qua
2024 4746 2142 4792 erat
2173 4748 2532 4810 congregatus
2557 4739 2898 4796 Christianus
2934 4741 3177 4812 populus,
3233 4652 3253 4725 [

1822 4829 1923 4896 Qui
1957 4845 2054 4900 per
2093 4830 2240 4899 ipsos
2264 4832 2331 4885 ad
2361 4832 2600 4886 divinam
2627 4832 2925 4886 doctrinam
2955 4841 3288 4902 pervenerat.

1825 4924 1958 4976 Tum
1988 4925 2242 4992 praecepit
2269 4924 2357 4980 ille
2389 4926 2598 4996 magnis
2627 4924 2847 4994 angelus
2879 4925 3230 4994 martyribus,

1822 5015 1894 5068 Ut
1921 5023 2196 5069 catervam
2228 5024 2603 5086 congregatum
2633 5014 2960 5069 confirmare
2981 5013 3260 5078 studeant,

1826 5106 1928 5161 Per
1952 5115 2170 5176 septena
2200 5108 2568 5178 proximorum
2596 5106 2806 5160 dierum
2844 5106 3116 5160 volumina
3147 5121 3160 5158 :

1825 5195 1902 5251 Ae
1933 5205 2044 5251 tum
2086 5197 2300 5253 demum
2329 5197 2570 5251 saevienti
2596 5211 2655 5251 se
2685 5205 2911 5267 tyranno
2933 5195 3242 5265 proferant,

1824 5284 2231 5356 Ostendantque
2261 5301 2449 5356 parum
2479 5301 2638 5357 posse
2660 5286 2817 5353 ,illius
2840 5285 3157 5355 potentiam,

1826 5377 2024 5433 Contra
2059 5378 2152 5432 Dei
2179 5378 2506 5433 continentis
2546 5387 2736 5432 cuncta
2776 5375 3188 5447 providentiam.

1902 5468 1986 5520 ll.
2030 5467 2162 5521 Tum
2190 5469 2432 5536 sequenti
2472 5468 2588 5522 luce
2609 5468 2773 5538 iussit
2784 5466 2945 5534 iudex
2971 5463 3404 5528 crudelissimus,

1834 5556 1905 5612 Ut
1928 5557 2160 5611 ministri
2186 5557 2468 5610 visitarent
2497 5557 2641 5619 loca,
2675 5557 2869 5626 quibus
2895 5561 3159 5622 martyres

1835 5648 2056 5705 Clausus
2082 5648 2238 5701 simul
2277 5657 2330 5700 et
2368 5647 2560 5718 ligatos
2590 5646 2844 5704 custodiri
2865 5646 3117 5716 iusserat.

1906 5763 1932 5805 ι’
1964 5761 2024 5818 D.
2058 5761 2264 5832 Teulet,
2298 5771 2556 5820 sternere.
