3912 6340
524 347 631 404 590
1800 352 2179 414 cerussam
2213 353 2511 414 sanans
2956 380 2959 385 ε
3696 351 3778 408 suo

522 466 769 536 Cumque
789 465 862 521 ibi
898 479 1006 522 non
1036 472 1281 537 repertos
1302 468 1603 526 referentes
1633 470 1896 534 dicerent,
2158 473 2200 528 Α
2229 465 2427 521 Locum
2453 482 2562 522 sure
2583 466 2818 537 passioui
2845 466 3128 536 largiorem
3155 462 3380 520 faciunt.

520 558 606 615 lre
619 556 805 627 jussit,
838 565 897 613 et
931 558 1152 626 adduci,
1176 573 1285 614 una
1308 575 1432 615 cum
1454 560 1758 626 Arthemio,
2226 554 2359 609 Nam
2390 566 2443 610 et
2472 557 2657 627 spinas
2681 567 2843 626 atque
2876 570 3068 626 vepres
3090 554 3398 611 evellebant
3419 554 3669 611 manibus

524 649 657 720 Ejus
683 662 902 721 quoque
933 648 1240 718 mulierem,
1269 666 1631 723 cognomento
1652 652 1972 717 Candidam,
2224 645 2336 720 Ipsi
2370 649 2507 714 suis,
2528 657 2589 702 ut
2610 648 2889 718 purgando
2912 656 3111 702 terram
3133 661 3326 716 puram
3358 645 3663 711 redderem,

521 741 700 809 Atque
722 747 906 795 natam
929 739 1268 806 eorumdem,
1308 749 1677 812 nuncupatam
1702 743 1971 812 virginem
2225 743 2452 798 Sacrum
2475 747 2596 796 erat
2621 752 2742 808 quae
2769 737 2983 792 illorum
3017 746 3310 807 exceptura
3339 737 3677 808 sanguinem.

524 832 602 887 De
628 846 734 903 qua
762 831 961 889 Petrus
983 833 1259 890 exorcista
1281 833 1583 893 daemonem
1602 834 1904 906 expulerat,
2225 833 2376 888 Tunc
2397 841 2637 894 orantes,
2663 838 2824 898 atque
2848 828 2997 897 pacis
3029 826 3130 882 sibi
3152 828 3344 882 dantes
3367 826 3630 891 osculum,

522 919 592 974 Et
613 927 924 991 purgatam,
959 920 1074 991 regi
1096 920 1315 977 Christo
1340 923 1617 978 credulam
1644 923 1973 980 reddiderat.
2222 923 2375 979 Genu
2398 920 2557 983 flexo,
2582 932 2960 988 percussorem
2986 914 3259 988 patienter
3283 916 3598 987 perferunt,

525 1007 637 1065 llos
667 1010 932 1067 adductos
961 1010 1052 1066 ille
1075 1012 1217 1067 truci
1246 1012 1475 1069 intuitus
1500 1013 1688 1077 oculo,
2221 1013 2301 1067 Ac
2323 1011 2563 1081 projects
2602 1008 2752 1079 gravi
2780 1015 2971 1077 petunt
3002 1006 3198 1062 caelum
3225 1005 3410 1061 carnis
3435 1006 3665 1061 sarcina.

526 1094 640 1154 Diis
656 1098 846 1171 jussit,
874 1101 1045 1156 immo
1078 1102 1237 1157 tetris
1262 1109 1322 1157 ut
1346 1102 1571 1158 litarent
1594 1104 1837 1169 larvulis,
2222 1104 2466 1172 Quorum
2492 1102 2639 1173 ipse,
2676 1102 2769 1171 qui
2794 1100 3011 1156 eosdem
3047 1114 3272 1171 magnos
3306 1097 3507 1155 Christi
3543 1106 3783 1169 martyres

522 1190 702 1261 Atque
725 1204 945 1246 sacram
971 1189 1177 1248 Christi
1206 1191 1367 1249 ﬁdem
1401 1194 1716 1265 abnegando
1755 1194 2081 1264 linquerent.
2222 1196 2391 1251 Ferro
2409 1195 2597 1265 jussus
2615 1191 2901 1264 iugulavit,
2930 1207 2989 1247 se
3016 1191 3218 1247 vidisse
3240 1191 3417 1247 fassus
3450 1199 3567 1257 est,

524 1279 595 1334 Et
622 1294 748 1336 cum
776 1280 919 1337 nolle
938 1281 1270 1352 pervidisset
1292 1284 1559 1354 imperata
1584 1283 1784 1348 facere,
2225 1282 2418 1341 Carnis
2441 1284 2636 1339 vinclis
2658 1284 2933 1340 absolutos
2963 1283 3209 1339 evolasse
3232 1285 3457 1353 spiritus
3477 1325 3491 1344 ,

522 1368 695 1426 Iussit
721 1384 897 1428 sanus
923 1381 983 1429 ut
1006 1374 1061 1428 in
1095 1374 1349 1446 ﬁngenti
1382 1376 1642 1431 ruderum
1667 1378 1941 1449 congerie,
2224 1377 2421 1431 Forma
2450 1376 2607 1447 quasi
2627 1375 2876 1445 virginali
2897 1415 2913 1439 ,
2945 1382 3117 1431 tectos
3145 1386 3297 1430 veste
3326 1375 3553 1446 fulgida,

524 1461 675 1518 More
703 1464 878 1533 pressi
908 1464 1218 1532 noxiorum,
1249 1476 1581 1523 necarentur
1606 1469 1830 1540 pariter.
2220 1470 2371 1524 Auro
2399 1483 2617 1540 quoque
2644 1469 2918 1523 radiantes
2938 1482 3002 1523 ac
3021 1482 3358 1537 gemmarum
3388 1467 3589 1523 lumine
3608 1509 3625 1533 ,

525 1552 628 1620 Qui
652 1568 774 1609 cum
804 1555 972 1611 vincti
1002 1556 1333 1612 ducerentur
1358 1560 1501 1614 viam
1524 1574 1621 1629 per
1648 1560 1956 1623 Aureliam,
2221 1558 2548 1629 Angelorum
2577 1567 2961 1615 coruscantum
2989 1557 3355 1613 circumdatos
3380 1559 3622 1628 agmine,

524 1642 723 1709 Vident
751 1644 913 1700 simul
936 1644 1306 1703 Marcellinum
1328 1657 1491 1719 atque
1513 1650 1735 1705 Petrum
1759 1660 2047 1722 martyres,
2227 1649 2583 1705 Laztabundos
2605 1664 2730 1705 cum
2756 1651 3021 1705 immensa
3055 1649 3194 1711 lucis
3222 1648 3493 1710 afﬂuentia
3513 1690 3529 1714 ,

523 1735 735 1791 Etcum
756 1738 838 1793 eis
866 1737 1090 1792 multam
1120 1740 1275 1795 valde
1299 1741 1481 1811 populi
1519 1742 1903 1811 frequentiam.
2224 1737 2402 1809 Supra
2438 1748 2634 1795 cuncta
2658 1740 2995 1810 penetrando
3020 1738 3165 1795 celsa
3185 1740 3369 1794 mundi
3392 1739 3592 1803 sidera,

524 1824 733 1892 Quibus
759 1829 919 1894 visis,
945 1829 1254 1902 profugisse
1280 1832 1631 1890 tremefactos
1650 1844 1904 1891 asserunt
1928 1875 1942 1900 ,
2148 1815 2197 1872 Β
2224 1829 2548 1887 Sublevatos
2573 1832 2642 1889 ad
2665 1839 2868 1889 aeterna
2893 1831 3019 1888 cmli
3054 1846 3222 1903 regna
3248 1832 3530 1887 scandere.

524 1916 629 1982 Qui
655 1918 1237 1989 beatosiconfessores,
1266 1932 1584 1980 catenarum
1614 1925 1853 1997 pondere
2296 1922 2384 1976 ll.
2423 1922 2553 1977 Duas
2588 1922 2835 1993 quaedam
2864 1922 3179 1979 referuntur
3209 1923 3393 1978 Romae
3415 1931 3556 1977 nata:
3575 1921 3784 1984 femine.

524 2004 897 2077 Praegravatos
922 2024 987 2065 ac
1007 2010 1317 2081 depressos,
1348 2015 1648 2084 puniendos
1675 2024 1974 2071 traxerant.
2226 2014 2345 2069 Una
2375 2014 2515 2070 dicta
2541 2022 2627 2070 est
2653 2013 2878 2079 Lucilla,
2909 2014 3259 2083 Firminaque
3281 2014 3473 2075 altera,

524 2095 673 2161 QUOS
698 2104 760 2151 ut
788 2092 864 2167 pii
890 2097 1157 2171 fugientes
1188 2104 1350 2159 turba
1371 2103 1505 2160 vidit
1534 2106 1743 2177 populi,
2226 2107 2423 2160 Veram
2444 2110 2595 2177 puris
2630 2105 2930 2161 retinentes
2954 2104 3157 2160 Christi
3181 2105 3343 2161 fidem
3368 2104 3655 2171 cordibus;

524 2186 918 2244 l’rtecurrendo
946 2188 1228 2247 festinavit
1250 2195 1553 2262 prmvenire
1573 2196 1820 2266 pavidos,
2224 2196 2372 2268 Qua;
2388 2198 2706 2267 propinquae
2741 2206 2826 2253 ter
2847 2196 2992 2253 beati
3024 2197 3282 2268 martyris
3310 2197 3563 2261 Tiburtii,

523 2275 604 2330 Ac
623 2276 865 2333 mulcere
888 2295 987 2336 cor
1006 2278 1286 2337 furentum
1306 2284 1490 2339 verbis
1510 2286 1677 2355 carpit
1704 2285 1949 2340 mitibus.
2224 2291 2307 2346 Ad
2334 2290 2478 2346 illius
2502 2298 2951 2347 sancrosanctum
2975 2289 3283 2345 assidentes
3317 2290 3605 2355 tumulum,

525 2365 635 2427 Sed
659 2382 769 2423 non
796 2368 983 2425 valens
1008 2372 1155 2441 quod
1182 2372 1401 2428 volebat
1424 2375 1514 2445 pia
1548 2374 1701 2445 plebs
1725 2375 2013 2444 perficere,
2226 2381 2338 2436 Deo
2360 2389 2543 2452 gratas
2566 2381 2839 2451 vigilando
2863 2381 3133 2435 ducebant
3154 2380 3431 2440 excubias.

525 2454 669 2512 Loco
693 2457 832 2514 fixos
867 2462 1186 2527 retentavit,
1214 2462 1387 2519 donec
1413 2464 1615 2520 Christi
1641 2465 1875 2525 famulus
2225 2472 2434 2541 Quibus
2467 2473 2598 2541 ipse,
2629 2487 2752 2527 cum
2774 2471 2953 2528 beatis
2971 2479 3146 2527 semet
3167 2471 3572 2535 comitantibus,

528 2546 873 2607 Marcellinus
905 2552 1191 2610 obtulisset
1215 2554 1513 2613 salutarem
1539 2559 1797 2614 hostiam.
2225 2561 2536 2617 Marcellino
2556 2570 2720 2631 atque
2740 2559 2925 2625 Petro,
2952 2559 3241 2615 manifeste
3268 2560 3455 2615 retulit

526 2639 661 2696 Nam
688 2644 744 2698 in
774 2659 963 2715 specu,
987 2660 1097 2716 quo
1116 2647 1297 2703 futura
1325 2651 1649 2720 sperabatur
1668 2654 1872 2723 passio,
2227 2653 2333 2707 Per
2356 2667 2628 2721 soporem,
2658 2652 2751 2708 ubi
2780 2667 2943 2715 sacra
2957 2651 3260 2721 iacuissent
3297 2666 3528 2722 corpora

528 2729 734 2804 Martyr
758 2733 963 2790 Christi
986 2736 1282 2793 celebravit
1300 2740 1592 2796 missarum
1631 2742 1915 2807 solemnia,
2225 2744 2557 2799 Eorumdem
2584 2744 2914 2810 electorum,
2939 2751 3103 2813 atque
3134 2742 3297 2798 simul
3320 2742 3573 2797 admonet

526 2821 662 2887 Quis
690 2824 1009 2895 completis,
1043 2829 1429 2885 abscesserunt
1460 2846 1597 2901 quos
1621 2833 1772 2889 abire
1794 2833 2049 2901 iusserat.
2229 2836 2301 2892 Ut
2331 2844 2523 2891 euntes
2549 2838 2751 2905 absque
2773 2851 2926 2891 mora
2950 2877 2965 2902 ,
2998 2836 3088 2891 illa
3117 2837 3303 2892 statim
3331 2835 3596 2899 auferant,

584 2914 815 2971 lﬁ.Tum
828 2922 1078 2975 conversi
1096 2920 1440 2978 Marcellinus
1453 2932 1615 3002 atque
1628 2925 1819 2981 Petrus
1836 2935 2117 2998 martyres,
2229 2927 2298 2982 Et
2328 2927 2383 2981 in
2411 2935 2599 2998 crypta
2632 2942 2790 2984 suum
2820 2942 2987 2998 prope
3019 2935 3213 2984 curent
3240 2943 3440 2998 corpus
3471 2943 3678 2998 ponere.

524 3004 701 3060 Ambo
723 3006 883 3061 simul
916 3009 1627 3084 perfidorum-alloquuntur
1651 3016 1907 3085 populum
1927 3057 1943 3081 ,
2230 3017 2361 3086 Quae
2388 3018 2676 3087 praaceptis
2700 3019 3085 3088 obsequentes,
3114 3016 3334 3088 Nigram
3378 3018 3563 3072 silvam
3590 3018 3782 3080 adeunt.

525 3098 705 3166 Atque
730 3099 823 3154 tali
846 3100 1170 3159 furibundas
1194 3106 1593 3175 compellabant
1610 3106 1809 3163 famine
1838 3123 1851 3161 :
2163 3170 2196 3177 _
2233 3106 2597 3177 Sublatosque
2625 3107 2909 3162 beatorum
2933 3107 3057 3161 inde
3084 3115 3304 3177 portant
3327 3107 3571 3169 cineres;

530 3208 551 3240 ‹
596 3189 679 3243 En
716 3192 955 3267 vidistis,
993 3197 1138 3265 quod
1164 3198 1217 3252 in
1247 3170 1433 3255 nostra
1459 3187 1673 3255 ditione‘
1694 3200 1891 3266 fuerat,
2152 3170 2197 3232 δ
2230 3197 2298 3251 Et
2325 3196 2379 3251 in
2409 3170 2575 3265 specu
2603 3196 2954 3265 deponentes,
2986 3170 3140 3265 jusso
3171 3195 3292 3251 loco
3311 3195 3592 3250 tumulant.

529 3279 602 3335 Ut
620 3296 728 3338 vos
750 3284 930 3350 modo,
958 3300 1068 3356 quo
1098 3287 1379 3354 vellemus,
1407 3289 1711 3347 valeremus
1735 3291 1955 3358 laedere,
2227 3288 2373 3355 Quas
2401 3288 2470 3342 ad
2504 3288 2609 3342 ista
2647 3287 2953 3357 peragenda
2983 3286 3255 3365 adiuvisse
3290 3284 3533 3339 referunt

524 3371 597 3427 Et
615 3387 753 3443 quos
778 3376 991 3433 vinctos
1018 3378 1306 3449 tenebatis,
1342 3383 1395 3436 vi
1417 3392 1635 3453 ereptos
1655 3384 1869 3439 tollere.
2228 3380 2375 3434 Duos
2401 3379 2663 3449 quosdam
2701 3380 2767 3434 de
2795 3386 3024 3433 sacrate
3048 3377 3193 3433 sedis
3218 3376 3527 3447 apostolicae

527 3463 639 3519 Sed
663 3464 767 3520 hoc
790 3466 932 3522 nolle
960 3467 1270 3526 Christiana
1292 3470 1423 3528 fecit
1442 3474 1724 3544 patientia,
2225 3474 2474 3539 Clericis,
2505 3489 2643 3543 quos
2667 3474 2802 3529 ordo
2832 3488 2988 3529 sacer
3015 3474 3260 3529 nominat
3296 3473 3590 3542 acolythos.

526 3553 700 3620 Quam
726 3571 948 3613 suorum
979 3560 1264 3618 inferendo
1287 3564 1314 3604 δ
1340 3564 1667 3621 famulorum
1695 3568 1944 3623 sensibus
1964 3609 1977 3631 ,
2296 3565 2382 3619 15.
2415 3563 2539 3621 [late
2573 3573 2630 3619 ut
2659 3572 2809 3635 gesta
2849 3564 3180 3627 referuntur,
3212 3564 3464 3620 retulisse
3495 3573 3723 3620 asserunt

530 3648 642 3701 Suo
665 3648 823 3703 mites
843 3665 909 3705 ac
932 3652 1209 3710 modestos
1229 3654 1477 3711 Christus
1499 3656 1630 3713 facit
1658 3672 1905 3713 munere.
2222 3655 2377 3709 Illum
2408 3656 2606 3723 ipsum,
2636 3656 2729 3725 qui
2758 3654 2975 3711 eosdem
3006 3656 3284 3710 interemit
3318 3663 3603 3725 martyres.

526 3738 597 3794 Et
616 3755 761 3797 mmc
781 3742 1001 3813 quidem
1031 3760 1132 3801 nos
1151 3786 1166 3811 ,
1191 3761 1425 3817 superna
1454 3747 1784 3820 suffragante
1808 3750 1986 3820 gratia
2225 3747 2291 3800 Et
2315 3748 2383 3801 ab
2410 3746 2501 3801 illo
2535 3747 2788 3802 didicisse
2806 3746 3101 3801 Damasum
3123 3746 3461 3815 pontificem,

527 3831 670 3889 lllnc
693 3833 847 3889 abire
871 3842 1210 3905 poteramus,
1238 3839 1284 3894 si
1316 3838 1418 3894 hoc
1443 3838 1611 3894 ferret
1633 3840 1867 3896 animus.
2223 3834 2382 3901 Cum,
2410 3843 2570 3890 aetate
2597 3836 2820 3906 puerili,
2850 3852 2948 3906 per
2975 3836 3162 3891 eadem
3194 3844 3457 3906 tempora,

531 3919 638 3975 Vos
662 3932 854 3980 contra
876 3936 898 3965 ο
947 3927 1078 3996 quid
1112 3929 1365 3998 possitis,
1394 3930 1612 3986 tandem
1649 3931 1827 4001 palam
1859 3932 2060 3987 dicite?
2095 3953 2112 3984 ι
2224 3928 2336 3983 Sub
2362 3930 2625 4001 magistro
2663 3931 3108 3992 ministraret,'et
3141 3930 3209 3984 ad
3244 3945 3496 4001 magnum
3534 3939 3777 3986 cresceret

530 4011 675 4070 Tum
701 4016 1014 4075 frendentes
1038 4035 1101 4077 ac
1129 4019 1425 4078 frementes
1445 4022 1661 4079 Satanae
1693 4025 1975 4089 satellites,
2222 4021 2421 4075 Rerum
2454 4020 2689 4085 culmen,
2719 4029 2847 4075 tunc
2876 4019 3117 4074 Romana
3149 4019 3318 4074 lector
3341 4020 3394 4073 in
3424 4020 3681 4085 ecclesia;

527 4110 922 4179 Primoipsum,
949 4126 1113 4180 quem
1138 4113 1737 4178 trahebant,trucidant
1757 4112 2117 4181 Arthemium,
2221 4111 2351 4167 Post
2386 4112 2502 4167 haec
2525 4120 2720 4167 cuncta
2750 4127 3117 4175 memorasse,
3162 4128 3227 4166 ac
3257 4112 3546 4168 mandasse
3586 4112 3775 4173 litteris,

529 4201 674 4258 Ense
696 4202 835 4257 duro
864 4201 1124 4259 ferientes
1157 4202 1457 4259 effecerunt
1482 4212 1796 4273 martyrem.
2222 4201 2359 4256 Cum
2387 4201 2532 4257 illius
2563 4203 2715 4256 almae
2746 4203 2891 4257 sedis
2909 4203 3179 4258 obtineret
3206 4204 3413 4273 apicem
3432 4246 3448 4268 ,

528 4293 695 4362 Cujus
728 4294 847 4349 neci
877 4293 1274 4362 coniunxerunt
1304 4297 1588 4367 conjugem
1615 4311 1681 4351 ac
1706 4295 1904 4359 filiam;
2223 4293 2292 4347 Et
2319 4293 2375 4347 in
2404 4300 2519 4348 tota
2544 4294 2849 4364 principatu
2881 4294 3110 4365 polleret
3128 4295 3378 4351 emicsia.

530 4384 700 4453 Quas,
725 4400 824 4456 per
844 4393 1047 4456 crypta:
1075 4385 1325 4440 liminare
1350 4400 1594 4456 praeceps
1616 4386 1792 4450 datas,
1814 4388 2051 4442 obruunt
2220 4384 2314 4439 llle
2346 4393 2548 4449 autem,
2581 4384 2673 4455 qui
2708 4385 2896 4439 beatos
2935 4395 3204 4455 martyres
3232 4397 3598 4455 percusserat,

530 4474 695 4532 Saxis
723 4475 883 4530 simul
912 4484 1076 4546 atque
1111 4475 1325 4547 magnis
1354 4489 1643 4531 arenarum
1671 4474 1923 4531 molibus.

602 4566 691 4620 15.
733 4566 871 4621 Tum
899 4567 1089 4622 beatos
1108 4574 1412 4622 assertores
1434 4566 1677 4621 veritatis
1700 4564 1921 4635 alligant

2222 4478 2526 4533 Dorotheus
2548 4484 2925 4549 cognomento,
2959 4492 3057 4547 per
3086 4478 3325 4535 divinam
3346 4480 3579 4550 gratiam

2224 4569 2304 4624 Ad
2328 4569 2579 4637 baptismi
2602 4578 3005 4624 sacramentum
3036 4569 3349 4637 pervenisse
3373 4570 3588 4635 dicitur,

2146 4525 2198 4584 D

530 4656 901 4711 Marcellinum
929 4664 1092 4725 atque
1117 4654 1361 4722 Petrum,
1402 4656 1587 4712 avidos
1610 4656 1859 4726 martyrii
1884 4672 1899 4720 ;
2225 4659 2447 4715 Sacram
2475 4660 2655 4715 sedem
2689 4669 2815 4743 time
2840 4658 3231 4730 regente-Iulio
3254 4661 3534 4729 pontifice,

526 4746 949 4816 Annectuntque
981 4754 1262 4801 catenatos
1286 4746 1540 4805 arborum
1562 4746 1865 4816 stipitibus,
2226 4749 2681 4805 Publicam'simul
2710 4764 3009 4819 puramque
3036 4749 3205 4818 gessit
3228 4748 3628 4818 paenitentiam,

533 4839 717 4893 Donec
746 4846 887 4892 tetro
915 4838 1234 4893 nuntiarent
1261 4844 1653 4892 tormentorum
1681 4837 1918 4899 arbitro,
2225 4842 2402 4911 Atque
2436 4856 2646 4895 morum
2672 4841 2943 4911 probitate
2982 4841 3239 4910 consequi
3270 4840 3575 4910 promeruit

527 4930 708 5000 Atque
733 4930 851 5000 ipso
878 4928 1263 4998 comperirent,
1285 4928 1609 4995 decernente
1630 4925 1837 4995 judice,
2228 4931 2557 5001 Sempiterni
2582 4931 2864 4987 salvatoris
2890 4930 3185 4987 salutarem
3219 4930 3474 5000 gratiam,

530 5020 688 5086 Quali
720 5029 893 5075 morte
920 5020 1102 5091 magni
1132 5018 1312 5073 forent
1337 5018 1687 5073 consumendi
1716 5026 2007 5088 martyres.
2222 5024 2324 5079 Per
2347 5024 2586 5086 illorum,
2614 5037 2751 5092 quos
2779 5022 3068 5091 percussit,
3090 5022 3379 5077 beatorum
3403 5030 3691 5091 martymm

531 5114 633 5180 Qui
660 5114 788 5167 dum
818 5120 1014 5166 cuncta
1040 5112 1380 5183 cognovisset
1405 5118 1557 5181 gesta
1597 5124 1827 5180 quasque
1855 5108 2113 5177 iusserat,
2222 5114 2379 5169 Nunc
2405 5123 2460 5168 et
2485 5128 2699 5182 semper
2735 5112 3144 5169 memorandam
3174 5112 3370 5165 miram
3395 5111 3714 5181 patientiam.

531 5206 753 5277 Nigram
776 5203 930 5273 iubet
973 5204 1115 5258 intra
1142 5202 1333 5257 silvam
1361 5210 1579 5257 sanctos
1602 5201 1727 5256 duci
1754 5207 2044 5271 martyres,
2222 5204 2324 5271 Qui
2353 5203 2417 5257 de
2440 5202 2624 5256 mundi
2655 5202 3050 5271 triumphantes
3071 5201 3315 5272 principe
3337 5200 3550 5265 diabolo
3575 5236 3591 5263 ,

534 5297 601 5350 Et
640 5295 769 5349 inibi
800 5293 1083 5363 capitalem
1120 5306 1317 5363 capere
1343 5291 1687 5347 sententiam.
2220 5294 2279 5346 lu
2308 5291 2557 5361 supernis
2584 5290 2832 5346 collocati
2867 5306 3082 5361 semper
3106 5292 3343 5361 gaudent
3378 5290 3593 5344 sedibus
3613 5325 3628 5351 ,

533 5388 652 5453 Quo
678 5400 799 5439 cum
828 5400 920 5440 eos
949 5383 1299 5439 deduxissent
1324 5382 1627 5436 daemonum
1658 5380 1937 5446 satellites,
2227 5380 2422 5436 Coram
2448 5380 2692 5445 Christo,
2737 5396 2835 5449 per
2863 5390 3062 5437 aeterna
3098 5381 3420 5438 saeculorum
3450 5377 3654 5435 saecula.

532 5476 612 5531 llli
644 5476 750 5532 laeti
778 5484 833 5531 et
867 5475 1077 5530 alacres
1105 5470 1837 5539 laudantesqueDominum,

607 5622 628 5648 α
658 5609 719 5661 D.
750 5607 937 5664 Tculet
960 5623 1068 5662 om.
1100 5607 1172 5660 in.

608 5679 634 5717 δ
668 5680 729 5733 1.).
764 5678 970 5745 Teulct,
998 5675 1292 5731 inserendo.

2299 5672 2319 5701 ε
2360 5660 2422 5716 D.
2458 5658 2667 5721 Teulet,
2698 5675 2780 5712 vos
2812 5664 3036 5710 econtra.
