3912 6312
120 326 221 375 6M

1583 493 3148 529 Ἥ

1605 345 1908 400 (ΙΠᾹΒΤᾸΕ
1917 389 1930 398 .

988 607 1779 723 EGINHARDI
1868 613 2521 732 CHART/E.

897 919 934 974 Ι.

118 1025 325 1100 Charta
361 1045 467 1100 qua
493 1027 859 1100 Eginhardus,
892 1041 1152 1088 annuente
1189 1033 1362 1086 Imma
1395 1050 1560 1088 uxore
1589 1051 1705 1096 sua,

193 1098 386 1183 cellam
415 1098 750 1183 Michetstadt
776 1118 896 1155 cum
930 1103 1280 1183 appenditiis,
1311 1113 1537 1183 ‘retento.
1573 1104 1712 1172 ejus-

194 1168 317 1250 dem
371 1169 681 1232 usufructu,
733 1168 1054 1225 monasterio
1100 1171 1537 1227 Laureshamensi
1587 1168 1712 1226 con-

193 1239 354 1291 σθω
513 1307 674 1377 (Αηη.
711 1309 850 1376 819,
896 1309 962 1362 te
995 1308 1328 1382 Septembr.)

254 1416 509 1476 (Helvicb,
535 1418 870 1480 Antiquitates
911 1423 1380 1487 Laureshamenses,
1408 1438 1457 1488 p.
1483 1424 1584 1487 ιι.)

193 1517 460 1575 Dominus
501 1536 565 1576 ac
616 1522 946 1594 Redemptor
998 1535 1187 1582 noster
1232 1527 1590 1596 corporaliter
1646 1529 1704 1583 in

117 1611 294 1665 terris
322 1619 694 1684 conversatus,
731 1615 1000 1686 homines,
1031 1617 1200 1673 variis
1238 1617 1489 1673 sordibus
1515 1633 1704 1688 pecca-

108 1709 306 1753 torum
351 1700 683 1770 inquinatos,
710 1703 1003 1760 admonere
1036 1706 1286 1777 dignatus
1332 1715 1434 1772 est,
1474 1709 1661 1763 dicens
1691 1727 1704 1762 :

113 1787 258 1842 Date
286 1788 687 1860 eleemosynam,
718 1801 766 1844 et
793 1809 908 1846 ecce
957 1794 1133 1848 omnia
1161 1798 1359 1848 munda
1387 1804 1509 1850 sunt
1535 1797 1707 1861 vobis;

109 1889 172 1934 et
206 1881 406 1935 iterum
443 1900 455 1935 :
495 1879 680 1935 Facite
703 1883 846 1936 vobis
877 1885 1083 1938 amicos.
1100 1884 1164 1939 de
1185 1902 1488 1940 mammona
1518 1887 1710 1958 iniqui-

116 1977 275 2041 tatis,
306 1978 396 2047 qui
427 1994 514 2031 vos
539 1977 791 2046 recipiant
817 1978 872 2032 in
892 1987 1088 2032 (eterna
1111 1977 1470 2035 tabernacula.
1501 1980 1709 2036 Idcirco

118 2085 226 2124 nos
247 2109 262 2133 ,
292 2068 345 2122 in
375 2067 548 2137 ipsius
590 2067 687 2122 Dei
715 2068 1101 2137 omnipotentis
1130 2078 1184 2124 et
1211 2071 1314 2125 ista
1346 2069 1588 2138 jubentis
1613 2088 1709 2127 no-

111 2158 286 2221 mine,
314 2156 660 2227 Eginhardus
685 2165 740 2212 et
771 2157 961 2223 Imma,
994 2157 1155 2212 simul
1203 2159 1268 2214 de
1296 2160 1468 2215 salute
1498 2162 1708 2216 anima-

113 2265 243 2303 rum
285 2258 597 2303 nostrarum
624 2248 944 2319 cogitantes,
968 2257 1023 2303 et
1052 2251 1117 2304 de
1148 2249 1425 2305 abolendis
1465 2253 1706 2322 peccatis
1734 2274 1781 2333 Β

113 2339 349 2405 nostris,
376 2340 660 2408 beataeque
689 2354 753 2394 ac
783 2347 1056 2409 perpetuae
1093 2340 1220 2395 vita:
1242 2342 1481 2409 praemiis
1515 2356 1707 2398 conse—

112 2429 352 2498 quendis
378 2429 496 2499 pari
520 2430 804 2484 devotione
834 2437 1159 2496 tractantes,
1190 2431 1295 2485 hoc
1322 2439 1705 2487 testamentum

113 2518 307 2575 facere
350 2521 711 2575 decrevimus.
763 2519 868 2574 Per
895 2521 1041 2590 quod
1081 2528 1375 2591 spontanea
1408 2528 1464 2576 et
1499 2522 1706 2594 integra

114 2611 402 2666 voluntate
448 2612 734 2677 donamus,
765 2611 908 2681 quod
949 2613 1017 2668 ab
1047 2612 1309 2668 hodierna
1338 2613 1424 2668 die
1451 2613 1708 2670 donatum

114 2717 241 2756 esse
271 2702 546 2767 volumus,
576 2700 630 2755 id
679 2709 798 2768 est,
835 2701 1024 2756 cellam
1069 2703 1240 2758 nostri
1278 2700 1419 2770 juris
1451 2703 1710 2760 vocabulo

117 2793 491 2857 Michlenstat,
516 2793 675 2846 sitam
702 2793 756 2845 in
784 2807 920 2862 pago
955 2792 1289 2863 Plumgowe,
1324 2795 1377 2847 in
1419 2793 1558 2848 silva
1590 2810 1709 2865 qua:

117 2883 326 2938 dicitur
353 2880 672 2937 Odenewalt
695 2897 858 2952 super
890 2881 1109 2937 ﬂuvium
1139 2883 1517 2954 Mimilingum,
1543 2899 1707 2954 quam

119 2973 280 3029 nobis
321 2973 746 3044 gloriosissimus
798 2974 1049 3043 princeps
1084 2975 1312 3030 domnus
1360 2974 1708 3031 Hludowicus

115 3065 421 3133 imperator
441 3063 748 3133 largissima
772 3062 1096 3118 liberalitate
1119 3066 1409 3129 concessit,
1436 3066 1571 3120 etde
1584 3064 1708 3133 jure

117 3170 218 3208 suo
251 3155 308 3208 in
339 3163 588 3209 nostrum
628 3153 719 3222 jus
746 3155 972 3210 solemni
1012 3156 1300 3210 donatione
1328 3157 1620 3221 transtulit,
1646 3173 1710 3212 ac

117 3247 385 3315 praecepti
430 3246 513 3299 sui
543 3247 868 3299 auctoritate
893 3247 948 3299 in
988 3247 1373 3316 proprietatem
1401 3247 1555 3302 nobis
1581 3263 1708 3302 con-

119 3333 387 3388 firmavit.
417 3331 589 3401 Hanc,
622 3342 681 3387 ut
731 3335 991 3399 diximus,
1035 3335 1229 3389 cellam
1265 3337 1365 3390 sub
1397 3336 1710 3406 integritate

116 3442 240 3478 cum
293 3425 546 3480 omnibus
574 3425 911 3494 appendiciis
959 3434 1013 3480 et
1063 3428 1310 3480 terminis
1339 3428 1470 3492 suis,
1503 3436 1706 3482 etcum

115 3514 374 3570 omnibus
406 3515 471 3569 ad
495 3531 553 3570 se
577 3516 993 3585 pertinentibus,
1023 3517 1074 3572 id
1109 3525 1211 3581 est,
1243 3518 1504 3582 basilicis,
1529 3520 1705 3574 domi-

115 3609 237 3671 bus,
263 3607 582 3675 exterisque
608 3606 872 3672 aedificiis,
904 3608 1086 3672 terris,
1123 3608 1313 3676 pratis,
1347 3608 1516 3671 silvis,
1557 3625 1704 3662 cam-

115 3697 221 3763 pis,
244 3696 692 3766 pascuis,'aquis,
718 3712 1049 3765 aquarumve
1075 3698 1411 3762 decursibus,
1440 3699 1599 3754 cultis
1629 3699 1702 3752 lo-

114 3787 195 3839 cis
225 3794 280 3839 et
316 3785 552 3850 incultis,
583 3785 872 3841 mobilibus
911 3787 1072 3840 rebus
1115 3795 1171 3841 et
1218 3787 1602 3853 immobilibus,
1643 3803 1707 3842 ac

115 3878 327 3947 scipsas
355 3877 725 3942 moventibus,
756 3877 1044 3946 mancipiis
1085 3878 1282 3932 diversi
1311 3894 1471 3933 sexus
1495 3887 1549 3934 et
1572 3886 1704 3932 aeta-

115 3972 186 4024 tis
207 4011 222 4034 ,
246 3985 476 4025 numero
498 3979 736 4035 centum,
761 3971 1024 4025 donamus
1051 3979 1106 4024 et
1133 3973 1398 4026 tradimus
1425 3972 1491 4025 ad
1523 3971 1705 4024 basili-

115 4077 239 4115 cam
271 4061 387 4115 sive
438 4061 828 4135 monasterium
859 4063 1154 4117 venerandi
1195 4064 1449 4133 martyris
1501 4062 1705 4117 Christi

118 4148 357 4227 Nazarii,
372 4150 516 4218 quod
538 4158 765 4203 vocatur
788 4149 1140 4217 Lauresham,
1158 4161 1213 4206 et
1235 4159 1317 4206 est
1338 4160 1705 4207 constructum

114 4243 170 4295 in
211 4257 352 4312 pago
412 4240 729 4307 Rhenense,
777 4243 831 4296 in
879 4243 994 4312 ripa
1038 4242 1272 4298 ﬂuminis
1314 4246 1458 4313 quod
1509 4245 1707 4298 dicitur

121 4331 366 4403 Wisgoz,
404 4333 495 4387 ubi
523 4342 768 4401 tempore
797 4335 1050 4402 przesenti
1095 4335 1179 4387 vir
1207 4334 1533 4388 venerabilis
1561 4333 1704 4388 Ada-

115 4426 316 4495 lungus
342 4425 480 4480 abba
514 4426 627 4479 Deo
652 4425 1009 4478 deservientis
1048 4425 1479 4494 congregationis
1518 4434 1706 4494 pastor

115 4526 172 4572 et
200 4527 384 4573 rector
411 4533 532 4572 esse
567 4518 930 4588 cognoscitur.
964 4518 1042 4571 Ea
1073 4517 1330 4571 videlicet
1353 4498 1563 4572 ratione
1591 4531 1706 4571 me-

117 4620 388 4665 moratam
438 4611 787 4664 donationem
819 4618 981 4678 atque
1027 4609 1368 4664 traditionem
1422 4607 1704 4673 facientes,

117 4710 193 4776 ut,
229 4700 488 4769 quamdiu
517 4701 572 4754 in
599 4702 703 4761 hac
732 4701 1061 4756 mortalitate
1091 4701 1271 4756 divina
1290 4699 1536 4767 jussione
1561 4701 1708 4755 vixe-

116 4793 310 4856 rimus,
341 4791 639 4844 habeamus
688 4791 1002 4858 praedictam
1051 4790 1244 4844 cellam
1291 4791 1347 4843 in
1399 4797 1584 4844 nostra
1614 4806 1705 4858 po-

116 4889 335 4943 testate,
363 4887 419 4934 et
438 4881 538 4936 sub
561 4889 748 4943 nostra
778 4880 1141 4945 ordinatione,
1170 4881 1373 4948 absque
1400 4880 1561 4934 ullius
1589 4895 1706 4949 per-

1747 927 1795 984 Α
1825 934 1968 982 neat.
2002 926 2066 982 Et
2122 929 2166 983 si
2215 930 2410 1001 aliquis
2458 942 2645 989 contra
2699 935 2802 992 hoc
2843 949 3042 996 nostra:
3083 940 3398 1006 donationis

1814 1024 2196 1072 testamentum
2227 1021 2494 1079 resultare
2525 1024 2773 1092 voluerit,
2801 1036 2892 1082 aut
2936 1030 3064 1086 illud
3089 1036 3400 1094 convellere

1812 1113 1974 1174 atque
2023 1123 2285 1165 evacuare
2315 1115 2681 1181 temptaverit,
2728 1116 2979 1183 primitus
3023 1120 3306 1181 Christum
3334 1136 3396 1182 et-

1811 1203 2057 1248 sanctum
2084 1207 2376 1268 martyrem
2412 1199 2528 1269 ejus
2564 1201 2852 1259 Nazarium
2899 1207 3142 1267 nefandis
3170 1216 3394 1271 ausibus

1811 1285 1922 1337 suis
1975 1289 2307 1344 contrarium
2343 1291 2566 1357 sentiat,
2598 1302 2654 1347 et
2699 1296 2938 1367 insuper,
2992 1298 3122 1355 fisco
3168 1304 3391 1360 distrin-

1810 1382 1990 1442 gente,
2020 1377 2271 1432 mulctam
2300 1380 2364 1434 de
2392 1382 2553 1435 rebus
2582 1387 2815 1454 propriis
2856 1388 2996 1456 parti
3027 1391 3267 1457 praedicti
3299 1409 3390 1449 ve-

1811 1465 2065 1519 nerabilis
2096 1470 2406 1523 monasterii
2437 1481 2657 1530 coactus
2691 1476 2960 1541 exsolvat,
2990 1480 3106 1534 auri
3143 1481 3394 1538 videlicet

1810 1553 2003 1611 libram
2031 1572 2213 1623 unam,
2256 1563 2462 1630 argenti
2503 1565 2680 1633 pondo
2725 1583 2822 1621 xu.
2853 1568 2920 1620 Et
2952 1571 3053 1624 hoe
3095 1580 3393 1629 testamen-

1809 1651 1944 1709 tum,
1993 1655 2154 1717 atque
2187 1649 2302 1705 haec
2338 1650 2557 1707 donatio
2605 1665 2786 1712 nostra
2819 1656 2974 1713 firma
3021 1669 3076 1714 et
3124 1663 3386 1720 inviolata

1809 1746 2144 1804 permaneat.
2193 1738 2260 1792 Et
2310 1740 2377 1804 si,
2409 1756 2731 1812 quocunque
2779 1754 3045 1816 tempore,
3076 1765 3104 1803 a
3143 1751 3390 1820 quolibet

1810 1825 2028 1882 homine
2055 1827 2199 1883 aliud
2229 1829 2644 1889 instrumentum
2669 1835 2725 1889 in
2747 1846 2934 1893 nostro
2960 1840 3178 1896 nomine
3206 1841 3390 1911 prola-

1811 1925 1921 1973 tum
1949 1917 2132 1986 fuerit,
2157 1922 2301 1991 quod
2330 1923 2457 1978 huic
2495 1934 2682 1981 nostro
2707 1936 3033 1985 testamento
3059 1934 3396 1989 contrarium

1812 2007 1902 2072 sit,
1923 2008 2181 2065 indicium
2199 2010 2450 2066 datorum
2480 2016 2722 2070 anterius
2745 2017 2827 2071 vel
2852 2018 3124 2086 posterius
3162 2019 3390 2087 habens,

1809 2098 2023 2153 etiamsi
2055 2115 2218 2154 manu
2263 2112 2447 2157 nostra
2475 2105 2723 2159 videatur
2747 2106 2830 2160 vel
2866 2107 3076 2162 dicatur
3122 2125 3243 2165 esse
3300 2111 3394 2165 lir-

1809 2197 2036 2257 matum,
2066 2207 2293 2247 vacuum
2333 2204 2387 2250 et
2416 2196 2574 2252 inane
2627 2207 2924 2264 remaneat,
2971 2208 3024 2254 et
3053 2200 3259 2256 nullum
3315 2201 3393 2256 ef—

1809 2276 2010 2333 fectum
2056 2282 2328 2348 obtineat;
2377 2285 2492 2350 sed,
2523 2293 2583 2338 ut
2609 2287 2978 2355 praediximus,
3016 2289 3150 2350 haec
3177 2266 3395 2346 donatio

1811 2384 1997 2432 nostra
2041 2379 2264 2445 perenni
2293 2379 2587 2435 stabilitate
2630 2381 2784 2436 firma
2822 2390 2876 2435 et
2923 2381 3243 2438 inviolabilis
3271 2399 3397 2454 per-

1811 2473 2039 2529 severet,
2080 2467 2424 2536 stipulatione
2453 2470 2700 2523 subnixa.
2758 2471 2826 2524 Et
2854 2479 2913 2524 ut
2949 2471 3050 2526 hoc
3095 2481 3393 2534 testamen-

1811 2567 1941 2621 tum,
1989 2558 2144 2626 juxta
2193 2560 2327 2631 legis
2369 2564 2834 2628 consuetudinem,
2869 2565 3136 2635 integram
3175 2565 3398 2621 firmita-

1810 2655 1917 2700 tem
1947 2649 2196 2718 accipiat,
2222 2651 2454 2720 propriae
2485 2667 2676 2706 manus
2704 2654 3103 2724 subscriptione
3143 2654 3271 2710 illud
3301 2656 3392 2709 tir-

1810 2752 1963 2792 mare
1988 2740 2348 2807 decrevimus,
2389 2751 2442 2796 et
2473 2743 2791 2798 idoneorum
2834 2746 3072 2812 testium,
3098 2747 3190 2817 qui
3218 2749 3391 2817 ipsam

1809 2832 2154 2888 donationem
2204 2835 2473 2903 viderunt,
2512 2838 2802 2908 signaculis
2850 2840 3099 2895 roborari
3144 2839 3392 2895 fecimus.

1807 2954 1878 2964 —
1899 2925 2062 2978 Facta
2084 2926 2302 2981 donatio
2331 2927 2386 2981 in
2409 2927 2779 2983 Laureshamo
2808 2930 3160 2995 monasterio,
3188 2947 3229 2984 ιι
3268 2929 3392 2986 Idus

1812 3013 2180 3083 Septembris,
2220 3032 2363 3071 anno
2400 3034 2452 3072 vt
2510 3018 2664 3088 regni
2705 3019 2907 3073 domini
2964 3020 3136 3074 nostri
3185 3020 3390 3074 Hludo-

1806 3106 1932 3160 vvici
1972 3105 2344 3175 gloriosissimi
2388 3108 2729 3177 imperatoris
2772 3109 2826 3162 in
2866 3109 2961 3164 Dei
3005 3109 3223 3165 nomine
3272 3108 3388 3164 feli-

1809 3197 1964 3250 citer.

1879 3287 1992 3358 Ego
2013 3287 2353 3358 Eginhardus
2379 3295 2629 3355 peccator
2666 3294 2722 3341 et
2759 3287 2989 3341 donator
3028 3289 3314 3355 recognovi
3341 3297 3397 3341 et

1811 3394 1977 3434 manu
1999 3380 2216 3450 propria
2236 3379 2553 3448 subscripsi.
2588 3378 2699 3448 Ego
2731 3379 2898 3432 Imma
2917 3377 3168 3433 consensi
3195 3385 3249 3431 et
3265 3378 3392 3432 sub-

1812 3474 2023 3541 scripsi.
2056 3475 2094 3542 1—
2125 3473 2349 3543 Signum
2376 3473 2727 3543 Rabangarii.
2761 3473 2800 3542 -ι-
2830 3473 3055 3544 Signum
3103 3472 3393 3531 Warboto-

1808 3563 1910 3616 nis.
1939 3563 1978 3632 ἰ-
2011 3562 2236 3632 Signum
2268 3562 2553 3618 Wolfberti
2581 3571 2635 3618 et
2662 3563 2911 3618 aliorum.

1731 3625 1775 3686 ί)
1880 3652 1991 3722 Ego
2019 3651 2376 3706 Hirmimarus
2407 3652 2666 3707 diaconus
2693 3662 2747 3706 et
2786 3655 3031 3707 notarius
3076 3652 3393 3722 imperialis,

1811 3751 2034 3810 rogante
2064 3740 2391 3813 Eginhardo.
2433 3741 2535 3795 hoc
2565 3749 2945 3795 testamentum
2973 3740 3163 3812 scripsi
3189 3749 3245 3797 et
3269 3742 3396 3798 sub-

1809 3847 2019 3902 scnpsn.

2562 3919 2636 3973 li.

1809 4013 2099 4078 Descriptio
2125 4011 2358 4066 locorum
2401 4015 2843 4081 terminorumque
2890 4010 3026 4065 villa:
3060 4009 3396 4067 Michelstadt

2224 4081 2288 4134 ab
2318 4082 2434 4150 ipso
2466 4080 2773 4150 Eginhardo
2815 4081 2974 4149 facta.
3177 4091 3188 4098 ’

2389 4171 2638 4234 (Helvicb,
2668 4171 2807 4232 ibid.)

1878 4255 2141 4320 Quoniam
2167 4253 2524 4328 suntquidam
2551 4253 2660 4320 qui,
2684 4251 2824 4306 fastu
2846 4251 3087 4308 saeculari
3113 4261 3395 4325 turgentes

1806 4353 1860 4399 et
1882 4345 2202 4418 semetipsos
2238 4351 2500 4405 amantes,
2535 4358 2565 4396 a
2591 4341 2792 4397 Christi
2829 4343 3077 4399 ﬁdelibus
3104 4347 3274 4400 sacris
3300 4364 3395 4403 ec-

1807 4419 1989 4491 clesiis
2017 4452 2113 4491 seu
2151 4435 2497 4490 monasteriis
2536 4435 2838 4488 contradita
2875 4435 3172 4503 invadunt,
3218 4449 3311 4493 aut
3336 4449 3396 4494 ut

1805 4527 1906 4581 sibi
1931 4525 2274 4581 haereditario
2290 4522 2413 4592 jure
2438 4524 2726 4586 retineant,
2753 4533 2846 4577 aut
2886 4525 3146 4592 mundiali
3177 4527 3396 4597 baltheo

1806 4619 1862 4672 in
1890 4616 2154 4672 beneﬁcio
2196 4615 2444 4670 dividant
2478 4629 2490 4666 :
2536 4627 2633 4682 ego
2672 4612 3034 4679 Eginhardus,
3065 4629 3135 4668 ne
3182 4615 3236 4669 in
3285 4616 3393 4679 his,

1805 4721 1928 4776 qua:
1973 4705 2041 4759 de
2070 4705 2215 4774 regia
2247 4719 2405 4757 manu
2453 4700 2752 4755 illudowici
2783 4700 3124 4769 imperatoris
3175 4701 3228 4756 in
3278 4701 3396 4756 loco

1806 4794 2150 4849 Michlenstat
2178 4784 2448 4855 contraxi,
2481 4806 2675 4845 manus
2721 4782 3030 4859 iniquorum
3078 4791 3392 4859 praevaleat,

1809 4884 2075 4946 advertat,
2107 4881 2350 4944 obsecro,
2383 4880 2622 4933 ﬁdelium
2673 4887 2783 4932 tam
2837 4879 3180 4948 sequentium
3231 4895 3394 4949 quam

115 4985 272 5026 sonat
291 4978 385 5026 aut
405 4971 692 5040 potestatis
722 4969 1149 5038 contradictione
1179 4969 1264 5024 vel
1292 4969 1699 5038 impedimento,
1727 4965 1779 5022 D
1804 4971 2151 5041 pmsentium
2178 4971 2462 5032 memoria,
2487 4969 2720 5038 qualiter
2744 4970 2801 5022 in
2824 4985 2989 5024 unum
3011 4971 3120 5025 sint
3146 4971 3390 5036 colleCta,

115 5071 234 5118 tam
264 5061 442 5126 simul,
488 5076 651 5130 quam
679 5060 991 5131 singillatim
1032 5076 1130 5129 per
1173 5062 1601 5125 successionem,
1635 5061 1703 5125 si,

115 5167 233 5207 uno
264 5152 587 5221 superstite,
630 5152 768 5205 alter
791 5166 821 5205 e
846 5150 1000 5205 nobis
1030 5159 1153 5204 ante
1181 5151 1497 5205 decesserit.
1541 5151 1705 5205 Filios

118 5257 341 5314 quoque
387 5245 433 5297 si
483 5257 584 5298 nos
634 5244 837 5297 habere
881 5242 1183 5311 contigerit,
1232 5258 1370 5296 unus
1423 5256 1487 5294 ex
1536 5242 1616 5295 eis
1652 5242 1704 5294 in

118 5333 317 5390 eadem
369 5335 714 5402 possessione
762 5332 917 5387 nobis
954 5331 1078 5399 jure
1129 5332 1375 5400 precario
1432 5332 1700 5384 succedat.

120 5426 257 5480 Post
296 5426 493 5480 obitum
538 5441 668 5480 vero
719 5433 990 5487 nostrum,
1044 5431 1341 5478 memorata
1394 5423 1529 5478 cella
1581 5439 1704 5477 cum

123 5515 277 5570 omni
322 5515 628 5584 integritate
667 5515 730 5568 ad
759 5513 1207 5584 praenominatum
1237 5512 1546 5565 venerabile
1592 5528 1705 5567 mo-

125 5594 422 5658 nasterium
449 5604 654 5671 absque
680 5604 836 5658 ullius
865 5601 1288 5659 contradictione
1314 5601 1625 5669 recipiatur,
1651 5610 1706 5656 et

130 5698 182 5749 in
231 5693 348 5763 ejus
397 5701 664 5763 potestate
713 5704 870 5764 atque
907 5694 1142 5748 dominio
1188 5698 1446 5760 perpetuo
1494 5705 1703 5758 perma-

1806 5063 2070 5131 quibusve
2100 5076 2356 5130 expressa
2379 5060 2676 5115 vocabulis.
2712 5058 3002 5128 Postquam
3043 5075 3165 5114 eum
3215 5061 3391 5114 locum

1806 5152 2256 5221 praenominatum
2283 5150 2832 5204 Laureshamensium
2862 5150 3221 5204 dominationi
3266 5150 3393 5204 sub-

1804 5245 1994 5314 jugare
2020 5243 2281 5311 disposui,
2328 5243 2550 5297 adscitis
2596 5243 2792 5311 quibus
2832 5252 3017 5297 notum
3051 5241 3248 5304 fuerat,
3282 5250 3392 5296 ter-

1811 5334 2015 5387 minum
2040 5343 2095 5387 et
2122 5332 2382 5387 vocabula
2405 5333 2645 5386 locorum
2668 5333 2948 5400 diligenter
2967 5332 3307 5402 investigavi,
3339 5340 3406 5387 et,

1811 5422 2016 5476 recenti
2045 5422 2306 5476 memoria
2345 5423 2616 5476 notarium
2649 5437 2830 5475 meum
2871 5421 3168 5476 Lutherum
3210 5422 3392 5491 expri-

1811 5527 1959 5568 mere
2006 5513 2201 5566 litteris
2249 5513 2384 5580 jussi
2426 5527 2533 5566 :ea
2578 5511 2828 5564 videlicet
2880 5512 3386 5579 circumspectione,

1812 5603 1936 5672 quia
1960 5603 2248 5656 multorum
2276 5600 2721 5655 monasteriorum
2746 5601 3036 5669 eisprzcdia
3053 5598 3392 5671 conjungun-

1815 5704 1918 5761 tur,
1950 5703 2000 5750 et
2025 5694 2359 5749 diversorum
2383 5693 2722 5748 dominorum
2760 5693 3015 5748 beneﬁcia
3049 5693 3387 5761 circumqua-
