3912 6332
427 386 536 445 608

1718 383 2089 445 EGINHAHDI
2129 386 2423 445 ADBA'I'IS

3599 392 3706 448 ϐω

427 524 535 578 que
580 509 962 565 terminantur.
1009 506 1138 564 Haec
1189 506 1354 578 igitur
1404 504 1760 561 terminorum
1804 504 1923 561 loca
1957 510 2014 558 et
2039 510 2090 570 Α
2116 502 2247 558 lium
2280 503 2546 567 virorum,
2581 517 2677 575 per
2706 501 3058 561 ecclesiastici
3087 512 3250 574 atque
3276 504 3572 574 imperiahs
3606 507 3707 563 de-

426 598 670 655 locorum
713 598 972 655 vocabula
1008 599 1360 666 designantur
1404 598 1509 653 hoc
1551 596 1754 652 modo:
1793 595 1931 653 Dum
1980 610 2012 650 a

429 700 614 746 monte
640 688 978 745 Mamenhart
1004 689 1293 759 incipiunt,
1328 696 1385 743 et
1414 692 1587 743 totum
1608 686 1840 742 eundem
1861 700 2013 741 mon-

430 792 541 836 tem
582 794 754 851 usque
796 779 863 834 ad
917 777 1151 850 plateam
1201 777 1696 848 comprehendunt;
1752 792 1783 831 a
1833 775 2013 847 platea

428 878 602 944 usque
623 872 691 927 ad
719 871 988 942 duplicem
1011 886 1303 942 quercum;
1336 870 1461 925 inde
1489 871 1632 925 inter
1653 869 1937 926 Ulenbuch
1959 876 2017 923 et

428 949 881 1033 Rutnph‘eshusen
904 960 971 1016 ad
998 973 1291 1031 quercum;
1342 961 1411 1017 de
1438 975 1641 1031 quercu
1672 958 1745 1015 ad
1784 958 2014 1013 ﬂuvium

427 1053 728 1119 Dramaha;
756 1062 855 1123 per
871 1052 1033 1125 hujus
1062 1051 1383 1107 descensum
1410 1052 1469 1107 in
1487 1050 1845 1106 Willinebach
1864 1088 1879 1116 ,
1915 1063 2015 1121 per

427 1144 589 1215 hujus
614 1157 899 1200 ascensum
918 1158 1090 1213 usque
1113 1144 1183 1198 ad
1207 1144 1481 1213 lapideum
1502 1142 1768 1207 rivulum;
1793 1141 1917 1197 inde
1944 1142 2011 1196 ad

428 1224 853 1299 Wiliineburcb,
874 1244 975 1303 per
1002 1248 1167 1289 unam
1214 1242 1426 1303 portam
1465 1233 1629 1298 intra,
1662 1246 1762 1303 per
1784 1232 2012 1286 alteram

428 1324 594 1383 foras.
622 1324 751 1379 Inde
794 1324 851 1379 in
877 1324 1051 1394 ripam
1083 1323 1347 1389 Euterun,
1376 1336 1473 1393 per
1505 1323 1666 1393 hujus
1693 1324 2013 1378 descensum

427 1418 496 1474 ad
543 1415 921 1486 Langenvirst,
956 1414 1048 1472 ubi
1087 1413 1447 1485 Langenvirst
1496 1415 1783 1471 scinditur.
1836 1412 2015 1484 Super

426 1508 785 1583 Langenvirst
814 1508 883 1563 ad
930 1506 1263 1572 Breitensol;
1316 1506 1443 1561 inde
1478 1520 1579 1575 per
1618 1504 1914 1560 Eichendal
1941 1503 2011 1558 ad

426 1598 625 1655 ﬁumen
649 1597 872 1655 Urtella.
904 1596 1012 1652 Per
1029 1596 1191 1667 hujds
1213 1609 1501 1651 ascensum
1533 1596 1587 1651 in
1612 1595 2007 1661 Vinsterbuch;

424 1688 553 1745 inde
594 1688 663 1743 ad
700 1686 1104 1757 Phaphenstein
1148 1683 1535 1756 Eginhardi.A
1571 1683 2013 1754 Pbaphensteine

421 1782 601 1854 Supra
658 1779 1225 1850 Richgeressneitten;
1284 1779 1409 1835 inde
1460 1778 1529 1834 ad
1574 1778 1837 1834 verticem
1887 1777 2011 1834 Cle-

2113 595 2276 659 creti,
2302 595 2446 651 sicut
2471 596 2719 667 superius
2747 597 3112 666 conscriptum
3140 604 3245 661 est,
3282 597 3663 653 auctoritatem
3687 639 3703 661 ,

2113 697 2289 741 etvem
2326 700 2609 740 romanum
2649 694 2861 753 statuo;
2893 696 2947 743 et
2976 704 3073 758 per
3100 686 3262 755 hujus
3301 688 3513 759 paginae
3533 729 3548 755 ,
3582 706 3708 761 qua

2112 775 2182 829 ob
2208 775 2635 831 conﬁrmandam
2665 774 2783 846 ejus
2810 778 3194 848 ingenuitatem
3219 794 3251 832 a
3282 794 3369 834 me
3389 781 3705 852 conscripta

2112 876 2218 929 est,
2249 866 2616 933 traditionem,
2646 884 2676 922 a
2702 869 2918 924 vinculo
2948 871 3227 925 servitutis
3254 872 3478 927 absolvo
3504 891 3517 926 :
3546 874 3618 927 ita
3642 885 3708 927 tn

2114 957 2183 1012 ab
2211 958 2473 1015 hodierno
2497 960 2585 1014 die
2628 960 2713 1015 vel
2745 968 2985 1030 tempore
3031 962 3168 1016 bene
3201 963 3490 1033 ingenuus,
3536 974 3708 1036 atque

2113 1048 2183 1103 ab
2207 1050 2355 1103 omni
2381 1051 2659 1106 servitutis
2686 1046 2902 1107 vinculo
2926 1065 3151 1108 securus
3178 1064 3531 1122 permaneat,
3577 1066 3709 1112 tan-

2113 1154 2274 1211 quam
2320 1140 2365 1195 si
2407 1142 2475 1197 ab
2519 1142 2772 1214 ingenuis
2797 1142 2988 1199 luisset
3014 1145 3333 1213 parentibus
3379 1157 3708 1215 procreatus

2112 1229 2197 1283 vel
2226 1240 2404 1285 natus.
2438 1231 2571 1286 Eam
2603 1231 2837 1303 denique
2865 1238 3055 1304 pergat
3077 1242 3312 1303 partem,
3340 1250 3506 1304 quam
3537 1236 3588 1290 ei
3612 1250 3708 1291 ca-

2112 1320 2319 1377 nonica:
2366 1320 2701 1377 liberatiouis
2744 1323 2920 1378 honor
2965 1324 3347 1389 concesserit,
3386 1324 3594 1379 habens
3637 1327 3709 1381 ad

2111 1412 2214 1468 hoc
2235 1422 2421 1482 portas
2452 1421 2689 1481 apertas,
2720 1413 2863 1468 sicut
2887 1414 3073 1467 caeteri
3103 1414 3254 1468 cives
3280 1415 3511 1469 romani.
3539 1413 3617 1467 ita
3642 1422 3707 1468 ut

2111 1504 2367 1579 deinceps
2412 1518 2587 1576 neque
2623 1505 2810 1572 nobis,
2852 1520 3027 1575 neque
3063 1506 3473 1563 successoribus
3507 1510 3709 1561 nostris

2111 1595 2280 1651 ullum
2315 1596 2510 1653 debeat
2553 1596 2747 1663 noxiae,
2792 1596 2877 1651 vel
2920 1594 3133 1652 servilis
3160 1596 3487 1652 conditionis
3529 1599 3703 1653 servi-

2110 1683 2266 1748 tium,
2319 1700 2495 1754 neque
2543 1684 2761 1755 aliquod
2795 1684 3165 1742 libertiuitatis
3194 1686 3547 1757 obsequium;
3605 1688 3703 1743 sed

2110 1772 2361 1829 omnibus
2391 1774 2579 1830 diebus
2619 1775 2744 1830 vita:
2777 1791 2889 1831 suae
2938 1776 3041 1831 sub
3074 1785 3223 1832 certa
3270 1776 3701 1849 plenissimaque

422 1870 719 1946 pheudales
752 1873 825 1927 ad
853 1867 1304 1941 ‘Clophenb'erck;
1332 1870 1461 1927 inde
1484 1869 1541 1925 in
1570 1869 2011 1941 Cuningesbrun-
2038 1889 2090 1949 Β
2114 1862 2465 1931 ingenuitate,
2495 1863 2635 1918 sicut
2658 1863 2749 1919 alii
2772 1863 2918 1920 cives
2941 1865 3174 1929 romani,
3201 1878 3301 1935 per
3329 1865 3476 1921 hunc
3504 1883 3697 1921 manu-

422 1967 550 2017 hen.
578 1956 684 2016 Per
708 1959 870 2029 hujus
897 1960 1216 2015 descensum
1241 1960 1298 2014 in
1324 1950 1702 2033 Mimelingen:
1729 1973 1828 2027 per
1852 1956 2011 2027 hujus

421 2060 706 2106 ascensum
736 2050 805 2105 ad
848 2047 1416 2121 Mancgoldescellam;
1465 2049 1534 2104 ab
1561 2048 1665 2103 hac
1698 2038 1761 2103 in
1787 2043 2008 2103 ﬁuviun'i

424 2132 665 2197 Mosaha.
691 2140 799 2196 Per
840 2138 1002 2207 hujus
1049 2152 1338 2194 ascensum
1361 2139 1419 2193 in
1461 2137 2007 2206 Geroldesbrunneu;

422 2232 551 2288 inde
585 2226 655 2287 ad
682 2230 1008 2301 Ellenbogen
1058 2230 1113 2284 in
1159 2223 1357 2284 ﬁumen
1412 2222 1717 2284 Branbach.
1758 2225 1867 2284 Per
1892 2230 2011 2299 ejus

420 2321 745 2378 descensum
768 2320 824 2375 in
849 2318 1225 2391 Mimelingen';
1260 2332 1329 2373 ex
1357 2332 1464 2389 qua
1490 2318 1558 2374 ad
1582 2330 1841 2389 quercum
1868 2304 2019 2374 inter

418 2409 730 2479 Grascapht
768 2415 824 2464 et
853 2406 1111 2475 Munitat;
1142 2407 1266 2463 inde
1292 2407 1492 2463 iterum
1536 2407 1606 2463 ad
1633 2414 1871 2462 montem
1900 2404 2014 2461 hia-

421 2500 695 2556 menhart.

419 2721 623 2794 Charta
663 2722 977 2794 Eginhardi,
1014 2722 1327 2794 monasterii
1347 2710 1669 2794 S._Ser0aiii
1694 2721 2011 2794 confessoris

492 2790 851 2864 abbotis,iqua
875 2791 1263 2864 ΛιιεςὶιιίήάιιηιΔ
1279 2790 1517 2861 ejusdem
1547 2792 1852 2864 monasterii
1895 2809 2011 2847 ser-

488 2879 635 2988 vu‘m,
671 2863 741 2917 ad
758 2860 1190 2917 'sacros'ordittes
1216 2860 1458 2926 electum,
1487 2860 1792 2916 solenutiter
1816 2878 2009 2917 manu‘

493 2944 548 2987 I
571 2942 677 2988 “Il.

928 3022 1093 3095 (Ann.
1125 3024 1232 3082 sis
1257 3024 1341 3080 vel
1368 3025 1518 3096 sai.)

608 3130 773 3195 (Dom.
797 3133 1045 3196 Bouquet,
1072 3132 1269 3186 scenes
1290 3133 1377 3185 des
1402 3134 1550 3197 nm,
1574 3143 1691 3185 tom.
1716 3133 1826 3200 vi.)

492 3241 808 3307 Auctoritas
847 3241 1219 3298 ecclesiastica
1254 3241 1505 3312 patentér
1538 3244 1826 3308 admonet;
1861 3241 2011 3297 insu-
2036 3239 2083 3302 C

418 3348 519 3407 per
548 3340 605 3389 et
653 3332 914 3403 majestas
944 3334 1092 3406 regia
1142 3335 1422 3391 canonicis
1470 3334 1706 3391 decretis
1751 3334 2024 3421 religione.

416 3429 867 3485 constantissima
903 3432 1220 3502 concordat,
1243 3440 1306 3485 ut
1329 3418 1707 3501 quemcunque
1736 3418 1924 3486 sacros
1945 3432 2014 3485 ad

417 3518 665 3583 ordines,
694 3533 761 3573 ex
802 3517 1008 3574 familia
1034 3520 1276 3589 propria,
1312 3520 1741 3590 pmmovendum
1781 3519 2013 3575 ecclesia

420 3618 653 3678 qumque
684 3606 968 3679 delegerit,
1008 3610 1153 3665 hunc
1199 3610 1254 3665 in
1302 3612 1593 3681 prtesentia
1618 3612 2010 3676 sacerdotum,

418 3706 855 3768 caeterorumque
902 3698 1227 3754 clericorum
1267 3702 1535 3757 canonice
1573 3702 1906 3772 degentium,
1941 3701 2015 3756 si-

425 3784 644 3858 tnulque
673 3780 729 3843 el
758 3788 1022 3843 nobilium
1046 3789 1331 3856 laicorum,
1372 3790 1440 3857 is,
1471 3791 1565 3860 qui
1594 3799 1724 3846 tunc
1752 3790 2015 3860 temporis

422 3878 669 3947 ejusdem
718 3879 962 3935 ecclesiae
1006 3888 1189 3936 rector
1235 3880 1419 3946 fuerit,
1463 3880 1887 3936 manumissione
1931 3879 2016 3936 so-

425 3972 593 4027 lemni
622 3987 652 4025 a
673 3970 808 4043 jugo
839 3972 1119 4028 servitutis
1146 3973 1411 4039 absolvat,
1441 3974 1668 4044 ejusque
1700 3974 2014 4031 libertatem

425 4062 610 4119 datam
652 4062 749 4128 illi,
780 4078 967 4118 coram
997 4064 1245 4130 testibus,
1275 4066 1626 4139 ingenuitatis
1656 4066 1843 4120 charta
1885 4080 2015 4121 con-

426 4152 624 4207 ﬁrmet.
655 4152 863 4209 Idcirco
890 4168 991 4224 ego
1025 4154 1079 4208 in
1106 4154 1200 4209 Dei
1227 4156 1448 4231 nomine
1474 4155 1818 4226 Eginhardus
1843 4157 2013 4211 abbas

426 4244 752 4307 venerabilis
798 4245 1116 4301 monasterii
1167 4246 1343 4301 sancti
1395 4245 1634 4302 Servacii
1685 4243 2015 4302 confessoris

425 4334 654 4400 Christi,
687 4335 832 4389 hunc
858 4335 1119 4391 famulum
1145 4337 1397 4392 ecclesia:
1417 4346 1637 4403 nostrm,
1666 4339 1884 4393 nomine
1905 4338 2005 4393 Me-

2112 1954 2388 2021 missionis
2432 1964 2598 2025 atque
2642 1955 2993 2028 ingenuitatis
3035 1956 3280 2023 titulum,
3312 1973 3530 2028 semper
3562 1960 3721 2016 benc’

2111 2045 2378 2116 ingenuus
2428 2054 2592 2116 atque
2644 2058 2882 2103 securus
2919 2046 3149 2112 existat;
3204 2054 3261 2102 et
3314 2045 3383 2102 de
3428 2048 3709 2117 peculiare

2107 2136 2254 2206 quod
2280 2138 2473 2204 habet,
2496 2145 2591 2193 aut
2613 2138 2757 2208 quod
2790 2136 2986 2193 abhinc
3011 2138 3227 2209 assequi
3249 2138 3513 2208 potuerit,
3537 2138 3711 2194 faciat

2110 2227 2409 2282 secundum
2432 2243 2703 2283 canonum
2727 2226 3108 2284 auctoritatem
3133 2224 3302 2285 libere
3330 2230 3597 2301 quidquid
3619 2248 3710 2286 vo-

2110 2314 2295 2372 luerit.
2326 2318 2393 2373 Et
2422 2327 2481 2373 ut
2508 2308 2623 2376 haec
2649 2321 3103 2377 manumissionis
3122 2329 3178 2377 et
3209 2320 3480 2378 libertatis
3509 2332 3701 2379 aucto-

2110 2407 2245 2462 ritas
2272 2408 2640 2464 inconvulsam
2670 2416 2833 2480 atque
2861 2405 3224 2467 inviolabilem
3259 2413 3508 2469 obtineat
3532 2412 3705 2469 ﬁrmi-

2108 2506 2298 2566 tatem,
2329 2514 2489 2555 manu
2515 2503 2734 2572 prepria
2762 2502 2946 2560 subter
2968 2502 3200 2571 ﬁrmavi,
3232 2505 3547 2561 sacerdotes
3569 2522 3708 2576 quo—

2110 2602 2217 2659 que
2250 2596 2307 2645 et
2356 2589 2561 2645 clerum
2606 2591 2851 2650 eodem:
2900 2602 3126 2661 nostrae,
3174 2610 3391 2652 necnon
3430 2606 3486 2651 et
3534 2595 3710 2653 laicos

2109 2678 2338 2746 nobiles,
2369 2681 2463 2751 qui
2504 2681 2633 2737 huic
2656 2682 2981 2739 absolutioni
3018 2693 3315 2756 praesentes
3350 2683 3594 2751 fuerunt,
3632 2689 3707 2741 si-

2109 2768 2312 2825 militer
2339 2770 2532 2827 subter
2562 2771 2784 2828 ﬁrmare
2813 2774 3017 2844 rogavi.
3052 2773 3248 2829 Actum
3284 2772 3539 2845 Trajecto
3565 2777 3721 2832 citra

2112 2858 2352 2914 Hrenum
2388 2859 2443 2915 in
2474 2860 2810 2917 monasterio
2830 2862 3006 2918 sancti
3034 2862 3297 2930 Servasii,
3331 2880 3494 2930 anno,
3538 2864 3702 2921 Chri-

2113 2957 2199 3004 sto
2236 2950 2494 3019 propitio,
2541 2951 2754 3021 imperii
2804 2952 2987 3008 domni
3018 2952 3368 3026 [Hludowici]
3412 2955 3501 3019 Vl,
3551 2950 3699 3010 t'ndiv

2111 3038 2295 3094 ctione
2320 3054 2463 3093 xnn.
2487 3070 2558 3079 -—
2576 3040 2689 3111 Ego
2713 3039 3053 3112 Eginhardus
3073 3041 3262 3107 abbas,
3289 3058 3450 3097 manu
3476 3044 3709 3115 propria

2114 3130 2503 3187 subscribendo
2533 3130 2769 3189 ﬁrmavi.

2119 3320 2145 3349 ι
2177 3307 2529 3386 Commutatio
2555 3276 2938 3386 mancipiorum
2953 3276 3108 3386 inter
3133 3312 3500 3386 _Egi_n_ltard:im
3535 3315 3709 3369 abba-

2184 3389 2288 3456 tem
2314 3388 2370 3456 et
2391 3377 2436 3431 Τ
2436 3377 2759 3456 beodradasn
2786 3383 3091 3439 monasterii
3122 3377 3206 3438 SC
3220 3383 3411 3439 Maria.-
3444 3384 3708 3456 Argento-

2183 3447 2396 3517 gilensis
2428 3448 2767 3504 abbatissam.

2746 3537 2871 3610 (An.
2911 3539 3062 3611 sat.)

2488 3630 2505 3687 (
2515 3630 2785 3692 Isbillon.,
2804 3632 2871 3680 de
2895 3629 2971 3683 Re
2991 3630 3339 3694 diplomaties.)

2188 3709 2535 3781 Oppitulaute
2584 3712 2814 3768 Domino
2860 3711 2989 3768 Jesu
3022 3712 3266 3779 Christo,
3292 3699 3714 3784 'placuitatqne

2112 3802 2370 3858 convenit
2394 3803 2535 3858 inter
2558 3802 2949 3860 Theodredane
2971 3803 3307 3859 nobilissima
3332 3804 3608 3861 abbatissa
3640 3807 3717 3865 de

2116 3892 2451 3946 monasterio
2496 3898 2700 3947 sancta;
2729 3890 2911 3946 Maria:
2953 3891 3421 3964 Argentogilense,
3449 3908 3551 3949 nec
3589 3910 3717 3951 non

2114 3990 2172 4038 et
2223 3983 2365 4037 inter
2415 3983 2784 4039 venerabilem
2832 3982 3201 4053 Eginhardum
3255 3985 3504 4041 abbatem
3527 4026 3541 4051 ,
3586 4003 3725 4043 una

2114 4086 2238 4128 cum
2272 4087 2538 4129 consensu
2564 4082 2620 4128 et
2644 4073 2920 4129 voluntate
2954 4074 3179 4130 ancillas
3209 4074 3306 4131 Dei
3340 4076 3540 4133 ibidem
3566 4093 3725 4133 (χιιι-ι

2126 4162 2457 4228 sistentium,
2508 4172 2565 4218 et
2612 4164 2771 4219 bonis
2815 4164 3124 4220 hominibus
3168 4168 3593 4233 consentientes,
3653 4180 3727 4224 ut-

2117 4252 2387 4322 mancipia
2436 4253 2581 4308 inter
2622 4268 2682 4309 se
2714 4244 3055 4310 commutare
3117 4256 3198 4310 vel
3252 4258 3554 4312 exeamiare
3612 4260 3719 4314 de-

2113 4342 2324 4397 berent.
2366 4341 2521 4410 Quod
2558 4344 2631 4399 ita
2656 4351 2720 4409 et
2764 4343 3026 4399 fecerunt.
3075 4345 3232 4401 Dedit
3277 4346 3442 4415 igitur
3470 4348 3711 4417 precet-

419 4424 746 4498 giulridum,
774 4426 841 4481 ad
868 4440 1084 4481 sacrum
1106 4426 1353 4481 ordinem
1379 4427 1448 4481 ab
1472 4428 1829 4483 unanimitate
1854 4442 2016 4483 vene-
2116 4432 2419 4487 lentissima
2462 4433 2781 4489 Theodrada
2829 4435 3105 4491 abbatissa
3125 4436 3206 4491 'de
3250 4437 3462 4492 ratione
3502 4449 3715 4496 sancta:

428 4518 613 4573 randa:
657 4516 1097 4587 congregationis
1132 4525 1331 4571 nostra:
1378 4518 1722 4574 concorditer
1745 4517 2008 4586 electum,
2038 4596 2066 4598 _
2118 4522 2299 4577 Maria:
2332 4524 2578 4594 partibus
2623 4523 2917 4595 Eginhardi
2948 4525 3183 4591 abbatis,
3223 4526 3449 4581 homine
3487 4527 3708 4598 aliquo,

420 4610 494 4665 ad
533 4609 723 4666 altaris
759 4624 949 4675 cornu,
988 4608 1044 4663 in
1072 4610 1362 4678 praesentia
1392 4611 1735 4666 sacerdotum
1768 4618 1823 4665 et
1848 4610 2006 4666 nobi-
2034 4596 2087 4655 D
2114 4614 2331 4669 nomine
2379 4612 2606 4669 Gulfoco
2648 4615 2967 4685 presbytero
2994 4616 3043 4668 ι).
3083 4615 3344 4671 Similiter
3390 4632 3490 4687 pro
3540 4596 3712 4687 hujus

500 4765 526 4803 ρ
552 4751 704 4805 Hanc
728 4749 1139 4818 permutationis
1166 4749 1410 4818 chartam
1430 4748 1637 4818 primus
1660 4763 1723 4801 ex
1761 4754 2013 4818 originali
2120 4757 2231 4802 tata
2262 4748 2573 4803 conditione
2599 4748 2804 4803 servili.
2842 4746 2956 4801 Hoc
2978 4747 3123 4803 enim
3149 4762 3255 4801 non
3294 4763 3523 4818 omnino
3549 4765 3706 4806 mau-

426 4821 595 4887 edidit
623 4820 685 4873 D.
718 4816 1076 4881 Mabillouius,
1105 4819 1171 4872 de
1196 4818 1275 4872 Re
1295 4816 1543 4887 diplom.,
1569 4816 1662 4871 lib.
1697 4831 1775 4880 vn,
1797 4816 2008 4885 ρῘ515.
2118 4819 2290 4887 ditum
2318 4827 2373 4871 et
2400 4835 2467 4873 ex
2502 4818 2635 4887 ipsis
2668 4817 2966 4887 canonibus
2990 4827 3179 4872 contra
3208 4817 3579 4874 ordinationes
3603 4821 3707 4874 hu.

429 4884 548 4948 Non
580 4897 761 4943 autem
783 4895 842 4942 ut
867 4888 1036 4942 abbas
1062 4884 1492 4957 Fontauellénsis
1517 4886 1648 4957 (jam
1674 4884 1819 4941 enim
1844 4886 2014 4941 Anse-
2113 4886 2348 4955 jusmodi
2397 4884 2775 4957 latis—constat.
2820 4886 2891 4957 At
2913 4902 3103 4957 parum
3127 4887 3545 4957 verosimgileiest
3586 4891 3707 4947 han:

426 4963 609 5035 gisutn
636 4959 690 5035 in
717 4959 897 5035 locum
936 4972 1091 5035 suum
1120 4956 1429 5035 suﬂ'ecerat)
1459 4953 2011 5035 hanc_commutatio-
2114 4953 2262 5035 circa
2291 4958 2491 5035 regiam
2520 4956 2769 5012 tolerata.
2818 4953 3619 5035 Notandumnverg‘Gulfocum
3651 4962 3703 5013 iu

430 5023 556 5088 nem
584 5029 713 5083 fecit
739 5026 1107 5099 Eginhardus,
1151 5027 1244 5099 sed
1284 5023 1464 5099 potius
1495 5025 2009 5099 utBandinien‘sis;
2118 5023 2691 5099 chartaﬁresbyterum
2726 5041 2837 5081 non
2871 5034 3076 5099 servent
3114 5026 3238 5099 dici.
3270 5023 3411 5099 ljﬁnc
3435 5027 3706 5096 conjicere

422 5103 633 5156 charta
669 5095 813 5151 enim
848 5105 1047 5151 nostrae
1082 5095 1301 5166 primus
1320 5095 1614 5152 subscribit
1640 5096 2012 5151 vicedmninus
2118 5096 2247 5152 licet
2282 5095 2428 5152 illum
2472 5095 2762 5166 antequam
2789 5096 3172 5166 sacerdotium
3212 5096 3461 5166 indueret
3503 5095 3705 5151 manu;

432 5167 830 5229 Bandiniensis,
880 5167 972 5229 qui
1007 5166 1205 5220 iterum
1261 5166 1542 5229 diplomati
1581 5166 1891 5221 immediate
1930 5181 2017 5221 se-

429 5240 640 5308 quenti,
663 5237 873 5308 inquo
896 5234 1243 5308 Eginhardus
1289 5234 1457 5291 abbas
1493 5234 1552 5291 S.
1584 5236 1831 5291 Bandinii
1869 5236 2017 5293 Gan-

430 5304 613 5363 densis
642 5304 859 5370 dicitur,
893 5304 1234 5373 subscripsit.

502 5377 531 5417 ιι
560 5376 623 5430 D.
664 5374 1006 5430 Mabilltmius
1034 5371 1178 5428 hunc
1207 5371 1385 5447 locum
1411 5376 1674 5447 insignem
1700 5374 1847 5447 dicit
1870 5375 2013 5447 quod

2124 5167 2370 5231 missum,
2412 5174 2467 5221 at
2492 5164 2691 5231 invita,
2718 5164 2869 5233 cujus
2896 5174 3038 5231 erat,
3067 5165 3337 5235 abbatissa
3357 5165 3707 5235 _Argentogi-

2122 5236 2278 5301 lensi,
2324 5252 2444 5307 qua:
2482 5235 2938 5307 compensationis
2977 5235 3151 5307 gratia
3179 5234 3315 5307 duos
3342 5233 3556 5291 ϐιηῶεὶ
3582 5233 3703 5307 loco

2120 5321 2307 5361 servos
2342 5302 2751 5376 ’accipitﬁ._Quod
2781 5302 3003 5375 quidem
3047 5305 3165 5376 lege
3189 5302 3368 5376 Salica
3414 5305 3702 5376 emendata

2123 5376 2229 5447 (tit.
2261 5374 2590 5457 x5v1_ii,‘§_2)
2619 5374 2836 5457 cautum
2865 5382 2993 5457 est;
3015 5394 3047 5456 _¢
3075 5374 3138 5457 _Si
3173 5375 3296 5457 quis
3322 5389 3540 5457 servum
3572 5374 3703 5457 alie-

430 5447 507 5503 ibi
542 5446 713 5516 inter,
734 5459 921 5500 servos
946 5452 1282 5513 permutatos
1325 5443 1542 5516 legatur
1580 5460 1774 5499 nomen
1805 5443 2015 5516 Gulfoci
2120 5443 2248 5500 num
2276 5443 2654 5516 dimiserit.....
2680 5445 2885 5516 solidos
2907 5443 3127 5515 triginta
3150 5443 3386 5516 quinque
3413 5445 3700 5516 culpabilis

431 5514 737 5585 presbyteri,
763 5529 886 5570 cum
916 5528 1130 5583 semper
1157 5522 1282 5569 ante
1307 5513 1702 5585 ordinationem
1726 5515 1866 5570 servi
1896 5513 2017 5570 ma-
2114 5516 2407 5598 judicetur,
2438 5524 2494 5571 et
2523 5515 2757 5639 capitale
2790 5515 2845 5569 in
2874 5513 3051 5595 locum
3074 5513 3346 5595 restituat,
3372 5524 3430 5569 et
3448 5513 3539 5570 res

432 5586 872 5639 numitterentur.
924 5592 984 5639 ut
1032 5593 1247 5639 constat
1293 5598 1358 5639 ex
1396 5585 1694 5639 canonibus
1738 5593 1794 5639 et
1837 5586 2018 5639 verbis
2120 5586 2288 5639 iusius
2313 5586 2561 5639 nronrius
2620 5585 2836 5639 ominus
2860 5586 3109 5639 recipiat.
3143 5602 3162 5636 ι
3198 5582 3299 5639 Hic
3320 5584 3439 5639 loco
3460 5584 3701 5639 capitalis

432 5582 877 5657 immitterentur,
924 5592 984 5639 ut
1032 5582 1247 5657 constat
1293 5598 1358 5657 ex
1396 5584 1701 5657 canonibus
1738 5586 2018 5657 et‘verbis
2115 5582 2288 5657 ipsius
2313 5586 2566 5657 proprius
2584 5582 3162 5657 detninusgrecipiat.)
3184 5582 3439 5657 ﬂicloco
3460 5584 3704 5657 capitalis

433 5652 785 5726 praecedentis
832 5655 1055 5726 chartae.
1090 5653 1423 5724 Ducangius,
1466 5655 1563 5726 qui
1591 5656 1758 5726 verbo
1793 5652 2020 5724 Prosby-
2120 5652 2281 5726 datur
2308 5652 2504 5726 servus
2522 5654 2677 5719 alter,
2702 5655 2797 5726 sed
2822 5654 2888 5709 de
2911 5652 3061 5709 rebus
3085 5653 3237 5719 nihil,
3266 5654 3408 5721 ideo,
3434 5652 3703 5710 verisimi‘

436 5722 515 5780 ier
556 5726 701 5797 hunc
726 5722 904 5797 locum
928 5724 1082 5797 citat,
1121 5722 1306 5797 servos
1342 5722 1616 5797 contendit
1643 5722 2013 5797 characterem
2118 5725 2259 5792 liter,
2291 5725 2432 5797 quod
2460 5725 2651 5781 liberto
2683 5724 2859 5781 nullm.

437 5793 831 5855 sacerdotalem
873 5794 1090 5853 indutos
1124 5792 1295 5852 fuisse
1333 5794 1621 5863 aliquando
1651 5794 1796 5851 haud
1818 5794 2015 5850 immu~
