3912 6390
156 525 263 586 6σὸ

1609 523 1913 582 (ΞΗΑΗΤΛΞ

3314 523 3423 582 606

159 647 237 699 rei
265 644 708 714 compensatione
735 644 883 698 dedit
906 650 1128 698 econtra
1152 644 1378 698 domnus
1404 638 1744 711 Eginhardus
1771 638 1822 697 Α
1846 631 1938 700 Qui
1979 626 2117 683 infra
2160 630 2488 685 monasterio
2511 637 2664 695 'sunt,
2711 631 2768 684 in
2804 630 3171 686 anniversaria
3201 632 3277 685 tui
3318 645 3421 701 pro

157 736 488 790 venerabilis
515 734 682 789 abbas
723 733 969 804 partibus
1014 740 1212 788 sanctae
1242 731 1423 786 Maria:
1472 729 1743 798 mancipia

160 829 270 882 duo
299 827 384 881 his
419 825 746 888 nominibus,
778 821 1017 878 lmboldo
1045 831 1099 877 et
1124 821 1463 887 Vulfranmo,
1493 822 1567 874 ita
1593 827 1651 873 ut
1673 819 1740 873 ab

161 916 428 971 hodierna
460 915 546 970 die
571 913 828 983 quidquid
867 912 933 967 de
962 913 1062 966 hoc
1088 911 1231 982 quod
1260 911 1627 979 unusquisque
1673 923 1740 963 ex

163 1009 326 1063 nobis
351 1008 579 1077 accepit,
611 1021 708 1076 pro
743 1005 1108 1074 oportunitate
1142 1019 1238 1058 sua
1283 1003 1460 1056 facere
1487 1001 1738 1071 elegerit,

161 1097 395 1154 liberum
424 1099 478 1152 in
505 1098 754 1153 omnibus
787 1095 1098 1166 perfruatur
1128 1095 1370 1149 arbitrio.
1400 1094 1467 1148 Et
1491 1084 1621 1147 illud
1642 1107 1742 1161 pro

163 1187 440 1245 ﬁrmitatis
464 1190 703 1246 studium
720 1189 861 1247 inter
882 1185 1515 1253 uos‘suc‘cessoribusQue
1543 1187 1746 1239 nostris

165 1277 409 1335 inserere
437 1286 674 1350 pactum,
713 1283 774 1332 ut
818 1279 950 1332 duas
995 1274 1252 1346 epistolas
1297 1274 1364 1328 de
1402 1273 1511 1328 hac
1540 1282 1598 1329 re
1635 1287 1746 1326 uno

164 1356 359 1426 tenore
371 1369 705 1438 conscriptas
727 1366 907 1422 facere
929 1381 1025 1420 seu
1049 1366 1394 1421 conscribere
1405 1365 1742 1420 deberemus.

162 1462 323 1529 Quod
352 1462 428 1515 ita
453 1467 508 1514 et
529 1458 773 1514 fecimus.
803 1455 921 1511 Nec
942 1455 1116 1519 nobis,
1145 1470 1320 1526 neque
1343 1454 1748 1511 successdribus

163 1553 394 1615 nostris,
425 1534 617 1606 contra
640 1563 772 1619 pare
794 1562 893 1602 suo
917 1545 984 1601 de
1007 1547 1111 1600 hoc
1136 1547 1279 1615 quod
1304 1548 1516 1616 accepit
1544 1561 1574 1600 a
1619 1561 1748 1614 pore

162 1657 269 1697 suo
311 1641 423 1696 ullo
450 1655 689 1710 unquam
726 1642 967 1707 tempore
997 1637 1325 1695 calumniam
1374 1636 1614 1705 aliquam
1660 1637 1744 1691 vel

164 1733 496 1804 repetitione
536 1745 799 1802 generare
844 1735 1154 1798 praesumat.
1196 1726 1347 1795 Quod
1395 1728 1487 1797 qui
1528 1727 1748 1794 fecerit,

165 1828 285 1878 rem
321 1838 482 1892 quam
511 1821 717 1891 accepit
741 1821 978 1884 amittat,
1010 1828 1065 1874 et
1092 1819 1311 1888 insuper
1346 1819 1466 1884 pari
1493 1834 1624 1882 suo,
1657 1834 1751 1874 co-

162 1920 332 1983 gente
363 1910 518 1977 ﬁsco,
547 1911 663 1965 auri
693 1911 829 1966 libra
858 1925 982 1977 una,
1017 1909 1228 1978 argenti
1252 1908 1467 1978 pondua
1495 1922 1588 1963 sex
1616 1924 1748 1969 ,coa-

1839 723 2020 777 anima
2055 729 2165 776 tua.
2195 721 2360 777 Facta
2387 723 2650 792 prestaria
2668 770 2670 772 ,
2691 724 2744 776 in
2776 722 3110 777 monasterio
3136 722 3421 777 Blandinio

1837 811 2054 882 publica
2101 813 2206 867 sub
2247 812 2334 866 die
2373 828 2451 866 ιιι
2505 813 2611 866 kal.
2661 812 2818 867 Febr.
2850 827 2991 868 anno
3033 829 3122 868 xvi
3159 818 3420 884 regnante

1840 902 2037 956 domno
2079 909 2265 956 nostro
2300 901 2615 957 Hludowico
2647 904 3039 974 gloriosissimo
3071 905 3418 976 imperatore.

1908 992 1948 1061 ἰ-
1974 992 2086 1062 Ego
2125 993 2466 1063 Eginhardus
2489 994 2657 1048 abbas
2694 997 2977 1065 recOgnovi
3008 1005 3060 1050 et
3099 996 3420 1065 subscripsi.

1841 1112 1910 1121 —
1949 1081 2099 1151 Sign.
2137 1084 2431 1153 Egeshario
2475 1084 2834 1138 vicedomino.
2879 1115 2949 1124 —
2979 1084 3128 1155 Sign.
3156 1084 3423 1140 Badurico

1841 1179 2028 1226 custus
2056 1171 2173 1243 (sic)
2204 1174 2539 1243 presbytero.
2585 1203 2657 1213 —
2678 1174 2835 1238 Sigm
2870 1175 3181 1243 Wincgario
3218 1177 3423 1230 decano

1843 1262 2176 1330 presbytero.
2245 1291 2316 1302 ——-
2372 1262 2525 1332 Sign.
2582 1264 2899 1320 Fletuualdo
2946 1266 3283 1336 presbytero.
3344 1297 3416 1306 ——

1848 1351 1999 1422 Sign.
2024 1351 2386 1406 Ermenlando
2407 1353 2745 1424 presbytero.
2771 1385 2842 1393 ——
2868 1354 3018 1424 Sign.
3042 1350 3426 1425 Regenmundo

1847 1441 2182 1506 presbytero.
2198 1473 2267 1481 —
2277 1441 2430 1514 Sign.
2454 1441 2829 1513 Tbegenlando
2842 1445 3176 1515 presbytero.
3190 1476 3260 1483 —
3272 1444 3400 1514 Sign
3409 1483 3423 1497 .

1850 1529 2148 1602 Hrodgario
2175 1535 2425 1590 diacono:
2452 1564 2524 1574 —-
2546 1534 2701 1605 Sigm
2730 1534 3009 1591 Johannus
3051 1535 3168 1606 (sic)
3209 1535 3428 1590 subdia—

1848 1635 2007 1675 cono.
2054 1651 2124 1703 5—-
2167 1622 2316 1694 Sign.
2367 1623 2528 1680 0dric
2573 1625 2921 1680 subdiacono.
2967 1655 3039 1665 —
3070 1623 3222 1695 Sign.
3265 1624 3427 1678 Teut-

1850 1715 2050 1768 mundo
2076 1713 2292 1768 clerico.
2311 1714 2556 1786 -'Sign.
2588 1716 2919 1776 Folcuulnzo'
2935 1717 3153 1772 clerico.
3180 1746 3250 1756 —
3272 1715 3423 1786 Sign.

1852 1799 2132 1870 Sigcberto
2180 1803 2395 1880 clerico.
2440 1834 2511 1845 —
2554 1804 2704 1876 Sign.
2736 1806 3054 1861 Brunbardo
3101 1806 3321 1862 clerico.
3357 1835 3427 1844 ~—

1853 1888 2004 1958 Sign.
2035 1891 2325 1964 Adalgario
2369 1893 2874 1966 diacono.—Sign.
2914 1895 3247 1963 Egelmundo
3282 1909 3432 1965 pres-

163 1971 308 2057 ἕως
329 2002 598 2066 exsolvat,
625 2008 681 2056 et
719 1971 976 2070 repetitio
995 1971 1109 2053 sua.
1124 1971 1330 2052 nullum
1356 1998 1600 2053 obtineat
1622 1997 1752 2052 effe-

1859 1979 2061 2070 bytero.
2085 2010 2156 2022 —-
2196 1980 2348 2052 Sign.
2404 1983 2774 2041 Erchenmaro
2836 1985 3172 2056 presbytero.
3209 2014 3282 2026 —
3317 1982 3434 2054 Ego

163 2101 340 2158 etum,
385 2092 482 2147 sed
527 2099 822 2162 praesentes
852 2088 1306 2145 commutationes
1349 2090 1448 2143 bas
1479 2089 1667 2144 ﬁrmas
1701 2097 1758 2145 et

163 2189 395 2255 stabiles
438 2188 654 2244 valeant
697 2189 1007 2258 perdurare.
1054 2218 1124 2228 —
1149 2187 1345 2250 Actum
1391 2185 1757 2258 Argentogelo

164 2286 298 2333 ante
315 2278 537 2333 basilica
559 2287 760 2333 sancta:
779 2269 981 2342 Μυῖα),
1026 2293 1168 2331 anno
1189 2277 1473 2332 undecimo
1497 2282 1756 2346 regnante

162 2367 392 2422 domino
416 2366 728 2446 Hludowico
750 2368 992 2437 piissimo
1017 2368 1361 2438 imperatore.

240 2458 282 2526 1*
311 2455 537 2527 Signum
559 2457 845 2528 Egishario
865 2457 1222 2514 vicedomino.
1245 2458 1285 2529 -ι-
1302 2458 1529 2529 Signum
1557 2455 1760 2512 Theot-

163 2544 354 2600 boldo.
386 2547 426 2616 -ι-
453 2546 676 2615 Signum
704 2546 940 2601 Derulfo.
973 2547 1014 2616 -ι-
1043 2546 1270 2616 Signum
1295 2546 1578 2604 Berhario.
1607 2544 1647 2615 1-
1679 2542 1759 2598 Si-

168 2649 344 2707 gnum
368 2637 616 2693 Aneloni.
645 2637 685 2708 ~1-
719 2638 944 2708 Signum
967 2638 1257 2694 Anseluco.

934 2750 1000 2804 γ.

167 2859 732 2930 ϐιιανια--Εθίηήαηίί
781 2859 839 2914 8.
891 2857 1163 2930 Βιαηάίηὶὶ
1196 2857 1506 2930 ,ϐαηάεηείε
1556 2859 1759 2930 abbatis

239 2947 351 3000 qua
379 2920 679 3000 Nor'dberto
704 2929 977 3000 prwstorie
1001 2927 1523 3000 conceditquasdum
1569 2945 1652 2984 res
1687 2920 1759 2983 ad

242 2997 622 3054 monasterium
646 2997 1020 3053 Blandim‘ense
1046 2998 1109 3052 ab
1151 2997 1331 3054 eodem
1359 2998 1644 3070 delegatus.

683 3106 809 3178 (An.
845 3106 970 3172 850,
999 3107 1064 3161 Si
1097 3105 1247 3176 Jan.)

608 3197 831 3260 (Teulet,
861 3197 985 3259 Opp.
1019 3197 1329 3259 Eglnb’ardl.)

1859 2067 2141 2126 Rinhadus
2164 2071 2405 2142 presbyt.
2434 2072 2650 2142 scripsi.

2606 2205 2692 2262 VI.

2000 2315 2198 2370 Charta
2225 2316 2461 2387 ejusdem
2485 2325 2781 2387 argumenti
2809 2333 2903 2388 pro
2933 2316 3288 2388 Engelltardo.

2244 2442 2405 2515 (Ann.
2437 2444 2542 2501 850
2569 2443 2654 2500 vel
2677 2444 2802 2513 859,
2834 2445 2866 2498 7
2895 2443 3072 2517 Sept.)

1932 2579 2252 2637 Venerabile
2278 2580 2334 2636 in
2359 2581 2578 2638 Christo
2602 2581 2917 2663 Eginhardo
2941 2582 3135 2639 abbate
3160 2583 3228 2638 de
3252 2597 3438 2639 mona-

1859 2673 2028 2731 Sterio
2055 2674 2369 2740 Blandinio,
2398 2673 2596 2730 dilecto
2625 2678 2801 2730 amico
2843 2682 3032 2729 nostro
3075 2673 3434 2745 Engelhardo.

1861 2765 2000 2820 Dum
2033 2773 2263 2821 nonest
2285 2765 2654 2835 incognitum,
2699 2763 2936 2834 qualiter
2962 2763 3198 2834 aliquam
3231 2763 3438 2818 alodem

1861 2863 2014 2909 tuum
2046 2853 2113 2930 ad
2145 2844 2536 2923 monasterium
2570 2861 2816 2908 nostrum
2855 2852 3124 2909 tradidisti
3153 2860 3317 2922 atque
3344 2851 3441 2908 ﬁr-

1861 2947 2044 3012 masti,
2081 2948 2185 3002 hoc
2219 2930 2303 3002 si
2327 2947 2382 3001 in
2410 2959 2549 3018 pago
2575 2931 2936 3002 nodaninse‘a
2980 2945 3034 3000 in
3073 2945 3199 3000 loco
3226 2943 3320 3016 qui
3346 2957 3442 3001 vo-

1861 3049 2018 3095 catur
2037 3038 2444 3108 Faenio,me
2470 3027 2685 3093 ﬁuviola
2711 3036 2992 3102 Absentia,
3039 3037 3092 3092 id
3127 3044 3212 3091 est
3240 3034 3441 3092 ibidem

1862 3142 1987 3185 casa
2014 3145 2136 3188 cum
2161 3129 2378 3193 curtile,
2415 3136 2529 3183 tum
2553 3127 2673 3182 aliis
2701 3127 2859 3182 tectis
2895 3135 2950 3182 et
2985 3126 3354 3196 watriscapud
3375 3127 3440 3194 δ,

1862 3227 1920 3274 et
1946 3218 2013 3274 de
2037 3225 2183 3273 terra
2226 3216 2430 3274 arabile
2451 3224 2526 3272 .et
2553 3216 2609 3270 in
2636 3209 2904 3278 Vacheria
2929 3229 3148 3270 accrum
3175 3221 3230 3269 et
3261 3213 3327 3270 ad
3358 3229 3444 3272 se-

245 3278 572 3338 Venerabile
598 3282 654 3334 in
678 3279 896 3375 Christo
914 3278 1262 3351 'Eginhardus
1283 3280 1470 3335 abbas.
1489 3279 1627 3336 Dum
1649 3293 1757 3336 non
1786 3309 1830 3372 ρ
1861 3309 2174 3365 mundum
2199 3309 2344 3364 mod.
2373 3323 2444 3362 Π
2474 3315 2528 3364 α
2557 3307 2631 3362 ibi
2652 3322 2685 3362 θ
2721 3305 2950 3375 magno
2982 3305 3050 3360 ad
3078 3304 3262 3360 mm
3293 3305 3444 3362 com-

167 3385 258 3432 est
295 3375 631 3446 incognitum
662 3373 897 3443 qualiter
926 3389 1015 3429 res
1036 3382 1155 3430 tuas
1179 3375 1326 3444 quod
1352 3381 1408 3428 tu
1435 3375 1758 3444 comparasti

166 3478 229 3524 et
269 3468 342 3523 ad
385 3466 774 3522 monasterium
820 3474 1066 3520 nostrum
1110 3465 1386 3520 tradidisti
1415 3472 1471 3520 et
1511 3466 1580 3520 ad
1621 3472 1758 3534 opus

167 3559 410 3614 fratrum
458 3565 764 3613 nostrorum
813 3556 1074 3625 delegasti
1121 3566 1283 3631 atque
1335 3553 1605 3619 ﬁrmasti,
1665 3555 1760 3610 sed

167 3659 365 3722 postea
395 3659 485 3704 tua
515 3647 616 3703 fuit
656 3647 865 3719 petitio,
896 3654 952 3700 et
986 3651 1174 3701 nostra
1202 3660 1310 3701 non
1338 3644 1625 3715 denegavit
1667 3649 1761 3698 vo-

168 3733 379 3805 luntas,
409 3747 469 3793 ut
497 3737 667 3808 ipsam
696 3748 812 3791 rem
838 3745 892 3790 et
918 3735 1012 3789 illa
1037 3744 1204 3799 terra,
1228 3735 1372 3804 quod
1392 3734 1759 3788 Thiodsumda

169 3831 390 3896 habuit,
419 3842 518 3900 per
542 3828 863 3884 beneficium
900 3835 1147 3881 nostrum
1173 3825 1270 3881 tibi
1315 3824 1618 3880 Nordberto
1658 3825 1762 3878 hoc

167 3920 627 3991 prestitissemus.
658 3917 812 3985 Quod
856 3918 929 3971 ita
959 3924 1014 3972 et
1056 3913 1311 3980 fecimus;
1343 3922 1403 3970 et
1425 3914 1491 3968 ad
1529 3928 1762 3975 .onorem

169 4022 334 4066 tuum
358 4010 574 4080 quando
598 4008 891 4078 aliquantis
914 4007 1246 4077 temporibus
1270 4006 1338 4060 ad
1367 4005 1759 4060 monasterium

168 4113 428 4161 nostrum
454 4105 687 4167 venires,
720 4102 816 4155 tibi
855 4100 1184 4171 provcndam
1209 4100 1339 4154 dare
1362 4095 1626 4153 faciamus
1647 4138 1661 4162 ,
1705 4105 1760 4152 et

169 4207 288 4267 pro
304 4211 407 4250 usu
432 4194 727 4248 fructuaria
751 4191 817 4248 de
841 4193 986 4261 ipsas
1012 4206 1099 4245 res
1128 4190 1285 4246 nobis
1315 4203 1535 4244 censum
1570 4187 1759 4242 levasti

170 4266 238 4342 in
287 4286 448 4341 annis
481 4285 734 4355 singulis,
789 4283 856 4336 ad
898 4266 1252 4336 festivitatem
1303 4279 1475 4333 sancti
1524 4274 1756 4337 ﬂamini,

167 4379 308 4432 dare
358 4376 557 4431 debeas
608 4373 862 4428 denarios
894 4388 957 4436 η,
986 4379 1041 4425 et
1066 4371 1243 4439 ipsum
1290 4379 1516 4424 censum
1563 4367 1761 4421 debent

168 4467 379 4522 fratres
406 4465 672 4533 accipere.
713 4462 782 4517 Et
817 4463 899 4515 sic
929 4462 1086 4515 nobis
1114 4458 1422 4529 conplacnit
1446 4465 1609 4525 atque
1633 4469 1760 4509 con-

167 4557 328 4611 venit
353 4563 413 4608 ut
437 4555 582 4622 ipsas
596 4567 686 4607 res
712 4564 813 4606 nec
838 4550 1108 4613 venderis,
1126 4561 1226 4602 nec
1245 4547 1487 4611 donaris,
1507 4561 1606 4603 nec
1630 4544 1758 4599 alie-

1859 3399 2090 3470 gendum
2131 3398 2342 3452 carrad.
2383 3408 2464 3450 im
2499 3403 2554 3451 et
2597 3396 2658 3449 in
2677 3393 3075 3464 Wielingabem
3110 3405 3137 3433 ο
3175 3402 3338 3464 prato
3373 3395 3444 3451 ad

1859 3483 2435 3555 fenumcollegendum
2456 3485 2668 3540 carrad.
2689 3500 2789 3538 xii.
2813 3483 2923 3539 Hec
2943 3484 3147 3551 omnia,
3183 3485 3440 3554 quicquid

1860 3579 1929 3634 ad
1953 3579 2071 3649 ipsa
2096 3592 2226 3635 casa
2246 3576 2459 3647 aspicit,
2489 3575 2557 3629 ad
2578 3561 2968 3632 monasterium
2999 3581 3246 3629 nostrum
3273 3574 3440 3630 tradi-

1860 3669 1988 3723 disti
2013 3677 2175 3738 atque
2203 3666 2429 3722 ﬁrmasti
2459 3681 2481 3729 ς
2511 3664 2604 3719 sed
2639 3670 2825 3733 postea
2865 3670 2955 3717 tua
3005 3660 3106 3716 fuit
3145 3661 3356 3730 petitio,
3386 3669 3440 3714 et

1860 3765 2045 3811 nostra
2081 3770 2188 3809 non
2219 3753 2505 3823 denegavit
2537 3751 2805 3816 voluntas,
2835 3751 3090 3820 utipsam
3114 3749 3321 3804 alodem
3345 3764 3444 3818 per

1859 3845 2183 3910 beneﬁcium
2232 3851 2478 3898 nostrum
2526 3840 2623 3896 tibi
2671 3840 3068 3912 Engelhardum
3109 3849 3166 3895 et
3213 3853 3440 3896 uxorem

1862 3945 2008 3989 tuam
2038 3933 2446 3988 Heletradanem
2473 3929 2903 3999 prestitissimus.
2942 3927 3102 3994 Quod
3130 3929 3203 3983 ita
3228 3935 3283 3982 et
3313 3926 3441 3983 feci-

1861 4039 1982 4077 mus
2009 4032 2064 4076 et
2087 4021 2500 4076 Heletradanem
2527 4028 2580 4072 et
2606 4017 2731 4071 ﬁliis
2756 4018 2950 4071 vestris
2989 4016 3290 4070 laxavimus
3309 4058 3322 4080 ,
3353 4033 3440 4072 se-

1862 4109 1979 4166 curi
2011 4109 2130 4183 [que
2157 4111 2270 4165 sitis
2295 4108 2410 4180 abs]
2431 4121 2536 4178 que
2564 4105 2786 4162 servitio
2810 4113 2863 4160 et
2891 4115 3114 4160 censum
3137 4114 3191 4159 et
3219 4117 3442 4161 econtra

1862 4202 2216 4256 hereditatem
2239 4206 2386 4253 tuam
2411 4213 2506 4268 per
2527 4195 2846 4254 beneﬁcium
2866 4204 3109 4250 nostrum
3132 4195 3275 4250 illam
3301 4213 3438 4264 rem,

1862 4305 2023 4358 quam
2053 4287 2442 4358 Engelramnus
2469 4284 2537 4337 ad
2559 4281 2942 4338 monasterium
2969 4281 3253 4338 Blandinio
3280 4285 3440 4338 dona-

1861 4379 1938 4432 vit
1967 4385 2020 4431 et
2050 4375 2303 4439 ﬁrmavit,
2333 4375 2434 4427 hoc
2467 4381 2550 4427 est
2578 4373 2630 4426 in
2661 4373 2778 4447 ipso
2805 4387 2941 4441 pago
2967 4372 3282 4439 Rodinlnso,
3306 4389 3363 4428 et
3383 4376 3442 4429 la

1863 4467 1978 4535 ipsa
2009 4465 2134 4519 villa
2164 4463 2256 4533 qui
2284 4471 2508 4518 vocatur
2533 4460 2736 4530 'Facum
2784 4477 2950 4532 prope
2988 4461 3201 4520 ﬁuviola
3231 4463 3441 4521 Absen-

1862 4556 1968 4620 cia,
1995 4556 2048 4610 id
2077 4563 2162 4610 est
2192 4554 2390 4609 ibidem
2421 4567 2545 4607 casa
2576 4568 2700 4607 cum
2728 4553 2939 4618 curtile,
2966 4569 3088 4608 cum
3114 4554 3235 4609 aliis
3262 4557 3439 4623 tatis,

167 4647 349 4710 naris,
392 4659 495 4698 nec
531 4640 945 4704 concambiaris,
973 4653 1072 4693 nec
1110 4639 1166 4691 in
1191 4637 1302 4691 ullo
1329 4635 1616 4706 naufragio
1637 4635 1764 4688 mit»
1787 4639 1839 4696 D
1864 4658 1918 4703 ει
1937 4648 1992 4701 in
2017 4663 2146 4717 agro
2174 4645 2265 4715 qui
2298 4653 2523 4700 νοοθωι-
2542 4643 2819 4700 Ῥεοδετξε
2865 4659 3104 4711 acorum,
3149 4647 3236 4701 ubi
3264 4655 3441 4717 potest

166 4748 295 4793 tere
341 4733 615 4789 licentiam
652 4745 758 4786 non
805 4731 1037 4793 habeas;
1082 4728 1183 4783 nisi
1229 4735 1462 4791 tantum,
1494 4728 1622 4781 dum
1668 4726 1756 4781 diu

167 4825 492 4889 advixeris,
533 4822 738 4877 usitare
782 4827 838 4874 et
892 4819 1212 4875 emeliorare
1255 4817 1444 4874 facias.
1505 4817 1593 4882 Et,
1639 4826 1762 4886 post

165 4911 385 4972 obitu'm
407 4922 581 4976 tuum,
596 4912 739 4980 quod
754 4919 809 4964 tu
822 4911 1146 4978 comparasti
1163 4909 1283 4965 etin
1297 4909 1558 4966 beneﬁcio
1571 4916 1758 4962 nostro

167 5005 437 5070 habuisti,
476 5011 530 5056 et
555 5002 646 5056 illa
682 5001 835 5056 alode
870 5003 1010 5069 quod
1035 5011 1192 5056 antea
1216 5000 1513 5064 tradidisti,
1553 4999 1621 5052 ab
1654 4999 1757 5052 ‘illo

167 5095 263 5152 die
280 5095 387 5150 has
407 5107 496 5148 res
516 5090 712 5146 fratres
738 5091 840 5145 hoc
865 5091 1065 5144 habere
1094 5090 1324 5144 debeant
1345 5090 1414 5144 ad
1440 5101 1678 5142 mensam
1703 5095 1758 5140 et

166 5187 242 5242 ad
255 5199 397 5256 opus
407 5198 616 5239 eorum.
635 5182 981 5240 EtOdbertus
992 5181 1150 5235 liceat
1170 5181 1480 5250 percensire
1493 5181 1597 5234 hoc
1612 5179 1758 5234 clero

167 5275 268 5332 vel
287 5275 347 5331 d;
378 5290 446 5340 is,
476 5282 533 5328 et
551 5273 727 5344 ipsum
757 5285 982 5326 censum
1010 5269 1210 5324 debent
1239 5271 1435 5324 fratres
1472 5270 1754 5338 accipere,

247 5436 274 5463 ι
307 5424 503 5478 Postea
534 5414 933 5476 marchionatus
962 5418 1286 5473 Rhodensis.

247 5492 279 5531 δ
305 5492 485 5546 Kiiian
515 5489 784 5544 Duﬁlaens
818 5489 872 5543 in
909 5503 1007 5543 suo
1035 5488 1402 5558 Etymologieo
1448 5487 1757 5544 Teutonico:

166 5555 377 5632 lingua:
402 5558 807 5632 mustei-schap};
844 5555 1234 5632 interpretatur
1268 5555 1753 5632 {quagiumnquw-

184 5624 370 5685 tuitus
391 5648 413 5696 ;
455 5624 666 5685 Hasselt
702 5624 831 5682 vero
868 5624 1119 5682 nonnulla
1162 5642 1229 5680 ex
1273 5624 1755 5682 consuetudinibus

171 5699 353 5768 Belgii
380 5697 540 5754 aﬁ'ert
572 5698 768 5768 quibus
788 5697 914 5768 haec
952 5697 1323 5768 interpretatio
1354 5698 1582 5765 amplius
1617 5713 1752 5768 non-

168 5766 316 5825 nihil
343 5766 679 5824 extendeiida
712 5767 946 5832 videtur,
973 5766 1402 5835 quandoquidem
1436 5768 1489 5820 in
1519 5768 1652 5821 locis
1679 5767 1755 5820 al-

168 5839 306 5896 latis
324 5841 504 5910 agitur
524 5838 599 5910 d_e_
609 5837 816 5910 colonis
837 5839 888 5890 in
911 5837 1312 5910 mater—schqu
1337 5836 1401 5889 de
1425 5835 1758 5910 Sparcndam

169 5905 518 5980 degentibus.
555 5907 930 5976 Watriscapud
959 5921 1086 5975 ergo
1126 5905 1292 5975 accipi
1328 5913 1504 5975 potest
1556 5905 1756 5961 canalis

1863 4735 2007 4790 mod.
2033 4746 2165 4789 sem.
2190 4748 2266 4797 xi,
2293 4737 2345 4787 et
2366 4732 2591 4801 prateilo
2612 4732 2678 4786 ad
2701 4733 2993 4802 segandum
3016 4733 3198 4788 fenum
3223 4737 3434 4791 carrad.

1862 4839 1920 4876 iii
1951 4831 2003 4876 et
2030 4824 2083 4876 in
2108 4821 2496 4889 Wielingabem
2523 4821 2590 4874 ad
2613 4819 2794 4874 fenum
2824 4821 3201 4891 colligendum,
3219 4825 3433 4880 carrad.

1862 4928 1959 4965 xu.
1987 4911 2112 4966 Haec
2140 4911 2343 4974 omnia,
2377 4909 2632 4978 quicquid
2661 4911 2729 4963 ad
2752 4909 2866 4978 ipsa
2898 4924 3023 4964 casa
3053 4912 3264 4979 aspicit,
3283 4913 3439 4968 vobis

1861 5001 2232 5073 Engelbardus
2261 5009 2316 5055 et
2341 4999 2698 5054 Heletradane
2731 5006 3049 5078 praestamus
3077 4999 3144 5053 ad
3187 5001 3434 5056 busitan-

1861 5095 1984 5149 dam
2016 5101 2070 5148 et
2099 5109 2196 5163 per
2220 5093 2406 5160 ambus
2435 5105 2521 5147 res
2551 5091 3022 5163 censumllevastis
3048 5099 3109 5145 ut
3135 5092 3290 5147 annis
3319 5093 3434 5147 siu-

1861 5182 2001 5252 gulis
2025 5182 2098 5236 ad
2126 5180 2470 5236 festivitatem
2499 5179 2674 5234 sancti
2704 5178 2918 5234 Martini
2948 5179 3078 5233 dare
3102 5179 3309 5235 debetis
3336 5183 3430 5236 de-

1864 5274 2046 5327 narios
2076 5288 2196 5337 im;
2235 5278 2287 5324 et
2315 5270 2404 5340 qui
2436 5283 2564 5339 pare
2593 5284 2691 5324 suo
2726 5269 3086 5340 supervixerit
3123 5271 3308 5325 ambas
3344 5286 3433 5329 res

1863 5447 1956 5486 seu
1981 5444 2169 5484 cursus
2196 5442 2347 5498 aquae
2369 5442 2473 5480 una
2499 5440 2618 5498 cum
2643 5425 2855 5498 praediis
2870 5425 2925 5480 in
2940 5433 3168 5494 utraque
3195 5427 3309 5498 ripa
3337 5427 3433 5483 ad~

1855 5499 2192 5571 jaccntibus;
2230 5495 2316 5571 vel
2349 5495 2694 5551 hazrediolum
2731 5495 3084 5571 undequaque
3119 5495 3271 5571 aquis
3301 5513 3432 5571 con-

1858 5564 2064 5624 clusum
2091 5577 2146 5622 et
2174 5567 2404 5621 molibus
2448 5573 2780 5635 protectum,
2818 5572 2876 5635 ut
2912 5564 3212 5635 istiusmodi
3258 5566 3427 5621 multa

1858 5639 2143 5717 videreesl
2161 5637 2226 5691 in
2247 5632 2462 5706 Belgioi
2482 5634 2582 5689 Adi
2607 5633 2939 5688 Glossarium
2970 5632 3246 5702 Ducangii,
3261 5637 3427 5692 verbo

1857 5708 2170 5829 Aqutﬁium.

1932 5788 1953 5815 ο
2035 5778 2155 5831 odie
2186 5774 2498 5845 Wieleghem
2542 5787 2634 5828 seu
2667 5769 2997 5842 Wyleghem,
3041 5783 3208 5844 prope
3241 5770 3421 5830 Aude.

1862 5846 2040 5900 nardo.
