3912 6326
473 355 578 412 (illi

1554 351 1825 409 CLAUDII
1866 352 2173 410 EPISCOPI
2206 350 2669 410 TAURINENSIS

3655 352 3759 402 tilb

467 465 769 526 storiarum,
802 461 1077 518 Summam
1104 464 1414 529 quamdam,
1436 478 1498 517 ac
1524 465 1737 518 tandem
1761 463 2020 517 Homilias
2038 479 2053 512 :
2085 471 2136 528 Α
2161 465 2474 529 Baronium,
2525 473 2656 518 tom.
2700 464 2794 528 IX,
2849 464 2917 517 ad
2964 480 3051 517 an.
3080 464 3199 526 745,
3254 479 3401 517 num.
3429 464 3524 528 ᾔ,
3550 462 3641 526 24,
3667 463 3760 526 ΞΒ,

508 535 612 596 uod
662 532 959 604 Bystonum
1016 531 1234 587 tradere
1279 535 1374 586 ait.
1433 531 1541 587 Sed
1590 535 1790 604 scimus
1827 534 1957 604 quid
1991 535 2057 588 de
2160 535 2270 604 5'1).
2320 534 2427 588 Sed
2459 535 2548 588 hic
2591 551 2698 588 non
2738 533 2980 602 aequalis,
3012 535 3106 588 sed
3150 533 3320 604 multo
3360 545 3443 587 est
3478 535 3763 604 antiquior

646 617 676 654 a
701 601 1022 673 Dempstet'o
1044 603 1359 673 censuerint
1381 605 1482 656 viri
1512 601 1865 673 eruditissimi
1877 603 2058 673 μαι)-

465 674 602 730 heus
633 673 686 725 in
714 671 1039 742 Bibliotheca
1067 671 1514 742 bibliothecarum,
1541 688 1662 742 pag.
1694 673 1815 726 159.
1850 671 2059 726 Ilaller-

466 742 690 796 vordius
736 742 788 811 in
823 739 1058 811 Specim.
1081 742 1146 793 de
1177 741 1350 811 Latin.
1382 739 1554 804 Hist,

469 811 702 875 soilicet,
736 809 991 865 Usserius
1017 810 1093 862 ait
1116 811 1227 880 ν(οε
1253 810 1562 880 Britannar.
1595 809 2059 880 EcElestrimor-

470 882 598 944 diis,
627 894 746 949 cap.
773 881 858 944 13,
880 895 1003 960 pag.
1025 879 1175 960 465‘),
1209 879 1492 960 familiaris
1524 879 1626 960 fuit
1652 879 1932 960 librorum,
1968 882 2060 960 qui

468 964 747 1018 nunquam
791 950 979 1018 scripti
1019 957 1164 1012 sunt,
1203 965 1275 1018 ex
1316 950 1483 1018 ipsius
1524 951 1697 1004 otioso
1741 951 2060 1018 deprompta

471 1014 701 1091 cerebro
729 1014 980 1091 recensio
997 1038 1018 1091 _:
1054 1039 1072 1071 ι
1120 1014 1214 1091 _qui
1237 1014 1375 1091 alibi
1423 1014 1903 1091 (Ibidemcapil,
1933 1014 2058 1089 pag.

472 1089 563 1159 ﬂ)
594 1089 870 1144 hominem
903 1089 1085 1145 multa:
1120 1087 1395 1154 lectionis,
1434 1087 1530 1144 sed
1557 1087 1949 1159 nulliusiplane
1975 1087 2064 1160 ju-

471 1159 620 1213 dicii.
658 1179 676 1210 ›
710 1158 966 1213 appellat.

509 1159 620 1221 icii,
658 1179 676 1210 ›
710 1159 966 1221 appellat.

540 1174 560 1213 ε
658 1179 676 1210 ›
870 1174 906 1211 t.
941 1198 966 1211 -.

540 1175 661 1281 ιὶὲἶη
686 1174 962 1282 ιέξὲξὲῖῑ
982 1229 1208 1283 ultimus
1230 1228 1486 1282 Claudius
1511 1227 1761 1282 Clemens
1778 1227 2061 1297 Dempste—

469 1297 683 1361 rianus,
717 1298 956 1367 ejusdem
1005 1307 1059 1356 et
1104 1300 1220 1368 ipse
1263 1314 1386 1353 cum
1434 1299 1642 1352 duobus
1691 1300 2064 1367 superioribus

472 1368 648 1423 atatis
671 1377 724 1421 et
752 1368 1007 1432 nationis,
1034 1368 1126 1423 ille
1148 1378 1231 1424 est
1253 1369 1501 1423 Clemens
1527 1368 1724 1421 Scotus
1754 1371 1806 1420 in
1833 1368 2062 1422 Francia

473 1437 725 1508 orientali
754 1438 1062 1508 htereticus,
1078 1438 1170 1508 qui
1201 1437 1476 1494 Bonifacio
1507 1439 1731 1507 martyri
1754 1437 2064 1504 Moguntina

473 1506 705 1561 antistiti
754 1515 809 1560 et
836 1506 1231 1564 Germanorum
1280 1508 1545 1575 apostolo,
1579 1506 1835 1565 molestus
1869 1517 1923 1561 et
1969 1508 2065 1561 ad-

481 1577 753 1632 versarius
782 1575 882 1631 fuit
913 1577 967 1630 in
997 1579 1341 1648 propagando
1367 1577 1642 1648 Evangelii
1671 1579 1878 1633 semine
1907 1577 2065 1649 (Vide

543 1697 574 1726 ι
600 1683 809 1739 Claudii
841 1685 1194 1757 Taurinensis
1224 1701 1345 1754 qua:
1379 1696 1595 1740 aetatem
1640 1687 1878 1740 tulerunt
1920 1686 2065 1757 frag-

472 1762 803 1826 mentatum
830 1756 975 1826 edita
1007 1765 1120 1809 tum
1150 1757 1315 1810 etiam
1345 1757 1732 1826 manuscripta,
1762 1756 2065 1826 quibusque

2161 602 2370 685 duabus
2393 604 2547 684 aliis;
2585 605 2872 658 damnatus
2901 605 3097 726 quippe
3138 621 3168 656 a
3205 603 3473 656 Zacharia
3498 602 3766 672 pontiﬁce

2163 691 2216 726 m
2242 674 2485 726 Concilio
2512 673 2756 726 Romano
2798 689 2923 726 aunt
2955 674 3014 725 7’
3064 712 3076 725 .
3114 673 3225 726 Nec
3263 673 3330 726 ad
3359 672 3526 726 hunc.
3556 672 3656 726 sed
3697 674 3765 724 ad

2163 675 2216 728 in
2242 674 2485 728 Concilio
2512 673 2756 726 Romano
2798 674 2923 733 anni
2955 672 3076 726 7-55.
3114 673 3225 727 Nec
3263 673 3330 726 ad
3359 672 3526 736 hunc,
3556 672 3656 726 sed
3697 674 3765 724 ad

1647 757 1732 812 ag.
1771 744 1826 812 8)
1859 761 1869 794 :
1918 761 1937 792 ι
1971 742 2059 796 cui
2160 744 2492 798 Clementem
2531 744 2681 796 illum
2706 743 2922 798 Alcuini
2954 743 3215 812 collegam
3247 743 3678 812 pertinentgqum
3711 743 3765 794 in

2163 813 2338 933 indiee
2368 812 2713 933 i‘tuldensium
2759 812 3016 866 abbatum
3076 810 3502 878 Christophorus
3531 810 3765 867 Browe—

2165 899 2259 933 HIS
2309 897 2390 933 em
2425 921 2437 933 .

2165 899 2259 936 rus
2291 883 2437 936 lenit.

2237 951 2306 1007 Ut
2346 949 2601 1005 ﬁniamus
2644 951 2886 1015 tandem,
2937 950 3160 1005 Claudio
3206 949 3448 1018 Hispano
3499 951 3767 1020 episcopo

2165 1021 2507 1085 Taurinensi,
2541 1035 2700 1090 quem
2731 1023 2948 1075 unicum
2979 1020 3140 1087 hujus
3184 1022 3361 1074 aetatis
3399 1021 3473 1073 ita
3503 1032 3766 1074 vocatum

2163 1092 2582 1154 existimamus,
2632 1091 2765 1144 alias
2813 1091 2977 1144 etiam
3032 1105 3195 1159 quam
3245 1091 3484 1144 nefarias
3536 1090 3605 1143 de
3649 1093 3771 1144 suis

2166 1162 2464 1216 hmresibus
2503 1160 2906 1230 lucubrationes
2935 1175 3038 1213 non
3068 1161 3427 1230 denegamus;
3465 1171 3770 1230 quantum-

2165 1233 2248 1286 vis
2303 1231 2547 1284 omiserit
2571 1229 2756 1294 Jonas,
2791 1231 2880 1298 qui
2919 1232 3176 1283 adversus
3197 1229 3324 1299 cum
3357 1230 3469 1282 fato
3490 1231 3606 1299 jam
3641 1229 3770 1280 fun—

2165 1311 2312 1355 ctum
2343 1301 2581 1368 scripsit,
2613 1299 3070 1368 quemadmodum
3112 1307 3166 1351 et
3191 1298 3502 1366 Dungalus,
3522 1299 3770 1366 aliquam

2167 1372 2236 1423 ab
2291 1385 2356 1424 eo
2401 1370 2610 1439 pridem
2661 1370 3033 1422 derivatorum
3085 1383 3310 1435 operum
3367 1369 3770 1422 catholicorum

2166 1441 2497 1495 mentionem
2534 1440 2754 1494 habere.
2799 1439 2952 1504 Quod
2981 1439 3140 1506 plane
3178 1439 3434 1502 debuere,
3467 1448 3524 1491 ut
3561 1440 3647 1490 vel
3689 1439 3770 1491 sic

2167 1520 2471 1564 castrorum
2516 1509 2641 1563 ﬁdei
2690 1512 3026 1563 desertorem
3078 1509 3479 1577 iniquissimum
3527 1508 3773 1562 validius

2164 1588 2477 1644 premerent
2507 1591 2552 1632 ι.

2163 1694 2320 1747 niose
2363 1693 2416 1746 in
2456 1707 2580 1746 eum
2625 1693 2827 1747 dictum
2867 1691 3007 1746 idem
3046 1690 3330 1745 Fabricius
3361 1692 3682 1751 existimat;
3718 1699 3774 1743 et

2170 1779 2202 1816 a
2233 1763 2506 1817 Richardo
2537 1761 2759 1816 Simone
2787 1763 2842 1815 iu
2870 1776 3098 1816 censura
3144 1761 3483 1814 Bibliotheca:
3523 1759 3775 1813 ecclesia-

477 1824 536 1901 in
560 1824 712 1901 locis
737 1825 1136 1901 _singula__olit_9
1163 1827 1488 1901 exstiterim
1522 1813 1794 1901 autinunc'
1815 1813 2065 1901 exstent,
2098 1813 2143 1870 Β
2172 1813 2858 1887 ἓιὲείίῖὖὲὶ-ὖὶηίἐιίπίἷίοῶ.
2882 1813 3092 1901 ’1,
3121 1831 3246 1895 286,
3290 1813 3344 1884 et
3373 1830 3522 1891 alibi,
3566 1845 3769 1882 novatn

476 1894 688 1964 indicat
729 1893 885 1964 Joan.
923 1895 1045 1949 Alb.
1084 1894 1371 1950 Fabricius
1421 1896 1672 1949 Biblioth.
1707 1897 1844 1950 med.
1884 1906 1931 1949 et
1963 1897 2062 1964 inf.

476 1961 805 2036 in_Ctoudio
833 1963 1073 2036 Hispano
1124 1967 1322 2036 tom.l,
1357 1981 1482 2036 pag.
1509 1967 1632 2020 388.
1683 1965 1858 2020 Fuere
1904 1961 2068 2020 etiam

476 2033 573 2104 qui
602 2032 886 2088 Claudium
929 2032 1224 2088 Arianismi
1257 2032 1658 2099 insimularent,
1693 2037 1835 2103 quod
1868 2037 2073 2089 calum-

2174 1902 2294 1957 viro
2333 1902 2533 1971 alioqui
2562 1903 2721 1956 docto
2746 1901 3006 1956 inﬂictam
3042 1902 3256 1972 plagam
3287 1901 3562 1955 detersam
3600 1910 3659 1954 et
3689 1914 3775 1952 sa-

2181 1981 2363 2026 natam
2396 1972 2563 2026 luisse
2593 1975 2686 2024 ait.

483 2129 3766 2156 mw

1234 2225 1265 2264 ³
1343 2223 2090 2335 CLAUDII
2199 2215 3021 2331 EPISGOPI

564 2437 644 2498 IN
714 2436 999 2499 LIBROS
1068 2436 1756 2498 INFORMATIONUM
1828 2433 2201 2497 LITTEIUE
2277 2431 2381 2490 ET
2460 2425 2812 2488 SPIRITUS
2880 2423 3126 2486 SUPER
3199 2423 3698 2497 LEVITICUM,

639 2604 828 2715 AD
911 2595 1965 2712 THEODEMIRUM
2051 2634 2080 2708 λ

2188 2592 2508 2705 iBAT
2527 2591 2717 2704 ΕΜ
2805 2585 3602 2702 PRAZFATIO.

1798 2843 2048 2916 inibat,
2073 2843 2187 2893 νει.
2211 2843 2453 2905 Analect.)

1949 2939 2341 2953 ———-——

554 3006 724 3078 Cogis
747 3012 804 3058 et
832 3009 1132 3071 compeltts,
1163 3000 1486 3054 charissime
1516 2998 1689 3054 [rater
1721 2998 2080 3053 Theodemire
2109 3003 2153 3065 C
2187 2998 2295 3054 Sed
2338 3006 2559 3067 reptans
2588 2997 2642 3050 in
2681 3005 2882 3050 terram
2914 2993 3367 3064 lacrymabundus
3403 3001 3454 3048 et
3482 2994 3788 3065 gemibun-

484 3099 664 3164 abba',
690 3105 852 3166 atque
876 3137 892 3162 ,
923 3102 984 3149 ut
1031 3094 1103 3146 ita
1135 3092 1334 3157 dicam,
1381 3090 1744 3150 stomachanti
1781 3091 1964 3144 animo
1996 3106 2084 3144 me

489 3189 850 3263 reprehendis
874 3188 965 3241 diu
991 3185 1225 3249 siluisse,
1261 3199 1358 3238 nec
1381 3183 1626 3246 paruisse
1643 3181 1878 3250 jussioni
1903 3191 2007 3236 tum
2029 3183 2084 3238 in

488 3282 830 3350 expositione
866 3277 1114 3332 Levitici.
1158 3274 1448 3328 Biennium
1479 3282 1564 3328 est
1601 3273 1745 3340 quod
1777 3272 1871 3326 tibi
1909 3272 2082 3326 direxi

492 3371 890 3440 expositionum
921 3374 1088 3434 atque
1119 3363 1568 3419 intomationum
1600 3363 1796 3416 litterae
1833 3369 1888 3416 et
1921 3361 2086 3430 spiri-

494 3472 582 3517 tus
621 3461 675 3515 in
697 3458 889 3513 Exodo
918 3456 1088 3510 libros
1116 3462 1370 3524 quatuor,
1395 3453 1593 3522 quibus
1617 3451 1947 3521 principium
1977 3458 2084 3512 est,

496 3551 624 3605 Post
655 3550 1035 3611 expositionem
1059 3545 1181 3598 libri
1211 3543 1491 3608 Ceneseos,
1519 3544 1663 3598 unde
1691 3551 1816 3596 ante
1835 3543 1936 3595 bos
1959 3549 2087 3596 octo

495 3657 666 3696 annos
691 3656 757 3694 ex
786 3639 946 3695 dictis
979 3643 1290 3691 sanctorum
1323 3634 1544 3688 Patrum
1573 3634 1638 3687 de
1666 3633 1847 3687 littera
1876 3639 1934 3686 et
1973 3632 2085 3699 spi-

496 3733 606 3787 ritu
650 3740 761 3785 trcs
788 3729 932 3784 edidi
963 3727 1150 3782 libros.
1183 3723 1224 3780 Ε
1256 3726 1532 3780 contrario
1565 3731 1620 3777 tu
1645 3725 1941 3792 respondes
1967 3738 2090 3776 eve-

498 3825 645 3879 nisse
670 3822 766 3876 tibi
805 3823 952 3890 quod
976 3818 1225 3890 provenit
1258 3815 1458 3880 Jacob,
1495 3816 1586 3886 qui
1615 3831 1714 3890 pro
1745 3813 1950 3870 Rachel
1977 3829 2089 3868 ser-

497 3916 646 3976 vivit,
703 3924 760 3968 et
804 3914 857 3966 in
910 3922 1068 3965 nocte
1109 3910 1263 3963 Liam
1295 3909 1507 3976 accepit
1543 3926 1556 3960 :
1587 3908 1660 3962 ita
1702 3915 1755 3961 et
1797 3917 1854 3960 tu
1907 3905 2089 3975 petisti

499 4005 893 4075 expositionem
930 4001 1052 4055 libri
1084 3998 1328 4060 Levitici,
1371 4007 1426 4051 et
1453 3997 1711 4065 accepisti
1753 3995 1942 4048 Exodi.
1980 3993 2091 4048 Nec

503 4098 556 4150 in
586 4096 691 4151 hoc
721 4093 867 4148 facto
897 4107 956 4145 re
984 4104 1114 4144 vera
1144 4104 1230 4142 me
1257 4102 1492 4157 agnosco
1517 4085 1652 4140 satis
1677 4100 1910 4138 errasse.
1950 4082 2089 4149 Quia

501 4187 644 4241 sicut
667 4183 774 4238 illis
801 4197 908 4237 non
931 4187 1049 4234 erat
1074 4163 1412 4238 consuetudo
1437 4183 1498 4230 ut
1525 4174 1767 4228 minores
1794 4173 1948 4243 prius
1975 4180 2089 4225 tra-

504 4279 763 4334 derentur
793 4275 860 4327 ad
901 4271 1115 4341 nuptias
1140 4308 1154 4333 ,
1195 4283 1360 4337 quam
1400 4264 1637 4333 majores
1669 4282 1681 4316 :
1720 4264 1794 4316 ita
1822 4278 1923 4316 nec
1958 4262 2090 4316 mihi

2184 3091 2287 3145 dus
2329 3089 2507 3144 clamo
2535 3088 2604 3141 ad
2632 3086 2800 3140 Deum
2837 3103 2850 3137 :
2897 3084 3074 3149 Quare
3103 3100 3183 3136 me
3214 3083 3476 3152 repulisti,
3511 3094 3568 3138 et
3606 3087 3784 3139 tristis

2183 3183 2388 3244 incedo,
2418 3180 2542 3232 dum
2575 3177 2754 3245 afﬂigit
2783 3175 3129 3228 meinimt'cus
3148 3175 3174 3226 ?

2255 3272 2409 3341 Quod
2439 3272 2584 3326 enim
2606 3269 2852 3339 przecipis
2877 3269 3077 3322 bonum
3098 3275 3185 3322 est
3205 3282 3363 3336 opus,
3395 3267 3490 3322 sed
3512 3283 3787 3338 magnum

2189 3379 2353 3434 super
2397 3375 2455 3417 se
2483 3361 2646 3414 habet
2681 3359 2936 3427 pondus:
2977 3365 3033 3411 et
3075 3359 3263 3413 nescio
3299 3358 3564 3427 quomodo
3610 3359 3784 3428 digne

2184 3455 2355 3525 possit
2399 3451 2620 3522 perlici,
2669 3450 2814 3520 quod
2860 3463 2968 3503 non
3013 3456 3196 3518 potest
3233 3449 3558 3518 cogitatione
3623 3463 3783 3504 com—

2187 3544 2489 3616 prehendi:
2524 3549 2579 3596 et
2632 3541 2773 3595 sicut
2817 3538 3032 3593 diﬂicile
3085 3546 3170 3593 est
3223 3552 3545 3606 quemquam
3600 3552 3780 3590 manu

2187 3650 2346 3707 posse
2385 3635 2583 3689 coelum
2605 3640 2852 3702 tangere,
2897 3630 2970 3683 ita
3015 3629 3236 3683 difﬁcile
3264 3637 3350 3683 est
3375 3629 3555 3684 omnia
3581 3644 3786 3683 saera-

2190 3734 2372 3780 menta
2402 3723 2538 3794 legis
2588 3723 2804 3784 divinze,
2850 3722 2991 3774 sicut
3037 3730 3092 3774 tu
3139 3721 3408 3790 praecipis,
3455 3720 3786 3789 explanare.

2191 3819 2299 3874 Sed
2328 3818 2470 3874 istud
2511 3817 2617 3870 illis
2643 3816 2908 3870 debueras
2933 3812 3236 3885 injungere,
3267 3814 3359 3883 qui
3401 3813 3672 3869 habentes
3698 3815 3786 3871 in-

2191 3921 2275 3967 tra
2316 3924 2374 3965 se
2405 3909 2606 3964 fontem
2646 3908 3008 3977 eloquentite,
3050 3907 3192 3960 unde
3234 3905 3496 3975 quidquid
3541 3905 3654 3960 illis
3699 3907 3788 3960 in—

2185 4001 2449 4071 iungitur,
2464 3998 2705 4052 carmine
2728 3998 2930 4066 irriguo
2951 3996 3221 4064 copiosius
3235 3995 3554 4064 explicatur.
3571 3993 3787 4050 Verum

2190 4098 2418 4146 econtra
2454 4089 2763 4158 quicunque
2811 4097 3053 4156 angustae
3097 4086 3465 4156 intelligentia:
3508 4093 3588 4140 est
3635 4087 3782 4140 sicut

2191 4196 2311 4251 ego,
2353 4194 2456 4239 nec
2495 4179 2658 4232 habet
2701 4175 3023 4230 afﬂuentiam
3064 4176 3261 4246 eloquii
3289 4217 3304 4239 ,
3354 4191 3452 4246 per
3489 4192 3657 4245 quam
3690 4177 3778 4230 vel

2195 4270 2329 4324 alios
2358 4269 2604 4332 reticere,
2628 4267 2713 4321 vel
2747 4282 2858 4321 sure
2887 4267 3149 4321 siccitatis
3164 4267 3349 4336 possit
3377 4267 3615 4336 inopiam
3650 4277 3785 4320 tem-

503 4369 680 4423 visum
711 4373 923 4420 rectum
963 4362 1095 4425 fuit,
1139 4369 1199 4414 ut
1235 4360 1389 4428 prius
1422 4364 1789 4426 exponeretur
1831 4352 2089 4408 sacriﬁcii
2115 4334 2167 4392 D
2193 4372 2421 4429 perare;
2470 4357 2604 4412 tales
2641 4373 2748 4411 non
2790 4355 2964 4410 solum
3004 4371 3102 4425 per
3136 4334 3194 4410 se
3221 4355 3429 4424 aliquid
3471 4334 3660 4411 dicere
3691 4371 3787 4425 ap-

509 4459 678 4521 ritus,
708 4470 872 4525 quam
913 4452 1307 4510 sacrificiorum
1335 4448 1572 4503 ministri
1609 4447 1692 4502 vel
1731 4446 1901 4501 locus.
1936 4445 2093 4511 Quod

507 4563 638 4604 vero
656 4546 889 4615 jussioni
927 4554 1035 4598 tum
1062 4545 1325 4598 hactenus
1347 4555 1540 4611 parere
1581 4539 1821 4608 nequivi,
1854 4553 1961 4591 non
1991 4536 2093 4590 fuit

2192 4455 2403 4516 petunt,
2450 4462 2640 4500 verum
2684 4448 2847 4500 etiam
2900 4447 2946 4499 si
2978 4446 3106 4514 quid
3147 4447 3228 4500 eis
3275 4445 3574 4513 injunctum
3616 4445 3782 4501 fuerit

2193 4535 2598 4606 pertimescunt.
2654 4532 2808 4598 Quod
2859 4533 2912 4585 in
2968 4548 3054 4586 me
3099 4545 3474 4602 recognosco,
3523 4533 3782 4600 pusillum

505 4638 722 4708 pigritia
749 4637 834 4690 vel
880 4639 1115 4706 tor-poris
1156 4632 1511 4703 negligentia,
1543 4630 1636 4684 sed
1667 4628 1979 4697 reipublica:
2017 4626 2096 4680 in-
2196 4624 2400 4680 habens
2438 4623 2807 4692 intelligentia:
2837 4621 3111 4690 eloquium
3151 4637 3164 4674 :
3205 4624 3332 4691 quia
3375 4638 3476 4677 nec
3505 4623 3784 4676 saecularis

507 4732 728 4786 testatio
752 4732 888 4793 dira,
932 4738 988 4784 et
1024 4728 1290 4783 malorum
1318 4726 1595 4780 hominum
1625 4724 1793 4777 nimia
1820 4721 2094 4791 perversi-

508 4833 612 4876 tas.
651 4822 782 4888 Quae
823 4823 940 4875 date
970 4835 1058 4874 res
1099 4834 1185 4873 me
1224 4818 1278 4870 in
1310 4825 1520 4870 tantum
1554 4815 1829 4878 cruciant,
1862 4823 1922 4868 ut
1960 4813 2094 4866 mihi

504 4915 618 4984 jam
649 4914 720 4967 sit
747 4913 963 4967 mdium
996 4911 1212 4970 vivere,
1247 4908 1664 4975 debilitatusque
1700 4905 1893 4976 pennis
1921 4905 2095 4957 virtu-

512 5011 647 5065 tum,
680 5017 784 5056 non
827 5001 978 5054 valeo
1010 5001 1064 5053 in
1092 4998 1433 5053 solitudinem
1476 4997 1683 5066 fugere,
1714 4996 1805 5049 ubi
1850 4995 2094 5063 aliquan-

513 5089 684 5145 tulum
724 5089 1097 5158 requiescam,
1135 5096 1192 5141 et
1219 5086 1394 5140 dicam
1432 5087 1540 5139 Deo
1573 5101 1586 5137 :
1625 5085 1838 5138 Dimitte
1877 5100 1991 5146 me,
2036 5091 2092 5134 ut

510 5181 759 5251 plangam
802 5175 1076 5249 paululum
1112 5175 1345 5230 dolorem
1390 5191 1581 5238 meum,
1620 5184 1668 5227 et
1695 5175 1962 5242 cognitum
2001 5172 2094 5224 tibi

513 5268 712 5334 faciam
735 5275 1001 5336 peccatum
1031 5280 1199 5317 meum
1221 5304 1237 5329 ,
1275 5272 1554 5333 antequam
1594 5263 1778 5316 vadunt
1810 5271 1857 5314 et
1881 5278 1984 5314 non
2013 5276 2093 5312 re-

514 5367 692 5410 vertar
727 5356 798 5408 ad
831 5365 1024 5408 terram
1060 5355 1382 5408 tenebrosam
1412 5362 1722 5421 etopertam
1754 5352 1934 5404 mortis
1965 5348 2094 5403 cali-

516 5448 668 5514 gine,
713 5446 801 5498 ubi
847 5455 1072 5498 latemus
1113 5444 1302 5496 horror
1342 5453 1390 5496 et
1429 5442 1606 5496 nullus
1647 5442 1776 5496 ordo
1808 5441 2090 5495 inhabitat.

594 5571 618 5597 ι
650 5559 725 5612 De
750 5557 970 5611 Claudio
998 5555 1315 5608 Taurinensi
1341 5555 1593 5622 episcopo
1610 5569 1768 5607 nemo
1790 5553 1990 5607 certius
2021 5561 2094 5622 te-

520 5629 830 5682 stimonium
862 5625 1159 5695 prodiderit
1179 5639 1338 5690 quam
1359 5621 1535 5677 Jonas
1552 5623 1955 5695 Aurelianensis
1969 5621 2094 5695 _ep_i-

521 5713 716 5766 seopus
755 5689 940 5749 tum-in
970 5689 1454 5766 praefatiOne,‘tum
1490 5693 1646 5766 initio
1679 5693 1800 5766 libri
1824 5691 1982 5766 primi
2027 5689 2092 5743 de

520 5761 682 5828 Cultu
705 5761 997 5838 imaginum
1023 5764 1279 5820 adversus
1314 5763 1508 5834 ipsum.
1545 5781 1560 5812 ι
1599 5762 1648 5818 ls
1676 5763 1855 5832 itaque
1887 5761 1951 5816 de
1986 5774 2092 5829 quo

2193 4715 2513 4770 litteratura:
2561 4713 2725 4767 didici
2772 4711 3048 4775 studium,
3105 4727 3204 4767 nec
3251 4713 3544 4782 aliquando
3580 4713 3782 4766 exinde

2199 4807 2518 4876 magistrum
2549 4803 2731 4858 habui.
2764 4802 3034 4868 Quantum
3075 4804 3219 4857 enim
3251 4803 3424 4858 doctis
3448 4817 3672 4856 necesse
3699 4813 3782 4856 est

2197 4895 2382 4964 loqui,
2418 4903 2626 4947 tantum
2655 4892 2886 4946 indoctis
2920 4892 3050 4947 utile
3075 4900 3160 4947 est
3194 4901 3372 4946 tacere
3409 4912 3420 4946 :
3455 4894 3582 4962 quia
3605 4893 3682 4946 illi
3717 4894 3782 4945 de

2197 4985 2381 5054 parvis
2406 4999 2597 5053 magna
2621 4983 2800 5037 sciunt
2825 4983 3116 5047 disserere,
3151 4997 3250 5053 ego
3277 4983 3342 5037 de
3365 4984 3576 5052 magnis
3598 4984 3781 5037 nescio

2198 5073 2376 5143 aliqua
2407 5088 2571 5141 parva
2601 5071 2872 5142 proferre;
2903 5081 2959 5126 et
2980 5073 3100 5127 ideo
3130 5089 3160 5126 a
3184 5088 3270 5127 me
3291 5072 3614 5128 formidatur
3637 5074 3778 5143 quod

2199 5165 2266 5218 ab
2295 5163 2412 5218 aliis
2439 5163 2786 5231 quazrendum
2815 5171 2916 5216 est.

2269 5251 2423 5318 Quod
2484 5266 2609 5305 vero
2662 5252 2986 5304 sententiam
3051 5250 3477 5319 uniuscujusque
3543 5250 3778 5306 doctoris

2198 5343 2254 5396 in
2292 5341 2504 5411 paginis
2533 5341 2794 5394 adnotare
2839 5341 3084 5410 praecipis
3121 5342 3177 5394 in
3206 5341 3640 5412 expositionibus
3681 5358 3775 5398 nec

2197 5433 2357 5497 stris,
2393 5431 2662 5484 neminem
2697 5430 2799 5483 hoc
2843 5428 3039 5484 fecisse
3082 5430 3208 5500 legi,
3257 5439 3484 5498 excepto
3526 5429 3774 5484 beatissi-

2201 5545 2627 5618 agitur,__in_quit_,
2653 5550 2875 5618 exortus
2889 5558 2979 5618 ex
2995 5542 3180 5618 eadem
3207 5542 3500 5618 rtispania,_
3517 5541 3567 5618 ej
3577 5544 3778 5597 usdemo

2199 5613 2307 5687 quc
2335 5615 2538 5687 Felicis
2561 5613 2900 5687 discipulatui
2932 5613 3245 5687 ab‘ineunte
3283 5621 3448 5687 male
3489 5613 3773 5687 inhaerens.

2198 5682 2297 5756 per
2325 5684 2539 5756 aliquod
2559 5693 2768 5756 tempus
2793 5683 2845 5735 in
2862 5683 3377 5756 palatio_metn0rati
3401 5682 3774 5756 gloriosissimi

2199 5752 2260 5811 ac
2282 5752 2614 5812 serenissimi
2653 5753 2867 5822 Deoque
2902 5752 3147 5808 amabilis
3195 5752 3423 5825 Augusti
3474 5753 3772 5827 (Ludovici)
