  <div class='ocr_page' id='page_1' title='image "/cluster/home/n/w/nwhite01/storage/ocr_20150623/104/uva.x000827061/316.png"; bbox 0 0 3912 6320; ppageno 0'>
   <div class='ocr_carea' id='block_1_1' title="bbox 193 354 296 408">
    <p class='ocr_par' dir='ltr' id='par_1_1' title="bbox 193 354 296 408">
     <span class='ocr_line' id='line_1_1' title="bbox 193 354 296 408; baseline 0.01 -1"><span class='ocrx_word' id='word_1_1' title='bbox 193 354 296 408; x_wconf 76' lang='grc'><strong>617</strong></span> 
     </span>
    </p>
   </div>
   <div class='ocr_carea' id='block_1_2' title="bbox 796 356 2822 424">
    <p class='ocr_par' dir='ltr' id='par_1_2' title="bbox 796 356 2822 424">
     <span class='ocr_line' id='line_1_2' title="bbox 796 356 2822 424; baseline 0 -11"><span class='ocrx_word' id='word_1_2' title='bbox 796 358 864 413; x_wconf 76' lang='lat' dir='ltr'><strong>IN</strong></span> <span class='ocrx_word' id='word_1_3' title='bbox 903 357 1665 424; x_wconf 76' lang='lat' dir='ltr'><strong>LlB..lNFORMATIONUM,</strong></span> <span class='ocrx_word' id='word_1_4' title='bbox 1700 357 1850 413; x_wconf 85' lang='lat' dir='ltr'><strong>ETC.</strong></span> <span class='ocrx_word' id='word_1_5' title='bbox 1894 356 2262 415; x_wconf 70' lang='lat' dir='ltr'><strong>PRAZFATIO</strong></span> <span class='ocrx_word' id='word_1_6' title='bbox 2302 359 2388 414; x_wconf 87' lang='lat' dir='ltr'><strong>ET</strong></span> <span class='ocrx_word' id='word_1_7' title='bbox 2425 359 2822 415; x_wconf 82' lang='lat' dir='ltr'><strong>POSTFATIO.</strong></span> 
     </span>
    </p>
   </div>
   <div class='ocr_carea' id='block_1_3' title="bbox 3333 358 3437 416">
    <p class='ocr_par' dir='ltr' id='par_1_3' title="bbox 3333 358 3437 416">
     <span class='ocr_line' id='line_1_3' title="bbox 3333 358 3437 416; baseline 0.019 -3"><span class='ocrx_word' id='word_1_8' title='bbox 3333 358 3437 416; x_wconf 83' lang='lat' dir='ltr'><strong>6l8</strong></span> 
     </span>
    </p>
   </div>
   <div class='ocr_carea' id='block_1_4' title="bbox 189 468 3440 543">
    <p class='ocr_par' dir='ltr' id='par_1_4' title="bbox 189 468 3440 543">
     <span class='ocr_line' id='line_1_4' title="bbox 189 468 3440 543; baseline 0.002 -22"><span class='ocrx_word' id='word_1_9' title='bbox 189 481 341 522; x_wconf 89' lang='lat' dir='ltr'><strong>mum</strong></span> <span class='ocrx_word' id='word_1_10' title='bbox 368 468 565 522; x_wconf 85' lang='lat' dir='ltr'><strong>Bedam</strong></span> <span class='ocrx_word' id='word_1_11' title='bbox 598 482 612 522; x_wconf 90' lang='lat'><strong>:</strong></span> <span class='ocrx_word' id='word_1_12' title='bbox 646 469 787 538; x_wconf 87' lang='lat' dir='ltr'><strong>quod</strong></span> <span class='ocrx_word' id='word_1_13' title='bbox 823 472 1040 541; x_wconf 86' lang='lat' dir='ltr'><strong>quidem</strong></span> <span class='ocrx_word' id='word_1_14' title='bbox 1083 488 1183 528; x_wconf 91' lang='lat' dir='ltr'><strong>nec</strong></span> <span class='ocrx_word' id='word_1_15' title='bbox 1218 473 1307 527; x_wconf 89' lang='lat' dir='ltr'><strong>ille</strong></span> <span class='ocrx_word' id='word_1_16' title='bbox 1347 471 1578 543; x_wconf 76' lang='lat' dir='ltr'><strong>amplius</strong></span> <span class='ocrx_word' id='word_1_17' title='bbox 1606 484 1766 540; x_wconf 88' lang='lat' dir='ltr'><strong>quam</strong></span> <span class='ocrx_word' id='word_1_18' title='bbox 1797 474 1843 530; x_wconf 86' lang='grc' dir='ltr'><strong>Λ</strong></span> <span class='ocrx_word' id='word_1_19' title='bbox 1873 483 1991 537; x_wconf 69' lang='lat' dir='ltr'><strong>quae</strong></span> <span class='ocrx_word' id='word_1_20' title='bbox 2025 468 2375 543; x_wconf 80' lang='lat' dir='ltr'><strong>excellentior</strong></span> <span class='ocrx_word' id='word_1_21' title='bbox 2412 469 2580 524; x_wconf 87' lang='lat' dir='ltr'><strong>virtus</strong></span> <span class='ocrx_word' id='word_1_22' title='bbox 2615 470 2865 524; x_wconf 89' lang='lat' dir='ltr'><strong>omnibus</strong></span> <span class='ocrx_word' id='word_1_23' title='bbox 2895 468 3183 524; x_wconf 78' lang='lat' dir='ltr'><strong>virtutibus</strong></span> <span class='ocrx_word' id='word_1_24' title='bbox 3209 478 3311 534; x_wconf 89' lang='lat' dir='ltr'><strong>est,</strong></span> <span class='ocrx_word' id='word_1_25' title='bbox 3344 487 3440 528; x_wconf 80' lang='lat' dir='ltr'><strong>nos</strong></span> 
     </span>
    </p>
   </div>
   <div class='ocr_carea' id='block_1_5' title="bbox 188 557 1764 634">
    <p class='ocr_par' dir='ltr' id='par_1_5' title="bbox 188 557 1764 634">
     <span class='ocr_line' id='line_1_5' title="bbox 188 557 1764 634; baseline 0.002 -23"><span class='ocrx_word' id='word_1_26' title='bbox 188 557 245 611; x_wconf 92' lang='lat' dir='ltr'><strong>in</strong></span> <span class='ocrx_word' id='word_1_27' title='bbox 277 557 491 613; x_wconf 89' lang='lat' dir='ltr'><strong>duobus</strong></span> <span class='ocrx_word' id='word_1_28' title='bbox 532 561 808 616; x_wconf 83' lang='lat' dir='ltr'><strong>codicibus</strong></span> <span class='ocrx_word' id='word_1_29' title='bbox 838 560 1001 627; x_wconf 88' lang='lat' dir='ltr'><strong>fecit,</strong></span> <span class='ocrx_word' id='word_1_30' title='bbox 1052 564 1105 616; x_wconf 95' lang='lat' dir='ltr'><strong>in</strong></span> <span class='ocrx_word' id='word_1_31' title='bbox 1136 562 1471 634; x_wconf 70' lang='lat' dir='ltr'><strong>expositione</strong></span> <span class='ocrx_word' id='word_1_32' title='bbox 1513 561 1764 616; x_wconf 82' lang='lat' dir='ltr'><strong>videlicet</strong></span> 
     </span>
    </p>
   </div>
   <div class='ocr_carea' id='block_1_6' title="bbox 184 649 1761 725">
    <p class='ocr_par' dir='ltr' id='par_1_6' title="bbox 184 649 1761 725">
     <span class='ocr_line' id='line_1_6' title="bbox 184 649 1761 725; baseline 0.003 -25"><span class='ocrx_word' id='word_1_33' title='bbox 184 649 642 717; x_wconf 76' lang='lat' dir='ltr'><strong>evangelistarum</strong></span> <span class='ocrx_word' id='word_1_34' title='bbox 678 650 842 707; x_wconf 78' lang='lat' dir='ltr'><strong>Marci</strong></span> <span class='ocrx_word' id='word_1_35' title='bbox 871 662 927 707; x_wconf 91' lang='lat' dir='ltr'><strong>et</strong></span> <span class='ocrx_word' id='word_1_36' title='bbox 946 652 1123 709; x_wconf 59' lang='lat' dir='ltr'><strong>Lucae.</strong></span> <span class='ocrx_word' id='word_1_37' title='bbox 1153 653 1306 720; x_wconf 85' lang='lat' dir='ltr'><strong>Quod</strong></span> <span class='ocrx_word' id='word_1_38' title='bbox 1335 668 1433 725; x_wconf 88' lang='lat' dir='ltr'><strong>ego</strong></span> <span class='ocrx_word' id='word_1_39' title='bbox 1464 652 1582 707; x_wconf 89' lang='lat' dir='ltr'><strong>ideo</strong></span> <span class='ocrx_word' id='word_1_40' title='bbox 1602 651 1761 707; x_wconf 91' lang='lat' dir='ltr'><strong>omisi</strong></span> 
     </span>
    </p>
   </div>
   <div class='ocr_carea' id='block_1_7' title="bbox 183 737 1764 815">
    <p class='ocr_par' dir='ltr' id='par_1_7' title="bbox 183 737 1764 815">
     <span class='ocr_line' id='line_1_7' title="bbox 183 737 1764 815; baseline 0.002 -22"><span class='ocrx_word' id='word_1_41' title='bbox 183 737 389 805; x_wconf 86' lang='lat' dir='ltr'><strong>facere,</strong></span> <span class='ocrx_word' id='word_1_42' title='bbox 434 742 559 811; x_wconf 83' lang='lat' dir='ltr'><strong>quia</strong></span> <span class='ocrx_word' id='word_1_43' title='bbox 588 744 887 799; x_wconf 86' lang='lat' dir='ltr'><strong>sententias</strong></span> <span class='ocrx_word' id='word_1_44' title='bbox 928 745 1282 813; x_wconf 88' lang='lat' dir='ltr'><strong>quorumdam</strong></span> <span class='ocrx_word' id='word_1_45' title='bbox 1309 760 1445 815; x_wconf 88' lang='lat' dir='ltr'><strong>quas</strong></span> <span class='ocrx_word' id='word_1_46' title='bbox 1474 743 1764 799; x_wconf 88' lang='lat' dir='ltr'><strong>adnotave-</strong></span> 
     </span>
    </p>
   </div>
   <div class='ocr_carea' id='block_1_8' title="bbox 183 832 1765 904">
    <p class='ocr_par' dir='ltr' id='par_1_8' title="bbox 183 832 1765 904">
     <span class='ocr_line' id='line_1_8' title="bbox 183 832 1765 904; baseline 0.001 -20"><span class='ocrx_word' id='word_1_47' title='bbox 183 846 324 893; x_wconf 88' lang='lat' dir='ltr'><strong>ram,</strong></span> <span class='ocrx_word' id='word_1_48' title='bbox 371 832 521 901; x_wconf 89' lang='lat' dir='ltr'><strong>prius</strong></span> <span class='ocrx_word' id='word_1_49' title='bbox 560 832 661 887; x_wconf 85' lang='lat' dir='ltr'><strong>sub</strong></span> <span class='ocrx_word' id='word_1_50' title='bbox 696 834 914 888; x_wconf 89' lang='lat' dir='ltr'><strong>nomine</strong></span> <span class='ocrx_word' id='word_1_51' title='bbox 942 833 1171 889; x_wconf 90' lang='lat' dir='ltr'><strong>aliorum</strong></span> <span class='ocrx_word' id='word_1_52' title='bbox 1203 834 1511 904; x_wconf 83' lang='lat' dir='ltr'><strong>diligentius</strong></span> <span class='ocrx_word' id='word_1_53' title='bbox 1541 832 1765 904; x_wconf 79' lang='lat' dir='ltr'><strong>perqui-</strong></span> 
     </span>
    </p>
   </div>
   <div class='ocr_carea' id='block_1_9' title="bbox 181 921 1763 994">
    <p class='ocr_par' dir='ltr' id='par_1_9' title="bbox 181 921 1763 994">
     <span class='ocr_line' id='line_1_9' title="bbox 181 921 1763 994; baseline -0.001 -19"><span class='ocrx_word' id='word_1_54' title='bbox 181 937 343 988; x_wconf 88' lang='lat' dir='ltr'><strong>rens,</strong></span> <span class='ocrx_word' id='word_1_55' title='bbox 389 922 617 977; x_wconf 89' lang='lat' dir='ltr'><strong>aliorum</strong></span> <span class='ocrx_word' id='word_1_56' title='bbox 652 938 745 977; x_wconf 90' lang='lat' dir='ltr'><strong>eas</strong></span> <span class='ocrx_word' id='word_1_57' title='bbox 791 938 911 979; x_wconf 90' lang='lat' dir='ltr'><strong>esse</strong></span> <span class='ocrx_word' id='word_1_58' title='bbox 959 924 1134 994; x_wconf 91' lang='lat' dir='ltr'><strong>reperi</strong></span> <span class='ocrx_word' id='word_1_59' title='bbox 1182 932 1389 994; x_wconf 90' lang='lat' dir='ltr'><strong>postea.</strong></span> <span class='ocrx_word' id='word_1_60' title='bbox 1419 923 1572 991; x_wconf 85' lang='lat' dir='ltr'><strong>Quod</strong></span> <span class='ocrx_word' id='word_1_61' title='bbox 1617 921 1763 975; x_wconf 90' lang='lat' dir='ltr'><strong>enim</strong></span> 
     </span>
    </p>
   </div>
   <div class='ocr_carea' id='block_1_10' title="bbox 178 1011 1762 1085">
    <p class='ocr_par' dir='ltr' id='par_1_10' title="bbox 178 1011 1762 1085">
     <span class='ocr_line' id='line_1_10' title="bbox 178 1011 1762 1085; baseline -0.003 -16"><span class='ocrx_word' id='word_1_62' title='bbox 178 1016 385 1085; x_wconf 90' lang='lat' dir='ltr'><strong>optimc</strong></span> <span class='ocrx_word' id='word_1_63' title='bbox 411 1014 572 1081; x_wconf 89' lang='lat' dir='ltr'><strong>nosti,</strong></span> <span class='ocrx_word' id='word_1_64' title='bbox 599 1015 740 1071; x_wconf 84' lang='lat' dir='ltr'><strong>sicut</strong></span> <span class='ocrx_word' id='word_1_65' title='bbox 760 1016 1068 1071; x_wconf 86' lang='lat' dir='ltr'><strong>novissimis</strong></span> <span class='ocrx_word' id='word_1_66' title='bbox 1096 1015 1288 1070; x_wconf 91' lang='lat' dir='ltr'><strong>diebus</strong></span> <span class='ocrx_word' id='word_1_67' title='bbox 1307 1014 1545 1069; x_wconf 80' lang='lat' dir='ltr'><strong>Verbum</strong></span> <span class='ocrx_word' id='word_1_68' title='bbox 1575 1011 1673 1065; x_wconf 91' lang='lat' dir='ltr'><strong>Dei</strong></span> <span class='ocrx_word' id='word_1_69' title='bbox 1695 1025 1762 1065; x_wconf 85' lang='lat' dir='ltr'><strong>ex</strong></span> 
     </span>
    </p>
   </div>
   <div class='ocr_carea' id='block_1_11' title="bbox 181 1099 1764 1175">
    <p class='ocr_par' dir='ltr' id='par_1_11' title="bbox 181 1099 1764 1175">
     <span class='ocr_line' id='line_1_11' title="bbox 181 1099 1764 1175; baseline -0.003 -15"><span class='ocrx_word' id='word_1_70' title='bbox 181 1105 351 1160; x_wconf 75' lang='lat' dir='ltr'><strong>Maria</strong></span> <span class='ocrx_word' id='word_1_71' title='bbox 380 1122 544 1161; x_wconf 87' lang='lat' dir='ltr'><strong>carne</strong></span> <span class='ocrx_word' id='word_1_72' title='bbox 563 1107 817 1161; x_wconf 90' lang='lat' dir='ltr'><strong>vestitum</strong></span> <span class='ocrx_word' id='word_1_73' title='bbox 840 1106 1105 1175; x_wconf 83' lang='lat' dir='ltr'><strong>processit</strong></span> <span class='ocrx_word' id='word_1_74' title='bbox 1132 1105 1185 1159; x_wconf 92' lang='lat' dir='ltr'><strong>in</strong></span> <span class='ocrx_word' id='word_1_75' title='bbox 1217 1102 1512 1167; x_wconf 87' lang='lat' dir='ltr'><strong>mundum;</strong></span> <span class='ocrx_word' id='word_1_76' title='bbox 1541 1109 1597 1156; x_wconf 92' lang='lat' dir='ltr'><strong>et</strong></span> <span class='ocrx_word' id='word_1_77' title='bbox 1620 1099 1764 1155; x_wconf 90' lang='lat' dir='ltr'><strong>aliud</strong></span> 
     </span>
    </p>
   </div>
   <div class='ocr_carea' id='block_1_12' title="bbox 179 1192 1765 1267">
    <p class='ocr_par' dir='ltr' id='par_1_12' title="bbox 179 1192 1765 1267">
     <span class='ocr_line' id='line_1_12' title="bbox 179 1192 1765 1267; baseline -0.003 -16"><span class='ocrx_word' id='word_1_78' title='bbox 179 1198 400 1267; x_wconf 87' lang='lat' dir='ltr'><strong>quidem</strong></span> <span class='ocrx_word' id='word_1_79' title='bbox 437 1205 555 1251; x_wconf 90' lang='lat' dir='ltr'><strong>erat</strong></span> <span class='ocrx_word' id='word_1_80' title='bbox 586 1198 728 1267; x_wconf 92' lang='lat' dir='ltr'><strong>quod</strong></span> <span class='ocrx_word' id='word_1_81' title='bbox 768 1197 1085 1252; x_wconf 82' lang='lat' dir='ltr'><strong>videbantur</strong></span> <span class='ocrx_word' id='word_1_82' title='bbox 1126 1196 1181 1250; x_wconf 93' lang='lat' dir='ltr'><strong>in</strong></span> <span class='ocrx_word' id='word_1_83' title='bbox 1210 1210 1275 1251; x_wconf 92' lang='lat' dir='ltr'><strong>eo</strong></span> <span class='ocrx_word' id='word_1_84' title='bbox 1294 1235 1308 1261; x_wconf 93' lang='lat'><strong>,</strong></span> <span class='ocrx_word' id='word_1_85' title='bbox 1337 1194 1481 1249; x_wconf 88' lang='lat' dir='ltr'><strong>aliud</strong></span> <span class='ocrx_word' id='word_1_86' title='bbox 1512 1192 1655 1263; x_wconf 88' lang='lat' dir='ltr'><strong>quod</strong></span> <span class='ocrx_word' id='word_1_87' title='bbox 1680 1192 1765 1247; x_wconf 87' lang='lat' dir='ltr'><strong>in-</strong></span> 
     </span>
    </p>
   </div>
   <div class='ocr_carea' id='block_1_13' title="bbox 178 1283 1765 1361">
    <p class='ocr_par' dir='ltr' id='par_1_13' title="bbox 178 1283 1765 1361">
     <span class='ocr_line' id='line_1_13' title="bbox 178 1283 1765 1361; baseline -0.002 -20"><span class='ocrx_word' id='word_1_88' title='bbox 178 1288 519 1359; x_wconf 87' lang='lat' dir='ltr'><strong>telligebatur</strong></span> <span class='ocrx_word' id='word_1_89' title='bbox 550 1289 750 1361; x_wconf 90' lang='lat' dir='ltr'><strong>(carnis</strong></span> <span class='ocrx_word' id='word_1_90' title='bbox 796 1304 1031 1359; x_wconf 89' lang='lat' dir='ltr'><strong>namque</strong></span> <span class='ocrx_word' id='word_1_91' title='bbox 1084 1297 1337 1359; x_wconf 91' lang='lat' dir='ltr'><strong>aspectus</strong></span> <span class='ocrx_word' id='word_1_92' title='bbox 1369 1287 1422 1341; x_wconf 90' lang='lat' dir='ltr'><strong>in</strong></span> <span class='ocrx_word' id='word_1_93' title='bbox 1451 1300 1516 1342; x_wconf 90' lang='lat' dir='ltr'><strong>eo</strong></span> <span class='ocrx_word' id='word_1_94' title='bbox 1544 1283 1765 1356; x_wconf 86' lang='lat' dir='ltr'><strong>patebat</strong></span> 
     </span>
    </p>
   </div>
   <div class='ocr_carea' id='block_1_14' title="bbox 175 1376 1759 1449">
    <p class='ocr_par' dir='ltr' id='par_1_14' title="bbox 175 1376 1759 1449">
     <span class='ocr_line' id='line_1_14' title="bbox 175 1376 1759 1449; baseline -0.001 -17"><span class='ocrx_word' id='word_1_95' title='bbox 175 1378 454 1443; x_wconf 89' lang='lat' dir='ltr'><strong>omnibus,</strong></span> <span class='ocrx_word' id='word_1_96' title='bbox 495 1380 682 1449; x_wconf 86' lang='lat' dir='ltr'><strong>paucis</strong></span> <span class='ocrx_word' id='word_1_97' title='bbox 720 1393 847 1434; x_wconf 88' lang='lat' dir='ltr'><strong>vero</strong></span> <span class='ocrx_word' id='word_1_98' title='bbox 881 1387 937 1433; x_wconf 92' lang='lat' dir='ltr'><strong>et</strong></span> <span class='ocrx_word' id='word_1_99' title='bbox 972 1378 1159 1434; x_wconf 85' lang='lat' dir='ltr'><strong>electis</strong></span> <span class='ocrx_word' id='word_1_100' title='bbox 1191 1378 1425 1432; x_wconf 83' lang='lat' dir='ltr'><strong>dabatur</strong></span> <span class='ocrx_word' id='word_1_101' title='bbox 1453 1376 1759 1432; x_wconf 81' lang='lat' dir='ltr'><strong>divinitatis</strong></span> 
     </span>
    </p>
   </div>
   <div class='ocr_carea' id='block_1_15' title="bbox 184 1455 1760 1539">
    <p class='ocr_par' dir='ltr' id='par_1_15' title="bbox 184 1455 1760 1539">
     <span class='ocr_line' id='line_1_15' title="bbox 184 1455 1760 1539; baseline -0.001 -19"><span class='ocrx_word' id='word_1_102' title='bbox 184 1468 411 1539; x_wconf 83' lang='lat' dir='ltr'><strong>agnitio)</strong></span> <span class='ocrx_word' id='word_1_103' title='bbox 460 1469 531 1521; x_wconf 91' lang='lat' dir='ltr'><strong>ita</strong></span> <span class='ocrx_word' id='word_1_104' title='bbox 564 1478 619 1522; x_wconf 92' lang='lat' dir='ltr'><strong>et</strong></span> <span class='ocrx_word' id='word_1_105' title='bbox 659 1482 781 1522; x_wconf 88' lang='lat' dir='ltr'><strong>cum</strong></span> <span class='ocrx_word' id='word_1_106' title='bbox 809 1481 907 1537; x_wconf 89' lang='lat' dir='ltr'><strong>per</strong></span> <span class='ocrx_word' id='word_1_107' title='bbox 940 1468 1232 1538; x_wconf 86' lang='lat' dir='ltr'><strong>prophetas</strong></span> <span class='ocrx_word' id='word_1_108' title='bbox 1274 1455 1361 1520; x_wconf 71' lang='lat' dir='ltr'><strong>vel</strong></span> <span class='ocrx_word' id='word_1_109' title='bbox 1402 1466 1760 1535; x_wconf 83' lang='lat' dir='ltr'><strong>legislatorem</strong></span> 
     </span>
    </p>
   </div>
   <div class='ocr_carea' id='block_1_16' title="bbox 178 1558 1763 1630">
    <p class='ocr_par' dir='ltr' id='par_1_16' title="bbox 178 1558 1763 1630">
     <span class='ocr_line' id='line_1_16' title="bbox 178 1558 1763 1630; baseline -0.002 -16"><span class='ocrx_word' id='word_1_110' title='bbox 178 1558 419 1614; x_wconf 81' lang='lat' dir='ltr'><strong>Verbum</strong></span> <span class='ocrx_word' id='word_1_111' title='bbox 446 1560 539 1615; x_wconf 90' lang='lat' dir='ltr'><strong>Dei</strong></span> <span class='ocrx_word' id='word_1_112' title='bbox 563 1558 836 1630; x_wconf 80' lang='lat' dir='ltr'><strong>profertur</strong></span> <span class='ocrx_word' id='word_1_113' title='bbox 867 1560 935 1613; x_wconf 90' lang='lat' dir='ltr'><strong>ad</strong></span> <span class='ocrx_word' id='word_1_114' title='bbox 954 1560 1219 1624; x_wconf 83' lang='lat' dir='ltr'><strong>homines,</strong></span> <span class='ocrx_word' id='word_1_115' title='bbox 1255 1575 1363 1613; x_wconf 86' lang='lat' dir='ltr'><strong>non</strong></span> <span class='ocrx_word' id='word_1_116' title='bbox 1396 1559 1596 1628; x_wconf 87' lang='lat' dir='ltr'><strong>absque</strong></span> <span class='ocrx_word' id='word_1_117' title='bbox 1617 1572 1763 1612; x_wconf 90' lang='lat' dir='ltr'><strong>com-</strong></span> 
     </span>
    </p>
   </div>
   <div class='ocr_carea' id='block_1_17' title="bbox 175 1646 1760 1721">
    <p class='ocr_par' dir='ltr' id='par_1_17' title="bbox 175 1646 1760 1721">
     <span class='ocr_line' id='line_1_17' title="bbox 175 1646 1760 1721; baseline -0.004 -16"><span class='ocrx_word' id='word_1_118' title='bbox 175 1651 486 1721; x_wconf 86' lang='lat' dir='ltr'><strong>petentibus</strong></span> <span class='ocrx_word' id='word_1_119' title='bbox 544 1649 819 1719; x_wconf 82' lang='lat' dir='ltr'><strong>profertur</strong></span> <span class='ocrx_word' id='word_1_120' title='bbox 881 1650 1230 1705; x_wconf 82' lang='lat' dir='ltr'><strong>indumentis.</strong></span> <span class='ocrx_word' id='word_1_121' title='bbox 1295 1648 1429 1703; x_wconf 87' lang='lat' dir='ltr'><strong>Nam</strong></span> <span class='ocrx_word' id='word_1_122' title='bbox 1493 1649 1632 1703; x_wconf 91' lang='lat' dir='ltr'><strong>sicut</strong></span> <span class='ocrx_word' id='word_1_123' title='bbox 1686 1646 1760 1701; x_wconf 89' lang='lat' dir='ltr'><strong>ibi</strong></span> 
     </span>
    </p>
   </div>
   <div class='ocr_carea' id='block_1_18' title="bbox 174 1740 1759 1813">
    <p class='ocr_par' dir='ltr' id='par_1_18' title="bbox 174 1740 1759 1813">
     <span class='ocr_line' id='line_1_18' title="bbox 174 1740 1759 1813; baseline -0.002 -17"><span class='ocrx_word' id='word_1_124' title='bbox 174 1743 379 1807; x_wconf 84' lang='lat' dir='ltr'><strong>carnis,</strong></span> <span class='ocrx_word' id='word_1_125' title='bbox 410 1743 482 1796; x_wconf 88' lang='lat' dir='ltr'><strong>ita</strong></span> <span class='ocrx_word' id='word_1_126' title='bbox 530 1743 621 1797; x_wconf 90' lang='lat' dir='ltr'><strong>hic</strong></span> <span class='ocrx_word' id='word_1_127' title='bbox 663 1742 857 1798; x_wconf 69' lang='lat' dir='ltr'><strong>litterae</strong></span> <span class='ocrx_word' id='word_1_128' title='bbox 900 1742 1167 1797; x_wconf 86' lang='lat' dir='ltr'><strong>velamine</strong></span> <span class='ocrx_word' id='word_1_129' title='bbox 1200 1741 1400 1813; x_wconf 82' lang='lat' dir='ltr'><strong>tegitur</strong></span> <span class='ocrx_word' id='word_1_130' title='bbox 1430 1759 1442 1795; x_wconf 93' lang='lat'><strong>:</strong></span> <span class='ocrx_word' id='word_1_131' title='bbox 1474 1752 1536 1795; x_wconf 89' lang='lat' dir='ltr'><strong>ut</strong></span> <span class='ocrx_word' id='word_1_132' title='bbox 1579 1740 1759 1794; x_wconf 90' lang='lat' dir='ltr'><strong>littera</strong></span> 
     </span>
    </p>
   </div>
   <div class='ocr_carea' id='block_1_19' title="bbox 1868 560 3439 630">
    <p class='ocr_par' dir='ltr' id='par_1_19' title="bbox 1868 560 3439 630">
     <span class='ocr_line' id='line_1_19' title="bbox 1868 560 3439 630; baseline 0.005 -19"><span class='ocrx_word' id='word_1_133' title='bbox 1868 572 2162 626; x_wconf 86' lang='lat' dir='ltr'><strong>provocare</strong></span> <span class='ocrx_word' id='word_1_134' title='bbox 2202 560 2481 628; x_wconf 81' lang='lat' dir='ltr'><strong>exemplis.</strong></span> <span class='ocrx_word' id='word_1_135' title='bbox 2517 560 2599 613; x_wconf 81' lang='lat' dir='ltr'><strong>Ad</strong></span> <span class='ocrx_word' id='word_1_136' title='bbox 2626 561 2763 615; x_wconf 89' lang='lat' dir='ltr'><strong>hanc</strong></span> <span class='ocrx_word' id='word_1_137' title='bbox 2790 567 2970 614; x_wconf 89' lang='lat' dir='ltr'><strong>autem</strong></span> <span class='ocrx_word' id='word_1_138' title='bbox 3012 575 3175 630; x_wconf 90' lang='lat' dir='ltr'><strong>quam</strong></span> <span class='ocrx_word' id='word_1_139' title='bbox 3206 562 3439 629; x_wconf 54' lang='lat' dir='ltr'><strong>praedico</strong></span> 
     </span>
    </p>
   </div>
   <div class='ocr_carea' id='block_1_20' title="bbox 1869 650 3439 721">
    <p class='ocr_par' dir='ltr' id='par_1_20' title="bbox 1869 650 3439 721">
     <span class='ocr_line' id='line_1_20' title="bbox 1869 650 3439 721; baseline 0.003 -16"><span class='ocrx_word' id='word_1_140' title='bbox 1869 650 2195 706; x_wconf 88' lang='lat' dir='ltr'><strong>cbaritatem</strong></span> <span class='ocrx_word' id='word_1_141' title='bbox 2232 650 2351 721; x_wconf 89' lang='lat' dir='ltr'><strong>plus</strong></span> <span class='ocrx_word' id='word_1_142' title='bbox 2381 664 2466 704; x_wconf 91' lang='lat' dir='ltr'><strong>me</strong></span> <span class='ocrx_word' id='word_1_143' title='bbox 2508 652 2702 707; x_wconf 83' lang='lat' dir='ltr'><strong>vestris</strong></span> <span class='ocrx_word' id='word_1_144' title='bbox 2731 652 3067 707; x_wconf 86' lang='lat' dir='ltr'><strong>orationibus</strong></span> <span class='ocrx_word' id='word_1_145' title='bbox 3104 667 3265 721; x_wconf 90' lang='lat' dir='ltr'><strong>quam</strong></span> <span class='ocrx_word' id='word_1_146' title='bbox 3302 655 3439 709; x_wconf 86' lang='lat' dir='ltr'><strong>meis</strong></span> 
     </span>
    </p>
   </div>
   <div class='ocr_carea' id='block_1_21' title="bbox 1868 742 3443 814">
    <p class='ocr_par' dir='ltr' id='par_1_21' title="bbox 1868 742 3443 814">
     <span class='ocr_line' id='line_1_21' title="bbox 1868 742 3443 814; baseline 0.003 -19"><span class='ocrx_word' id='word_1_147' title='bbox 1868 742 2073 798; x_wconf 89' lang='lat' dir='ltr'><strong>viribus</strong></span> <span class='ocrx_word' id='word_1_148' title='bbox 2116 758 2276 814; x_wconf 85' lang='lat' dir='ltr'><strong>posse</strong></span> <span class='ocrx_word' id='word_1_149' title='bbox 2311 743 2544 799; x_wconf 83' lang='lat' dir='ltr'><strong>confido.</strong></span> <span class='ocrx_word' id='word_1_150' title='bbox 2588 743 2699 808; x_wconf 89' lang='lat' dir='ltr'><strong>En,</strong></span> <span class='ocrx_word' id='word_1_151' title='bbox 2730 743 3047 799; x_wconf 88' lang='lat' dir='ltr'><strong>charissime</strong></span> <span class='ocrx_word' id='word_1_152' title='bbox 3077 743 3265 808; x_wconf 83' lang='lat' dir='ltr'><strong>frater,</strong></span> <span class='ocrx_word' id='word_1_153' title='bbox 3302 745 3443 799; x_wconf 87' lang='lat' dir='ltr'><strong>sicut</strong></span> 
     </span>
    </p>
   </div>
   <div class='ocr_carea' id='block_1_22' title="bbox 1866 832 3442 904">
    <p class='ocr_par' dir='ltr' id='par_1_22' title="bbox 1866 832 3442 904">
     <span class='ocr_line' id='line_1_22' title="bbox 1866 832 3442 904; baseline 0.002 -18"><span class='ocrx_word' id='word_1_154' title='bbox 1866 832 2038 902; x_wconf 89' lang='lat' dir='ltr'><strong>potui,</strong></span> <span class='ocrx_word' id='word_1_155' title='bbox 2069 833 2321 903; x_wconf 88' lang='lat' dir='ltr'><strong>respondi</strong></span> <span class='ocrx_word' id='word_1_156' title='bbox 2351 833 2673 902; x_wconf 89' lang='lat' dir='ltr'><strong>quibusdam</strong></span> <span class='ocrx_word' id='word_1_157' title='bbox 2698 833 3134 903; x_wconf 89' lang='lat' dir='ltr'><strong>inquisitionibus</strong></span> <span class='ocrx_word' id='word_1_158' title='bbox 3162 834 3271 890; x_wconf 88' lang='lat' dir='ltr'><strong>tuis</strong></span> <span class='ocrx_word' id='word_1_159' title='bbox 3301 852 3314 887; x_wconf 92' lang='lat'><strong>:</strong></span> <span class='ocrx_word' id='word_1_160' title='bbox 3343 849 3442 904; x_wconf 92' lang='lat' dir='ltr'><strong>pro</strong></span> 
     </span>
    </p>
   </div>
   <div class='ocr_carea' id='block_1_23' title="bbox 1868 923 3443 995">
    <p class='ocr_par' dir='ltr' id='par_1_23' title="bbox 1868 923 3443 995">
     <span class='ocr_line' id='line_1_23' title="bbox 1868 923 3443 995; baseline 0.001 -18"><span class='ocrx_word' id='word_1_161' title='bbox 1868 938 1973 995; x_wconf 80' lang='lat' dir='ltr'><strong>qua</strong></span> <span class='ocrx_word' id='word_1_162' title='bbox 2000 939 2059 979; x_wconf 90' lang='lat' dir='ltr'><strong>re</strong></span> <span class='ocrx_word' id='word_1_163' title='bbox 2086 923 2283 979; x_wconf 81' lang='lat' dir='ltr'><strong>obnixe</strong></span> <span class='ocrx_word' id='word_1_164' title='bbox 2304 925 2588 994; x_wconf 86' lang='lat' dir='ltr'><strong>deprecor,</strong></span> <span class='ocrx_word' id='word_1_165' title='bbox 2616 931 2675 977; x_wconf 92' lang='lat' dir='ltr'><strong>ut</strong></span> <span class='ocrx_word' id='word_1_166' title='bbox 2696 924 2741 978; x_wconf 93' lang='lat' dir='ltr'><strong>si</strong></span> <span class='ocrx_word' id='word_1_167' title='bbox 2762 923 2893 993; x_wconf 91' lang='lat' dir='ltr'><strong>quid</strong></span> <span class='ocrx_word' id='word_1_168' title='bbox 2917 924 2982 978; x_wconf 91' lang='lat' dir='ltr'><strong>de</strong></span> <span class='ocrx_word' id='word_1_169' title='bbox 3005 924 3089 979; x_wconf 91' lang='lat' dir='ltr'><strong>his</strong></span> <span class='ocrx_word' id='word_1_170' title='bbox 3118 925 3278 979; x_wconf 86' lang='lat' dir='ltr'><strong>rebus</strong></span> <span class='ocrx_word' id='word_1_171' title='bbox 3298 925 3443 979; x_wconf 89' lang='lat' dir='ltr'><strong>unde</strong></span> 
     </span>
    </p>
   </div>
   <div class='ocr_carea' id='block_1_24' title="bbox 1867 1013 3441 1085">
    <p class='ocr_par' dir='ltr' id='par_1_24' title="bbox 1867 1013 3441 1085">
     <span class='ocr_line' id='line_1_24' title="bbox 1867 1013 3441 1085; baseline 0.001 -18"><span class='ocrx_word' id='word_1_172' title='bbox 1867 1028 1954 1068; x_wconf 90' lang='lat' dir='ltr'><strong>me</strong></span> <span class='ocrx_word' id='word_1_173' title='bbox 1980 1014 2300 1085; x_wconf 81' lang='lat' dir='ltr'><strong>interrogas,</strong></span> <span class='ocrx_word' id='word_1_174' title='bbox 2332 1015 2377 1069; x_wconf 91' lang='lat' dir='ltr'><strong>si</strong></span> <span class='ocrx_word' id='word_1_175' title='bbox 2408 1014 2538 1085; x_wconf 90' lang='lat' dir='ltr'><strong>quid</strong></span> <span class='ocrx_word' id='word_1_176' title='bbox 2562 1014 2812 1068; x_wconf 87' lang='lat' dir='ltr'><strong>invenisti</strong></span> <span class='ocrx_word' id='word_1_177' title='bbox 2838 1013 3051 1077; x_wconf 89' lang='lat' dir='ltr'><strong>melius,</strong></span> <span class='ocrx_word' id='word_1_178' title='bbox 3073 1014 3158 1068; x_wconf 87' lang='lat' dir='ltr'><strong>vel</strong></span> <span class='ocrx_word' id='word_1_179' title='bbox 3189 1013 3441 1083; x_wconf 87' lang='lat' dir='ltr'><strong>deinceps</strong></span> 
     </span>
    </p>
   </div>
   <div class='ocr_carea' id='block_1_25' title="bbox 1869 1102 3442 1175">
    <p class='ocr_par' dir='ltr' id='par_1_25' title="bbox 1869 1102 3442 1175">
     <span class='ocr_line' id='line_1_25' title="bbox 1869 1102 3442 1175; baseline 0 -18"><span class='ocrx_word' id='word_1_180' title='bbox 1869 1103 2109 1159; x_wconf 89' lang='lat' dir='ltr'><strong>invenire</strong></span> <span class='ocrx_word' id='word_1_181' title='bbox 2153 1104 2429 1175; x_wconf 88' lang='lat' dir='ltr'><strong>potueris;</strong></span> <span class='ocrx_word' id='word_1_182' title='bbox 2469 1103 2835 1174; x_wconf 88' lang='lat' dir='ltr'><strong>gratissimum</strong></span> <span class='ocrx_word' id='word_1_183' title='bbox 2881 1102 3215 1167; x_wconf 84' lang='lat' dir='ltr'><strong>habebimus,</strong></span> <span class='ocrx_word' id='word_1_184' title='bbox 3255 1102 3300 1157; x_wconf 89' lang='lat' dir='ltr'><strong>si</strong></span> <span class='ocrx_word' id='word_1_185' title='bbox 3340 1117 3442 1157; x_wconf 88' lang='lat' dir='ltr'><strong>nos</strong></span> 
     </span>
    </p>
   </div>
   <div class='ocr_carea' id='block_1_26' title="bbox 1866 1191 3440 1264">
    <p class='ocr_par' dir='ltr' id='par_1_26' title="bbox 1866 1191 3440 1264">
     <span class='ocr_line' id='line_1_26' title="bbox 1866 1191 3440 1264; baseline 0.001 -18"><span class='ocrx_word' id='word_1_186' title='bbox 1866 1191 2061 1248; x_wconf 80' lang='lat' dir='ltr'><strong>feceris</strong></span> <span class='ocrx_word' id='word_1_187' title='bbox 2103 1207 2283 1259; x_wconf 88' lang='lat' dir='ltr'><strong>nosse,</strong></span> <span class='ocrx_word' id='word_1_188' title='bbox 2334 1193 2460 1263; x_wconf 88' lang='lat' dir='ltr'><strong>quia</strong></span> <span class='ocrx_word' id='word_1_189' title='bbox 2486 1207 2587 1264; x_wconf 90' lang='lat' dir='ltr'><strong>ego</strong></span> <span class='ocrx_word' id='word_1_190' title='bbox 2628 1193 2802 1264; x_wconf 86' lang='lat' dir='ltr'><strong>magis</strong></span> <span class='ocrx_word' id='word_1_191' title='bbox 2838 1207 2961 1247; x_wconf 89' lang='lat' dir='ltr'><strong>amo</strong></span> <span class='ocrx_word' id='word_1_192' title='bbox 2992 1193 3231 1260; x_wconf 85' lang='lat' dir='ltr'><strong>discere,</strong></span> <span class='ocrx_word' id='word_1_193' title='bbox 3277 1208 3440 1263; x_wconf 90' lang='lat' dir='ltr'><strong>quam</strong></span> 
     </span>
    </p>
   </div>
   <div class='ocr_carea' id='block_1_27' title="bbox 1866 1282 3441 1357">
    <p class='ocr_par' dir='ltr' id='par_1_27' title="bbox 1866 1282 3441 1357">
     <span class='ocr_line' id='line_1_27' title="bbox 1866 1282 3441 1357; baseline 0.003 -20"><span class='ocrx_word' id='word_1_194' title='bbox 1866 1283 2079 1338; x_wconf 89' lang='lat' dir='ltr'><strong>docere.</strong></span> <span class='ocrx_word' id='word_1_195' title='bbox 2108 1282 2246 1350; x_wconf 84' lang='lat' dir='ltr'><strong>Quia</strong></span> <span class='ocrx_word' id='word_1_196' title='bbox 2284 1282 2375 1340; x_wconf 89' lang='lat' dir='ltr'><strong>illa</strong></span> <span class='ocrx_word' id='word_1_197' title='bbox 2405 1284 2649 1340; x_wconf 86' lang='lat' dir='ltr'><strong>veritatis</strong></span> <span class='ocrx_word' id='word_1_198' title='bbox 2691 1293 2745 1339; x_wconf 91' lang='lat' dir='ltr'><strong>et</strong></span> <span class='ocrx_word' id='word_1_199' title='bbox 2777 1285 3057 1357; x_wconf 66' lang='lat' dir='ltr'><strong>sapientia:</strong></span> <span class='ocrx_word' id='word_1_200' title='bbox 3099 1285 3441 1355; x_wconf 86' lang='lat' dir='ltr'><strong>pulchritudo</strong></span> 
     </span>
    </p>
   </div>
   <div class='ocr_carea' id='block_1_28' title="bbox 1866 1372 3441 1447">
    <p class='ocr_par' dir='ltr' id='par_1_28' title="bbox 1866 1372 3441 1447">
     <span class='ocr_line' id='line_1_28' title="bbox 1866 1372 3441 1447; baseline 0.004 -20"><span class='ocrx_word' id='word_1_201' title='bbox 1866 1372 2096 1445; x_wconf 88' lang='lat' dir='ltr'><strong>(tantum</strong></span> <span class='ocrx_word' id='word_1_202' title='bbox 2128 1374 2270 1430; x_wconf 88' lang='lat' dir='ltr'><strong>adsit</strong></span> <span class='ocrx_word' id='word_1_203' title='bbox 2294 1389 2647 1445; x_wconf 85' lang='lat' dir='ltr'><strong>perseverans</strong></span> <span class='ocrx_word' id='word_1_204' title='bbox 2674 1375 2917 1430; x_wconf 87' lang='lat' dir='ltr'><strong>voluntas</strong></span> <span class='ocrx_word' id='word_1_205' title='bbox 2945 1375 3187 1442; x_wconf 87' lang='lat' dir='ltr'><strong>fruendi,</strong></span> <span class='ocrx_word' id='word_1_206' title='bbox 3218 1393 3316 1447; x_wconf 79' lang='lat' dir='ltr'><strong>pro</strong></span> <span class='ocrx_word' id='word_1_207' title='bbox 3346 1394 3441 1433; x_wconf 89' lang='lat' dir='ltr'><strong>cu-</strong></span> 
     </span>
    </p>
   </div>
   <div class='ocr_carea' id='block_1_29' title="bbox 1858 1463 3441 1538">
    <p class='ocr_par' dir='ltr' id='par_1_29' title="bbox 1858 1463 3441 1538">
     <span class='ocr_line' id='line_1_29' title="bbox 1858 1463 3441 1538; baseline 0.004 -19"><span class='ocrx_word' id='word_1_208' title='bbox 1858 1463 1948 1532; x_wconf 89' lang='lat' dir='ltr'><strong>jus</strong></span> <span class='ocrx_word' id='word_1_209' title='bbox 1976 1481 2160 1520; x_wconf 91' lang='lat' dir='ltr'><strong>amore</strong></span> <span class='ocrx_word' id='word_1_210' title='bbox 2189 1467 2295 1521; x_wconf 91' lang='lat' dir='ltr'><strong>hoc</strong></span> <span class='ocrx_word' id='word_1_211' title='bbox 2318 1467 2627 1538; x_wconf 79' lang='lat' dir='ltr'><strong>peregimus</strong></span> <span class='ocrx_word' id='word_1_212' title='bbox 2652 1468 2819 1538; x_wconf 91' lang='lat' dir='ltr'><strong>opus)</strong></span> <span class='ocrx_word' id='word_1_213' title='bbox 2851 1482 2950 1525; x_wconf 87' lang='lat' dir='ltr'><strong>nec</strong></span> <span class='ocrx_word' id='word_1_214' title='bbox 2975 1469 3321 1526; x_wconf 85' lang='lat' dir='ltr'><strong>multitudine</strong></span> <span class='ocrx_word' id='word_1_215' title='bbox 3343 1486 3441 1525; x_wconf 80' lang='lat' dir='ltr'><strong>au-</strong></span> 
     </span>
    </p>
   </div>
   <div class='ocr_carea' id='block_1_30' title="bbox 1864 1555 3440 1632">
    <p class='ocr_par' dir='ltr' id='par_1_30' title="bbox 1864 1555 3440 1632">
     <span class='ocr_line' id='line_1_30' title="bbox 1864 1555 3440 1632; baseline 0.004 -23"><span class='ocrx_word' id='word_1_216' title='bbox 1864 1555 2122 1610; x_wconf 89' lang='lat' dir='ltr'><strong>dientium</strong></span> <span class='ocrx_word' id='word_1_217' title='bbox 2148 1557 2449 1627; x_wconf 89' lang='lat' dir='ltr'><strong>constipata</strong></span> <span class='ocrx_word' id='word_1_218' title='bbox 2473 1557 2702 1612; x_wconf 89' lang='lat' dir='ltr'><strong>secludit</strong></span> <span class='ocrx_word' id='word_1_219' title='bbox 2723 1557 3019 1623; x_wconf 87' lang='lat' dir='ltr'><strong>venientes,</strong></span> <span class='ocrx_word' id='word_1_220' title='bbox 3045 1574 3143 1615; x_wconf 89' lang='lat' dir='ltr'><strong>nec</strong></span> <span class='ocrx_word' id='word_1_221' title='bbox 3164 1562 3440 1632; x_wconf 77' lang='lat' dir='ltr'><strong>peragitur</strong></span> 
     </span>
    </p>
   </div>
   <div class='ocr_carea' id='block_1_31' title="bbox 1865 1646 3437 1718">
    <p class='ocr_par' dir='ltr' id='par_1_31' title="bbox 1865 1646 3437 1718">
     <span class='ocr_line' id='line_1_31' title="bbox 1865 1646 3437 1718; baseline 0.003 -20"><span class='ocrx_word' id='word_1_222' title='bbox 1865 1652 2122 1715; x_wconf 89' lang='lat' dir='ltr'><strong>tempore,</strong></span> <span class='ocrx_word' id='word_1_223' title='bbox 2156 1660 2256 1700; x_wconf 89' lang='lat' dir='ltr'><strong>nec</strong></span> <span class='ocrx_word' id='word_1_224' title='bbox 2282 1646 2481 1715; x_wconf 85' lang='lat' dir='ltr'><strong>migrat</strong></span> <span class='ocrx_word' id='word_1_225' title='bbox 2521 1646 2683 1713; x_wconf 92' lang='lat' dir='ltr'><strong>locis,</strong></span> <span class='ocrx_word' id='word_1_226' title='bbox 2726 1661 2833 1701; x_wconf 85' lang='lat' dir='ltr'><strong>nec</strong></span> <span class='ocrx_word' id='word_1_227' title='bbox 2866 1657 3023 1703; x_wconf 91' lang='lat' dir='ltr'><strong>nocte</strong></span> <span class='ocrx_word' id='word_1_228' title='bbox 3073 1649 3437 1718; x_wconf 88' lang='lat' dir='ltr'><strong>intercipitur,</strong></span> 
     </span>
    </p>
   </div>
   <div class='ocr_carea' id='block_1_32' title="bbox 1863 1737 3443 1811">
    <p class='ocr_par' dir='ltr' id='par_1_32' title="bbox 1863 1737 3443 1811">
     <span class='ocr_line' id='line_1_32' title="bbox 1863 1737 3443 1811; baseline 0.005 -21"><span class='ocrx_word' id='word_1_229' title='bbox 1863 1751 1964 1791; x_wconf 91' lang='lat' dir='ltr'><strong>nec</strong></span> <span class='ocrx_word' id='word_1_230' title='bbox 1990 1738 2181 1792; x_wconf 88' lang='lat' dir='ltr'><strong>umbra</strong></span> <span class='ocrx_word' id='word_1_231' title='bbox 2210 1737 2619 1803; x_wconf 86' lang='lat' dir='ltr'><strong>intercluditur,</strong></span> <span class='ocrx_word' id='word_1_232' title='bbox 2644 1752 2744 1794; x_wconf 88' lang='lat' dir='ltr'><strong>nec</strong></span> <span class='ocrx_word' id='word_1_233' title='bbox 2771 1740 3018 1795; x_wconf 90' lang='lat' dir='ltr'><strong>sensibus</strong></span> <span class='ocrx_word' id='word_1_234' title='bbox 3044 1742 3288 1809; x_wconf 88' lang='lat' dir='ltr'><strong>corporis</strong></span> <span class='ocrx_word' id='word_1_235' title='bbox 3315 1743 3443 1811; x_wconf 27' lang='lat' dir='ltr'><strong>sub,-</strong></span> 
     </span>
    </p>
   </div>
   <div class='ocr_carea' id='block_1_33' title="bbox 173 1825 3444 1904">
    <p class='ocr_par' dir='ltr' id='par_1_33' title="bbox 173 1825 3444 1904">
     <span class='ocr_line' id='line_1_33' title="bbox 173 1825 3444 1904; baseline -0.001 -15"><span class='ocrx_word' id='word_1_236' title='bbox 173 1834 396 1903; x_wconf 84' lang='lat' dir='ltr'><strong>quidem</strong></span> <span class='ocrx_word' id='word_1_237' title='bbox 438 1834 701 1904; x_wconf 86' lang='lat' dir='ltr'><strong>aspicitur</strong></span> <span class='ocrx_word' id='word_1_238' title='bbox 746 1840 1003 1902; x_wconf 86' lang='lat' dir='ltr'><strong>tanquam</strong></span> <span class='ocrx_word' id='word_1_239' title='bbox 1046 1848 1198 1898; x_wconf 87' lang='lat' dir='ltr'><strong>caro,</strong></span> <span class='ocrx_word' id='word_1_240' title='bbox 1238 1832 1413 1887; x_wconf 92' lang='lat' dir='ltr'><strong>latens</strong></span> <span class='ocrx_word' id='word_1_241' title='bbox 1446 1845 1576 1885; x_wconf 88' lang='lat' dir='ltr'><strong>vero</strong></span> <span class='ocrx_word' id='word_1_242' title='bbox 1605 1829 1763 1900; x_wconf 87' lang='lat' dir='ltr'><strong>spiri-</strong></span> <span class='ocrx_word' id='word_1_243' title='bbox 1789 1837 1836 1895; x_wconf 85' lang='grc' dir='ltr'><strong>Β</strong></span> <span class='ocrx_word' id='word_1_244' title='bbox 1858 1825 2022 1896; x_wconf 79' lang='lat' dir='ltr'><strong>jacet.</strong></span> <span class='ocrx_word' id='word_1_245' title='bbox 2070 1827 2146 1882; x_wconf 90' lang='lat' dir='ltr'><strong>De</strong></span> <span class='ocrx_word' id='word_1_246' title='bbox 2176 1834 2288 1882; x_wconf 87' lang='lat' dir='ltr'><strong>toto</strong></span> <span class='ocrx_word' id='word_1_247' title='bbox 2314 1828 2514 1882; x_wconf 91' lang='lat' dir='ltr'><strong>mundo</strong></span> <span class='ocrx_word' id='word_1_248' title='bbox 2554 1828 2621 1882; x_wconf 87' lang='lat' dir='ltr'><strong>ad</strong></span> <span class='ocrx_word' id='word_1_249' title='bbox 2653 1840 2711 1882; x_wconf 86' lang='lat' dir='ltr'><strong>se</strong></span> <span class='ocrx_word' id='word_1_250' title='bbox 2740 1828 3047 1895; x_wconf 82' lang='lat' dir='ltr'><strong>conversis,</strong></span> <span class='ocrx_word' id='word_1_251' title='bbox 3093 1829 3186 1898; x_wconf 85' lang='lat' dir='ltr'><strong>qui</strong></span> <span class='ocrx_word' id='word_1_252' title='bbox 3213 1828 3444 1900; x_wconf 87' lang='lat' dir='ltr'><strong>diligunt</strong></span> 
     </span>
    </p>
   </div>
   <div class='ocr_carea' id='block_1_34' title="bbox 175 1918 1757 1989">
    <p class='ocr_par' dir='ltr' id='par_1_34' title="bbox 175 1918 1757 1989">
     <span class='ocr_line' id='line_1_34' title="bbox 175 1918 1757 1989; baseline -0.003 -14"><span class='ocrx_word' id='word_1_253' title='bbox 175 1921 299 1976; x_wconf 83' lang='lat' dir='ltr'><strong>talis</strong></span> <span class='ocrx_word' id='word_1_254' title='bbox 328 1922 652 1976; x_wconf 84' lang='lat' dir='ltr'><strong>intrinsecus</strong></span> <span class='ocrx_word' id='word_1_255' title='bbox 695 1935 887 1975; x_wconf 89' lang='lat' dir='ltr'><strong>sensus</strong></span> <span class='ocrx_word' id='word_1_256' title='bbox 928 1929 1185 1989; x_wconf 86' lang='lat' dir='ltr'><strong>tanquam</strong></span> <span class='ocrx_word' id='word_1_257' title='bbox 1214 1919 1469 1973; x_wconf 89' lang='lat' dir='ltr'><strong>divinitas</strong></span> <span class='ocrx_word' id='word_1_258' title='bbox 1509 1918 1757 1972; x_wconf 89' lang='lat' dir='ltr'><strong>sentitur.</strong></span> 
     </span>
    </p>
   </div>
   <div class='ocr_carea' id='block_1_35' title="bbox 172 2007 1758 2083">
    <p class='ocr_par' dir='ltr' id='par_1_35' title="bbox 172 2007 1758 2083">
     <span class='ocr_line' id='line_1_35' title="bbox 172 2007 1758 2083; baseline -0.002 -18"><span class='ocrx_word' id='word_1_259' title='bbox 172 2011 306 2067; x_wconf 86' lang='lat' dir='ltr'><strong>Tale</strong></span> <span class='ocrx_word' id='word_1_260' title='bbox 335 2018 464 2083; x_wconf 84' lang='lat' dir='ltr'><strong>ergo</strong></span> <span class='ocrx_word' id='word_1_261' title='bbox 491 2020 577 2067; x_wconf 89' lang='lat' dir='ltr'><strong>est</strong></span> <span class='ocrx_word' id='word_1_262' title='bbox 612 2009 754 2081; x_wconf 91' lang='lat' dir='ltr'><strong>quod</strong></span> <span class='ocrx_word' id='word_1_263' title='bbox 784 2019 839 2066; x_wconf 89' lang='lat' dir='ltr'><strong>et</strong></span> <span class='ocrx_word' id='word_1_264' title='bbox 866 2026 1011 2066; x_wconf 92' lang='lat' dir='ltr'><strong>nunc</strong></span> <span class='ocrx_word' id='word_1_265' title='bbox 1033 2010 1335 2065; x_wconf 89' lang='lat' dir='ltr'><strong>invenimus</strong></span> <span class='ocrx_word' id='word_1_266' title='bbox 1366 2009 1563 2064; x_wconf 90' lang='lat' dir='ltr'><strong>librum</strong></span> <span class='ocrx_word' id='word_1_267' title='bbox 1601 2007 1758 2064; x_wconf 88' lang='lat' dir='ltr'><strong>Levi-</strong></span> 
     </span>
    </p>
   </div>
   <div class='ocr_carea' id='block_1_36' title="bbox 172 2097 1757 2173">
    <p class='ocr_par' dir='ltr' id='par_1_36' title="bbox 172 2097 1757 2173">
     <span class='ocr_line' id='line_1_36' title="bbox 172 2097 1757 2173; baseline -0.003 -17"><span class='ocrx_word' id='word_1_268' title='bbox 172 2104 267 2158; x_wconf 90' lang='lat' dir='ltr'><strong>tici</strong></span> <span class='ocrx_word' id='word_1_269' title='bbox 309 2103 718 2173; x_wconf 84' lang='lat' dir='ltr'><strong>perquirentes,</strong></span> <span class='ocrx_word' id='word_1_270' title='bbox 748 2101 804 2155; x_wconf 90' lang='lat' dir='ltr'><strong>in</strong></span> <span class='ocrx_word' id='word_1_271' title='bbox 830 2116 937 2171; x_wconf 91' lang='lat' dir='ltr'><strong>quo</strong></span> <span class='ocrx_word' id='word_1_272' title='bbox 974 2098 1370 2155; x_wconf 78' lang='lat' dir='ltr'><strong>sacrificiorum</strong></span> <span class='ocrx_word' id='word_1_273' title='bbox 1411 2098 1550 2152; x_wconf 89' lang='lat' dir='ltr'><strong>ritus</strong></span> <span class='ocrx_word' id='word_1_274' title='bbox 1578 2104 1633 2152; x_wconf 92' lang='lat' dir='ltr'><strong>ct</strong></span> <span class='ocrx_word' id='word_1_275' title='bbox 1659 2097 1757 2152; x_wconf 86' lang='lat' dir='ltr'><strong>bo-</strong></span> 
     </span>
    </p>
   </div>
   <div class='ocr_carea' id='block_1_37' title="bbox 170 2190 1760 2255">
    <p class='ocr_par' dir='ltr' id='par_1_37' title="bbox 170 2190 1760 2255">
     <span class='ocr_line' id='line_1_37' title="bbox 170 2190 1760 2255; baseline -0.004 -6"><span class='ocrx_word' id='word_1_276' title='bbox 170 2196 405 2249; x_wconf 82' lang='lat' dir='ltr'><strong>stiarum</strong></span> <span class='ocrx_word' id='word_1_277' title='bbox 434 2194 720 2249; x_wconf 82' lang='lat' dir='ltr'><strong>diversitas</strong></span> <span class='ocrx_word' id='word_1_278' title='bbox 754 2208 818 2247; x_wconf 89' lang='lat' dir='ltr'><strong>ac</strong></span> <span class='ocrx_word' id='word_1_279' title='bbox 854 2192 1197 2255; x_wconf 88' lang='lat' dir='ltr'><strong>sacerdotum</strong></span> <span class='ocrx_word' id='word_1_280' title='bbox 1225 2190 1526 2247; x_wconf 89' lang='lat' dir='ltr'><strong>ministeria</strong></span> <span class='ocrx_word' id='word_1_281' title='bbox 1559 2190 1760 2246; x_wconf 87' lang='lat' dir='ltr'><strong>descri-</strong></span> 
     </span>
    </p>
   </div>
   <div class='ocr_carea' id='block_1_38' title="bbox 171 2278 1758 2351">
    <p class='ocr_par' dir='ltr' id='par_1_38' title="bbox 171 2278 1758 2351">
     <span class='ocr_line' id='line_1_38' title="bbox 171 2278 1758 2351; baseline -0.003 -12"><span class='ocrx_word' id='word_1_282' title='bbox 171 2286 416 2350; x_wconf 89' lang='lat' dir='ltr'><strong>buntur;</strong></span> <span class='ocrx_word' id='word_1_283' title='bbox 451 2286 543 2339; x_wconf 86' lang='lat' dir='ltr'><strong>sed</strong></span> <span class='ocrx_word' id='word_1_284' title='bbox 572 2278 687 2339; x_wconf 57' lang='lat' dir='ltr'><strong>hac</strong></span> <span class='ocrx_word' id='word_1_285' title='bbox 724 2284 1019 2339; x_wconf 89' lang='lat' dir='ltr'><strong>secundum</strong></span> <span class='ocrx_word' id='word_1_286' title='bbox 1048 2282 1285 2337; x_wconf 82' lang='lat' dir='ltr'><strong>litteram</strong></span> <span class='ocrx_word' id='word_1_287' title='bbox 1304 2322 1317 2345; x_wconf 96' lang='lat'><strong>,</strong></span> <span class='ocrx_word' id='word_1_288' title='bbox 1353 2296 1474 2351; x_wconf 61' lang='lat' dir='ltr'><strong>qua:</strong></span> <span class='ocrx_word' id='word_1_289' title='bbox 1502 2288 1758 2349; x_wconf 89' lang='lat' dir='ltr'><strong>tanquam</strong></span> 
     </span>
    </p>
   </div>
   <div class='ocr_carea' id='block_1_39' title="bbox 170 2372 1756 2442">
    <p class='ocr_par' dir='ltr' id='par_1_39' title="bbox 170 2372 1756 2442">
     <span class='ocr_line' id='line_1_39' title="bbox 170 2372 1756 2442; baseline -0.004 -10"><span class='ocrx_word' id='word_1_290' title='bbox 170 2392 304 2432; x_wconf 82' lang='lat' dir='ltr'><strong>caro</strong></span> <span class='ocrx_word' id='word_1_291' title='bbox 352 2377 514 2432; x_wconf 80' lang='lat' dir='ltr'><strong>Verbi</strong></span> <span class='ocrx_word' id='word_1_292' title='bbox 548 2377 641 2431; x_wconf 90' lang='lat' dir='ltr'><strong>Dei</strong></span> <span class='ocrx_word' id='word_1_293' title='bbox 668 2384 753 2430; x_wconf 91' lang='lat' dir='ltr'><strong>est</strong></span> <span class='ocrx_word' id='word_1_294' title='bbox 785 2383 839 2431; x_wconf 92' lang='lat' dir='ltr'><strong>et</strong></span> <span class='ocrx_word' id='word_1_295' title='bbox 866 2375 1239 2430; x_wconf 88' lang='lat' dir='ltr'><strong>indumentum</strong></span> <span class='ocrx_word' id='word_1_296' title='bbox 1281 2372 1580 2427; x_wconf 86' lang='lat' dir='ltr'><strong>divinitatis</strong></span> <span class='ocrx_word' id='word_1_297' title='bbox 1618 2372 1756 2442; x_wconf 83' lang='lat' dir='ltr'><strong>ejus,</strong></span> 
     </span>
    </p>
   </div>
   <div class='ocr_carea' id='block_1_40' title="bbox 170 2466 1753 2542">
    <p class='ocr_par' dir='ltr' id='par_1_40' title="bbox 170 2466 1753 2542">
     <span class='ocr_line' id='line_1_40' title="bbox 170 2466 1753 2542; baseline -0.005 -15"><span class='ocrx_word' id='word_1_298' title='bbox 170 2472 321 2542; x_wconf 87' lang='lat' dir='ltr'><strong>digni</strong></span> <span class='ocrx_word' id='word_1_299' title='bbox 368 2470 617 2525; x_wconf 82' lang='lat' dir='ltr'><strong>fortassis</strong></span> <span class='ocrx_word' id='word_1_300' title='bbox 660 2468 747 2524; x_wconf 91' lang='lat' dir='ltr'><strong>vel</strong></span> <span class='ocrx_word' id='word_1_301' title='bbox 783 2468 1067 2539; x_wconf 88' lang='lat' dir='ltr'><strong>aspiciant,</strong></span> <span class='ocrx_word' id='word_1_302' title='bbox 1109 2466 1195 2522; x_wconf 90' lang='lat' dir='ltr'><strong>vel</strong></span> <span class='ocrx_word' id='word_1_303' title='bbox 1240 2466 1464 2521; x_wconf 87' lang='lat' dir='ltr'><strong>audiant</strong></span> <span class='ocrx_word' id='word_1_304' title='bbox 1505 2466 1707 2536; x_wconf 89' lang='lat' dir='ltr'><strong>indigni</strong></span> <span class='ocrx_word' id='word_1_305' title='bbox 1743 2485 1753 2519; x_wconf 90' lang='lat'><strong>:</strong></span> 
     </span>
    </p>
   </div>
   <div class='ocr_carea' id='block_1_41' title="bbox 170 2555 1756 2631">
    <p class='ocr_par' dir='ltr' id='par_1_41' title="bbox 170 2555 1756 2631">
     <span class='ocr_line' id='line_1_41' title="bbox 170 2555 1756 2631; baseline -0.005 -14"><span class='ocrx_word' id='word_1_306' title='bbox 170 2562 266 2617; x_wconf 89' lang='lat' dir='ltr'><strong>sed</strong></span> <span class='ocrx_word' id='word_1_307' title='bbox 288 2562 431 2616; x_wconf 89' lang='lat' dir='ltr'><strong>beati</strong></span> <span class='ocrx_word' id='word_1_308' title='bbox 464 2569 586 2615; x_wconf 89' lang='lat' dir='ltr'><strong>sunt</strong></span> <span class='ocrx_word' id='word_1_309' title='bbox 614 2559 689 2613; x_wconf 91' lang='lat' dir='ltr'><strong>illi</strong></span> <span class='ocrx_word' id='word_1_310' title='bbox 716 2557 858 2613; x_wconf 91' lang='lat' dir='ltr'><strong>oculi</strong></span> <span class='ocrx_word' id='word_1_311' title='bbox 879 2556 970 2625; x_wconf 91' lang='lat' dir='ltr'><strong>qui</strong></span> <span class='ocrx_word' id='word_1_312' title='bbox 992 2556 1235 2631; x_wconf 87' lang='lat' dir='ltr'><strong>velamen</strong></span> <span class='ocrx_word' id='word_1_313' title='bbox 1259 2555 1454 2609; x_wconf 63' lang='lat' dir='ltr'><strong>littera:</strong></span> <span class='ocrx_word' id='word_1_314' title='bbox 1479 2555 1756 2609; x_wconf 90' lang='lat' dir='ltr'><strong>obtectum</strong></span> 
     </span>
    </p>
   </div>
   <div class='ocr_carea' id='block_1_42' title="bbox 170 2647 1756 2718">
    <p class='ocr_par' dir='ltr' id='par_1_42' title="bbox 170 2647 1756 2718">
     <span class='ocr_line' id='line_1_42' title="bbox 170 2647 1756 2718; baseline -0.004 -11"><span class='ocrx_word' id='word_1_315' title='bbox 170 2653 499 2707; x_wconf 88' lang='lat' dir='ltr'><strong>intrinsecus</strong></span> <span class='ocrx_word' id='word_1_316' title='bbox 543 2650 783 2706; x_wconf 87' lang='lat' dir='ltr'><strong>divinum</strong></span> <span class='ocrx_word' id='word_1_317' title='bbox 810 2648 1061 2718; x_wconf 86' lang='lat' dir='ltr'><strong>spiritum</strong></span> <span class='ocrx_word' id='word_1_318' title='bbox 1100 2648 1306 2712; x_wconf 90' lang='lat' dir='ltr'><strong>vident,</strong></span> <span class='ocrx_word' id='word_1_319' title='bbox 1336 2655 1391 2701; x_wconf 90' lang='lat' dir='ltr'><strong>et</strong></span> <span class='ocrx_word' id='word_1_320' title='bbox 1439 2647 1579 2702; x_wconf 85' lang='lat' dir='ltr'><strong>beati</strong></span> <span class='ocrx_word' id='word_1_321' title='bbox 1628 2654 1756 2701; x_wconf 91' lang='lat' dir='ltr'><strong>sunt</strong></span> 
     </span>
    </p>
   </div>
   <div class='ocr_carea' id='block_1_43' title="bbox 169 2738 1754 2814">
    <p class='ocr_par' dir='ltr' id='par_1_43' title="bbox 169 2738 1754 2814">
     <span class='ocr_line' id='line_1_43' title="bbox 169 2738 1754 2814; baseline -0.003 -17"><span class='ocrx_word' id='word_1_322' title='bbox 169 2744 263 2814; x_wconf 88' lang='lat' dir='ltr'><strong>qui</strong></span> <span class='ocrx_word' id='word_1_323' title='bbox 298 2742 364 2796; x_wconf 90' lang='lat' dir='ltr'><strong>ad</strong></span> <span class='ocrx_word' id='word_1_324' title='bbox 396 2744 511 2797; x_wconf 77' lang='lat' dir='ltr'><strong>haec</strong></span> <span class='ocrx_word' id='word_1_325' title='bbox 540 2740 805 2796; x_wconf 85' lang='lat' dir='ltr'><strong>audienda</strong></span> <span class='ocrx_word' id='word_1_326' title='bbox 835 2738 1067 2794; x_wconf 90' lang='lat' dir='ltr'><strong>mundas</strong></span> <span class='ocrx_word' id='word_1_327' title='bbox 1096 2754 1257 2795; x_wconf 89' lang='lat' dir='ltr'><strong>aures</strong></span> <span class='ocrx_word' id='word_1_328' title='bbox 1280 2739 1553 2795; x_wconf 90' lang='lat' dir='ltr'><strong>interioris</strong></span> <span class='ocrx_word' id='word_1_329' title='bbox 1578 2740 1754 2794; x_wconf 88' lang='lat' dir='ltr'><strong>homi-</strong></span> 
     </span>
    </p>
   </div>
   <div class='ocr_carea' id='block_1_44' title="bbox 168 2832 1357 2887">
    <p class='ocr_par' dir='ltr' id='par_1_44' title="bbox 168 2832 1357 2887">
     <span class='ocr_line' id='line_1_44' title="bbox 168 2832 1357 2887; baseline -0.003 0"><span class='ocrx_word' id='word_1_330' title='bbox 168 2834 255 2887; x_wconf 87' lang='lat' dir='ltr'><strong>nis</strong></span> <span class='ocrx_word' id='word_1_331' title='bbox 281 2832 551 2887; x_wconf 85' lang='lat' dir='ltr'><strong>deferunt.</strong></span> <span class='ocrx_word' id='word_1_332' title='bbox 1354 2842 1357 2843; x_wconf 70' lang='lat'><strong><em>&#39;</em></strong></span> 
     </span>
    </p>
   </div>
   <div class='ocr_carea' id='block_1_45' title="bbox 236 2922 1758 2995">
    <p class='ocr_par' dir='ltr' id='par_1_45' title="bbox 236 2922 1758 2995">
     <span class='ocr_line' id='line_1_45' title="bbox 236 2922 1758 2995; baseline 0.001 -18"><span class='ocrx_word' id='word_1_333' title='bbox 236 2924 601 2995; x_wconf 75' lang='lat' dir='ltr'><strong>Aggrediinur</strong></span> <span class='ocrx_word' id='word_1_334' title='bbox 628 2922 795 2993; x_wconf 86' lang='lat' dir='ltr'><strong>igitur</strong></span> <span class='ocrx_word' id='word_1_335' title='bbox 830 2923 935 2978; x_wconf 90' lang='lat' dir='ltr'><strong>hoc</strong></span> <span class='ocrx_word' id='word_1_336' title='bbox 960 2936 1095 2992; x_wconf 91' lang='lat' dir='ltr'><strong>opus</strong></span> <span class='ocrx_word' id='word_1_337' title='bbox 1135 2929 1409 2977; x_wconf 85' lang='lat' dir='ltr'><strong>annuente</strong></span> <span class='ocrx_word' id='word_1_338' title='bbox 1442 2922 1644 2991; x_wconf 87' lang='lat' dir='ltr'><strong>pietate</strong></span> <span class='ocrx_word' id='word_1_339' title='bbox 1682 2924 1758 2978; x_wconf 88' lang='lat' dir='ltr'><strong>di-</strong></span> 
     </span>
    </p>
   </div>
   <div class='ocr_carea' id='block_1_46' title="bbox 169 3010 1759 3083">
    <p class='ocr_par' dir='ltr' id='par_1_46' title="bbox 169 3010 1759 3083">
     <span class='ocr_line' id='line_1_46' title="bbox 169 3010 1759 3083; baseline 0.003 -18"><span class='ocrx_word' id='word_1_340' title='bbox 169 3014 293 3067; x_wconf 87' lang='lat' dir='ltr'><strong>vina</strong></span> <span class='ocrx_word' id='word_1_341' title='bbox 333 3012 768 3083; x_wconf 70' lang='lat' dir='ltr'><strong>Quadragesima:</strong></span> <span class='ocrx_word' id='word_1_342' title='bbox 797 3020 1059 3080; x_wconf 86' lang='lat' dir='ltr'><strong>tempore,</strong></span> <span class='ocrx_word' id='word_1_343' title='bbox 1098 3010 1201 3065; x_wconf 92' lang='lat' dir='ltr'><strong>sub</strong></span> <span class='ocrx_word' id='word_1_344' title='bbox 1239 3011 1326 3066; x_wconf 92' lang='lat' dir='ltr'><strong>die</strong></span> <span class='ocrx_word' id='word_1_345' title='bbox 1359 3012 1590 3081; x_wconf 88' lang='lat' dir='ltr'><strong>septimo</strong></span> <span class='ocrx_word' id='word_1_346' title='bbox 1633 3011 1759 3070; x_wconf 86' lang='lat' dir='ltr'><strong>ldus</strong></span> 
     </span>
    </p>
   </div>
   <div class='ocr_carea' id='block_1_47' title="bbox 170 3100 1756 3166">
    <p class='ocr_par' dir='ltr' id='par_1_47' title="bbox 170 3100 1756 3166">
     <span class='ocr_line' id='line_1_47' title="bbox 170 3100 1756 3166; baseline 0.001 -10"><span class='ocrx_word' id='word_1_347' title='bbox 170 3102 371 3166; x_wconf 82' lang='lat' dir='ltr'><strong>Martii,</strong></span> <span class='ocrx_word' id='word_1_348' title='bbox 402 3117 543 3156; x_wconf 92' lang='lat' dir='ltr'><strong>anno</strong></span> <span class='ocrx_word' id='word_1_349' title='bbox 567 3101 958 3158; x_wconf 87' lang='lat' dir='ltr'><strong>lncarnationis</strong></span> <span class='ocrx_word' id='word_1_350' title='bbox 980 3100 1085 3157; x_wconf 76' lang='lat'><strong>825</strong></span> <span class='ocrx_word' id='word_1_351' title='bbox 1111 3100 1411 3158; x_wconf 89' lang='lat' dir='ltr'><strong>Salvatoris</strong></span> <span class='ocrx_word' id='word_1_352' title='bbox 1430 3101 1559 3159; x_wconf 82' lang='lat' dir='ltr'><strong>Jesu</strong></span> <span class='ocrx_word' id='word_1_353' title='bbox 1599 3100 1756 3159; x_wconf 89' lang='lat' dir='ltr'><strong>Chri-</strong></span> 
     </span>
    </p>
   </div>
   <div class='ocr_carea' id='block_1_48' title="bbox 167 3189 704 3245">
    <p class='ocr_par' dir='ltr' id='par_1_48' title="bbox 167 3189 704 3245">
     <span class='ocr_line' id='line_1_48' title="bbox 167 3189 704 3245; baseline -0.002 -1"><span class='ocrx_word' id='word_1_354' title='bbox 167 3189 237 3245; x_wconf 85' lang='lat' dir='ltr'><strong>sti</strong></span> <span class='ocrx_word' id='word_1_355' title='bbox 268 3190 483 3245; x_wconf 85' lang='lat' dir='ltr'><strong>Domini</strong></span> <span class='ocrx_word' id='word_1_356' title='bbox 513 3190 704 3245; x_wconf 84' lang='lat' dir='ltr'><strong>nostri.</strong></span> 
     </span>
    </p>
   </div>
   <div class='ocr_carea' id='block_1_49' title="bbox 169 3298 1748 3372">
    <p class='ocr_par' dir='ltr' id='par_1_49' title="bbox 169 3298 1748 3372">
     <span class='ocr_line' id='line_1_49' title="bbox 169 3298 1748 3372; baseline -0.001 -17"><span class='ocrx_word' id='word_1_357' title='bbox 169 3300 402 3372; x_wconf 74' lang='lat' dir='ltr'><strong>Explicit</strong></span> <span class='ocrx_word' id='word_1_358' title='bbox 448 3300 689 3372; x_wconf 65' lang='lat' dir='ltr'><strong>praefatio</strong></span> <span class='ocrx_word' id='word_1_359' title='bbox 733 3298 945 3372; x_wconf 67' lang='lat' dir='ltr'><strong>Claudii</strong></span> <span class='ocrx_word' id='word_1_360' title='bbox 991 3299 1632 3372; x_wconf 10' lang='lat' dir='ltr'><strong>Taurinemisgeptscopi,</strong></span> <span class='ocrx_word' id='word_1_361' title='bbox 1673 3308 1748 3365; x_wconf 83' lang='lat' dir='ltr'><strong>et,</strong></span> 
     </span>
    </p>
   </div>
   <div class='ocr_carea' id='block_1_50' title="bbox 236 3368 1752 3440">
    <p class='ocr_par' dir='ltr' id='par_1_50' title="bbox 236 3368 1752 3440">
     <span class='ocr_line' id='line_1_50' title="bbox 236 3368 1752 3440; baseline 0 -16"><span class='ocrx_word' id='word_1_362' title='bbox 236 3368 523 3440; x_wconf 68' lang='lat' dir='ltr'><strong>praemissis</strong></span> <span class='ocrx_word' id='word_1_363' title='bbox 553 3368 798 3440; x_wconf 73' lang='lat' dir='ltr'><strong>Capitulis</strong></span> <span class='ocrx_word' id='word_1_364' title='bbox 830 3368 947 3421; x_wconf 83' lang='lat' dir='ltr'><strong>libri</strong></span> <span class='ocrx_word' id='word_1_365' title='bbox 972 3369 1163 3440; x_wconf 82' lang='lat' dir='ltr'><strong>primi,</strong></span> <span class='ocrx_word' id='word_1_366' title='bbox 1195 3369 1375 3439; x_wconf 80' lang='lat' dir='ltr'><strong>incipit</strong></span> <span class='ocrx_word' id='word_1_367' title='bbox 1399 3368 1530 3422; x_wconf 86' lang='lat' dir='ltr'><strong>liber</strong></span> <span class='ocrx_word' id='word_1_368' title='bbox 1548 3368 1752 3439; x_wconf 75' lang='lat' dir='ltr'><strong>primus</strong></span> 
     </span>
    </p>
   </div>
   <div class='ocr_carea' id='block_1_51' title="bbox 241 3439 1261 3510">
    <p class='ocr_par' dir='ltr' id='par_1_51' title="bbox 241 3439 1261 3510">
     <span class='ocr_line' id='line_1_51' title="bbox 241 3439 1261 3510; baseline -0.004 -15"><span class='ocrx_word' id='word_1_369' title='bbox 241 3440 691 3510; x_wconf 77' lang='lat' dir='ltr'><strong>Informationum</strong></span> <span class='ocrx_word' id='word_1_370' title='bbox 730 3439 917 3492; x_wconf 75' lang='lat' dir='ltr'><strong>littera:</strong></span> <span class='ocrx_word' id='word_1_371' title='bbox 947 3447 995 3492; x_wconf 88' lang='lat' dir='ltr'><strong>et</strong></span> <span class='ocrx_word' id='word_1_372' title='bbox 1024 3439 1261 3508; x_wconf 72' lang='lat' dir='ltr'><strong>spiritus.</strong></span> 
     </span>
    </p>
   </div>
   <div class='ocr_carea' id='block_1_52' title="bbox 235 3548 1751 3620">
    <p class='ocr_par' dir='ltr' id='par_1_52' title="bbox 235 3548 1751 3620">
     <span class='ocr_line' id='line_1_52' title="bbox 235 3548 1751 3620; baseline -0.001 -15"><span class='ocrx_word' id='word_1_373' title='bbox 235 3550 512 3607; x_wconf 84' lang='lat' dir='ltr'><strong>Leviticus</strong></span> <span class='ocrx_word' id='word_1_374' title='bbox 535 3548 674 3603; x_wconf 89' lang='lat' dir='ltr'><strong>liber</strong></span> <span class='ocrx_word' id='word_1_375' title='bbox 709 3548 1009 3620; x_wconf 87' lang='lat' dir='ltr'><strong>appellatus</strong></span> <span class='ocrx_word' id='word_1_376' title='bbox 1038 3555 1141 3614; x_wconf 90' lang='lat' dir='ltr'><strong>est,</strong></span> <span class='ocrx_word' id='word_1_377' title='bbox 1171 3562 1238 3603; x_wconf 91' lang='lat' dir='ltr'><strong>eo</strong></span> <span class='ocrx_word' id='word_1_378' title='bbox 1265 3548 1407 3618; x_wconf 89' lang='lat' dir='ltr'><strong>quod</strong></span> <span class='ocrx_word' id='word_1_379' title='bbox 1438 3548 1751 3604; x_wconf 87' lang='lat' dir='ltr'><strong>Levitarum</strong></span> 
     </span>
    </p>
   </div>
   <div class='ocr_carea' id='block_1_53' title="bbox 168 3639 1747 3710">
    <p class='ocr_par' dir='ltr' id='par_1_53' title="bbox 168 3639 1747 3710">
     <span class='ocr_line' id='line_1_53' title="bbox 168 3639 1747 3710; baseline -0.002 -13"><span class='ocrx_word' id='word_1_380' title='bbox 168 3640 473 3696; x_wconf 86' lang='lat' dir='ltr'><strong>ministeria</strong></span> <span class='ocrx_word' id='word_1_381' title='bbox 492 3647 546 3694; x_wconf 92' lang='lat' dir='ltr'><strong>et</strong></span> <span class='ocrx_word' id='word_1_382' title='bbox 564 3640 907 3694; x_wconf 86' lang='lat' dir='ltr'><strong>diversitates</strong></span> <span class='ocrx_word' id='word_1_383' title='bbox 921 3639 1263 3699; x_wconf 80' lang='lat' dir='ltr'><strong>victimarum</strong></span> <span class='ocrx_word' id='word_1_384' title='bbox 1282 3641 1615 3710; x_wconf 72' lang='lat' dir='ltr'><strong>exsequitur,</strong></span> <span class='ocrx_word' id='word_1_385' title='bbox 1640 3649 1747 3697; x_wconf 78' lang='lat' dir='ltr'><strong>etc.</strong></span> 
     </span>
    </p>
   </div>
   <div class='ocr_carea' id='block_1_54' title="bbox 703 3728 1222 3800">
    <p class='ocr_par' dir='ltr' id='par_1_54' title="bbox 703 3728 1222 3800">
     <span class='ocr_line' id='line_1_54' title="bbox 703 3728 1222 3800; baseline 0.002 -17"><span class='ocrx_word' id='word_1_386' title='bbox 703 3728 771 3783; x_wconf 86' lang='lat' dir='ltr'><strong>Et</strong></span> <span class='ocrx_word' id='word_1_387' title='bbox 799 3730 857 3783; x_wconf 79' lang='lat' dir='ltr'><strong>in</strong></span> <span class='ocrx_word' id='word_1_388' title='bbox 889 3728 995 3798; x_wconf 78' lang='lat' dir='ltr'><strong>ﬁne</strong></span> <span class='ocrx_word' id='word_1_389' title='bbox 1028 3730 1222 3800; x_wconf 77' lang='lat' dir='ltr'><strong>operis.</strong></span> 
     </span>
    </p>
   </div>
   <div class='ocr_carea' id='block_1_55' title="bbox 170 3820 1751 3893">
    <p class='ocr_par' dir='ltr' id='par_1_55' title="bbox 170 3820 1751 3893">
     <span class='ocr_line' id='line_1_55' title="bbox 170 3820 1751 3893; baseline -0.001 -14"><span class='ocrx_word' id='word_1_390' title='bbox 170 3823 295 3879; x_wconf 74' lang='lat' dir='ltr'><strong>Haec</strong></span> <span class='ocrx_word' id='word_1_391' title='bbox 330 3822 456 3893; x_wconf 89' lang='lat' dir='ltr'><strong>quia</strong></span> <span class='ocrx_word' id='word_1_392' title='bbox 476 3820 687 3889; x_wconf 86' lang='lat' dir='ltr'><strong>jussisti</strong></span> <span class='ocrx_word' id='word_1_393' title='bbox 713 3821 975 3886; x_wconf 89' lang='lat' dir='ltr'><strong>scribere,</strong></span> <span class='ocrx_word' id='word_1_394' title='bbox 1028 3836 1135 3876; x_wconf 90' lang='lat' dir='ltr'><strong>non</strong></span> <span class='ocrx_word' id='word_1_395' title='bbox 1176 3836 1274 3890; x_wconf 85' lang='lat' dir='ltr'><strong>pro</strong></span> <span class='ocrx_word' id='word_1_396' title='bbox 1314 3822 1617 3878; x_wconf 90' lang='lat' dir='ltr'><strong>eruditione</strong></span> <span class='ocrx_word' id='word_1_397' title='bbox 1652 3837 1751 3877; x_wconf 83' lang='lat' dir='ltr'><strong>no-</strong></span> 
     </span>
    </p>
   </div>
   <div class='ocr_carea' id='block_1_56' title="bbox 167 3912 1749 3982">
    <p class='ocr_par' dir='ltr' id='par_1_56' title="bbox 167 3912 1749 3982">
     <span class='ocr_line' id='line_1_56' title="bbox 167 3912 1749 3982; baseline -0.001 -13"><span class='ocrx_word' id='word_1_398' title='bbox 167 3924 303 3979; x_wconf 87' lang='lat' dir='ltr'><strong>stra,</strong></span> <span class='ocrx_word' id='word_1_399' title='bbox 335 3914 428 3969; x_wconf 88' lang='lat' dir='ltr'><strong>sed</strong></span> <span class='ocrx_word' id='word_1_400' title='bbox 455 3928 552 3981; x_wconf 87' lang='lat' dir='ltr'><strong>pro</strong></span> <span class='ocrx_word' id='word_1_401' title='bbox 578 3920 758 3967; x_wconf 89' lang='lat' dir='ltr'><strong>vestra</strong></span> <span class='ocrx_word' id='word_1_402' title='bbox 782 3913 1091 3982; x_wconf 88' lang='lat' dir='ltr'><strong>dignatione</strong></span> <span class='ocrx_word' id='word_1_403' title='bbox 1126 3913 1462 3981; x_wconf 86' lang='lat' dir='ltr'><strong>praesumpsi.</strong></span> <span class='ocrx_word' id='word_1_404' title='bbox 1497 3912 1749 3968; x_wconf 81' lang='lat' dir='ltr'><strong>Vestrum</strong></span> 
     </span>
    </p>
   </div>
   <div class='ocr_carea' id='block_1_57' title="bbox 167 4000 1749 4072">
    <p class='ocr_par' dir='ltr' id='par_1_57' title="bbox 167 4000 1749 4072">
     <span class='ocr_line' id='line_1_57' title="bbox 167 4000 1749 4072; baseline -0.001 -14"><span class='ocrx_word' id='word_1_405' title='bbox 167 4020 298 4060; x_wconf 91' lang='lat' dir='ltr'><strong>vero</strong></span> <span class='ocrx_word' id='word_1_406' title='bbox 326 4012 412 4058; x_wconf 89' lang='lat' dir='ltr'><strong>est</strong></span> <span class='ocrx_word' id='word_1_407' title='bbox 435 4003 733 4072; x_wconf 84' lang='lat' dir='ltr'><strong>dijudicare</strong></span> <span class='ocrx_word' id='word_1_408' title='bbox 767 4001 948 4056; x_wconf 87' lang='lat' dir='ltr'><strong>verius</strong></span> <span class='ocrx_word' id='word_1_409' title='bbox 968 4041 983 4060; x_wconf 89' lang='lat'><strong>.</strong></span> <span class='ocrx_word' id='word_1_410' title='bbox 1012 4009 1069 4056; x_wconf 91' lang='lat' dir='ltr'><strong>et</strong></span> <span class='ocrx_word' id='word_1_411' title='bbox 1095 4002 1163 4056; x_wconf 90' lang='lat' dir='ltr'><strong>ad</strong></span> <span class='ocrx_word' id='word_1_412' title='bbox 1190 4015 1375 4056; x_wconf 87' lang='lat' dir='ltr'><strong>veram</strong></span> <span class='ocrx_word' id='word_1_413' title='bbox 1403 4000 1749 4069; x_wconf 87' lang='lat' dir='ltr'><strong>charitatem,</strong></span> 
     </span>
    </p>
   </div>
   <div class='ocr_carea' id='block_1_58' title="bbox 169 4173 1752 4247">
    <p class='ocr_par' dir='ltr' id='par_1_58' title="bbox 169 4173 1752 4247">
     <span class='ocr_line' id='line_1_58' title="bbox 169 4173 1752 4247; baseline -0.001 -15"><span class='ocrx_word' id='word_1_414' title='bbox 169 4178 221 4232; x_wconf 93' lang='lat' dir='ltr'><strong>in</strong></span> <span class='ocrx_word' id='word_1_415' title='bbox 251 4176 440 4247; x_wconf 77' lang='lat' dir='ltr'><strong>officio</strong></span> <span class='ocrx_word' id='word_1_416' title='bbox 488 4176 895 4247; x_wconf 79' lang='lat' dir='ltr'><strong>presbyteratus</strong></span> <span class='ocrx_word' id='word_1_417' title='bbox 946 4174 1218 4247; x_wconf 84' lang='lat' dir='ltr'><strong>militavit.</strong></span> <span class='ocrx_word' id='word_1_418' title='bbox 1272 4174 1379 4247; x_wconf 72' lang='lat' dir='ltr'><strong>Sed</strong></span> <span class='ocrx_word' id='word_1_419' title='bbox 1423 4182 1482 4228; x_wconf 92' lang='lat' dir='ltr'><strong>ut</strong></span> <span class='ocrx_word' id='word_1_420' title='bbox 1521 4173 1752 4247; x_wconf 79' lang='lat' dir='ltr'><strong>aliorum</strong></span> 
     </span>
    </p>
   </div>
   <div class='ocr_carea' id='block_1_59' title="bbox 167 4243 1750 4315">
    <p class='ocr_par' dir='ltr' id='par_1_59' title="bbox 167 4243 1750 4315">
     <span class='ocr_line' id='line_1_59' title="bbox 167 4243 1750 4315; baseline -0.001 -13"><span class='ocrx_word' id='word_1_421' title='bbox 167 4243 389 4303; x_wconf 79' lang='lat' dir='ltr'><strong>utilitati</strong></span> <span class='ocrx_word' id='word_1_422' title='bbox 426 4243 673 4301; x_wconf 80' lang='lat' dir='ltr'><strong>doctrina</strong></span> <span class='ocrx_word' id='word_1_423' title='bbox 705 4243 1101 4315; x_wconf 64' lang='lat' dir='ltr'><strong>praedicationis</strong></span> <span class='ocrx_word' id='word_1_424' title='bbox 1128 4244 1462 4314; x_wconf 87' lang='lat' dir='ltr'><strong>evangelica,</strong></span> <span class='ocrx_word' id='word_1_425' title='bbox 1506 4258 1625 4315; x_wconf 71' lang='lat' dir='ltr'><strong>qua:</strong></span> <span class='ocrx_word' id='word_1_426' title='bbox 1674 4245 1750 4300; x_wconf 92' lang='lat' dir='ltr'><strong>illi</strong></span> 
     </span>
    </p>
   </div>
   <div class='ocr_carea' id='block_1_60' title="bbox 166 4314 1752 4383">
    <p class='ocr_par' dir='ltr' id='par_1_60' title="bbox 166 4314 1752 4383">
     <span class='ocr_line' id='line_1_60' title="bbox 166 4314 1752 4383; baseline -0.001 -11"><span class='ocrx_word' id='word_1_427' title='bbox 166 4317 459 4372; x_wconf 85' lang='lat' dir='ltr'><strong>admodum</strong></span> <span class='ocrx_word' id='word_1_428' title='bbox 492 4316 669 4369; x_wconf 87' lang='lat' dir='ltr'><strong>inesse</strong></span> <span class='ocrx_word' id='word_1_429' title='bbox 714 4314 1020 4379; x_wconf 88' lang='lat' dir='ltr'><strong>videbatur,</strong></span> <span class='ocrx_word' id='word_1_430' title='bbox 1056 4315 1384 4377; x_wconf 88' lang='lat' dir='ltr'><strong>consuleret,</strong></span> <span class='ocrx_word' id='word_1_431' title='bbox 1416 4315 1585 4383; x_wconf 85' lang='lat' dir='ltr'><strong>ipsius</strong></span> <span class='ocrx_word' id='word_1_432' title='bbox 1621 4315 1752 4383; x_wconf 91' lang='lat' dir='ltr'><strong>piis-</strong></span> 
     </span>
    </p>
   </div>
   <div class='ocr_carea' id='block_1_61' title="bbox 167 4382 1751 4457">
    <p class='ocr_par' dir='ltr' id='par_1_61' title="bbox 167 4382 1751 4457">
     <span class='ocr_line' id='line_1_61' title="bbox 167 4382 1751 4457; baseline -0.002 -15"><span class='ocrx_word' id='word_1_433' title='bbox 167 4388 289 4442; x_wconf 91' lang='lat' dir='ltr'><strong>simi</strong></span> <span class='ocrx_word' id='word_1_434' title='bbox 319 4386 609 4457; x_wconf 68' lang='lat' dir='ltr'><strong>principis</strong></span> <span class='ocrx_word' id='word_1_435' title='bbox 628 4384 911 4457; x_wconf 72' lang='lat' dir='ltr'><strong>clementia</strong></span> <span class='ocrx_word' id='word_1_436' title='bbox 938 4382 1517 4457; x_wconf 69' lang='lat' dir='ltr'><strong>prmsul_Taurinens_is</strong></span> <span class='ocrx_word' id='word_1_437' title='bbox 1566 4382 1751 4440; x_wconf 88' lang='lat' dir='ltr'><strong>subro-</strong></span> 
     </span>
    </p>
   </div>
   <div class='ocr_carea' id='block_1_62' title="bbox 166 4451 1747 4535">
    <p class='ocr_par' dir='ltr' id='par_1_62' title="bbox 166 4451 1747 4535">
     <span class='ocr_line' id='line_1_62' title="bbox 166 4451 1747 4535; baseline -0.001 -24"><span class='ocrx_word' id='word_1_438' title='bbox 166 4451 336 4528; x_wconf 60' lang='lat' dir='ltr'><strong>gatus&#39;</strong></span> <span class='ocrx_word' id='word_1_439' title='bbox 365 4464 449 4535; x_wconf 75' lang='lat' dir='ltr'><strong>est</strong></span> <span class='ocrx_word' id='word_1_440' title='bbox 486 4451 817 4534; x_wconf 49' lang='lat' dir='ltr'><strong>Ecclesiae.)</strong></span> <span class='ocrx_word' id='word_1_441' title='bbox 851 4451 986 4535; x_wconf 64' lang='lat' dir='ltr'><strong>itinc</strong></span> <span class='ocrx_word' id='word_1_442' title='bbox 1022 4451 1336 4535; x_wconf 71' lang='lat' dir='ltr'><strong>confutatur</strong></span> <span class='ocrx_word' id='word_1_443' title='bbox 1360 4452 1637 4535; x_wconf 49' lang='lat' dir='ltr'><strong>Lvulgatus</strong></span> <span class='ocrx_word' id='word_1_444' title='bbox 1681 4468 1747 4535; x_wconf 68' lang='lat' dir='ltr'><strong>ac</strong></span> 
     </span>
    </p>
   </div>
   <div class='ocr_carea' id='block_1_63' title="bbox 1863 1918 3439 1991">
    <p class='ocr_par' dir='ltr' id='par_1_63' title="bbox 1863 1918 3439 1991">
     <span class='ocr_line' id='line_1_63' title="bbox 1863 1918 3439 1991; baseline 0.001 -17"><span class='ocrx_word' id='word_1_445' title='bbox 1863 1934 2003 1982; x_wconf 87' lang='lat' dir='ltr'><strong>eam,</strong></span> <span class='ocrx_word' id='word_1_446' title='bbox 2046 1918 2295 1974; x_wconf 90' lang='lat' dir='ltr'><strong>omnibus</strong></span> <span class='ocrx_word' id='word_1_447' title='bbox 2335 1918 2580 1989; x_wconf 84' lang='lat' dir='ltr'><strong>proxima</strong></span> <span class='ocrx_word' id='word_1_448' title='bbox 2621 1927 2723 1985; x_wconf 87' lang='lat' dir='ltr'><strong>est,</strong></span> <span class='ocrx_word' id='word_1_449' title='bbox 2764 1919 3014 1974; x_wconf 86' lang='lat' dir='ltr'><strong>omnibus</strong></span> <span class='ocrx_word' id='word_1_450' title='bbox 3063 1921 3439 1991; x_wconf 88' lang='lat' dir='ltr'><strong>sempiterna:</strong></span> 
     </span>
    </p>
   </div>
   <div class='ocr_carea' id='block_1_64' title="bbox 1862 2009 3441 2084">
    <p class='ocr_par' dir='ltr' id='par_1_64' title="bbox 1862 2009 3441 2084">
     <span class='ocr_line' id='line_1_64' title="bbox 1862 2009 3441 2084; baseline 0.002 -18"><span class='ocrx_word' id='word_1_451' title='bbox 1862 2010 2009 2066; x_wconf 84' lang='lat' dir='ltr'><strong>nullo</strong></span> <span class='ocrx_word' id='word_1_452' title='bbox 2044 2011 2162 2067; x_wconf 91' lang='lat' dir='ltr'><strong>loco</strong></span> <span class='ocrx_word' id='word_1_453' title='bbox 2191 2018 2293 2084; x_wconf 73' lang='lat' dir='ltr'><strong>est,</strong></span> <span class='ocrx_word' id='word_1_454' title='bbox 2328 2025 2595 2081; x_wconf 90' lang='lat' dir='ltr'><strong>nusquam</strong></span> <span class='ocrx_word' id='word_1_455' title='bbox 2621 2011 2793 2074; x_wconf 89' lang='lat' dir='ltr'><strong>deest,</strong></span> <span class='ocrx_word' id='word_1_456' title='bbox 2828 2009 2961 2065; x_wconf 90' lang='lat' dir='ltr'><strong>foris</strong></span> <span class='ocrx_word' id='word_1_457' title='bbox 2984 2012 3268 2079; x_wconf 89' lang='lat' dir='ltr'><strong>admonet,</strong></span> <span class='ocrx_word' id='word_1_458' title='bbox 3296 2013 3441 2069; x_wconf 90' lang='lat' dir='ltr'><strong>intus</strong></span> 
     </span>
    </p>
   </div>
   <div class='ocr_carea' id='block_1_65' title="bbox 1861 2103 3440 2171">
    <p class='ocr_par' dir='ltr' id='par_1_65' title="bbox 1861 2103 3440 2171">
     <span class='ocr_line' id='line_1_65' title="bbox 1861 2103 3440 2171; baseline 0.002 -13"><span class='ocrx_word' id='word_1_459' title='bbox 1861 2103 2053 2169; x_wconf 88' lang='lat' dir='ltr'><strong>docet;</strong></span> <span class='ocrx_word' id='word_1_460' title='bbox 2093 2110 2377 2158; x_wconf 89' lang='lat' dir='ltr'><strong>cernentes</strong></span> <span class='ocrx_word' id='word_1_461' title='bbox 2415 2117 2475 2157; x_wconf 92' lang='lat' dir='ltr'><strong>se</strong></span> <span class='ocrx_word' id='word_1_462' title='bbox 2504 2109 2800 2157; x_wconf 87' lang='lat' dir='ltr'><strong>commutat</strong></span> <span class='ocrx_word' id='word_1_463' title='bbox 2824 2116 3013 2158; x_wconf 90' lang='lat' dir='ltr'><strong>omnes</strong></span> <span class='ocrx_word' id='word_1_464' title='bbox 3052 2104 3105 2158; x_wconf 92' lang='lat' dir='ltr'><strong>in</strong></span> <span class='ocrx_word' id='word_1_465' title='bbox 3140 2104 3366 2171; x_wconf 78' lang='lat' dir='ltr'><strong>melius,</strong></span> <span class='ocrx_word' id='word_1_466' title='bbox 3407 2121 3440 2161; x_wconf 86' lang='lat' dir='ltr'><strong>a</strong></span> 
     </span>
    </p>
   </div>
   <div class='ocr_carea' id='block_1_66' title="bbox 1860 2193 3437 2265">
    <p class='ocr_par' dir='ltr' id='par_1_66' title="bbox 1860 2193 3437 2265">
     <span class='ocr_line' id='line_1_66' title="bbox 1860 2193 3437 2265; baseline 0.003 -17"><span class='ocrx_word' id='word_1_467' title='bbox 1860 2194 2007 2248; x_wconf 92' lang='lat' dir='ltr'><strong>nullo</strong></span> <span class='ocrx_word' id='word_1_468' title='bbox 2036 2194 2092 2247; x_wconf 93' lang='lat' dir='ltr'><strong>in</strong></span> <span class='ocrx_word' id='word_1_469' title='bbox 2116 2193 2352 2248; x_wconf 88' lang='lat' dir='ltr'><strong>deterius</strong></span> <span class='ocrx_word' id='word_1_470' title='bbox 2376 2200 2776 2258; x_wconf 90' lang='lat' dir='ltr'><strong>commutatur;</strong></span> <span class='ocrx_word' id='word_1_471' title='bbox 2807 2193 2984 2248; x_wconf 89' lang='lat' dir='ltr'><strong>nullus</strong></span> <span class='ocrx_word' id='word_1_472' title='bbox 3007 2194 3071 2249; x_wconf 91' lang='lat' dir='ltr'><strong>de</strong></span> <span class='ocrx_word' id='word_1_473' title='bbox 3097 2195 3186 2249; x_wconf 91' lang='lat' dir='ltr'><strong>illa</strong></span> <span class='ocrx_word' id='word_1_474' title='bbox 3209 2195 3437 2265; x_wconf 89' lang='lat' dir='ltr'><strong>judicat,</strong></span> 
     </span>
    </p>
   </div>
   <div class='ocr_carea' id='block_1_67' title="bbox 1860 2284 3438 2355">
    <p class='ocr_par' dir='ltr' id='par_1_67' title="bbox 1860 2284 3438 2355">
     <span class='ocr_line' id='line_1_67' title="bbox 1860 2284 3438 2355; baseline 0.002 -16"><span class='ocrx_word' id='word_1_475' title='bbox 1860 2284 2037 2340; x_wconf 91' lang='lat' dir='ltr'><strong>nullus</strong></span> <span class='ocrx_word' id='word_1_476' title='bbox 2060 2286 2177 2340; x_wconf 91' lang='lat' dir='ltr'><strong>sine</strong></span> <span class='ocrx_word' id='word_1_477' title='bbox 2204 2284 2294 2339; x_wconf 90' lang='lat' dir='ltr'><strong>illa</strong></span> <span class='ocrx_word' id='word_1_478' title='bbox 2320 2286 2456 2340; x_wconf 90' lang='lat' dir='ltr'><strong>bene</strong></span> <span class='ocrx_word' id='word_1_479' title='bbox 2478 2284 2708 2355; x_wconf 85' lang='lat' dir='ltr'><strong>judicat.</strong></span> <span class='ocrx_word' id='word_1_480' title='bbox 2742 2284 2855 2340; x_wconf 85' lang='lat' dir='ltr'><strong>Hac</strong></span> <span class='ocrx_word' id='word_1_481' title='bbox 2877 2285 2984 2341; x_wconf 79' lang='lat' dir='ltr'><strong>fide</strong></span> <span class='ocrx_word' id='word_1_482' title='bbox 3017 2300 3233 2341; x_wconf 90' lang='lat' dir='ltr'><strong>omnem</strong></span> <span class='ocrx_word' id='word_1_483' title='bbox 3258 2296 3438 2342; x_wconf 79' lang='lat' dir='ltr'><strong>muta—</strong></span> 
     </span>
    </p>
   </div>
   <div class='ocr_carea' id='block_1_68' title="bbox 1860 2372 3443 2446">
    <p class='ocr_par' dir='ltr' id='par_1_68' title="bbox 1860 2372 3443 2446">
     <span class='ocr_line' id='line_1_68' title="bbox 1860 2372 3443 2446; baseline 0.003 -18"><span class='ocrx_word' id='word_1_484' title='bbox 1860 2374 2123 2431; x_wconf 88' lang='lat' dir='ltr'><strong>bilitatem</strong></span> <span class='ocrx_word' id='word_1_485' title='bbox 2164 2375 2234 2430; x_wconf 91' lang='lat' dir='ltr'><strong>ab</strong></span> <span class='ocrx_word' id='word_1_486' title='bbox 2268 2374 2573 2430; x_wconf 68' lang='lat' dir='ltr'><strong>mternitate</strong></span> <span class='ocrx_word' id='word_1_487' title='bbox 2614 2372 2839 2446; x_wconf 88' lang='lat' dir='ltr'><strong>sejungo</strong></span> <span class='ocrx_word' id='word_1_488' title='bbox 2889 2382 2944 2431; x_wconf 84' lang='lat' dir='ltr'><strong>et</strong></span> <span class='ocrx_word' id='word_1_489' title='bbox 2981 2375 3099 2445; x_wconf 89' lang='lat' dir='ltr'><strong>ipsa</strong></span> <span class='ocrx_word' id='word_1_490' title='bbox 3138 2378 3443 2434; x_wconf 69' lang='lat' dir='ltr'><strong>aeternitate</strong></span> 
     </span>
    </p>
   </div>
   <div class='ocr_carea' id='block_1_69' title="bbox 1862 2466 3445 2539">
    <p class='ocr_par' dir='ltr' id='par_1_69' title="bbox 1862 2466 3445 2539">
     <span class='ocr_line' id='line_1_69' title="bbox 1862 2466 3445 2539; baseline 0.003 -19"><span class='ocrx_word' id='word_1_491' title='bbox 1862 2467 2007 2521; x_wconf 91' lang='lat' dir='ltr'><strong>nulla</strong></span> <span class='ocrx_word' id='word_1_492' title='bbox 2058 2468 2229 2536; x_wconf 90' lang='lat' dir='ltr'><strong>spatia</strong></span> <span class='ocrx_word' id='word_1_493' title='bbox 2273 2467 2533 2536; x_wconf 89' lang='lat' dir='ltr'><strong>temporis</strong></span> <span class='ocrx_word' id='word_1_494' title='bbox 2570 2478 2756 2528; x_wconf 87' lang='lat' dir='ltr'><strong>cerno,</strong></span> <span class='ocrx_word' id='word_1_495' title='bbox 2804 2466 2931 2535; x_wconf 87' lang='lat' dir='ltr'><strong>quia</strong></span> <span class='ocrx_word' id='word_1_496' title='bbox 2971 2467 3143 2538; x_wconf 84' lang='lat' dir='ltr'><strong>spatia</strong></span> <span class='ocrx_word' id='word_1_497' title='bbox 3186 2470 3445 2539; x_wconf 87' lang='lat' dir='ltr'><strong>temporis</strong></span> 
     </span>
    </p>
   </div>
   <div class='ocr_carea' id='block_1_70' title="bbox 1858 2554 3443 2627">
    <p class='ocr_par' dir='ltr' id='par_1_70' title="bbox 1858 2554 3443 2627">
     <span class='ocr_line' id='line_1_70' title="bbox 1858 2554 3443 2627; baseline 0.001 -16"><span class='ocrx_word' id='word_1_498' title='bbox 1858 2557 2149 2627; x_wconf 79' lang='lat' dir='ltr'><strong>praeteritis</strong></span> <span class='ocrx_word' id='word_1_499' title='bbox 2182 2564 2241 2611; x_wconf 90' lang='lat' dir='ltr'><strong>et</strong></span> <span class='ocrx_word' id='word_1_500' title='bbox 2267 2554 2462 2611; x_wconf 88' lang='lat' dir='ltr'><strong>futuris</strong></span> <span class='ocrx_word' id='word_1_501' title='bbox 2489 2570 2670 2610; x_wconf 89' lang='lat' dir='ltr'><strong>rerum</strong></span> <span class='ocrx_word' id='word_1_502' title='bbox 2710 2555 2945 2611; x_wconf 88' lang='lat' dir='ltr'><strong>motibus</strong></span> <span class='ocrx_word' id='word_1_503' title='bbox 2982 2565 3253 2612; x_wconf 90' lang='lat' dir='ltr'><strong>constant.</strong></span> <span class='ocrx_word' id='word_1_504' title='bbox 3299 2557 3443 2612; x_wconf 77' lang='lat' dir='ltr'><strong>Nihil</strong></span> 
     </span>
    </p>
   </div>
   <div class='ocr_carea' id='block_1_71' title="bbox 1860 2642 3438 2716">
    <p class='ocr_par' dir='ltr' id='par_1_71' title="bbox 1860 2642 3438 2716">
     <span class='ocr_line' id='line_1_71' title="bbox 1860 2642 3438 2716; baseline 0.001 -16"><span class='ocrx_word' id='word_1_505' title='bbox 1860 2654 2039 2700; x_wconf 90' lang='lat' dir='ltr'><strong>autem</strong></span> <span class='ocrx_word' id='word_1_506' title='bbox 2069 2645 2311 2716; x_wconf 70' lang='lat' dir='ltr'><strong>pmterit</strong></span> <span class='ocrx_word' id='word_1_507' title='bbox 2358 2644 2412 2698; x_wconf 94' lang='lat' dir='ltr'><strong>in</strong></span> <span class='ocrx_word' id='word_1_508' title='bbox 2464 2650 2690 2709; x_wconf 61' lang='lat' dir='ltr'><strong>mterno,</strong></span> <span class='ocrx_word' id='word_1_509' title='bbox 2760 2651 2817 2698; x_wconf 92' lang='lat' dir='ltr'><strong>et</strong></span> <span class='ocrx_word' id='word_1_510' title='bbox 2844 2642 2978 2698; x_wconf 88' lang='lat' dir='ltr'><strong>nihil</strong></span> <span class='ocrx_word' id='word_1_511' title='bbox 3028 2643 3270 2713; x_wconf 75' lang='lat' dir='ltr'><strong>futurum</strong></span> <span class='ocrx_word' id='word_1_512' title='bbox 3315 2654 3438 2701; x_wconf 90' lang='lat' dir='ltr'><strong>est:</strong></span> 
     </span>
    </p>
   </div>
   <div class='ocr_carea' id='block_1_72' title="bbox 1858 2724 3440 2806">
    <p class='ocr_par' dir='ltr' id='par_1_72' title="bbox 1858 2724 3440 2806">
     <span class='ocr_line' id='line_1_72' title="bbox 1858 2724 3440 2806; baseline 0.002 -18"><span class='ocrx_word' id='word_1_513' title='bbox 1858 2736 1984 2805; x_wconf 90' lang='lat' dir='ltr'><strong>quia</strong></span> <span class='ocrx_word' id='word_1_514' title='bbox 2006 2742 2061 2789; x_wconf 80' lang='lat' dir='ltr'><strong>et</strong></span> <span class='ocrx_word' id='word_1_515' title='bbox 2084 2724 2345 2804; x_wconf 72' lang='lat' dir='ltr'><strong>quidquid</strong></span> <span class='ocrx_word' id='word_1_516' title='bbox 2368 2735 2646 2806; x_wconf 72' lang='lat' dir='ltr'><strong>praeterit,</strong></span> <span class='ocrx_word' id='word_1_517' title='bbox 2672 2750 2794 2791; x_wconf 89' lang='lat' dir='ltr'><strong>esse</strong></span> <span class='ocrx_word' id='word_1_518' title='bbox 2822 2735 3052 2801; x_wconf 87' lang='lat' dir='ltr'><strong>desinit;</strong></span> <span class='ocrx_word' id='word_1_519' title='bbox 3094 2744 3152 2791; x_wconf 89' lang='lat' dir='ltr'><strong>et</strong></span> <span class='ocrx_word' id='word_1_520' title='bbox 3182 2738 3324 2806; x_wconf 81' lang='lat' dir='ltr'><strong>quod</strong></span> <span class='ocrx_word' id='word_1_521' title='bbox 3354 2737 3440 2791; x_wconf 89' lang='lat' dir='ltr'><strong>fu-</strong></span> 
     </span>
    </p>
   </div>
   <div class='ocr_carea' id='block_1_73' title="bbox 1860 2826 3442 2898">
    <p class='ocr_par' dir='ltr' id='par_1_73' title="bbox 1860 2826 3442 2898">
     <span class='ocr_line' id='line_1_73' title="bbox 1860 2826 3442 2898; baseline 0.003 -18"><span class='ocrx_word' id='word_1_522' title='bbox 1860 2835 2040 2881; x_wconf 91' lang='lat' dir='ltr'><strong>turum</strong></span> <span class='ocrx_word' id='word_1_523' title='bbox 2056 2834 2166 2893; x_wconf 80' lang='lat' dir='ltr'><strong>est,</strong></span> <span class='ocrx_word' id='word_1_524' title='bbox 2190 2827 2428 2882; x_wconf 88' lang='lat' dir='ltr'><strong>nondum</strong></span> <span class='ocrx_word' id='word_1_525' title='bbox 2458 2840 2579 2882; x_wconf 90' lang='lat' dir='ltr'><strong>esse</strong></span> <span class='ocrx_word' id='word_1_526' title='bbox 2592 2828 2777 2898; x_wconf 75' lang='lat' dir='ltr'><strong>cmpit.</strong></span> <span class='ocrx_word' id='word_1_527' title='bbox 2801 2826 3097 2884; x_wconf 69' lang='lat' dir='ltr'><strong>Etcrnitas</strong></span> <span class='ocrx_word' id='word_1_528' title='bbox 3120 2836 3295 2884; x_wconf 84' lang='lat' dir='ltr'><strong>autem</strong></span> <span class='ocrx_word' id='word_1_529' title='bbox 3323 2835 3442 2884; x_wconf 90' lang='lat' dir='ltr'><strong>tan-</strong></span> 
     </span>
    </p>
   </div>
   <div class='ocr_carea' id='block_1_74' title="bbox 1861 2916 3441 2988">
    <p class='ocr_par' dir='ltr' id='par_1_74' title="bbox 1861 2916 3441 2988">
     <span class='ocr_line' id='line_1_74' title="bbox 1861 2916 3441 2988; baseline 0.001 -17"><span class='ocrx_word' id='word_1_530' title='bbox 1861 2918 2137 2972; x_wconf 86' lang='lat' dir='ltr'><strong>tummodo</strong></span> <span class='ocrx_word' id='word_1_531' title='bbox 2172 2924 2277 2983; x_wconf 89' lang='lat' dir='ltr'><strong>est,</strong></span> <span class='ocrx_word' id='word_1_532' title='bbox 2304 2932 2407 2973; x_wconf 91' lang='lat' dir='ltr'><strong>nec</strong></span> <span class='ocrx_word' id='word_1_533' title='bbox 2430 2916 2551 2983; x_wconf 92' lang='lat' dir='ltr'><strong>fuit,</strong></span> <span class='ocrx_word' id='word_1_534' title='bbox 2585 2918 2741 2986; x_wconf 90' lang='lat' dir='ltr'><strong>quasi</strong></span> <span class='ocrx_word' id='word_1_535' title='bbox 2778 2918 2893 2988; x_wconf 89' lang='lat' dir='ltr'><strong>jam</strong></span> <span class='ocrx_word' id='word_1_536' title='bbox 2919 2931 3028 2973; x_wconf 91' lang='lat' dir='ltr'><strong>non</strong></span> <span class='ocrx_word' id='word_1_537' title='bbox 3060 2917 3160 2984; x_wconf 91' lang='lat' dir='ltr'><strong>sit;</strong></span> <span class='ocrx_word' id='word_1_538' title='bbox 3190 2932 3291 2973; x_wconf 85' lang='lat' dir='ltr'><strong>nec</strong></span> <span class='ocrx_word' id='word_1_539' title='bbox 3313 2918 3441 2985; x_wconf 84' lang='lat' dir='ltr'><strong>erit,</strong></span> 
     </span>
    </p>
   </div>
   <div class='ocr_carea' id='block_1_75' title="bbox 1859 3005 3445 3077">
    <p class='ocr_par' dir='ltr' id='par_1_75' title="bbox 1859 3005 3445 3077">
     <span class='ocr_line' id='line_1_75' title="bbox 1859 3005 3445 3077; baseline 0.001 -16"><span class='ocrx_word' id='word_1_540' title='bbox 1859 3006 2012 3077; x_wconf 86' lang='lat' dir='ltr'><strong>quasi</strong></span> <span class='ocrx_word' id='word_1_541' title='bbox 2041 3007 2219 3061; x_wconf 89' lang='lat' dir='ltr'><strong>adhuc</strong></span> <span class='ocrx_word' id='word_1_542' title='bbox 2260 3021 2369 3062; x_wconf 89' lang='lat' dir='ltr'><strong>non</strong></span> <span class='ocrx_word' id='word_1_543' title='bbox 2416 3006 2526 3061; x_wconf 87' lang='lat' dir='ltr'><strong>sit:</strong></span> <span class='ocrx_word' id='word_1_544' title='bbox 2554 3006 2681 3077; x_wconf 88' lang='lat' dir='ltr'><strong>quia</strong></span> <span class='ocrx_word' id='word_1_545' title='bbox 2723 3006 2837 3061; x_wconf 89' lang='lat' dir='ltr'><strong>sola</strong></span> <span class='ocrx_word' id='word_1_546' title='bbox 2879 3005 2995 3075; x_wconf 91' lang='lat' dir='ltr'><strong>ipsa</strong></span> <span class='ocrx_word' id='word_1_547' title='bbox 3037 3006 3321 3063; x_wconf 86' lang='lat' dir='ltr'><strong>verissime</strong></span> <span class='ocrx_word' id='word_1_548' title='bbox 3360 3007 3445 3063; x_wconf 82' lang='lat' dir='ltr'><strong>di-</strong></span> 
     </span>
    </p>
   </div>
   <div class='ocr_carea' id='block_1_76' title="bbox 1858 3097 3444 3169">
    <p class='ocr_par' dir='ltr' id='par_1_76' title="bbox 1858 3097 3444 3169">
     <span class='ocr_line' id='line_1_76' title="bbox 1858 3097 3444 3169; baseline 0.003 -17"><span class='ocrx_word' id='word_1_549' title='bbox 1858 3111 1983 3153; x_wconf 89' lang='lat' dir='ltr'><strong>cere</strong></span> <span class='ocrx_word' id='word_1_550' title='bbox 2019 3098 2195 3168; x_wconf 80' lang='lat' dir='ltr'><strong>potuit</strong></span> <span class='ocrx_word' id='word_1_551' title='bbox 2237 3099 2488 3154; x_wconf 67' lang='lat' dir='ltr'><strong>humanae</strong></span> <span class='ocrx_word' id='word_1_552' title='bbox 2527 3098 2704 3166; x_wconf 77' lang='lat' dir='ltr'><strong>menti</strong></span> <span class='ocrx_word' id='word_1_553' title='bbox 2740 3115 2753 3151; x_wconf 90' lang='lat'><strong>:</strong></span> <span class='ocrx_word' id='word_1_554' title='bbox 2784 3097 2897 3168; x_wconf 85' lang='lat' dir='ltr'><strong>Ego</strong></span> <span class='ocrx_word' id='word_1_555' title='bbox 2931 3114 3047 3152; x_wconf 77' lang='lat' dir='ltr'><strong>sum</strong></span> <span class='ocrx_word' id='word_1_556' title='bbox 3085 3100 3177 3169; x_wconf 66' lang='lat' dir='ltr'><strong>qui</strong></span> <span class='ocrx_word' id='word_1_557' title='bbox 3218 3115 3359 3166; x_wconf 67' lang='lat' dir='ltr'><strong>sum,</strong></span> <span class='ocrx_word' id='word_1_558' title='bbox 3385 3107 3444 3156; x_wconf 81' lang='lat' dir='ltr'><strong>et</strong></span> 
     </span>
    </p>
   </div>
   <div class='ocr_carea' id='block_1_77' title="bbox 1781 3186 3246 3259">
    <p class='ocr_par' dir='ltr' id='par_1_77' title="bbox 1781 3186 3246 3259">
     <span class='ocr_line' id='line_1_77' title="bbox 1781 3186 3246 3259; baseline 0 -16"><span class='ocrx_word' id='word_1_559' title='bbox 1781 3192 1825 3255; x_wconf 88' lang='lat' dir='ltr'>C</span> <span class='ocrx_word' id='word_1_560' title='bbox 1858 3188 1925 3244; x_wconf 90' lang='lat' dir='ltr'><strong>de</strong></span> <span class='ocrx_word' id='word_1_561' title='bbox 1951 3188 2039 3242; x_wconf 90' lang='lat' dir='ltr'><strong>illa</strong></span> <span class='ocrx_word' id='word_1_562' title='bbox 2062 3189 2345 3245; x_wconf 89' lang='lat' dir='ltr'><strong>verissime</strong></span> <span class='ocrx_word' id='word_1_563' title='bbox 2371 3189 2476 3244; x_wconf 87' lang='lat' dir='ltr'><strong>dici</strong></span> <span class='ocrx_word' id='word_1_564' title='bbox 2498 3189 2672 3259; x_wconf 89' lang='lat' dir='ltr'><strong>potuit</strong></span> <span class='ocrx_word' id='word_1_565' title='bbox 2702 3206 2715 3242; x_wconf 94' lang='lat'><strong>:</strong></span> <span class='ocrx_word' id='word_1_566' title='bbox 2748 3186 2851 3254; x_wconf 83' lang='lat' dir='ltr'><strong>Qui</strong></span> <span class='ocrx_word' id='word_1_567' title='bbox 2874 3196 2951 3242; x_wconf 74' lang='lat' dir='ltr'><strong>est</strong></span> <span class='ocrx_word' id='word_1_568' title='bbox 2976 3189 3116 3243; x_wconf 76' lang='lat' dir='ltr'><strong>misit</strong></span> <span class='ocrx_word' id='word_1_569' title='bbox 3147 3205 3246 3243; x_wconf 73' lang='lat' dir='ltr'><strong>me.</strong></span> 
     </span>
    </p>
   </div>
   <div class='ocr_carea' id='block_1_78' title="bbox 1924 3280 3441 3351">
    <p class='ocr_par' dir='ltr' id='par_1_78' title="bbox 1924 3280 3441 3351">
     <span class='ocr_line' id='line_1_78' title="bbox 1924 3280 3441 3351; baseline 0.002 -16"><span class='ocrx_word' id='word_1_570' title='bbox 1924 3281 1992 3335; x_wconf 86' lang='lat' dir='ltr'><strong>Et</strong></span> <span class='ocrx_word' id='word_1_571' title='bbox 2029 3281 2155 3351; x_wconf 91' lang='lat' dir='ltr'><strong>quia</strong></span> <span class='ocrx_word' id='word_1_572' title='bbox 2183 3282 2258 3336; x_wconf 90' lang='lat' dir='ltr'><strong>ita</strong></span> <span class='ocrx_word' id='word_1_573' title='bbox 2295 3289 2414 3348; x_wconf 85' lang='lat' dir='ltr'><strong>est,</strong></span> <span class='ocrx_word' id='word_1_574' title='bbox 2457 3296 2567 3336; x_wconf 91' lang='lat' dir='ltr'><strong>non</strong></span> <span class='ocrx_word' id='word_1_575' title='bbox 2602 3280 2855 3350; x_wconf 75' lang='lat' dir='ltr'><strong>iubemur</strong></span> <span class='ocrx_word' id='word_1_576' title='bbox 2889 3281 2959 3335; x_wconf 91' lang='lat' dir='ltr'><strong>ad</strong></span> <span class='ocrx_word' id='word_1_577' title='bbox 2992 3288 3294 3336; x_wconf 84' lang='lat' dir='ltr'><strong>creaturam</strong></span> <span class='ocrx_word' id='word_1_578' title='bbox 3318 3289 3441 3337; x_wconf 84' lang='lat' dir='ltr'><strong>ten-</strong></span> 
     </span>
    </p>
   </div>
   <div class='ocr_carea' id='block_1_79' title="bbox 1853 3369 3438 3441">
    <p class='ocr_par' dir='ltr' id='par_1_79' title="bbox 1853 3369 3438 3441">
     <span class='ocr_line' id='line_1_79' title="bbox 1853 3369 3438 3441; baseline 0.003 -16"><span class='ocrx_word' id='word_1_579' title='bbox 1853 3372 2006 3436; x_wconf 87' lang='lat' dir='ltr'><strong>dere,</strong></span> <span class='ocrx_word' id='word_1_580' title='bbox 2041 3378 2100 3425; x_wconf 92' lang='lat' dir='ltr'><strong>ut</strong></span> <span class='ocrx_word' id='word_1_581' title='bbox 2131 3369 2430 3426; x_wconf 80' lang='lat' dir='ltr'><strong>efﬁciamur</strong></span> <span class='ocrx_word' id='word_1_582' title='bbox 2452 3371 2619 3438; x_wconf 93' lang='lat' dir='ltr'><strong>beati,</strong></span> <span class='ocrx_word' id='word_1_583' title='bbox 2648 3371 2743 3426; x_wconf 88' lang='lat' dir='ltr'><strong>sed</strong></span> <span class='ocrx_word' id='word_1_584' title='bbox 2773 3371 2841 3425; x_wconf 92' lang='lat' dir='ltr'><strong>ad</strong></span> <span class='ocrx_word' id='word_1_585' title='bbox 2871 3371 3048 3441; x_wconf 89' lang='lat' dir='ltr'><strong>ipsum</strong></span> <span class='ocrx_word' id='word_1_586' title='bbox 3078 3370 3391 3428; x_wconf 87' lang='lat' dir='ltr'><strong>Creatorem</strong></span> <span class='ocrx_word' id='word_1_587' title='bbox 3420 3390 3438 3430; x_wconf 89' lang='lat'><strong>:</strong></span> 
     </span>
    </p>
   </div>
   <div class='ocr_carea' id='block_1_80' title="bbox 1854 3460 3437 3531">
    <p class='ocr_par' dir='ltr' id='par_1_80' title="bbox 1854 3460 3437 3531">
     <span class='ocr_line' id='line_1_80' title="bbox 1854 3460 3437 3531; baseline 0.004 -18"><span class='ocrx_word' id='word_1_588' title='bbox 1854 3460 1921 3513; x_wconf 89' lang='lat' dir='ltr'><strong>de</strong></span> <span class='ocrx_word' id='word_1_589' title='bbox 1944 3474 2051 3530; x_wconf 92' lang='lat' dir='ltr'><strong>quo</strong></span> <span class='ocrx_word' id='word_1_590' title='bbox 2080 3461 2123 3515; x_wconf 92' lang='lat' dir='ltr'><strong>si</strong></span> <span class='ocrx_word' id='word_1_591' title='bbox 2156 3461 2301 3516; x_wconf 91' lang='lat' dir='ltr'><strong>aliud</strong></span> <span class='ocrx_word' id='word_1_592' title='bbox 2328 3476 2487 3530; x_wconf 91' lang='lat' dir='ltr'><strong>quam</strong></span> <span class='ocrx_word' id='word_1_593' title='bbox 2508 3468 2741 3531; x_wconf 90' lang='lat' dir='ltr'><strong>oportet,</strong></span> <span class='ocrx_word' id='word_1_594' title='bbox 2768 3477 2832 3516; x_wconf 88' lang='lat' dir='ltr'><strong>ac</strong></span> <span class='ocrx_word' id='word_1_595' title='bbox 2856 3476 2977 3517; x_wconf 88' lang='lat' dir='ltr'><strong>sese</strong></span> <span class='ocrx_word' id='word_1_596' title='bbox 3004 3474 3091 3516; x_wconf 88' lang='lat' dir='ltr'><strong>res</strong></span> <span class='ocrx_word' id='word_1_597' title='bbox 3120 3461 3281 3518; x_wconf 88' lang='lat' dir='ltr'><strong>habet</strong></span> <span class='ocrx_word' id='word_1_598' title='bbox 3299 3504 3313 3529; x_wconf 96' lang='lat'><strong>,</strong></span> <span class='ocrx_word' id='word_1_599' title='bbox 3342 3479 3437 3519; x_wconf 91' lang='lat' dir='ltr'><strong>no—</strong></span> 
     </span>
    </p>
   </div>
   <div class='ocr_carea' id='block_1_81' title="bbox 1852 3550 3432 3622">
    <p class='ocr_par' dir='ltr' id='par_1_81' title="bbox 1852 3550 3432 3622">
     <span class='ocr_line' id='line_1_81' title="bbox 1852 3550 3432 3622; baseline 0.003 -18"><span class='ocrx_word' id='word_1_600' title='bbox 1852 3550 1937 3605; x_wconf 90' lang='lat' dir='ltr'><strong>bis</strong></span> <span class='ocrx_word' id='word_1_601' title='bbox 1979 3552 2355 3619; x_wconf 89' lang='lat' dir='ltr'><strong>persuadetur,</strong></span> <span class='ocrx_word' id='word_1_602' title='bbox 2403 3551 2863 3621; x_wconf 86' lang='lat' dir='ltr'><strong>perniciosissimo</strong></span> <span class='ocrx_word' id='word_1_603' title='bbox 2905 3564 3091 3605; x_wconf 89' lang='lat' dir='ltr'><strong>errore</strong></span> <span class='ocrx_word' id='word_1_604' title='bbox 3117 3550 3432 3622; x_wconf 88' lang='lat' dir='ltr'><strong>decipimur.</strong></span> 
     </span>
    </p>
   </div>
   <div class='ocr_carea' id='block_1_82' title="bbox 1852 3642 3439 3716">
    <p class='ocr_par' dir='ltr' id='par_1_82' title="bbox 1852 3642 3439 3716">
     <span class='ocr_line' id='line_1_82' title="bbox 1852 3642 3439 3716; baseline 0.002 -19"><span class='ocrx_word' id='word_1_605' title='bbox 1852 3642 1936 3698; x_wconf 86' lang='lat' dir='ltr'><strong>Ad</strong></span> <span class='ocrx_word' id='word_1_606' title='bbox 1976 3644 2082 3700; x_wconf 85' lang='lat' dir='ltr'><strong>hoc</strong></span> <span class='ocrx_word' id='word_1_607' title='bbox 2108 3644 2252 3700; x_wconf 89' lang='lat' dir='ltr'><strong>enim</strong></span> <span class='ocrx_word' id='word_1_608' title='bbox 2281 3644 2555 3715; x_wconf 87' lang='lat' dir='ltr'><strong>pergendo</strong></span> <span class='ocrx_word' id='word_1_609' title='bbox 2575 3643 2719 3716; x_wconf 85' lang='lat' dir='ltr'><strong>quod</strong></span> <span class='ocrx_word' id='word_1_610' title='bbox 2746 3654 2841 3698; x_wconf 84' lang='lat' dir='ltr'><strong>aut</strong></span> <span class='ocrx_word' id='word_1_611' title='bbox 2863 3660 2974 3698; x_wconf 88' lang='lat' dir='ltr'><strong>non</strong></span> <span class='ocrx_word' id='word_1_612' title='bbox 2998 3651 3080 3698; x_wconf 88' lang='lat' dir='ltr'><strong>est</strong></span> <span class='ocrx_word' id='word_1_613' title='bbox 3104 3683 3119 3710; x_wconf 91' lang='lat'><strong>,</strong></span> <span class='ocrx_word' id='word_1_614' title='bbox 3164 3652 3256 3699; x_wconf 92' lang='lat' dir='ltr'><strong>aut</strong></span> <span class='ocrx_word' id='word_1_615' title='bbox 3282 3646 3327 3699; x_wconf 89' lang='lat' dir='ltr'><strong>si</strong></span> <span class='ocrx_word' id='word_1_616' title='bbox 3352 3654 3439 3700; x_wconf 87' lang='lat' dir='ltr'><strong>est</strong></span> 
     </span>
    </p>
   </div>
   <div class='ocr_carea' id='block_1_83' title="bbox 1854 3731 3437 3804">
    <p class='ocr_par' dir='ltr' id='par_1_83' title="bbox 1854 3731 3437 3804">
     <span class='ocr_line' id='line_1_83' title="bbox 1854 3731 3437 3804; baseline 0.001 -17"><span class='ocrx_word' id='word_1_617' title='bbox 1854 3731 2043 3787; x_wconf 84' lang='lat' dir='ltr'><strong>beatos</strong></span> <span class='ocrx_word' id='word_1_618' title='bbox 2064 3747 2172 3787; x_wconf 87' lang='lat' dir='ltr'><strong>non</strong></span> <span class='ocrx_word' id='word_1_619' title='bbox 2200 3731 2352 3797; x_wconf 74' lang='lat' dir='ltr'><strong>facit,</strong></span> <span class='ocrx_word' id='word_1_620' title='bbox 2385 3732 2450 3787; x_wconf 89' lang='lat' dir='ltr'><strong>ad</strong></span> <span class='ocrx_word' id='word_1_621' title='bbox 2473 3733 2688 3788; x_wconf 87' lang='lat' dir='ltr'><strong>beatam</strong></span> <span class='ocrx_word' id='word_1_622' title='bbox 2718 3732 2884 3788; x_wconf 81' lang='lat' dir='ltr'><strong>vitam</strong></span> <span class='ocrx_word' id='word_1_623' title='bbox 2922 3747 3261 3802; x_wconf 89' lang='lat' dir='ltr'><strong>nequaquam</strong></span> <span class='ocrx_word' id='word_1_624' title='bbox 3288 3733 3437 3804; x_wconf 84' lang='lat' dir='ltr'><strong>quis-</strong></span> 
     </span>
    </p>
   </div>
   <div class='ocr_carea' id='block_1_84' title="bbox 1854 3820 3433 3891">
    <p class='ocr_par' dir='ltr' id='par_1_84' title="bbox 1854 3820 3433 3891">
     <span class='ocr_line' id='line_1_84' title="bbox 1854 3820 3433 3891; baseline 0.002 -16"><span class='ocrx_word' id='word_1_625' title='bbox 1854 3837 2018 3891; x_wconf 88' lang='lat' dir='ltr'><strong>quam</strong></span> <span class='ocrx_word' id='word_1_626' title='bbox 2062 3822 2261 3891; x_wconf 88' lang='lat' dir='ltr'><strong>poterit</strong></span> <span class='ocrx_word' id='word_1_627' title='bbox 2294 3822 2597 3890; x_wconf 89' lang='lat' dir='ltr'><strong>pervenire.</strong></span> <span class='ocrx_word' id='word_1_628' title='bbox 2630 3820 2746 3887; x_wconf 91' lang='lat' dir='ltr'><strong>Qua</strong></span> <span class='ocrx_word' id='word_1_629' title='bbox 2781 3821 3011 3876; x_wconf 89' lang='lat' dir='ltr'><strong>veritate</strong></span> <span class='ocrx_word' id='word_1_630' title='bbox 3047 3828 3101 3875; x_wconf 91' lang='lat' dir='ltr'><strong>et</strong></span> <span class='ocrx_word' id='word_1_631' title='bbox 3144 3822 3433 3891; x_wconf 89' lang='lat' dir='ltr'><strong>sapientia,</strong></span> 
     </span>
    </p>
   </div>
   <div class='ocr_carea' id='block_1_85' title="bbox 1852 3900 3436 3981">
    <p class='ocr_par' dir='ltr' id='par_1_85' title="bbox 1852 3900 3436 3981">
     <span class='ocr_line' id='line_1_85' title="bbox 1852 3900 3436 3981; baseline 0.002 -15"><span class='ocrx_word' id='word_1_632' title='bbox 1852 3927 1973 3981; x_wconf 70' lang='lat' dir='ltr'><strong>qua:</strong></span> <span class='ocrx_word' id='word_1_633' title='bbox 2014 3900 2317 3966; x_wconf 86' lang='lat' dir='ltr'><strong>communis</strong></span> <span class='ocrx_word' id='word_1_634' title='bbox 2366 3910 2619 3965; x_wconf 91' lang='lat' dir='ltr'><strong>omnibus</strong></span> <span class='ocrx_word' id='word_1_635' title='bbox 2665 3919 2766 3977; x_wconf 90' lang='lat' dir='ltr'><strong>est,</strong></span> <span class='ocrx_word' id='word_1_636' title='bbox 2818 3924 3008 3965; x_wconf 90' lang='lat' dir='ltr'><strong>omnes</strong></span> <span class='ocrx_word' id='word_1_637' title='bbox 3060 3912 3330 3979; x_wconf 84' lang='lat' dir='ltr'><strong>sapientes</strong></span> <span class='ocrx_word' id='word_1_638' title='bbox 3377 3923 3436 3969; x_wconf 88' lang='lat' dir='ltr'><strong>et</strong></span> 
     </span>
    </p>
   </div>
   <div class='ocr_carea' id='block_1_86' title="bbox 1850 3998 3437 4061">
    <p class='ocr_par' dir='ltr' id='par_1_86' title="bbox 1850 3998 3437 4061">
     <span class='ocr_line' id='line_1_86' title="bbox 1850 3998 3437 4061; baseline 0.001 -1"><span class='ocrx_word' id='word_1_639' title='bbox 1850 4004 1997 4060; x_wconf 88' lang='lat' dir='ltr'><strong>beati</strong></span> <span class='ocrx_word' id='word_1_640' title='bbox 2038 4002 2175 4058; x_wconf 84' lang='lat' dir='ltr'><strong>ﬁunt</strong></span> <span class='ocrx_word' id='word_1_641' title='bbox 2218 4003 2532 4058; x_wconf 69' lang='lat' dir='ltr'><strong>inhzerendo</strong></span> <span class='ocrx_word' id='word_1_642' title='bbox 2571 4001 2666 4056; x_wconf 87' lang='lat' dir='ltr'><strong>illi.</strong></span> <span class='ocrx_word' id='word_1_643' title='bbox 2712 4001 3051 4057; x_wconf 91' lang='lat' dir='ltr'><strong>Beatitudine</strong></span> <span class='ocrx_word' id='word_1_644' title='bbox 3092 4010 3273 4059; x_wconf 89' lang='lat' dir='ltr'><strong>autem</strong></span> <span class='ocrx_word' id='word_1_645' title='bbox 3309 3998 3437 4061; x_wconf 65' lang='lat' dir='ltr'><strong>alte</strong></span> 
     </span>
    </p>
   </div>
   <div class='ocr_carea' id='block_1_87' title="bbox 1854 4179 3435 4251">
    <p class='ocr_par' dir='ltr' id='par_1_87' title="bbox 1854 4179 3435 4251">
     <span class='ocr_line' id='line_1_87' title="bbox 1854 4179 3435 4251; baseline 0.003 -15"><span class='ocrx_word' id='word_1_646' title='bbox 1854 4182 2083 4251; x_wconf 18' lang='lat' dir='ltr'><strong>hortatu,</strong></span> <span class='ocrx_word' id='word_1_647' title='bbox 2116 4194 2403 4251; x_wconf 53' lang='lat' dir='ltr'><strong>aggessus</strong></span> <span class='ocrx_word' id='word_1_648' title='bbox 2438 4187 2542 4251; x_wconf 89' lang='lat' dir='ltr'><strong>est.</strong></span> <span class='ocrx_word' id='word_1_649' title='bbox 2586 4179 2856 4233; x_wconf 83' lang='lat' dir='ltr'><strong>Praeterea</strong></span> <span class='ocrx_word' id='word_1_650' title='bbox 2904 4188 3311 4251; x_wconf 68' lang='lat' dir='ltr'><strong>commentatus</strong></span> <span class='ocrx_word' id='word_1_651' title='bbox 3349 4192 3435 4240; x_wconf 87' lang='lat' dir='ltr'><strong>est</strong></span> 
     </span>
    </p>
   </div>
   <div class='ocr_carea' id='block_1_88' title="bbox 1853 4247 3433 4332">
    <p class='ocr_par' dir='ltr' id='par_1_88' title="bbox 1853 4247 3433 4332">
     <span class='ocr_line' id='line_1_88' title="bbox 1853 4247 3433 4332; baseline 0.003 -28"><span class='ocrx_word' id='word_1_652' title='bbox 1853 4247 2210 4332; x_wconf 54' lang='lat' dir='ltr'><strong>Evangeliur&#39;n</strong></span> <span class='ocrx_word' id='word_1_653' title='bbox 2233 4249 2491 4332; x_wconf 60' lang='lat' dir='ltr'><strong>Matthxi,</strong></span> <span class='ocrx_word' id='word_1_654' title='bbox 2515 4263 2758 4332; x_wconf 53' lang='lat' dir='ltr'><strong>opusque</strong></span> <span class='ocrx_word' id='word_1_655' title='bbox 2779 4262 2935 4332; x_wconf 72' lang='lat' dir='ltr'><strong>suum</strong></span> <span class='ocrx_word' id='word_1_656' title='bbox 2954 4247 3433 4332; x_wconf 77' lang='lat' dir='ltr'><strong>Justocarrofensi</strong></span> 
     </span>
    </p>
   </div>
   <div class='ocr_carea' id='block_1_89' title="bbox 1853 4316 3432 4389">
    <p class='ocr_par' dir='ltr' id='par_1_89' title="bbox 1853 4316 3432 4389">
     <span class='ocr_line' id='line_1_89' title="bbox 1853 4316 3432 4389; baseline 0.003 -15"><span class='ocrx_word' id='word_1_657' title='bbox 1853 4316 2032 4374; x_wconf 83' lang='lat' dir='ltr'><strong>abbati</strong></span> <span class='ocrx_word' id='word_1_658' title='bbox 2060 4319 2390 4389; x_wconf 87' lang='lat' dir='ltr'><strong>nuncupavit</strong></span> <span class='ocrx_word' id='word_1_659' title='bbox 2410 4316 2694 4389; x_wconf 36' lang='lat' dir='ltr'><strong>annu&#39;815’.</strong></span> <span class='ocrx_word' id='word_1_660' title='bbox 2716 4316 2799 4389; x_wconf 85' lang='lat' dir='ltr'><strong>Ad</strong></span> <span class='ocrx_word' id='word_1_661' title='bbox 2828 4319 2944 4373; x_wconf 66' lang='lat' dir='ltr'><strong>haec</strong></span> <span class='ocrx_word' id='word_1_662' title='bbox 2960 4321 3211 4389; x_wconf 83' lang='lat' dir='ltr'><strong>exposuit</strong></span> <span class='ocrx_word' id='word_1_663' title='bbox 3239 4336 3432 4379; x_wconf 89' lang='lat' dir='ltr'><strong>omnes</strong></span> 
     </span>
    </p>
   </div>
   <div class='ocr_carea' id='block_1_90' title="bbox 1852 4388 3432 4462">
    <p class='ocr_par' dir='ltr' id='par_1_90' title="bbox 1852 4388 3432 4462">
     <span class='ocr_line' id='line_1_90' title="bbox 1852 4388 3432 4462; baseline 0.003 -20"><span class='ocrx_word' id='word_1_664' title='bbox 1852 4388 2007 4462; x_wconf 86' lang='lat' dir='ltr'><strong>_Pauli</strong></span> <span class='ocrx_word' id='word_1_665' title='bbox 2031 4388 2316 4462; x_wconf 65' lang='lat' dir='ltr'><strong>Epistolas,</strong></span> <span class='ocrx_word' id='word_1_666' title='bbox 2342 4403 2409 4462; x_wconf 89' lang='lat' dir='ltr'><strong>e_x</strong></span> <span class='ocrx_word' id='word_1_667' title='bbox 2433 4388 2626 4458; x_wconf 87' lang='lat' dir='ltr'><strong>quibus</strong></span> <span class='ocrx_word' id='word_1_668' title='bbox 2657 4388 3095 4462; x_wconf 63' lang='lat' dir='ltr'><strong>explanationem</strong></span> <span class='ocrx_word' id='word_1_669' title='bbox 3120 4391 3176 4445; x_wconf 88' lang='lat' dir='ltr'><strong>in</strong></span> <span class='ocrx_word' id='word_1_670' title='bbox 3212 4391 3432 4462; x_wconf 71' lang='lat' dir='ltr'><strong>Episto-</strong></span> 
     </span>
    </p>
   </div>
   <div class='ocr_carea' id='block_1_91' title="bbox 1853 4456 3429 4521">
    <p class='ocr_par' dir='ltr' id='par_1_91' title="bbox 1853 4456 3429 4521">
     <span class='ocr_line' id='line_1_91' title="bbox 1853 4456 3429 4521; baseline 0.002 -9"><span class='ocrx_word' id='word_1_671' title='bbox 1853 4459 1961 4513; x_wconf 90' lang='lat' dir='ltr'><strong>lam</strong></span> <span class='ocrx_word' id='word_1_672' title='bbox 1990 4456 2325 4514; x_wconf 60' lang='lat' dir='ltr'><strong>ad&#39;Galatas</strong></span> <span class='ocrx_word' id='word_1_673' title='bbox 2358 4456 2937 4521; x_wconf 35' lang='lat' dir='ltr'><strong>Dructeranno’abbati</strong></span> <span class='ocrx_word' id='word_1_674' title='bbox 2982 4456 3429 4517; x_wconf 73' lang='lat' dir='ltr'><strong>Sollemniacensi</strong></span> 
     </span>
    </p>
   </div>
   <div class='ocr_carea' id='block_1_92' title="bbox 167 4520 3431 4608">
    <p class='ocr_par' dir='ltr' id='par_1_92' title="bbox 167 4520 3431 4608">
     <span class='ocr_line' id='line_1_92' title="bbox 167 4520 3431 4608; baseline 0.002 -29"><span class='ocrx_word' id='word_1_675' title='bbox 167 4520 471 4608; x_wconf 56' lang='lat' dir='ltr'><strong>éommunis</strong></span> <span class='ocrx_word' id='word_1_676' title='bbox 500 4539 682 4608; x_wconf 57' lang='lat' dir='ltr'><strong>error,</strong></span> <span class='ocrx_word' id='word_1_677' title='bbox 704 4522 795 4591; x_wconf 91' lang='lat' dir='ltr'><strong>qui</strong></span> <span class='ocrx_word' id='word_1_678' title='bbox 825 4524 892 4577; x_wconf 88' lang='lat' dir='ltr'><strong>ab</strong></span> <span class='ocrx_word' id='word_1_679' title='bbox 916 4523 1070 4608; x_wconf 54' lang='lat' dir='ltr'><strong>agnis</strong></span> <span class='ocrx_word' id='word_1_680' title='bbox 1099 4520 1450 4608; x_wconf 41' lang='lat' dir='ltr'><strong>ben&#39;e.multis</strong></span> <span class='ocrx_word' id='word_1_681' title='bbox 1486 4520 1743 4608; x_wconf 51' lang='lat' dir='ltr'><strong>invaluit,</strong></span> <span class='ocrx_word' id='word_1_682' title='bbox 1771 4533 1823 4593; x_wconf 86' lang='lat'><strong>1)</strong></span> <span class='ocrx_word' id='word_1_683' title='bbox 1850 4529 2052 4608; x_wconf 75' lang='lat' dir='ltr'><strong>dicavit</strong></span> <span class='ocrx_word' id='word_1_684' title='bbox 2083 4546 2095 4581; x_wconf 91' lang='lat'>:</span> <span class='ocrx_word' id='word_1_685' title='bbox 2132 4543 2253 4608; x_wconf 80' lang='lat' dir='ltr'><strong>eam</strong></span> <span class='ocrx_word' id='word_1_686' title='bbox 2291 4542 2424 4608; x_wconf 70' lang='lat' dir='ltr'><strong>vero</strong></span> <span class='ocrx_word' id='word_1_687' title='bbox 2461 4544 2587 4608; x_wconf 73' lang='lat' dir='ltr'><strong>quae</strong></span> <span class='ocrx_word' id='word_1_688' title='bbox 2614 4520 2679 4608; x_wconf 87' lang='lat' dir='ltr'><strong>in_</strong></span> <span class='ocrx_word' id='word_1_689' title='bbox 2717 4526 3017 4608; x_wconf 72' lang='lat' dir='ltr'><strong>Epistplam’</strong></span> <span class='ocrx_word' id='word_1_690' title='bbox 3055 4529 3142 4608; x_wconf 88' lang='lat' dir='ltr'><strong>ad_</strong></span> <span class='ocrx_word' id='word_1_691' title='bbox 3168 4528 3431 4608; x_wconf 69' lang='lat' dir='ltr'><strong>Ephesios</strong></span> 
     </span>
    </p>
   </div>
   <div class='ocr_carea' id='block_1_93' title="bbox 166 4590 1744 4663">
    <p class='ocr_par' dir='ltr' id='par_1_93' title="bbox 166 4590 1744 4663">
     <span class='ocr_line' id='line_1_93' title="bbox 166 4590 1744 4663; baseline -0.001 -13"><span class='ocrx_word' id='word_1_692' title='bbox 166 4596 451 4652; x_wconf 87' lang='lat' dir='ltr'><strong>Claudium</strong></span> <span class='ocrx_word' id='word_1_693' title='bbox 481 4594 689 4648; x_wconf 90' lang='lat' dir='ltr'><strong>scilicet</strong></span> <span class='ocrx_word' id='word_1_694' title='bbox 718 4590 915 4663; x_wconf 85' lang='lat' dir='ltr'><strong>genere</strong></span> <span class='ocrx_word' id='word_1_695' title='bbox 940 4590 1161 4663; x_wconf 88' lang='lat' dir='ltr'><strong>Scotum</strong></span> <span class='ocrx_word' id='word_1_696' title='bbox 1186 4591 1373 4656; x_wconf 87' lang='lat' dir='ltr'><strong>fuisse,</strong></span> <span class='ocrx_word' id='word_1_697' title='bbox 1399 4607 1464 4647; x_wconf 83' lang='lat' dir='ltr'><strong>ex</strong></span> <span class='ocrx_word' id='word_1_698' title='bbox 1487 4591 1744 4653; x_wconf 82' lang='lat' dir='ltr'><strong>Hibernia</strong></span> 
     </span>
    </p>
   </div>
   <div class='ocr_carea' id='block_1_94' title="bbox 166 4662 1748 4733">
    <p class='ocr_par' dir='ltr' id='par_1_94' title="bbox 166 4662 1748 4733">
     <span class='ocr_line' id='line_1_94' title="bbox 166 4662 1748 4733; baseline -0.001 -13"><span class='ocrx_word' id='word_1_699' title='bbox 166 4666 491 4733; x_wconf 79' lang='lat' dir='ltr'><strong>oriundum:</strong></span> <span class='ocrx_word' id='word_1_700' title='bbox 528 4678 685 4732; x_wconf 90' lang='lat' dir='ltr'><strong>quem</strong></span> <span class='ocrx_word' id='word_1_701' title='bbox 710 4662 762 4716; x_wconf 88' lang='lat' dir='ltr'><strong>in</strong></span> <span class='ocrx_word' id='word_1_702' title='bbox 789 4676 1027 4717; x_wconf 87' lang='lat' dir='ltr'><strong>errorem</strong></span> <span class='ocrx_word' id='word_1_703' title='bbox 1053 4662 1216 4717; x_wconf 87' lang='lat' dir='ltr'><strong>etiam</strong></span> <span class='ocrx_word' id='word_1_704' title='bbox 1243 4663 1465 4733; x_wconf 87' lang='lat' dir='ltr'><strong>impegit</strong></span> <span class='ocrx_word' id='word_1_705' title='bbox 1500 4663 1748 4719; x_wconf 85' lang='lat' dir='ltr'><strong>eruditus</strong></span> 
     </span>
    </p>
   </div>
   <div class='ocr_carea' id='block_1_95' title="bbox 171 4733 956 4791">
    <p class='ocr_par' dir='ltr' id='par_1_95' title="bbox 171 4733 956 4791">
     <span class='ocr_line' id='line_1_95' title="bbox 171 4733 956 4791; baseline -0.006 -1"><span class='ocrx_word' id='word_1_706' title='bbox 171 4737 249 4790; x_wconf 86' lang='lat' dir='ltr'><strong>vir</strong></span> <span class='ocrx_word' id='word_1_707' title='bbox 282 4735 539 4791; x_wconf 87' lang='lat' dir='ltr'><strong>Usserius</strong></span> <span class='ocrx_word' id='word_1_708' title='bbox 564 4733 956 4787; x_wconf 87' lang='lat' dir='ltr'><strong>Armachanus.</strong></span> 
     </span>
    </p>
   </div>
   <div class='ocr_carea' id='block_1_96' title="bbox 237 4800 1747 4871">
    <p class='ocr_par' dir='ltr' id='par_1_96' title="bbox 237 4800 1747 4871">
     <span class='ocr_line' id='line_1_96' title="bbox 237 4800 1747 4871; baseline -0.001 -12"><span class='ocrx_word' id='word_1_709' title='bbox 237 4804 635 4859; x_wconf 83' lang='lat' dir='ltr'><strong>Theodemirus</strong></span> <span class='ocrx_word' id='word_1_710' title='bbox 648 4802 830 4857; x_wconf 88' lang='lat' dir='ltr'><strong>Gallus</strong></span> <span class='ocrx_word' id='word_1_711' title='bbox 859 4802 1025 4858; x_wconf 88' lang='lat' dir='ltr'><strong>abbas</strong></span> <span class='ocrx_word' id='word_1_712' title='bbox 1044 4800 1144 4855; x_wconf 89' lang='lat' dir='ltr'><strong>fuit</strong></span> <span class='ocrx_word' id='word_1_713' title='bbox 1167 4806 1505 4871; x_wconf 68' lang='lat' dir='ltr'><strong>praeeratque</strong></span> <span class='ocrx_word' id='word_1_714' title='bbox 1525 4804 1747 4857; x_wconf 76' lang='lat' dir='ltr'><strong>Centum</strong></span> 
     </span>
    </p>
   </div>
   <div class='ocr_carea' id='block_1_97' title="bbox 167 4872 1743 4943">
    <p class='ocr_par' dir='ltr' id='par_1_97' title="bbox 167 4872 1743 4943">
     <span class='ocr_line' id='line_1_97' title="bbox 167 4872 1743 4943; baseline -0.001 -16"><span class='ocrx_word' id='word_1_715' title='bbox 167 4874 523 4943; x_wconf 87' lang='lat' dir='ltr'><strong>quadraginta</strong></span> <span class='ocrx_word' id='word_1_716' title='bbox 562 4873 841 4927; x_wconf 81' lang='lat' dir='ltr'><strong>monachis</strong></span> <span class='ocrx_word' id='word_1_717' title='bbox 868 4873 967 4943; x_wconf 88' lang='lat' dir='ltr'><strong>sub</strong></span> <span class='ocrx_word' id='word_1_718' title='bbox 999 4872 1182 4943; x_wconf 88' lang='lat' dir='ltr'><strong>regula</strong></span> <span class='ocrx_word' id='word_1_719' title='bbox 1222 4872 1393 4943; x_wconf 81' lang='lat' dir='ltr'><strong>sancti</strong></span> <span class='ocrx_word' id='word_1_720' title='bbox 1418 4872 1703 4943; x_wconf 86' lang='lat' dir='ltr'><strong>Benedicti</strong></span> <span class='ocrx_word' id='word_1_721' title='bbox 1728 4912 1743 4937; x_wconf 93' lang='lat'><strong>,</strong></span> 
     </span>
    </p>
   </div>
   <div class='ocr_carea' id='block_1_98' title="bbox 168 4940 1741 5013">
    <p class='ocr_par' dir='ltr' id='par_1_98' title="bbox 168 4940 1741 5013">
     <span class='ocr_line' id='line_1_98' title="bbox 168 4940 1741 5013; baseline -0.001 -16"><span class='ocrx_word' id='word_1_722' title='bbox 168 4940 637 5013; x_wconf 15' lang='lat' dir='ltr'><strong>utgipse&#39;testatur</strong></span> <span class='ocrx_word' id='word_1_723' title='bbox 661 4944 713 4996; x_wconf 92' lang='lat' dir='ltr'><strong>in</strong></span> <span class='ocrx_word' id='word_1_724' title='bbox 747 4942 970 5013; x_wconf 81' lang='lat' dir='ltr'><strong>epistola</strong></span> <span class='ocrx_word' id='word_1_725' title='bbox 998 4940 1195 5013; x_wconf 78' lang='lat' dir='ltr'><strong>contra</strong></span> <span class='ocrx_word' id='word_1_726' title='bbox 1206 4940 1495 5013; x_wconf 68' lang='lat' dir='ltr'><strong>Claudium</strong></span> <span class='ocrx_word' id='word_1_727' title='bbox 1516 4942 1741 5011; x_wconf 87' lang='lat' dir='ltr'><strong>scripta,</strong></span> 
     </span>
    </p>
   </div>
   <div class='ocr_carea' id='block_1_99' title="bbox 169 5011 1747 5093">
    <p class='ocr_par' dir='ltr' id='par_1_99' title="bbox 169 5011 1747 5093">
     <span class='ocr_line' id='line_1_99' title="bbox 169 5011 1747 5093; baseline -0.002 -24"><span class='ocrx_word' id='word_1_728' title='bbox 169 5011 326 5093; x_wconf 63' lang='lat' dir='ltr'><strong>cuius</strong></span> <span class='ocrx_word' id='word_1_729' title='bbox 358 5011 1045 5093; x_wconf 31' lang='lat' dir='ltr'><strong>fragmentaoretgrtnlonas</strong></span> <span class='ocrx_word' id='word_1_730' title='bbox 1076 5011 1132 5064; x_wconf 89' lang='lat' dir='ltr'><strong>in</strong></span> <span class='ocrx_word' id='word_1_731' title='bbox 1165 5011 1259 5065; x_wconf 89' lang='lat' dir='ltr'><strong>lib.</strong></span> <span class='ocrx_word' id='word_1_732' title='bbox 1294 5027 1353 5065; x_wconf 83' lang='grc' dir='ltr'>ιιι</span> <span class='ocrx_word' id='word_1_733' title='bbox 1388 5013 1747 5093; x_wconf 49' lang='lat' dir='ltr'><strong>operis-.prte-</strong></span> 
     </span>
    </p>
   </div>
   <div class='ocr_carea' id='block_1_100' title="bbox 170 5080 1747 5150">
    <p class='ocr_par' dir='ltr' id='par_1_100' title="bbox 170 5080 1747 5150">
     <span class='ocr_line' id='line_1_100' title="bbox 170 5080 1747 5150; baseline -0.003 -11"><span class='ocrx_word' id='word_1_734' title='bbox 170 5083 342 5139; x_wconf 83' lang='lat' dir='ltr'><strong>citati.</strong></span> <span class='ocrx_word' id='word_1_735' title='bbox 380 5080 644 5137; x_wconf 82' lang='lat' dir='ltr'><strong>Abbatem</strong></span> <span class='ocrx_word' id='word_1_736' title='bbox 676 5082 731 5135; x_wconf 94' lang='lat' dir='ltr'><strong>in</strong></span> <span class='ocrx_word' id='word_1_737' title='bbox 753 5080 920 5138; x_wconf 86' lang='lat' dir='ltr'><strong>Gallia</strong></span> <span class='ocrx_word' id='word_1_738' title='bbox 946 5082 1133 5146; x_wconf 89' lang='lat' dir='ltr'><strong>fuisse,</strong></span> <span class='ocrx_word' id='word_1_739' title='bbox 1165 5096 1274 5135; x_wconf 91' lang='lat' dir='ltr'><strong>non</strong></span> <span class='ocrx_word' id='word_1_740' title='bbox 1300 5080 1434 5136; x_wconf 84' lang='lat' dir='ltr'><strong>vero</strong></span> <span class='ocrx_word' id='word_1_741' title='bbox 1464 5082 1518 5136; x_wconf 91' lang='lat' dir='ltr'><strong>in</strong></span> <span class='ocrx_word' id='word_1_742' title='bbox 1556 5080 1747 5150; x_wconf 83' lang='lat' dir='ltr'><strong>Hispa-</strong></span> 
     </span>
    </p>
   </div>
   <div class='ocr_carea' id='block_1_101' title="bbox 171 5150 1747 5221">
    <p class='ocr_par' dir='ltr' id='par_1_101' title="bbox 171 5150 1747 5221">
     <span class='ocr_line' id='line_1_101' title="bbox 171 5150 1747 5221; baseline -0.003 -14"><span class='ocrx_word' id='word_1_743' title='bbox 171 5156 283 5220; x_wconf 85' lang='lat' dir='ltr'><strong>nia,</strong></span> <span class='ocrx_word' id='word_1_744' title='bbox 331 5153 413 5207; x_wconf 88' lang='lat' dir='ltr'><strong>uti</strong></span> <span class='ocrx_word' id='word_1_745' title='bbox 439 5152 728 5221; x_wconf 91' lang='lat' dir='ltr'><strong>aliquando</strong></span> <span class='ocrx_word' id='word_1_746' title='bbox 756 5153 1059 5220; x_wconf 84' lang='lat' dir='ltr'><strong>suspicatus</strong></span> <span class='ocrx_word' id='word_1_747' title='bbox 1094 5166 1236 5216; x_wconf 90' lang='lat' dir='ltr'><strong>sum,</strong></span> <span class='ocrx_word' id='word_1_748' title='bbox 1269 5151 1463 5221; x_wconf 87' lang='lat' dir='ltr'><strong>colligo</strong></span> <span class='ocrx_word' id='word_1_749' title='bbox 1496 5167 1562 5207; x_wconf 82' lang='lat' dir='ltr'><strong>ex</strong></span> <span class='ocrx_word' id='word_1_750' title='bbox 1596 5150 1747 5206; x_wconf 56' lang='lat' dir='ltr'><strong>Jonas</strong></span> 
     </span>
    </p>
   </div>
   <div class='ocr_carea' id='block_1_102' title="bbox 171 5220 1744 5292">
    <p class='ocr_par' dir='ltr' id='par_1_102' title="bbox 171 5220 1744 5292">
     <span class='ocr_line' id='line_1_102' title="bbox 171 5220 1744 5292; baseline -0.003 -15"><span class='ocrx_word' id='word_1_751' title='bbox 171 5222 263 5278; x_wconf 92' lang='lat' dir='ltr'><strong>lib.</strong></span> <span class='ocrx_word' id='word_1_752' title='bbox 296 5239 336 5289; x_wconf 86' lang='grc' dir='ltr'><strong>ι,</strong></span> <span class='ocrx_word' id='word_1_753' title='bbox 371 5223 435 5278; x_wconf 92' lang='lat' dir='ltr'><strong>de</strong></span> <span class='ocrx_word' id='word_1_754' title='bbox 456 5220 644 5277; x_wconf 83' lang='lat' dir='ltr'><strong>eodem</strong></span> <span class='ocrx_word' id='word_1_755' title='bbox 674 5221 897 5276; x_wconf 88' lang='lat' dir='ltr'><strong>Claudio</strong></span> <span class='ocrx_word' id='word_1_756' title='bbox 924 5224 1066 5276; x_wconf 89' lang='lat' dir='ltr'><strong>hunc</strong></span> <span class='ocrx_word' id='word_1_757' title='bbox 1100 5222 1156 5275; x_wconf 91' lang='lat' dir='ltr'><strong>in</strong></span> <span class='ocrx_word' id='word_1_758' title='bbox 1184 5220 1415 5292; x_wconf 79' lang='lat' dir='ltr'><strong>modum</strong></span> <span class='ocrx_word' id='word_1_759' title='bbox 1437 5220 1704 5292; x_wconf 81' lang='lat' dir='ltr'><strong>loquentis</strong></span> <span class='ocrx_word' id='word_1_760' title='bbox 1730 5237 1744 5272; x_wconf 91' lang='lat'>:</span> 
     </span>
    </p>
   </div>
   <div class='ocr_carea' id='block_1_103' title="bbox 177 5290 1749 5363">
    <p class='ocr_par' dir='ltr' id='par_1_103' title="bbox 177 5290 1749 5363">
     <span class='ocr_line' id='line_1_103' title="bbox 177 5290 1749 5363; baseline 0.001 -19"><span class='ocrx_word' id='word_1_761' title='bbox 177 5310 195 5344; x_wconf 76' lang='grc' dir='ltr'>ι</span> <span class='ocrx_word' id='word_1_762' title='bbox 224 5292 425 5347; x_wconf 81' lang='lat' dir='ltr'><strong>Fertur</strong></span> <span class='ocrx_word' id='word_1_763' title='bbox 452 5294 656 5363; x_wconf 71' lang='lat' dir='ltr'><strong>interea</strong></span> <span class='ocrx_word' id='word_1_764' title='bbox 682 5292 735 5345; x_wconf 94' lang='lat' dir='ltr'><strong>in</strong></span> <span class='ocrx_word' id='word_1_765' title='bbox 761 5292 1193 5363; x_wconf 75' lang='lat' dir='ltr'><strong>suggillationem</strong></span> <span class='ocrx_word' id='word_1_766' title='bbox 1240 5290 1489 5363; x_wconf 3' lang='lat' dir='ltr'><strong>ejusdem,</strong></span> <span class='ocrx_word' id='word_1_767' title='bbox 1509 5290 1749 5363; x_wconf 76' lang='lat' dir='ltr'><strong>abbatis,</strong></span> 
     </span>
    </p>
   </div>
   <div class='ocr_carea' id='block_1_104' title="bbox 171 5360 1753 5423">
    <p class='ocr_par' dir='ltr' id='par_1_104' title="bbox 171 5360 1753 5423">
     <span class='ocr_line' id='line_1_104' title="bbox 171 5360 1753 5423; baseline -0.001 -7"><span class='ocrx_word' id='word_1_768' title='bbox 171 5364 448 5423; x_wconf 83' lang='lat' dir='ltr'><strong>tutiusque</strong></span> <span class='ocrx_word' id='word_1_769' title='bbox 471 5361 759 5417; x_wconf 79' lang='lat' dir='ltr'><strong>Gallicanae</strong></span> <span class='ocrx_word' id='word_1_770' title='bbox 788 5360 1061 5423; x_wconf 66' lang='lat' dir='ltr'><strong>Ecclesiae,</strong></span> <span class='ocrx_word' id='word_1_771' title='bbox 1102 5360 1279 5415; x_wconf 52' lang='lat' dir='ltr'><strong>tanta!</strong></span> <span class='ocrx_word' id='word_1_772' title='bbox 1300 5360 1627 5423; x_wconf 84' lang='lat' dir='ltr'><strong>prolixitatis</strong></span> <span class='ocrx_word' id='word_1_773' title='bbox 1656 5375 1753 5414; x_wconf 87' lang='lat' dir='ltr'><strong>vo-</strong></span> 
     </span>
    </p>
   </div>
   <div class='ocr_carea' id='block_1_105' title="bbox 172 5429 1747 5502">
    <p class='ocr_par' dir='ltr' id='par_1_105' title="bbox 172 5429 1747 5502">
     <span class='ocr_line' id='line_1_105' title="bbox 172 5429 1747 5502; baseline -0.001 -16"><span class='ocrx_word' id='word_1_774' title='bbox 172 5433 338 5487; x_wconf 76' lang='lat' dir='ltr'><strong>luisse</strong></span> <span class='ocrx_word' id='word_1_775' title='bbox 361 5429 619 5495; x_wconf 84' lang='lat' dir='ltr'><strong>libellum,</strong></span> <span class='ocrx_word' id='word_1_776' title='bbox 648 5440 755 5485; x_wconf 89' lang='lat' dir='ltr'><strong>etc.</strong></span> <span class='ocrx_word' id='word_1_777' title='bbox 788 5453 806 5484; x_wconf 74' lang='lat' dir='ltr'><strong>i</strong></span> <span class='ocrx_word' id='word_1_778' title='bbox 828 5432 898 5485; x_wconf 84' lang='lat' dir='ltr'><strong>At</strong></span> <span class='ocrx_word' id='word_1_779' title='bbox 916 5433 1069 5502; x_wconf 89' lang='lat' dir='ltr'><strong>cujus</strong></span> <span class='ocrx_word' id='word_1_780' title='bbox 1092 5430 1196 5486; x_wconf 91' lang='lat' dir='ltr'><strong>loci</strong></span> <span class='ocrx_word' id='word_1_781' title='bbox 1220 5429 1387 5486; x_wconf 83' lang='lat' dir='ltr'><strong>abbas</strong></span> <span class='ocrx_word' id='word_1_782' title='bbox 1405 5429 1588 5495; x_wconf 91' lang='lat' dir='ltr'><strong>fuerit,</strong></span> <span class='ocrx_word' id='word_1_783' title='bbox 1614 5430 1747 5485; x_wconf 91' lang='lat' dir='ltr'><strong>mihi</strong></span> 
     </span>
    </p>
   </div>
   <div class='ocr_carea' id='block_1_106' title="bbox 173 5502 878 5571">
    <p class='ocr_par' dir='ltr' id='par_1_106' title="bbox 173 5502 878 5571">
     <span class='ocr_line' id='line_1_106' title="bbox 173 5502 878 5571; baseline -0.004 -15"><span class='ocrx_word' id='word_1_784' title='bbox 173 5502 437 5557; x_wconf 84' lang='lat' dir='ltr'><strong>hactenus</strong></span> <span class='ocrx_word' id='word_1_785' title='bbox 469 5504 878 5571; x_wconf 86' lang='lat' dir='ltr'><strong>incompertum.</strong></span> 
     </span>
    </p>
   </div>
   <div class='ocr_carea' id='block_1_107' title="bbox 240 5569 1161 5641">
    <p class='ocr_par' dir='ltr' id='par_1_107' title="bbox 240 5569 1161 5641">
     <span class='ocr_line' id='line_1_107' title="bbox 240 5569 1161 5641; baseline 0 -15"><span class='ocrx_word' id='word_1_786' title='bbox 240 5572 406 5626; x_wconf 77' lang='lat' dir='ltr'><strong>Multa</strong></span> <span class='ocrx_word' id='word_1_787' title='bbox 435 5569 663 5641; x_wconf 71' lang='lat' dir='ltr'><strong>scripsit</strong></span> <span class='ocrx_word' id='word_1_788' title='bbox 688 5569 964 5636; x_wconf 88' lang='lat' dir='ltr'><strong>Claudius,</strong></span> <span class='ocrx_word' id='word_1_789' title='bbox 1001 5571 1161 5641; x_wconf 64' lang='lat' dir='ltr'><strong>praeci</strong></span> 
     </span>
    </p>
   </div>
   <div class='ocr_carea' id='block_1_108' title="bbox 176 5641 1123 5710">
    <p class='ocr_par' dir='ltr' id='par_1_108' title="bbox 176 5641 1123 5710">
     <span class='ocr_line' id='line_1_108' title="bbox 176 5641 1123 5710; baseline -0.002 -13"><span class='ocrx_word' id='word_1_790' title='bbox 176 5643 313 5703; x_wconf 80' lang='lat' dir='ltr'><strong>taria</strong></span> <span class='ocrx_word' id='word_1_791' title='bbox 340 5644 394 5697; x_wconf 92' lang='lat' dir='ltr'><strong>in</strong></span> <span class='ocrx_word' id='word_1_792' title='bbox 419 5644 609 5696; x_wconf 87' lang='lat' dir='ltr'><strong>sacros</strong></span> <span class='ocrx_word' id='word_1_793' title='bbox 631 5641 818 5706; x_wconf 90' lang='lat' dir='ltr'><strong>libros,</strong></span> <span class='ocrx_word' id='word_1_794' title='bbox 845 5656 1038 5710; x_wconf 90' lang='lat' dir='ltr'><strong>nempe</strong></span> <span class='ocrx_word' id='word_1_795' title='bbox 1072 5643 1123 5695; x_wconf 92' lang='lat' dir='ltr'><strong>in</strong></span> 
     </span>
    </p>
   </div>
   <div class='ocr_carea' id='block_1_109' title="bbox 178 5708 1744 5779">
    <p class='ocr_par' dir='ltr' id='par_1_109' title="bbox 178 5708 1744 5779">
     <span class='ocr_line' id='line_1_109' title="bbox 178 5708 1744 5779; baseline -0.002 -16"><span class='ocrx_word' id='word_1_796' title='bbox 178 5711 340 5767; x_wconf 87' lang='lat' dir='ltr'><strong>libros</strong></span> <span class='ocrx_word' id='word_1_797' title='bbox 381 5721 520 5775; x_wconf 88' lang='lat' dir='ltr'><strong>tres;</strong></span> <span class='ocrx_word' id='word_1_798' title='bbox 558 5711 613 5765; x_wconf 92' lang='lat' dir='ltr'><strong>in</strong></span> <span class='ocrx_word' id='word_1_799' title='bbox 668 5712 898 5765; x_wconf 86' lang='lat' dir='ltr'><strong>exodum</strong></span> <span class='ocrx_word' id='word_1_800' title='bbox 948 5708 1179 5779; x_wconf 75' lang='lat' dir='ltr'><strong>quatuor</strong></span> <span class='ocrx_word' id='word_1_801' title='bbox 1223 5726 1364 5765; x_wconf 90' lang='lat' dir='ltr'><strong>anno</strong></span> <span class='ocrx_word' id='word_1_802' title='bbox 1401 5710 1535 5774; x_wconf 69' lang='lat'><strong>821;</strong></span> <span class='ocrx_word' id='word_1_803' title='bbox 1574 5717 1640 5779; x_wconf 84' lang='lat' dir='ltr'><strong>et</strong></span> <span class='ocrx_word' id='word_1_804' title='bbox 1688 5708 1744 5761; x_wconf 90' lang='lat' dir='ltr'><strong>in</strong></span> 
     </span>
    </p>
   </div>
   <div class='ocr_carea' id='block_1_110' title="bbox 176 5778 1746 5851">
    <p class='ocr_par' dir='ltr' id='par_1_110' title="bbox 176 5778 1746 5851">
     <span class='ocr_line' id='line_1_110' title="bbox 176 5778 1746 5851; baseline -0.001 -17"><span class='ocrx_word' id='word_1_805' title='bbox 176 5779 469 5838; x_wconf 84' lang='lat' dir='ltr'><strong>Leviticum</strong></span> <span class='ocrx_word' id='word_1_806' title='bbox 497 5794 642 5835; x_wconf 87' lang='lat' dir='ltr'><strong>anno</strong></span> <span class='ocrx_word' id='word_1_807' title='bbox 660 5780 785 5845; x_wconf 71' lang='lat'><strong>825,</strong></span> <span class='ocrx_word' id='word_1_808' title='bbox 816 5796 934 5851; x_wconf 69' lang='lat' dir='ltr'><strong>quae</strong></span> <span class='ocrx_word' id='word_1_809' title='bbox 955 5778 1135 5835; x_wconf 86' lang='lat' dir='ltr'><strong>omnia</strong></span> <span class='ocrx_word' id='word_1_810' title='bbox 1166 5780 1507 5836; x_wconf 84' lang='lat' dir='ltr'><strong>Theodemiri</strong></span> <span class='ocrx_word' id='word_1_811' title='bbox 1537 5778 1746 5834; x_wconf 87' lang='lat' dir='ltr'><strong>abbatis</strong></span> 
     </span>
    </p>
   </div>
   <div class='ocr_carea' id='block_1_111' title="bbox 412 5872 896 5936">
    <p class='ocr_par' dir='ltr' id='par_1_111' title="bbox 412 5872 896 5936">
     <span class='ocr_line' id='line_1_111' title="bbox 412 5872 896 5936; baseline 0 -1"><span class='ocrx_word' id='word_1_812' title='bbox 412 5875 688 5935; x_wconf 70' lang='grc' dir='ltr'><strong>Ρηιιοι..</strong></span> <span class='ocrx_word' id='word_1_813' title='bbox 734 5872 896 5936; x_wconf 74' lang='grc' dir='ltr'><strong>ΟΠ.</strong></span> 
     </span>
    </p>
   </div>
   <div class='ocr_carea' id='block_1_112' title="bbox 1239 5580 1747 5626">
    <p class='ocr_par' dir='ltr' id='par_1_112' title="bbox 1239 5580 1747 5626">
     <span class='ocr_line' id='line_1_112' title="bbox 1239 5580 1747 5626; baseline -0.006 -1"><span class='ocrx_word' id='word_1_814' title='bbox 1239 5580 1269 5625; x_wconf 73' lang='grc' dir='ltr'>θ</span> <span class='ocrx_word' id='word_1_815' title='bbox 1313 5585 1443 5626; x_wconf 90' lang='lat' dir='ltr'><strong>vero</strong></span> <span class='ocrx_word' id='word_1_816' title='bbox 1472 5583 1747 5625; x_wconf 88' lang='lat' dir='ltr'><strong>commen-</strong></span> 
     </span>
    </p>
   </div>
   <div class='ocr_carea' id='block_1_113' title="bbox 1231 5638 1745 5695">
    <p class='ocr_par' dir='ltr' id='par_1_113' title="bbox 1231 5638 1745 5695">
     <span class='ocr_line' id='line_1_113' title="bbox 1231 5638 1745 5695; baseline -0.006 0"><span class='ocrx_word' id='word_1_817' title='bbox 1231 5642 1404 5695; x_wconf 88' lang='lat' dir='ltr'><strong>nesim</strong></span> <span class='ocrx_word' id='word_1_818' title='bbox 1454 5654 1596 5694; x_wconf 91' lang='lat' dir='ltr'><strong>anno</strong></span> <span class='ocrx_word' id='word_1_819' title='bbox 1639 5638 1745 5694; x_wconf 77' lang='lat' dir='ltr'><strong>8M</strong></span> 
     </span>
    </p>
   </div>
   <div class='ocr_carea' id='block_1_114' title="bbox 1850 4596 3426 4672">
    <p class='ocr_par' dir='ltr' id='par_1_114' title="bbox 1850 4596 3426 4672">
     <span class='ocr_line' id='line_1_114' title="bbox 1850 4596 3426 4672; baseline 0.003 -21"><span class='ocrx_word' id='word_1_820' title='bbox 1850 4598 2173 4672; x_wconf 73' lang='lat' dir='ltr'><strong>elucubrata</strong></span> <span class='ocrx_word' id='word_1_821' title='bbox 2193 4599 2263 4652; x_wconf 93' lang='lat' dir='ltr'><strong>ab</strong></span> <span class='ocrx_word' id='word_1_822' title='bbox 2291 4598 2407 4667; x_wconf 89' lang='lat' dir='ltr'><strong>ipso</strong></span> <span class='ocrx_word' id='word_1_823' title='bbox 2423 4596 2839 4672; x_wconf 82' lang='lat' dir='ltr'><strong>_est,_Ludovico</strong></span> <span class='ocrx_word' id='word_1_824' title='bbox 2860 4596 3101 4667; x_wconf 81' lang='lat' dir='ltr'><strong>Augusto</strong></span> <span class='ocrx_word' id='word_1_825' title='bbox 3128 4596 3426 4672; x_wconf 69' lang='lat' dir='ltr'><strong>inscripsit.</strong></span> 
     </span>
    </p>
   </div>
   <div class='ocr_carea' id='block_1_115' title="bbox 1852 4666 3428 4739">
    <p class='ocr_par' dir='ltr' id='par_1_115' title="bbox 1852 4666 3428 4739">
     <span class='ocr_line' id='line_1_115' title="bbox 1852 4666 3428 4739; baseline 0.001 -16"><span class='ocrx_word' id='word_1_826' title='bbox 1852 4668 2081 4739; x_wconf 90' lang='lat' dir='ltr'><strong>Scripsit</strong></span> <span class='ocrx_word' id='word_1_827' title='bbox 2106 4668 2268 4723; x_wconf 89' lang='lat' dir='ltr'><strong>etiam</strong></span> <span class='ocrx_word' id='word_1_828' title='bbox 2287 4666 2530 4739; x_wconf 84' lang='lat' dir='ltr'><strong>quaedam</strong></span> <span class='ocrx_word' id='word_1_829' title='bbox 2546 4666 2599 4720; x_wconf 91' lang='lat' dir='ltr'><strong>in</strong></span> <span class='ocrx_word' id='word_1_830' title='bbox 2614 4666 2814 4739; x_wconf 83' lang='lat' dir='ltr'><strong>cultum</strong></span> <span class='ocrx_word' id='word_1_831' title='bbox 2835 4666 3109 4722; x_wconf 83' lang='lat' dir='ltr'><strong>sacrarum</strong></span> <span class='ocrx_word' id='word_1_832' title='bbox 3133 4666 3428 4739; x_wconf 73' lang='lat' dir='ltr'><strong>imaginum</strong></span> 
     </span>
    </p>
   </div>
   <div class='ocr_carea' id='block_1_116' title="bbox 1848 4735 3425 4808">
    <p class='ocr_par' dir='ltr' id='par_1_116' title="bbox 1848 4735 3425 4808">
     <span class='ocr_line' id='line_1_116' title="bbox 1848 4735 3425 4808; baseline 0 -16"><span class='ocrx_word' id='word_1_833' title='bbox 1848 4735 2071 4808; x_wconf 60' lang='lat' dir='ltr'><strong>piasiIue</strong></span> <span class='ocrx_word' id='word_1_834' title='bbox 2102 4737 2587 4808; x_wconf 83' lang='lat' dir='ltr'><strong>peregrinationes,</strong></span> <span class='ocrx_word' id='word_1_835' title='bbox 2612 4738 2666 4790; x_wconf 91' lang='lat' dir='ltr'><strong>in</strong></span> <span class='ocrx_word' id='word_1_836' title='bbox 2702 4735 2898 4808; x_wconf 85' lang='lat' dir='ltr'><strong>quibus</strong></span> <span class='ocrx_word' id='word_1_837' title='bbox 2919 4752 3048 4808; x_wconf 20' lang='lat' dir='ltr'><strong>non;</strong></span> <span class='ocrx_word' id='word_1_838' title='bbox 3064 4748 3211 4808; x_wconf 87' lang='lat' dir='ltr'><strong>recte</strong></span> <span class='ocrx_word' id='word_1_839' title='bbox 3236 4735 3425 4794; x_wconf 74' lang='lat' dir='ltr'><strong>sensit.</strong></span> 
     </span>
    </p>
   </div>
   <div class='ocr_carea' id='block_1_117' title="bbox 1918 4806 3427 4876">
    <p class='ocr_par' dir='ltr' id='par_1_117' title="bbox 1918 4806 3427 4876">
     <span class='ocr_line' id='line_1_117' title="bbox 1918 4806 3427 4876; baseline 0.001 -14"><span class='ocrx_word' id='word_1_840' title='bbox 1918 4806 1999 4862; x_wconf 75' lang='lat' dir='ltr'><strong>Ex</strong></span> <span class='ocrx_word' id='word_1_841' title='bbox 2027 4806 2115 4862; x_wconf 85' lang='lat' dir='ltr'><strong>his</strong></span> <span class='ocrx_word' id='word_1_842' title='bbox 2150 4807 2402 4861; x_wconf 88' lang='lat' dir='ltr'><strong>omnibus</strong></span> <span class='ocrx_word' id='word_1_843' title='bbox 2451 4806 2565 4862; x_wconf 91' lang='lat' dir='ltr'><strong>sola</strong></span> <span class='ocrx_word' id='word_1_844' title='bbox 2610 4806 2877 4876; x_wconf 79' lang='lat' dir='ltr'><strong>expositio</strong></span> <span class='ocrx_word' id='word_1_845' title='bbox 2914 4806 2967 4860; x_wconf 92' lang='lat' dir='ltr'><strong>in</strong></span> <span class='ocrx_word' id='word_1_846' title='bbox 3010 4806 3307 4876; x_wconf 88' lang='lat' dir='ltr'><strong>Epistolam</strong></span> <span class='ocrx_word' id='word_1_847' title='bbox 3358 4810 3427 4864; x_wconf 92' lang='lat' dir='ltr'><strong>ad</strong></span> 
     </span>
    </p>
   </div>
   <div class='ocr_carea' id='block_1_118' title="bbox 1847 4876 3426 4958">
    <p class='ocr_par' dir='ltr' id='par_1_118' title="bbox 1847 4876 3426 4958">
     <span class='ocr_line' id='line_1_118' title="bbox 1847 4876 3426 4958; baseline -0.001 -25"><span class='ocrx_word' id='word_1_848' title='bbox 1847 4876 2069 4958; x_wconf 79' lang='lat' dir='ltr'><strong>Galatas</strong></span> <span class='ocrx_word' id='word_1_849' title='bbox 2092 4878 2233 4949; x_wconf 86' lang='lat' dir='ltr'><strong>typis</strong></span> <span class='ocrx_word' id='word_1_850' title='bbox 2254 4877 2468 4958; x_wconf 68' lang='lat' dir='ltr'><strong>vulgata</strong></span> <span class='ocrx_word' id='word_1_851' title='bbox 2493 4886 2578 4958; x_wconf 80' lang='lat' dir='ltr'><strong>est</strong></span> <span class='ocrx_word' id='word_1_852' title='bbox 2598 4877 2655 4958; x_wconf 57' lang='lat' dir='ltr'><strong>iit</strong></span> <span class='ocrx_word' id='word_1_853' title='bbox 2673 4876 3002 4958; x_wconf 67' lang='lat' dir='ltr'><strong>Bibliotheca</strong></span> <span class='ocrx_word' id='word_1_854' title='bbox 3017 4876 3246 4958; x_wconf 44' lang='lat' dir='ltr'><strong>‘Patrum</strong></span> <span class='ocrx_word' id='word_1_855' title='bbox 3274 4897 3285 4930; x_wconf 93' lang='lat'><strong>:</strong></span> <span class='ocrx_word' id='word_1_856' title='bbox 3311 4878 3426 4958; x_wconf 63' lang='lat' dir='ltr'><strong>fra-</strong></span> 
     </span>
    </p>
   </div>
   <div class='ocr_carea' id='block_1_119' title="bbox 1886 4944 3430 5017">
    <p class='ocr_par' dir='ltr' id='par_1_119' title="bbox 1886 4944 3430 5017">
     <span class='ocr_line' id='line_1_119' title="bbox 1886 4944 3430 5017; baseline 0 -17"><span class='ocrx_word' id='word_1_857' title='bbox 1886 4944 2132 5003; x_wconf 58' lang='lat' dir='ltr'><strong>mentum&#39;</strong></span> <span class='ocrx_word' id='word_1_858' title='bbox 2150 4944 2483 5017; x_wconf 60' lang='lat' dir='ltr'><strong>prmfationis</strong></span> <span class='ocrx_word' id='word_1_859' title='bbox 2511 4947 2564 5017; x_wconf 89' lang='lat' dir='ltr'><strong>in</strong></span> <span class='ocrx_word' id='word_1_860' title='bbox 2596 4945 2902 5017; x_wconf 76' lang='lat' dir='ltr'><strong>Matthaeum</strong></span> <span class='ocrx_word' id='word_1_861' title='bbox 2933 4946 2989 4999; x_wconf 90' lang='lat' dir='ltr'><strong>in</strong></span> <span class='ocrx_word' id='word_1_862' title='bbox 3017 4944 3191 5000; x_wconf 90' lang='lat' dir='ltr'><strong>lucem</strong></span> <span class='ocrx_word' id='word_1_863' title='bbox 3203 4948 3430 5017; x_wconf 89' lang='lat' dir='ltr'><strong>protulit</strong></span> 
     </span>
    </p>
   </div>
   <div class='ocr_carea' id='block_1_120' title="bbox 1848 4964 3428 5084">
    <p class='ocr_par' dir='ltr' id='par_1_120' title="bbox 1848 4964 3428 5084">
     <span class='ocr_line' id='line_1_120' title="bbox 1886 4964 3428 5017; baseline 0 -17"><span class='ocrx_word' id='word_1_864' title='bbox 1886 4964 2123 5003; x_wconf 86' lang='lat' dir='ltr'><strong>mentum</strong></span> <span class='ocrx_word' id='word_1_865' title='bbox 2150 4964 2483 5017; x_wconf 60' lang='lat' dir='ltr'><strong>prxlauonis</strong></span> <span class='ocrx_word' id='word_1_866' title='bbox 2511 4964 2564 5000; x_wconf 81' lang='lat' dir='ltr'><strong>in</strong></span> <span class='ocrx_word' id='word_1_867' title='bbox 2596 4964 2902 5000; x_wconf 77' lang='lat' dir='ltr'><strong>maunamm</strong></span> <span class='ocrx_word' id='word_1_868' title='bbox 2933 4964 2989 4999; x_wconf 80' lang='grc' dir='ltr'><strong>ιη</strong></span> <span class='ocrx_word' id='word_1_869' title='bbox 3019 4964 3428 5017; x_wconf 74' lang='lat' dir='ltr'><strong>mcemproruut</strong></span> 
     </span>
     <span class='ocr_line' id='line_1_121' title="bbox 1848 4964 3428 5084; baseline -0.001 -11"><span class='ocrx_word' id='word_1_870' title='bbox 1848 4964 2103 5073; x_wconf 53' lang='lat' dir='ltr'><strong>ﬁsserius</strong></span> <span class='ocrx_word' id='word_1_871' title='bbox 2130 5018 2272 5070; x_wconf 85' lang='lat' dir='ltr'><strong>inter</strong></span> <span class='ocrx_word' id='word_1_872' title='bbox 2302 5016 2618 5070; x_wconf 84' lang='lat' dir='ltr'><strong>Hiberuicas</strong></span> <span class='ocrx_word' id='word_1_873' title='bbox 2642 5014 2899 5084; x_wconf 87' lang='lat' dir='ltr'><strong>epistolas</strong></span> <span class='ocrx_word' id='word_1_874' title='bbox 2939 5030 2953 5067; x_wconf 88' lang='lat'><strong>:</strong></span> <span class='ocrx_word' id='word_1_875' title='bbox 2986 5024 3202 5080; x_wconf 72' lang='lat' dir='ltr'><strong>caetera,</strong></span> <span class='ocrx_word' id='word_1_876' title='bbox 3227 5026 3428 5084; x_wconf 73' lang='lat' dir='ltr'><strong>prmter</strong></span> 
     </span>
    </p>
   </div>
   <div class='ocr_carea' id='block_1_121' title="bbox 1848 5084 3423 5155">
    <p class='ocr_par' dir='ltr' id='par_1_121' title="bbox 1848 5084 3423 5155">
     <span class='ocr_line' id='line_1_122' title="bbox 1848 5084 3423 5155; baseline 0 -14"><span class='ocrx_word' id='word_1_877' title='bbox 1848 5088 1983 5141; x_wconf 90' lang='lat' dir='ltr'><strong>duas</strong></span> <span class='ocrx_word' id='word_1_878' title='bbox 2036 5087 2197 5141; x_wconf 89' lang='lat' dir='ltr'><strong>hasce</strong></span> <span class='ocrx_word' id='word_1_879' title='bbox 2236 5084 2607 5155; x_wconf 68' lang='lat' dir='ltr'><strong>praafationes,</strong></span> <span class='ocrx_word' id='word_1_880' title='bbox 2646 5084 2820 5139; x_wconf 93' lang='lat' dir='ltr'><strong>adhuc</strong></span> <span class='ocrx_word' id='word_1_881' title='bbox 2864 5084 2916 5155; x_wconf 88' lang='lat' dir='ltr'><strong>in</strong></span> <span class='ocrx_word' id='word_1_882' title='bbox 2947 5084 3186 5155; x_wconf 84' lang='lat' dir='ltr'><strong>tenebris</strong></span> <span class='ocrx_word' id='word_1_883' title='bbox 3231 5084 3423 5141; x_wconf 90' lang='lat' dir='ltr'><strong>latent.</strong></span> 
     </span>
    </p>
   </div>
   <div class='ocr_carea' id='block_1_122' title="bbox 1849 5154 3426 5226">
    <p class='ocr_par' dir='ltr' id='par_1_122' title="bbox 1849 5154 3426 5226">
     <span class='ocr_line' id='line_1_123' title="bbox 1849 5154 3426 5226; baseline 0.001 -16"><span class='ocrx_word' id='word_1_884' title='bbox 1849 5154 2254 5226; x_wconf 78' lang='lat' dir='ltr'><strong>Expositioneni</strong></span> <span class='ocrx_word' id='word_1_885' title='bbox 2280 5156 2330 5226; x_wconf 91' lang='lat' dir='ltr'><strong>in</strong></span> <span class='ocrx_word' id='word_1_886' title='bbox 2366 5154 2966 5226; x_wconf 12' lang='lat' dir='ltr'><strong>llf_atth_;eumrr_eperi_in</strong></span> <span class='ocrx_word' id='word_1_887' title='bbox 2994 5154 3316 5226; x_wconf 84' lang='lat' dir='ltr'><strong>bibliotheca</strong></span> <span class='ocrx_word' id='word_1_888' title='bbox 3341 5172 3426 5210; x_wconf 54' lang='lat' dir='ltr'><strong>ca-</strong></span> 
     </span>
    </p>
   </div>
   <div class='ocr_carea' id='block_1_123' title="bbox 1850 5222 3425 5281">
    <p class='ocr_par' dir='ltr' id='par_1_123' title="bbox 1850 5222 3425 5281">
     <span class='ocr_line' id='line_1_124' title="bbox 1850 5222 3425 5281; baseline 0.001 -2"><span class='ocrx_word' id='word_1_889' title='bbox 1850 5222 2109 5281; x_wconf 77' lang='lat' dir='ltr'><strong>thedralis</strong></span> <span class='ocrx_word' id='word_1_890' title='bbox 2132 5225 2373 5281; x_wconf 60' lang='lat' dir='ltr'><strong>ecclesia</strong></span> <span class='ocrx_word' id='word_1_891' title='bbox 2402 5222 2779 5278; x_wconf 88' lang='lat' dir='ltr'><strong>Laudunensis</strong></span> <span class='ocrx_word' id='word_1_892' title='bbox 2811 5239 2826 5276; x_wconf 86' lang='lat'><strong>:</strong></span> <span class='ocrx_word' id='word_1_893' title='bbox 2867 5222 3264 5278; x_wconf 87' lang='lat' dir='ltr'><strong>Commentaria</strong></span> <span class='ocrx_word' id='word_1_894' title='bbox 3295 5241 3425 5280; x_wconf 90' lang='lat' dir='ltr'><strong>vero</strong></span> 
     </span>
    </p>
   </div>
   <div class='ocr_carea' id='block_1_124' title="bbox 1852 5292 3421 5363">
    <p class='ocr_par' dir='ltr' id='par_1_124' title="bbox 1852 5292 3421 5363">
     <span class='ocr_line' id='line_1_125' title="bbox 1852 5292 3421 5363; baseline -0.001 -12"><span class='ocrx_word' id='word_1_895' title='bbox 1852 5296 1905 5351; x_wconf 92' lang='lat' dir='ltr'><strong>in</strong></span> <span class='ocrx_word' id='word_1_896' title='bbox 1938 5295 2234 5351; x_wconf 91' lang='lat' dir='ltr'><strong>Leviticum</strong></span> <span class='ocrx_word' id='word_1_897' title='bbox 2262 5308 2429 5363; x_wconf 87' lang='lat' dir='ltr'><strong>penes</strong></span> <span class='ocrx_word' id='word_1_898' title='bbox 2465 5309 2564 5347; x_wconf 90' lang='lat' dir='ltr'><strong>nos</strong></span> <span class='ocrx_word' id='word_1_899' title='bbox 2596 5294 2857 5348; x_wconf 91' lang='lat' dir='ltr'><strong>habemus</strong></span> <span class='ocrx_word' id='word_1_900' title='bbox 2880 5293 2957 5363; x_wconf 85' lang='lat' dir='ltr'><strong>_in</strong></span> <span class='ocrx_word' id='word_1_901' title='bbox 2972 5292 3189 5363; x_wconf 30' lang='lat' dir='ltr'><strong>Acodice</strong></span> <span class='ocrx_word' id='word_1_902' title='bbox 3236 5293 3421 5350; x_wconf 80' lang='lat' dir='ltr'><strong>Remi-</strong></span> 
     </span>
    </p>
   </div>
   <div class='ocr_carea' id='block_1_125' title="bbox 1851 5359 3423 5436">
    <p class='ocr_par' dir='ltr' id='par_1_125' title="bbox 1851 5359 3423 5436">
     <span class='ocr_line' id='line_1_126' title="bbox 1851 5359 3423 5436; baseline 0 -17"><span class='ocrx_word' id='word_1_903' title='bbox 1851 5366 2012 5435; x_wconf 89' lang='lat' dir='ltr'><strong>giano</strong></span> <span class='ocrx_word' id='word_1_904' title='bbox 2033 5375 2089 5421; x_wconf 91' lang='lat' dir='ltr'><strong>et</strong></span> <span class='ocrx_word' id='word_1_905' title='bbox 2107 5359 2469 5436; x_wconf 84' lang='lat' dir='ltr'><strong>expositiones</strong></span> <span class='ocrx_word' id='word_1_906' title='bbox 2498 5379 2679 5436; x_wconf 53' lang='lat' dir='ltr'><strong>super</strong></span> <span class='ocrx_word' id='word_1_907' title='bbox 2691 5361 2958 5436; x_wconf 82' lang='lat' dir='ltr'><strong>Epistolas</strong></span> <span class='ocrx_word' id='word_1_908' title='bbox 2971 5359 3123 5415; x_wconf 85' lang='lat' dir='ltr'><strong>Pauli</strong></span> <span class='ocrx_word' id='word_1_909' title='bbox 3144 5362 3199 5417; x_wconf 92' lang='lat' dir='ltr'><strong>in</strong></span> <span class='ocrx_word' id='word_1_910' title='bbox 3215 5363 3423 5419; x_wconf 90' lang='lat' dir='ltr'><strong>duobus</strong></span> 
     </span>
    </p>
   </div>
   <div class='ocr_carea' id='block_1_126' title="bbox 1856 5432 3002 5490">
    <p class='ocr_par' dir='ltr' id='par_1_126' title="bbox 1856 5432 3002 5490">
     <span class='ocr_line' id='line_1_127' title="bbox 1856 5432 3002 5490; baseline -0.003 -1"><span class='ocrx_word' id='word_1_911' title='bbox 1856 5432 2218 5490; x_wconf 73' lang='lat' dir='ltr'><strong>voluminibus</strong></span> <span class='ocrx_word' id='word_1_912' title='bbox 2248 5432 2588 5488; x_wconf 64' lang='lat' dir='ltr'><strong>bibliotheca:</strong></span> <span class='ocrx_word' id='word_1_913' title='bbox 2621 5432 3002 5487; x_wconf 89' lang='lat' dir='ltr'><strong>Floriacensis.</strong></span> 
     </span>
    </p>
   </div>
   <div class='ocr_carea' id='block_1_127' title="bbox 1924 5501 3419 5572">
    <p class='ocr_par' dir='ltr' id='par_1_127' title="bbox 1924 5501 3419 5572">
     <span class='ocr_line' id='line_1_128' title="bbox 1924 5501 3419 5572; baseline -0.001 -14"><span class='ocrx_word' id='word_1_914' title='bbox 1924 5504 2198 5561; x_wconf 83' lang='lat' dir='ltr'><strong>Adversus</strong></span> <span class='ocrx_word' id='word_1_915' title='bbox 2222 5504 2505 5560; x_wconf 87' lang='lat' dir='ltr'><strong>Claudium</strong></span> <span class='ocrx_word' id='word_1_916' title='bbox 2530 5503 2793 5572; x_wconf 89' lang='lat' dir='ltr'><strong>scripsere</strong></span> <span class='ocrx_word' id='word_1_917' title='bbox 2816 5501 3204 5557; x_wconf 86' lang='lat' dir='ltr'><strong>Theodemirus</strong></span> <span class='ocrx_word' id='word_1_918' title='bbox 3232 5503 3419 5567; x_wconf 87' lang='lat' dir='ltr'><strong>abbas,</strong></span> 
     </span>
    </p>
   </div>
   <div class='ocr_carea' id='block_1_128' title="bbox 1853 5572 3417 5645">
    <p class='ocr_par' dir='ltr' id='par_1_128' title="bbox 1853 5572 3417 5645">
     <span class='ocr_line' id='line_1_129' title="bbox 1853 5572 3417 5645; baseline -0.002 -17"><span class='ocrx_word' id='word_1_919' title='bbox 1853 5574 2129 5645; x_wconf 85' lang='lat' dir='ltr'><strong>Dungalus</strong></span> <span class='ocrx_word' id='word_1_920' title='bbox 2152 5574 2415 5645; x_wconf 81' lang='lat' dir='ltr'><strong>Reclusus</strong></span> <span class='ocrx_word' id='word_1_921' title='bbox 2432 5582 2489 5628; x_wconf 92' lang='lat' dir='ltr'><strong>et</strong></span> <span class='ocrx_word' id='word_1_922' title='bbox 2505 5573 2670 5645; x_wconf 78' lang='lat' dir='ltr'><strong>Jonas</strong></span> <span class='ocrx_word' id='word_1_923' title='bbox 2693 5572 3098 5645; x_wconf 84' lang='lat' dir='ltr'><strong>Aurelianensis</strong></span> <span class='ocrx_word' id='word_1_924' title='bbox 3111 5572 3417 5645; x_wconf 79' lang='lat' dir='ltr'><strong>episcopus,</strong></span> 
     </span>
    </p>
   </div>
   <div class='ocr_carea' id='block_1_129' title="bbox 1852 5641 3421 5713">
    <p class='ocr_par' dir='ltr' id='par_1_129' title="bbox 1852 5641 3421 5713">
     <span class='ocr_line' id='line_1_130' title="bbox 1852 5641 3421 5713; baseline -0.001 -14"><span class='ocrx_word' id='word_1_925' title='bbox 1852 5641 2130 5701; x_wconf 76' lang='lat' dir='ltr'><strong>sacrarum</strong></span> <span class='ocrx_word' id='word_1_926' title='bbox 2162 5644 2455 5713; x_wconf 87' lang='lat' dir='ltr'><strong>imaginum</strong></span> <span class='ocrx_word' id='word_1_927' title='bbox 2482 5644 2686 5698; x_wconf 92' lang='lat' dir='ltr'><strong>cultum</strong></span> <span class='ocrx_word' id='word_1_928' title='bbox 2712 5651 2768 5697; x_wconf 88' lang='lat' dir='ltr'><strong>et</strong></span> <span class='ocrx_word' id='word_1_929' title='bbox 2796 5641 3265 5713; x_wconf 85' lang='lat' dir='ltr'><strong>peregrinationes</strong></span> <span class='ocrx_word' id='word_1_930' title='bbox 3302 5644 3421 5712; x_wconf 81' lang='lat' dir='ltr'><strong>pias</strong></span> 
     </span>
    </p>
   </div>
   <div class='ocr_carea' id='block_1_130' title="bbox 1853 5712 2592 5774">
    <p class='ocr_par' dir='ltr' id='par_1_130' title="bbox 1853 5712 2592 5774">
     <span class='ocr_line' id='line_1_131' title="bbox 1853 5712 2592 5774; baseline 0 -6"><span class='ocrx_word' id='word_1_931' title='bbox 1853 5715 2003 5771; x_wconf 88' lang='lat' dir='ltr'><strong>libris</strong></span> <span class='ocrx_word' id='word_1_932' title='bbox 2036 5715 2193 5771; x_wconf 90' lang='lat' dir='ltr'><strong>editis</strong></span> <span class='ocrx_word' id='word_1_933' title='bbox 2223 5712 2592 5774; x_wconf 73' lang='lat' dir='ltr'><strong>defendentes.</strong></span> 
     </span>
    </p>
   </div>
   <div class='ocr_carea' id='block_1_131' title="bbox 2908 5862 2986 5923">
    <p class='ocr_par' dir='ltr' id='par_1_131' title="bbox 2908 5862 2986 5923">
     <span class='ocr_line' id='line_1_132' title="bbox 2908 5862 2986 5923; baseline 0.038 -3"><span class='ocrx_word' id='word_1_934' title='bbox 2908 5862 2986 5923; x_wconf 79' lang='lat'><strong>20</strong></span> 
     </span>
    </p>
   </div>
  </div>
