3912 6310
471 309 574 366 819

1467 307 1808 368 CLAUDIUS
1849 304 2312 363 TAURINENSIS
2350 305 2745 365 EPISCOPUS.

3645 308 3750 366 σεο

469 437 585 478 rius
613 419 847 476 hominis
883 435 990 476 non
1022 419 1082 474 lit
1111 420 1249 476 alter
1290 419 1482 475 beatus
1508 435 1522 474 :
1547 437 1674 490 quia
1701 429 1755 475 et
1785 435 1907 475 cum
1933 435 2058 475 eum
2088 429 2137 485 Α
2163 418 2312 472 Patri
2349 426 2402 471 et
2453 427 2725 473 coaeterna
2768 419 3045 487 suscipere
3095 420 3425 489 dignaretur,
3470 437 3566 491 per
3589 435 3752 490 quam

471 513 719 567 imitatur
756 519 816 565 ut
849 511 940 576 sit,
978 510 1104 566 inde
1132 510 1338 579 appetit
1364 509 1556 566 beatus
1593 511 1709 566 ﬁeri
1742 509 1882 564 unde
1905 508 2056 563 illum

470 601 670 658 factum
693 602 841 656 videt
866 601 973 665 ille,
1002 601 1209 656 scilicet
1228 602 1654 657 incommutabili
1676 601 2058 670 communique

470 692 717 749 veritate.
737 691 922 762 Neque
947 692 1233 762 prudentia
1259 693 1538 763 cujusdam
1561 693 1619 748 tit
1639 693 1876 762 prudens
1896 690 2054 757 alius,

470 795 564 841 aut
629 785 787 840 fortis
816 783 1130 840 fortitudine
1149 825 1164 849 ,
1204 793 1296 839 aut
1327 793 1632 855 temperans
1664 784 2021 854 temperantia
2041 824 2055 849 ,

470 884 566 932 aut
583 877 764 948 justus
800 874 1010 944 justitia
1053 875 1287 932 hominis
1325 875 1547 930 alterius
1579 875 1867 946 quisquam
1893 873 2058 930 cilici-

470 978 560 1024 tur
594 983 610 1022 :
648 969 742 1023 sed
782 968 1084 1038 coaptando
1115 967 1354 1021 animum
1398 967 1502 1021 illis
1531 965 2060 1021 incommutabilibus

467 1059 672 1130 regulis
699 1058 1102 1128 luminibusque
1127 1057 1409 1122 virtutum,
1437 1073 1556 1128 qua:
1581 1056 2060 1126 iucorruptibiliter

468 1151 657 1204 vivunt
687 1150 740 1204 in
762 1150 876 1219 ipsa
899 1151 1128 1204 veritate
1149 1149 1522 1220 sapientiaque
1543 1149 1834 1213 communi,
1861 1147 2058 1217 quibus

469 1251 524 1295 et
555 1241 644 1296 ille
672 1241 946 1310 coaptavit
973 1250 1028 1295 et
1062 1241 1182 1296 fixit
1206 1240 1444 1295 animum
1463 1282 1478 1306 ,
1516 1257 1677 1310 quem
1703 1241 1822 1295 istis
1845 1240 2060 1294 virtuti-

469 1331 571 1388 bus
602 1333 888 1403 przeditum
930 1333 1031 1387 sibi
1074 1333 1138 1386 ad
1171 1332 1492 1386 imitandum
1520 1333 1821 1402 proposuit.
1851 1331 2057 1386 Volun-

471 1431 554 1477 tas
604 1438 737 1493 ergo
786 1424 1070 1478 adhaerens
1113 1422 1385 1478 communi
1435 1434 1596 1493 atque
1633 1422 2057 1478 incommutabili

473 1511 633 1578 bono,
663 1514 921 1582 impetrat
957 1514 1130 1584 prima
1161 1523 1217 1568 ei
1251 1529 1446 1585 magna
1475 1514 1712 1569 hominis
1739 1513 1900 1578 bona,
1934 1528 2058 1568 cum

471 1604 586 1674 ipsa
613 1606 684 1659 sit
725 1603 960 1659 medium
1006 1604 1274 1674 quoddam
1311 1605 1533 1660 bonum.
1580 1606 1842 1661 Voluntas
1878 1613 2056 1659 autem

469 1710 660 1751 aversa
686 1696 754 1750 ab
791 1696 1216 1752 incommutabili
1253 1705 1307 1752 et
1335 1698 1608 1752 communi
1645 1698 1807 1760 bono,
1847 1706 1901 1751 et
1929 1711 2058 1751 con-

2160 525 2260 565 nos
2303 509 2522 565 doceret
2551 509 2604 564 id
2634 524 2754 564 esse
2781 510 2985 564 homini
3012 510 3296 566 colendum
3326 513 3470 580 quod
3505 510 3575 566 ab
3603 513 3750 568 omni

2160 609 2410 654 creatura
2439 599 2793 656 intellectuali
2818 609 2872 655 et
2895 601 3146 656 rationali
3178 601 3465 656 colendum
3519 611 3622 658 est.

2237 712 2253 742 ι
2301 691 2416 747 Hoc
2437 693 2604 746 etiam
2635 691 2780 762 ipsos
2809 693 3040 763 optimos
3069 693 3292 762 angelos
3324 703 3382 748 et
3403 693 3749 751 excellentis-

2159 784 2294 840 sima
2338 782 2638 837 ministeria
2669 782 2766 837 Dei
2791 783 2930 839 velle
2974 783 3280 845 credamus.
3314 794 3375 838 ut
3411 801 3581 839 unum
3623 801 3748 840 cum

2161 875 2294 945 ipsis
2337 875 2576 930 colamus
2629 875 2798 931 Deum
2825 916 2840 942 ,
2893 877 3052 947 cujus
3097 876 3556 947 contemplatione
3606 879 3753 933 beati

2159 977 2304 1022 sunt.
2344 967 2528 1037 Neque
2557 967 2702 1023 enim
2744 976 2799 1023 et
2825 983 2924 1023 nos
2961 968 3194 1023 videndo
3236 969 3460 1038 angelos
3491 969 3637 1023 beati
3666 985 3756 1023 su-

2159 1075 2303 1125 mus,
2333 1069 2425 1114 aut
2469 1075 2706 1129 unquam
2747 1059 2952 1115 erimus
2989 1079 3001 1114 :
3041 1060 3136 1115 sed
3166 1060 3398 1115 videndo
3438 1061 3752 1126 veritatem,

2159 1167 2258 1220 per
2284 1166 2446 1220 quam
2472 1152 2638 1205 etiam
2668 1151 2815 1221 ipsos
2841 1151 3116 1222 diligimus
3141 1151 3360 1221 angelos
3379 1192 3392 1214 ,
3425 1161 3483 1206 et
3517 1152 3605 1206 his
3632 1167 3758 1206 oon-

2160 1244 2512 1314 gratulamur.
2541 1242 2650 1298 Nec
2681 1244 2984 1299 invidemus
3013 1245 3155 1313 quod
3181 1245 3483 1314 paratiores
3507 1254 3561 1297 et
3592 1244 3756 1299 nullis

2160 1335 2423 1389 molestiis
2467 1335 2950 1404 interpedientibus
2987 1334 3343 1405 perfruuntur
3387 1353 3397 1387 :
3441 1336 3538 1390 sed
3584 1334 3759 1405 magis

2159 1442 2253 1482 eos
2293 1426 2587 1494 diligimus,
2635 1427 2778 1496 quod
2819 1436 2872 1482 et
2919 1442 3018 1482 nos
3067 1427 3172 1481 tale
3222 1426 3426 1495 aliquid
3474 1440 3758 1495 sperarea

2160 1518 2431 1571 communi
2456 1516 2567 1572 Deo
2583 1515 2722 1586 jussi
2748 1533 2956 1572 sumus.
2984 1518 3052 1571 Et
3079 1507 3280 1572 idcirco
3303 1518 3647 1570 honoramus
3666 1531 3759 1570 eos

2159 1608 2428 1664 charitate
2452 1648 2466 1672 ,
2519 1624 2625 1663 non
2663 1610 2958 1674 servitute;
2991 1623 3093 1662 nec
3130 1609 3210 1662 eis
3251 1607 3445 1676 templa
3476 1606 3760 1660 constitui—

2159 1713 2322 1752 mus:
2354 1714 2417 1753 ac
2462 1706 2559 1768 pEr
2605 1699 2708 1755 hoc
2755 1699 2945 1755 nolunt
2994 1715 3053 1754 sc
3088 1699 3167 1753 sic
3208 1699 3529 1752 honoraria
3580 1697 3756 1760 nobis,

469 1804 626 1844 versa
660 1787 726 1843 ad
756 1789 1033 1858 proprium
1065 1789 1298 1854 bonum,
1334 1797 1425 1844 aut
1453 1788 1522 1843 ad
1549 1790 1822 1855 exterius,
1869 1797 1964 1842 aut
1986 1786 2054 1842 ad
2085 1779 2131 1840 B
2159 1789 2287 1860 quia
2316 1805 2415 1844 nos
2445 1790 2621 1858 ipsos,
2649 1805 2774 1844 cum
2799 1791 2926 1846 boni
2951 1806 3168 1856 sumus,
3205 1789 3404 1860 templa
3433 1790 3639 1845 summi
3666 1788 3760 1844 Dei

471 1877 714 1940 inferius,
745 1886 955 1947 peccat.

547 1986 566 2017 ι
604 1980 628 2008 ι
662 1970 728 2021 Et
757 1968 876 2022 ideo
909 1984 1015 2022 non
1056 1968 1128 2024 sit
1153 1969 1309 2024 nobis
1349 1970 1536 2040 religio
1565 1970 1742 2024 cultus
1776 1970 2056 2024 hominum

474 2065 835 2124 mortuorum,
861 2059 983 2128 quia
1016 2059 1059 2113 si
1083 2060 1170 2129 pie
1191 2060 1442 2114 vixerunt
1467 2077 1576 2115 non
1601 2061 1680 2116 sic
1707 2062 1974 2115 habentur
1998 2068 2058 2114 ut

475 2148 610 2204 tales
637 2158 884 2217 quaerant
913 2149 1171 2215 honores,
1192 2152 1286 2205 sed
1310 2152 1460 2206 illum
1485 2168 1516 2206 a
1539 2153 1695 2207 nobis
1720 2152 1822 2207 coli
1847 2151 2056 2217 volunt,

470 2254 580 2308 quo
603 2239 889 2294 illuminati
912 2239 1164 2294 lzetantur
1179 2241 1358 2295 meriti
1382 2243 1464 2295 sui
1495 2257 1593 2295 nos
1614 2256 1735 2295 esse
1757 2249 2054 2296 consortes.

472 2327 783 2384 llonorandi
811 2344 939 2400 ergo
965 2337 1092 2383 sunt
1118 2338 1342 2400 propter
1370 2330 1760 2394 imitationem,
1793 2347 1899 2385 non
1928 2331 2058 2384 ado-

471 2418 628 2473 randi
657 2427 880 2490 propter
919 2418 1255 2488 religionem.
1303 2416 1359 2472 Si
1387 2426 1568 2472 autem
1613 2417 1754 2472 male
1781 2418 2054 2484 vixerunt,

472 2512 778 2581 ubicunque
819 2512 958 2576 sint,
998 2527 1104 2565 non
1133 2519 1260 2566 sunt
1292 2509 1522 2564 colendi.
1567 2509 1720 2577 Quod
1760 2510 1889 2565 colit
1927 2526 2057 2580 ergo

469 2618 716 2657 summus
742 2602 988 2672 angelus,
1019 2603 1071 2656 id
1106 2601 1391 2657 colendum
1427 2609 1510 2656 est
1547 2595 1710 2655 etiam
1736 2601 1804 2656 ab
1839 2601 2058 2656 homine

471 2693 664 2746 ultimo
695 2707 711 2746 :
741 2694 867 2761 quia
908 2693 1024 2762 ipsa
1054 2693 1288 2747 hominis
1331 2703 1522 2747 natura
1577 2691 1629 2745 id
1679 2707 1785 2745 non
1831 2692 2057 2746 colendo

471 2785 612 2840 facta
642 2793 728 2840 est
751 2785 962 2839 ultima.
994 2784 1111 2839 Non
1144 2785 1289 2838 enim
1313 2786 1529 2839 aliunde
1565 2786 1779 2854 sapiens
1812 2784 2054 2853 angelus,

471 2877 687 2932 aliunde
726 2878 928 2943 homo;
971 2877 1187 2931 aliunde
1230 2876 1318 2930 ille
1366 2890 1552 2940 verax,
1601 2874 1813 2927 aliunde
1845 2876 2006 2929 homo
2041 2893 2052 2926 :

469 2965 564 3022 sed
593 2966 662 3021 ab
691 2983 797 3021 una
821 2966 1246 3022 incommutabili
1276 2964 1537 3034 sapientia
1564 2972 1622 3017 et
1641 2953 1886 3016 veritate.
1922 2961 2056 3016 Nam

471 3059 704 3128 idipsum
740 3067 921 3112 actum
953 3068 1036 3112 est
1063 3057 1344 3126 temporali
1373 3056 1770 3124 dispensatione
1806 3054 1871 3109 ad
1907 3053 2054 3109 salu-

473 3157 578 3203 tem
606 3157 868 3214 nostram,
904 3157 964 3202 ut
1002 3157 1252 3202 naturam
1285 3147 1574 3200 humanam
1606 3145 1719 3214 ipsa
1761 3143 1855 3198 Dei
1884 3144 2056 3198 virtus

469 3249 526 3294 et
564 3241 660 3295 Dei
688 3241 954 3310 sapientia
999 3238 1455 3296 incommutabilis
1481 3246 1535 3292 ct
1579 3235 2058 3293 consubstantialis

544 3385 569 3413 ι
601 3373 682 3427 Ex
708 3371 1030 3440 Augustino,
1060 3372 1126 3428 de
1156 3387 1280 3426 vera
1320 3370 1518 3441 Relig.,
1549 3385 1669 3440 cap.
1696 3368 1781 3424 55.

2159 1898 2280 1939 esse
2301 1891 2590 1938 noverunt.
2633 1902 2652 1935 ι

2229 1975 2357 2029 Haec
2395 1975 2519 2029 ﬁdei
2553 1983 2754 2030 nostrae
2779 1975 3201 2029 munitissimum
3237 1981 3401 2044 atque
3429 1972 3760 2027 altissimum

2159 2075 2591 2130 sacramentum,
2625 2074 2680 2119 et
2708 2065 2858 2120 cordi
2908 2074 3094 2120 nostro
3143 2065 3518 2119 ﬁrmissimum
3559 2064 3755 2117 chara-

2159 2168 2276 2212 cter
2302 2159 2646 2227 impressum.
2679 2157 2829 2211 lianc
2872 2157 3168 2211 astruendo
3193 2163 3248 2210 et
3286 2153 3634 2209 defendendo
3673 2167 3760 2206 ve—

2160 2249 2409 2312 ritatem,
2461 2249 2810 2318 opprobrium
2861 2248 3038 2303 factus
3079 2262 3198 2302 sum
3240 2246 3439 2301 vicinis
3486 2245 3667 2310 meis,
3710 2254 3761 2299 et

2159 2340 2323 2393 timor
2355 2339 2496 2393 notis
2530 2340 2684 2406 meis,
2725 2341 2777 2393 in
2826 2349 3071 2404 tantum,
3104 2340 3290 2408 utqui
3335 2338 3597 2392 videbant
3638 2352 3758 2400 nos.

2159 2445 2265 2483 non
2305 2429 2480 2483 solum
2517 2430 2866 2496 deridebant,
2913 2431 3006 2485 sed
3035 2432 3198 2484 etiam
3226 2429 3396 2500 digito
3423 2443 3568 2482 unus
3602 2427 3757 2482 altcn

2157 2519 2532 2575 ostendebant.
2580 2519 2688 2574 Sed
2717 2521 3028 2576 consolatus
3071 2530 3154 2576 est
3196 2535 3294 2575 nos
3335 2520 3501 2575 Pater
3539 2521 3750 2576 miseri-

2158 2610 2466 2665 cordiarum
2517 2621 2571 2667 et
2607 2613 2764 2685 Deus
2819 2617 2984 2669 totius
3042 2613 3435 2670 consolationis
3496 2613 3552 2667 in
3607 2611 3753 2669 omni

2158 2703 2508 2758 tribulatione
2555 2716 2778 2771 nostra,
2816 2716 2875 2760 ut
2925 2706 3196 2775 possimus
3240 2713 3294 2760 et
3337 2705 3440 2773 ipsi
3486 2701 3754 2758 consoiari

2157 2808 2251 2848 eos
2279 2795 2371 2864 qui
2401 2795 2456 2849 in
2494 2799 2642 2851 omni
2683 2812 2942 2865 pressura
2975 2806 3120 2861 sunt,
3153 2795 3221 2851 de
3266 2796 3357 2850 illo
3399 2794 3658 2857 ﬁdentes,
3705 2802 3761 2846 et

2157 2902 2256 2958 per
2284 2887 2432 2942 iiium
2465 2889 2518 2942 in
2559 2891 2946 2947 tentationibus
2990 2908 3098 2946 non
3139 2891 3476 2954 deficientes,
3523 2890 3618 2960 qui
3665 2902 3759 2942 nos

2158 2979 2328 3034 armis
2356 2979 2581 3050 justitire
2605 2991 2660 3036 et
2689 2983 2840 3052 galea
2879 2983 3069 3038 salutis
3104 2983 3281 3037 munit
3329 2990 3497 3052 atque
3523 2980 3759 3034 circuiu-

2160 3067 2276 3124 dat.

2834 3183 3081 3256 Explicit.

1041 3633 2318 3752 HUMANISSIMO
2393 3632 3176 3747 LECTORI

1268 3855 1337 3915 ι).
1386 3850 1737 3915 JOANNES
1779 3847 2416 3912 CHRYSOSTOMUS
2460 3847 2942 3908 TROMBELLI.

545 4119 744 4188 Quanti
774 4115 848 4188 sit
867 4111 1028 4188 pretii
1055 4108 1205 4188 liber.
1221 4109 1328 4172 ille,
1346 4119 1506 4187 quem
1532 4104 1649 4188 tibi,
1665 4102 2057 4188 humanissime

475 4173 668 4254 ιεοῖόὲ.
703 4173 956 4254 exhibeo,
988 4179 1143 4254 haud
1158 4173 1386 4254 obscure
1433 4174 1698 4254 signiﬁcat
1721 4173 2058 4254 clarissimus

476 4241 800 4318 granciscus
823 4241 1090 4307 Antonius
1111 4245 1423 4318 Zacharias,
1449 4241 1724 4298 dum'eum
1751 4257 1775 4283 ι
1813 4251 1966 4318 «tum
1989 4241 2056 4294 ad

471 4313 759 4388 historiam
773 4320 1267 4378 ecclesiasticorum
1283 4317 1626 4438 scriptorum,
1654 4323 1765 4367 tum
1787 4313 1853 4367 ad
1875 4326 2056 4367 rerum

476 4403 529 4438 an
566 4411 730 4438 mum
775 4391 985 4438 Claudii
1016 4387 1367 4438 Taurinensis
1424 4384 1744 4438 conoclastae
1785 4391 2056 4438 gestarum

775 4391 986 4449 Claudii
1016 4387 1367 4470 Taurinensis
1391 4381 1744 4470 leonoclasta:
1785 4391 2056 4470 gestarum
2084 4412 2136 4470 D
2163 4381 2283 4470 quis

476 4452 698 4532 ariete,
719 4464 1068 4533 originesque
1123 4453 1515 4533 d‘ignoscendas
1539 4452 1787 4533 maxime
1813 4453 1996 4533 utilem
2033 4469 2050 4501 ι

475 4520 783 4597 éééé'iidcet
808 4520 837 4585 ῗ
861 4520 1088 4601 eamque
1117 4520 1437 4601 ob'causam
1461 4539 1523 4601 se
1553 4520 1798 4601 eumdem
1836 4521 2051 4601 librum.

477 4591 748 4666 editurum
793 4603 958 4672 fuisse
996 4591 1091 4663 ait,
1144 4597 1188 4651 si
1215 4596 1414 4672 diutius
1457 4593 1676 4672 Pistorii
1702 4593 1917 4672 degere
1955 4591 2056 4658 ipsi

478 4663 754 4735 licuisset:
787 4671 1042 4728 habuisse
1071 4676 1252 4722 tamen
1279 4666 1332 4719 in
1363 4665 1502 4718 votis
1551 4663 2056 4735 przestantisSimum

475 4730 739 4806 i'dziuiiiem
792 4739 1126 4798 Dominicum
1164 4735 1462 4806 Mansium,
1495 4730 1567 4806 ut
1612 4748 1736 4806 eum
1793 4732 1974 4806 ederet
2006 4730 2052 4806 δε

477 4799 686 4875 Revera
714 4811 944 4868 exscrihi
972 4809 1120 4861 illum
1145 4806 1384 4875 jusscrat
1418 4804 1632 4875 clariss.
1654 4802 1914 4865 Mansius;
1960 4799 2057 4853 sed

479 4873 568 4946 ubi
601 4885 769 4948 novit,
830 4873 1304 4951 ineditaveterum
1336 4873 1827 4951 ecclesiasticorum
1871 4881 2057 4951 auctov

479 4943 599 5014 rum
622 4943 821 5023 scripta
852 4968 880 5005 a
932 4948 1086 5023 nobis
1115 4945 1380 5023 evulgari,
1433 4943 1687 5023 quidquid
1703 4943 2054 5023 Ataxscripulm

479 5012 677 5090 luerat,
702 5012 769 5078 ad
801 5036 886 5076 me
915 5019 1158 5082 misit,ut
1188 5012 1328 5084 typis
1349 5015 1656 5082 proderem.
1699 5012 1869 5078 Quam
1891 5012 2054 5065 etiam

548 5176 572 5203 ι
612 5156 942 5214 Bibliotheca
962 5150 1279 5206 Pistoriens.
1314 5165 1435 5218 pag.
1470 5149 1552 5210 15,
1581 5165 1632 5218 n.
1672 5148 1750 5200 ll.

551 5176 572 5203 ιι
612 5165 942 5214 Bibliotheca
963 5165 1279 5206 t’tStoriens.
1314 5165 1435 5270 pag.
1470 5165 1552 5210 1ο,
1581 5165 1632 5201 n.
1659 5165 1750 5228 .11..

551 5235 577 5273 b
613 5231 690 5283 ιω
710 5219 1291 5299 ραεί-(ξῇ-μηιιοωῐιλίὶ,
1326 5237 1342 5268 ι
1368 5288 1379 5298 .
1401 5219 1594 5299 ligsunt
1615 5216 2052 5299 Bibliorumlom,

475 5304 541 5359 de
580 5286 1345 5370 quibitsvxxxourestioues
1367 5288 1601 5342 instituit
1646 5286 2051 5370 Theodemirus.

477 5357 581 5428 Eas
599 5357 720 5422 't'use
748 5368 798 5420 iu
829 5365 944 5433 ipso
966 5357 1069 5416 hoc
1090 5360 1272 5433 codice
1296 5358 1436 5411 idem
1465 5358 1827 5433 persequitur,
1846 5365 1900 5433 et
1926 5357 2055 5425 quid

477 5425 674 5498 iiii—illis
720 5425 1316 5504 explanandum__cupiat
1337 5425 1590 5504 ostendit.
1641 5425 1917 5504 Quamrob
1941 5442 2052 5504 rem

479 5496 584 5568 non
619 5496 1068 5565 contemnendum
1099 5496 1440 5554 'l‘hc'odcmiri
1483 5513 1618 5566 opus
1641 5497 1741 5550 hoc
1767 5503 1871 5568 est,
1911 5496 2054 5565 quod

479 5567 535 5638 iu
587 5586 771 5634 nostro
825 5574 1010 5628 codice
1065 5571 1391 5638 exscriptum
1429 5569 1705 5638 habemus.
1784 5567 2051 5638 Integrum

477 5635 637 5706 edere
679 5644 946 5700 inanimo
995 5640 1182 5696 habuit
1226 5635 1433 5692 clariss.
1481 5637 1540 5690 Ρ.
1587 5635 1820 5690 Joannes
1873 5635 2054 5690 Domi-

478 5723 633 5780 nicus
683 5715 852 5771 Mausi
897 5731 908 5766 :
980 5720 1158 5765 utrum
1224 5709 1276 5763 id
1326 5721 1512 5772 reapse
1563 5708 1898 5776 prmstiturus
1958 5706 2050 5769 sit,

2160 4101 2230 4156 ob
2245 4116 2360 4154 rem
2383 4101 2500 4153 viro
2526 4101 2962 4171 praeclarissimo,
2981 4109 3035 4153 et
3055 4099 3122 4154 de
3149 4099 3304 4171 bonis
3328 4099 3529 4156 litteris
3547 4103 3754 4171 optime

2163 4171 2376 4235 merito,
2405 4186 2491 4223 me
2513 4169 2806 4238 plurimum
2847 4170 3041 4224 debere
3070 4169 3344 4238 proﬁteor.

2235 4239 2361 4303 Sed,
2392 4248 2450 4292 ut
2475 4237 2650 4308 aliqua
2677 4239 2742 4294 de
2765 4237 2990 4309 Claudio
3013 4237 3332 4294 Taurinensi
3362 4238 3608 4309 eloquar,
3650 4241 3755 4297 fuit

2163 4309 2251 4365 ille
2280 4311 2518 4379 quidem,
2567 4307 2640 4362 ’ut
2663 4323 2727 4363 ea
2754 4307 2960 4363 ferebat
2983 4317 3116 4363 satas
3160 4309 3320 4431 {vixit
3348 4307 3553 4374 autem,
3602 4313 3754 4380 quod

2163 4381 2389 4432 nuisnue
2424 4379 2592 4432 novit.
2627 4379 3058 4432 Carolodllazno.
3077 4389 3129 4432 et
3205 4379 3432 4432 udovico
3453 4378 3549 4432 Pio
3579 4381 3754 4432 imne-

2165 4381 2389 4502 quisqlpe
2424 4379 2592 4443 novit,
2627 4379 3058 4449 Carolodllagno,
3077 4389 3129 4433 et
3160 4379 3432 4433 Ludovico
3453 4379 3549 4435 Pio
3579 4379 3754 4451 impe-

2165 4453 2305 4502 ranti
2347 4447 2428 4519 us)
2458 4449 2716 4513 disertus,
2780 4464 2843 4503 ac
2869 4448 3079 4513 doctus,
3115 4449 3208 4503 sed
3228 4465 3293 4503 ex
3322 4464 3513 4502 eorum
3541 4449 3753 4506 littera-

2164 4529 2341 4572 torum
2372 4533 2604 4588 genere,
2659 4534 2797 4587 quos
2817 4519 3040 4572 scientia
3071 4519 3246 4582 inﬂat,
3308 4528 3367 4573 et
3389 4520 3458 4572 ab
3492 4519 3752 4576 Ecclesia!

2162 4590 2283 4642 sinu
2307 4587 2516 4656 rejicit;
2549 4589 2638 4656 qui
2691 4604 2788 4642 sua
2820 4589 3013 4642 sectari
3043 4589 3285 4657 cupiunt,
3333 4604 3440 4642 non
3469 4603 3589 4657 qua:
3615 4588 3756 4646 Iesu

2159 4658 2402 4729 Christi,
2441 4657 2807 4727 praecipientis
2843 4658 3071 4729 scilicet,
3106 4666 3164 4712 ut
3189 4658 3458 4712 credenda
3492 4660 3749 4729 dogmata

2161 4743 2267 4782 non
2297 4743 2364 4782 ex
2394 4728 2627 4795 ingenio,
2678 4736 2838 4796 atque
2863 4727 3126 4781 arbitratu
3158 4737 3342 4781 nostro
3375 4727 3747 4794 dimetiamur,

2161 4799 2254 4853 sed
2305 4814 2371 4852 ex
2410 4805 2590 4851 vetere
2645 4798 2952 4861 traditione,
3001 4806 3054 4852 et
3084 4797 3337 4852 Ecclesia:
3365 4799 3745 4864 consensione,

2159 4877 2322 4936 atque
2338 4867 2742 4936 approbatione.
2792 4868 2847 4922 ld
2883 4884 2951 4921 ne
2978 4877 3180 4922 temere
3205 4868 3416 4923 locutus
3441 4870 3747 4932 existimer,

2159 4954 2251 4992 eos
2309 4939 2602 5006 scriptores
2655 4937 2895 5001 consule,
2959 4953 3114 5006 quos,
3154 4952 3220 4992 ne
3269 4938 3438 4992 multo
3495 4954 3747 4994 sermone

2161 5008 2349 5062 lectori
2415 5008 2672 5061 molestus
2727 5008 2848 5071 sim,
2903 5008 2955 5061 in
2998 5018 3124 5061 nota
3161 5007 3330 5078 allego
3360 5020 3408 5060 ε.
3475 5008 3745 5063 Caeterum

2158 5147 2365 5215 ignoro.
2438 5143 2494 5199 Si
2524 5145 2724 5198 diutius
2753 5143 2971 5215 Pistorii
3004 5141 3598 5215 licuissetuimmorari,‘
3623 5142 3744 5215 pri-

2157 5210 2279 5338 g'cni
2307 5225 2476 5269 totum
2519 5216 2633 5283 ipse
2666 5214 3000 5283 cvulgassem
3050 5226 3173 5266 cum
3210 5211 3330 5266 aliis
3361 5210 3631 5281 liturgicis
3683 5211 3747 5265 li.

2197 5301 2288 5338 τις.
2317 5295 2420 5338 etc.
2456 5305 2471 5336 ι

2197 5287 2288 5348 ris,
2317 5295 2420 5339 etc.
2456 5305 2471 5336 ι

2231 5367 2252 5393 ε
2280 5354 2445 5408 Jonas
2475 5353 2878 5408 Aurelianensis
2909 5353 2960 5405 in
2994 5351 3144 5406 libris
3171 5353 3234 5405 de
3261 5351 3417 5405 Cultu
3448 5350 3742 5420 imaginum

2157 5441 2279 5494 pag.
2308 5425 2486 5502 55§_et
2516 5425 2733 5502 subseq.
2760 5431 2889 5502 tom.
2920 5422 3013 5500 lV,_
3035 5431 3174 5489 part.
3203 5420 3612 5502 1,.B‘ibliotliecae

2157 5490 2300 5548 iru'm
2350 5495 2533 5548 editio.
2589 5490 2786 5555 Paris,
2835 5493 2887 5544 in
2934 5491 3086 5561 cujus
3129 5490 3446 5561 prmfatioue
3487 5490 3732 5561 laudatm

2158 5564 2546 5618 Theodemirus
2566 5563 2787 5616 Claudio
2815 5563 3016 5615 erranti
3042 5560 3215 5615 factus
3242 5576 3307 5614 ex
3345 5561 3522 5614 amico
3553 5560 3735 5613 adver-

2158 5636 2348 5688 sarius.
2399 5632 2668 5702 Dungalus
2693 5648 2811 5701 pag.
2842 5630 2960 5702 146,
2990 5642 3128 5700 part.
3153 5647 3218 5702 ll,
3257 5629 3509 5702 tom_lV._
3528 5629 3734 5702 Bellar-

2159 5705 2334 5758 minus
2354 5704 2417 5757 de
2458 5696 2731 5768 Sc'riptor'i.
2763 5696 3072 5755 'Ecclesidst.
3099 5701 3164 5754 ad
3192 5717 3278 5755 an.
3316 5699 3443 5754 8'20.
3491 5696 3738 5758 Labbeus
