3912 6314
98 320 202 377 σξι

909 313 973 367 IN
1015 311 1195 367 OPI'LS
1232 311 1685 379 SUBSEQUENS
1724 311 2112 367 TROMBELLl
2153 309 2541 367 PRASFATIO.

3253 296 3360 363 ess

96 448 223 490 eam
257 431 370 505 jam
398 429 596 505 dudum
620 428 846 484 obtinuit
868 426 1121 505 Claudius
1156 429 1294 496 apud
1316 428 1468 505 viros
1499 427 1676 505 er_udi-
1708 432 1751 489 Α
1781 435 1954 505 gara}.
2013 423 2164 505 Quod
2214 441 2318 478 non
2349 422 2657 505 dissimulg‘i
2696 421 2949 505 Claudius
2981 424 3092 491 ipse
3110 426 3359 505 ;Jquippe

97 515 186 558 tos
213 497 691 563 eiistimationem,
723 507 780 551 ut
801 498 1106 565 quicunque
1132 502 1328 564 reperti
1355 506 1480 550 sunt
1516 497 1583 550 ab
1612 511 1677 550 eo

96 571 406 629 elucubrati
432 569 575 632 libri,
620 585 649 622 a
675 567 955 622 catholicis
984 568 1148 621 etiam
1193 567 1322 619 viris
1347 567 1497 630 editi,
1521 576 1681 636 atque

97 645 236 697 adeo
267 642 321 694 in
370 640 614 709 Magnam
639 638 859 709 _(quam
901 639 1135 709 vocant)
1173 645 1433 709 veterum
1459 638 1679 691 Patrum

99 707 490 767 Bibliothecam
519 707 650 762 illati
671 707 781 760 Sint
811 718 858 758 ι.
886 707 1061 776 Atque
1093 707 1286 760 horum
1310 707 1524 774 quidem
1548 722 1682 776 prte-

98 781 558 836 stantissimorum
589 779 824 848 virorum
854 777 1103 848 exemplo
1127 784 1401 848 permotus
1428 793 1589 848 sum,
1622 784 1681 829 ut

99 851 343 904 nondum
365 849 539 902 editas
551 847 756 902 Claudii
779 847 830 900 in
852 846 1057 913 Regum
1075 846 1238 900 libros
1252 846 1592 915 quzestiones,
1618 861 1682 900 ac

100 919 490 988 responsiones
519 919 571 970 in
598 917 775 988 lucem
800 917 1122 988 emitterem.
1149 916 1299 988 _lias_
1328 917 1567 988 continet
1598 931 1681 970 co-

99 985 230 1051 dex',
258 991 393 1058 quos
416 1002 537 1058 cum
563 987 683 1058 aliis
710 987 962 1058 plurimis
982 1001 1010 1038 a
1028 986 1240 1058 ciariss,
1265 985 1526 1058 Zacharia
1551 1001 1684 1058 enu-

100 1055 347 1119 meratis,
363 1056 769 1125 descriptisque,
784 1055 1024 1125 possidet
1049 1055 1392 1109 Pistoriensis
1409 1055 1642 1109 Ecclesia
1666 1071 1680 1118 ;

99 1129 197 1180 sed
235 1128 304 1180 ob
335 1127 677 1180 amanuensis
705 1127 814 1179 sive
842 1125 1111 1178 inscitiam
1141 1125 1252 1179 sive
1279 1125 1679 1194 negligentiam,

100 1208 213 1249 tam
237 1195 623 1264 frequentibus,
649 1204 758 1248 tam
782 1194 1026 1262 turpibus
1063 1203 1274 1249 scatens
1303 1195 1596 1257 erroribus,
1629 1204 1686 1248 ut

99 1266 260 1319 initio
276 1266 505 1333 putarim
521 1264 637 1318 fieri
661 1264 878 1318 omnino
902 1279 1008 1316 non
1031 1278 1210 1332 posse,
1227 1275 1284 1316 ιιι
1299 1265 1684 1318 commentaria

98 1337 218 1388 hazc
238 1335 921 1401 emendarentur,eamque
950 1333 1017 1386 ob
1046 1348 1261 1387 causam
1278 1349 1467 1402 parum
1492 1333 1682 1398 abfuit,

98 1421 172 1483 ne
186 1403 579 1484 susceptumde
603 1403 670 1456 iis
693 1403 913 1484 edendis
935 1404 1217 1456 consilium
1238 1419 1460 1484 prorsus
1476 1404 1686 1472 abjec‘c-

97 1475 208 1526 ι’ἰιιι
242 1491 253 1524 ;
285 1474 406 1542 quis
429 1473 572 1526 enim
604 1488 664 1526 ea
695 1473 842 1536 edat,
872 1487 990 1539 qua:
1018 1473 1423 1542 corruptissima
1449 1488 1568 1527 esse
1592 1488 1687 1527 no—

98 1542 217 1595 vit?
276 1541 380 1595 Sed
411 1558 533 1595 cum
557 1556 620 1594 ex
655 1541 810 1610 stylo,
865 1556 1025 1609 quem
1052 1541 1208 1596 facile
1231 1544 1457 1611 quisque
1494 1543 1684 1611 digno-

100 1620 240 1674 scet,
285 1611 529 1680 quaadam
564 1626 630 1664 ex
650 1611 968 1681 Augustino,
1002 1612 1246 1679 quasdam
1282 1628 1410 1667 vero
1439 1628 1502 1666 ex
1547 1611 1684 1667 Gre-

134 1681 256 1733 orio
283 1681 467 1749 Magno
494 1681 828 1749 deprompta,
865 1689 916 1734 et
937 1682 990 1734 in
1017 1682 1222 1735 Claudii
1276 1683 1575 1737 solutiones
1605 1682 1687 1734 in-

139 1759 266 1804 ucta
307 1765 424 1804 esse
450 1753 851 1817 comperissem,
899 1751 952 1820 in
981 1751 1171 1804 horum
1198 1752 1478 1806 doctorum
1509 1752 1686 1820 operi-

101 1819 208 1872 bus
228 1836 293 1873 ea
316 1814 629 1888 perquisivi,
678 1835 847 1888 eaque
875 1814 1093 1872 in'venta
1121 1835 1243 1873 cum
1283 1821 1468 1876 codice
1499 1814 1684 1874 nostro

96 1890 337 1960 contuli;
369 1899 550 1956 atque,
569 1905 635 1941 ex
663 1889 764 1942 hac
785 1888 1319 1960 quidemcollatione,
1337 1891 1488 1960 plura
1503 1905 1684 1944 emen-

96 1957 248 2028 rlavi.
291 1959 607 2026 Suspicatus
647 1967 846 2021 autem,
879 1959 1024 2027 quod
1052 1959 1118 2023 is,
1157 1960 1248 2028 qui
1277 1957 1384 2013 tam
1414 1959 1579 2014 multa
1616 1975 1683 2014 ex

97 2025 433 2096 Augustino,
462 2040 512 2080 et
534 2028 792 2097 Gregorio
817 2028 869 2080 in
899 2025 1010 2080 rem
1038 2025 1190 2081 suam
1214 2029 1530 2091 deduxerat,
1549 2028 1682 2084 alios

97 2112 320 2164 quoque
352 2097 506 2150 facile
528 2098 912 2159 consuluisset,
969 2110 1035 2149 ex
1065 2113 1292 2164 quorum
1322 2101 1514 2153 studiis
1537 2114 1683 2152 com-

98 2168 372 2238 mentaria
388 2181 497 2238 sua
531 2176 924 2238 accrescerent,
952 2165 1331 2238 aliosClaudio
1353 2179 1507 2223 aetate
1527 2183 1685 2238 supe-

99 2236 280 2289 riores
311 2236 439 2299 adii,
473 2245 526 2289 et
551 2236 836 2306 manifesto
865 2236 1102 2302 comperi
1133 2236 1215 2306 (ut
1240 2251 1302 2290 ea
1327 2239 1531 2292 interea
1553 2236 1686 2306 prte-

101 2315 332 2378 tereani,
359 2322 484 2378 qua:
507 2307 571 2359 de
604 2305 872 2378 Eucherio
899 2306 1154 2378 deinceps
1180 2306 1400 2378 dicam),
1438 2324 1506 2378 ea
1519 2305 1681 2378 Beda,

100 2383 270 2442 atque
302 2375 528 2436 Isidoro,
586 2386 747 2444 atque
777 2377 909 2429 adeo
931 2391 994 2428 ex
1021 2375 1244 2430 Rabano
1280 2375 1447 2445 ipsius
1476 2375 1685 2431 Claudii

98 2445 297 2512 aequali
331 2445 557 2512 plurima
608 2461 731 2500 eum
756 2446 1150 2514 deprompsisse
1170 2486 1184 2509 ,
1238 2447 1316 2499 sic
1343 2455 1401 2499 ut
1431 2462 1497 2500 ex
1537 2447 1686 2500 hisce

99 2514 416 2567 doctoribus
439 2522 810 2583 coagmentata
843 2515 950 2568 sint
984 2517 1116 2577 btec,
1160 2531 1279 2582 quae
1299 2517 1509 2570 edimus
1539 2531 1686 2568 com-

100 2584 394 2636 mentaria.
465 2584 780 2650 Quanquam
810 2624 824 2647 ,
879 2585 1020 2650 quod
1065 2585 1130 2636 ad
1163 2585 1444 2640 Rabanum
1471 2586 1683 2650 attinet,

99 2654 248 2706 baud
283 2661 484 2706 temere
514 2655 852 2720 suspicamur
889 2669 950 2706 ea
974 2668 1092 2720 qua:
1129 2669 1195 2707 ex
1229 2654 1451 2710 Rabano
1487 2655 1684 2723 allega-

99 2737 247 2793 tnus,
294 2737 361 2793 ex
419 2724 709 2793 vetustiore
765 2733 1003 2793 auctoge,
1039 2730 1147 2774 tam
1177 2723 1473 2786 allabano,
1524 2738 1685 2793 quam

100 2807 129 2842 a
158 2790 388 2844 Claudio
413 2790 577 2845 fuisse
593 2793 890 2859 desumpta.
929 2790 1096 2844 Porro
1118 2807 1199 2853 ea,
1225 2808 1343 2860 qua:
1374 2809 1517 2848 nunc
1538 2790 1687 2846 evul-

100 2876 296 2927 gamus
327 2860 534 2933 Claudii
585 2861 992 2933 commentaria,
1045 2877 1148 2914 non
1191 2863 1432 2933 ejusdem
1475 2862 1687 2933 generis

101 2938 231 3002 sunt
265 2948 274 2982 :
309 2931 403 3002 sed
434 2931 533 2983 alia
558 2931 1243 3002 qumdamcopiosioradc
1265 2931 1687 3002 fusiora'(atque

103 3000 218 3070 inec
246 3001 481 3068 primum
515 3000 826 3069 occurrunt)
851 3001 1096 3070 breviora
1128 3001 1252 3064 alia,
1281 3000 1687 3070 quaepoStreino

103 3067 223 3122 loco
250 3067 377 3121 Sunt
406 3070 578 3137 posita
608 3086 620 3131 ;
652 3084 716 3122 ac
754 3067 934 3137 priora
964 3069 1049 3123 illa
1073 3067 1511 3138 quidem’alie'nis
1536 3072 1688 3125 labo-

104 3138 260 3208 ribus
295 3139 571 3191 dituernnt
599 3139 768 3208 magis
795 3155 806 3189 :
835 3147 891 3192 at
914 3140 1160 3207 quamvis
1186 3140 1239 3192 in
1272 3141 1680 3208 posterioribus,

104 3207 338 3275 ideoque
378 3209 430 3259 in
460 3207 794 3262 brevioribus
819 3209 988 3262 multo
1017 3209 1230 3276 parcius
1252 3207 1424 3263 aliena
1451 3211 1611 3263 verba
1629 3210 1683 3263 in

104 3291 218 3330 rem
254 3293 409 3329 suam
439 3278 686 3338 deducat,
739 3293 844 3330 non
877 3280 1054 3330 renuit
1084 3287 1259 3331 tamen
1295 3279 1565 3332 interdum
1591 3294 1685 3334 eos

106 3345 255 3412 ipsos
287 3347 545 3411 excitare,
579 3361 713 3414 quos
744 3347 797 3398 in
828 3346 1101 3415 prioribus
1125 3349 1527 3402 commentariis
1557 3348 1687 3403 alle-

103 3478 166 3530 de
207 3476 562 3547 Scriptoribus
596 3479 996 3533 Ecclesiasticis.
1053 3479 1193 3533 Cave
1226 3480 1292 3532 ad
1317 3480 1563 3535 eumdem
1591 3496 1689 3536 ano

104 3563 232 3618 num
251 3565 276 3618 ;_
289 3548 350 3618 id
367 3549 583 3618 est820.
623 3549 863 3603 Oudinus
886 3550 1087 3618 pariter
1109 3549 1174 3602 ad
1187 3549 1432 3602 eumdem
1461 3567 1674 3604 annum.

107 3615 388 3688 Ugbellius
409 3618 470 3669 de
488 3617 727 3686 Episcop.
760 3615 978 3670 Taurin.
1007 3618 1276 3671 Mabillon.
1308 3634 1430 3688 pag.
1460 3620 1529 3672 92
1558 3635 1688 3672 ana-

105 3685 267 3739 lecto.
313 3688 497 3739 editio.
535 3685 722 3741 Paris.
773 3703 860 3741 an.
895 3689 1050 3741 1725.
1105 3685 1402 3742 'l'rombelli
1437 3689 1499 3741 de
1530 3689 1687 3743 Cultu

106 3753 325 3808 Sancto.
361 3756 577 3810 dissert.
609 3773 664 3818 ιι,
703 3773 777 3820 vi,
810 3758 842 3810 6
868 3769 922 3812 et
948 3759 1001 3821 '7,
1031 3757 1230 3825 aliique
1271 3757 1423 3810 multi
1451 3767 1561 3811 tum
1598 3774 1689 3811 ve-

106 3833 276 3889 teres,
302 3835 414 3878 tum
449 3828 600 3880 nobis
629 3827 857 3896 proximi
888 3829 1198 3896 scriptores,
1225 3827 1270 3880 si
1304 3827 1688 3883 Trombellium

104 3895 412 3964 cxceperis,
447 3896 654 3964 allegati
683 3899 750 3949 ab
774 3895 1002 3949 Oudino.

175 3975 200 4002 ιι
244 3964 440 4016 Petrus
476 3965 803 4019 Pesselierus
839 3965 894 4018 S.
929 3964 1182 4019 Germani
1221 3965 1688 4023 Altissiodorensis

104 4032 382 4104 emnobita
423 4033 626 4087 Claudii
656 4036 1041 4089 commentaria
1072 4037 1122 4088 in
1169 4035 1463 4104 Epistolam
1495 4037 1562 4088 ad
1586 4036 1690 4090 Ga-

107 4102 242 4155 latas
268 4104 470 4174 edidit;
507 4113 666 4172 atque
698 4105 810 4158 haec
833 4106 1050 4173 quidem
1073 4105 1125 4157 in
1157 4102 1366 4174 partem
1397 4108 1688 4160 secundam

109 4173 237 4256 Lami
269 4172 945 4256 l‘.bibli.otiiecz.e.veterum‘
969 4172 1191 4256 Patrum
1224 4175 1371 4228 illata
1411 4185 1536 4256 simi
1564 4192 1684 4256 pag.

109 4240 209 4296 795
222 4242 497 4325 ’editionis
513 4242 856 4325 .Par‘isiensis'.
905 4245 1190 4325 Evulgavit
1211 4315 1220 4325 Ι
1232 4260 1396 4325 porro
1437 4240 1688 4325 Mabiilon

109 4309 479 4382 pmfationem
505 4313 557 4364 in
577 4313 733 4366 libros
755 4309 1187 4382 informatio'num
1203 4309 1390 4366 littera:
1412 4323 1459 4366 et
1473 4317 1687 4381 spiritus

109 4394 271 4461 super
291 4381 578 4461 {levitic'uni
605 4401 617 4432 :
648 4383 1244 4461 praefationnenmquoquﬂe
1265 4385 1683 4461 expositt'miisin

1783 492 1874 564 qui
1906 495 2102 548 fatetur
2129 495 2154 532 ι)
2203 494 2492 563 propositis
2514 508 2569 564 7a
2598 492 2916 564 Theutmiro
2971 492 3360 562 quaestionibus

1788 562 1816 614 «⁷
1838 580 1943 618 non
1966 580 2031 619 ex
2057 579 2154 618 suo
2178 562 2407 633 ingenio,
2435 563 2529 617 sed
2559 578 2623 616 ex
2657 562 2946 634 illustrium
2973 568 3253 634 doctorum
3273 565 3362 634 ju-

1782 635 1943 698 dicio,
1993 649 2168 702 neque
2189 632 2253 687 ei
2285 633 2502 700 prOpria
2531 632 2833 702 temeritate
2861 673 2876 696 ,
2911 633 3006 689 sed
3041 648 3102 688 ex
3130 632 3360 690 aliorum

1783 701 2103 758 auctoritate
2130 702 2458 774 satisfecisse
2490 721 2508 754 ι
2547 719 2559 754 :
2613 701 2896 774 profitetur
2916 719 3130 774 quoque
3161 717 3182 744 ο
3221 721 3358 760 ηοιι-

1781 775 1958 828 nullas
1992 793 2008 824 ‹
2049 787 2328 844 remanere
2354 771 2717 844 indiscussas,
2757 773 2879 844 qtu'a
2907 771 3006 828 nec
3043 771 3098 828 in
3122 777 3360 844 antiquis

1785 845 2225 915 translationibus
2257 841 2456 909 aliquid
2490 841 2682 894 exinde
2713 843 3027 915 translatum
3057 841 3356 915 repererat,

1785 930 1886 968 nec
1911 915 1963 984 in
1996 914 2258 980 majorum
2286 921 2600 984 nostrorum
2612 911 2886 984 opusculis
2913 911 3360 984 aliquid-exposi-

1786 990 1899 1053 tum
1922 983 2123 1053 legerat
2148 1003 2164 1034 ι
2191 1001 2200 1034 :
2224 991 2334 1034 tum
2349 982 2470 1053 haec
2488 980 2729 1053 subjicit:
2755 982 2985 1053 ietth
3006 980 3090 1036 ine
3114 980 3361 1052 ignorare

1785 1050 1994 1117 fateor;
2023 1054 2149 1122 quia
2179 1066 2278 1105 nec
2312 1050 2512 1118 aliquid
2547 1051 2738 1122 exinde
2768 1050 2960 1119 legisse
3017 1050 3355 1108 reminiscor.

1785 1122 1853 1176 Et
1874 1123 1993 1176 ideo
2019 1121 2370 1190 deimperitia
2406 1135 2510 1173 non
2532 1121 2803 1190 erubesco
2831 1122 2954 1190 quia
2989 1122 3218 1177 lectione
3254 1140 3358 1177 non

1786 1193 2003 1255 doceor,
2033 1206 2134 1245 nec
2157 1189 2224 1244 de
2251 1189 2488 1260 periculo
2519 1189 2767 1260 formido,
2785 1189 2909 1259 quia
2932 1206 3050 1259 quae
3073 1209 3179 1246 non
3207 1194 3364 1247 intel-

1785 1261 1913 1331 ligo,
1941 1263 2134 1315 docere
2159 1259 2265 1315 non
2293 1274 2574 1331 praesumo.
2610 1279 2628 1312 ι
2682 1259 2871 1331 Quam?
2892 1263 3106 1329 quidem
3136 1278 3364 1317 consue-

1789 1330 2024 1385 tndinem
2055 1345 2176 1386 cum
2224 1331 2313 1384 alii
2351 1330 2503 1399 multi
2532 1331 2598 1384 iis
2630 1330 2961 1399 temporibus
3003 1334 3362 1397 servaverint,

1787 1410 1900 1454 tum
1926 1401 2159 1455 maxime
2209 1398 2756 1454 servavitClaudiusi
2802 1414 2901 1453 nec
2921 1401 2972 1453 in
3012 1401 3097 1455 bis
3127 1411 3356 1466 tantum,

1789 1485 1906 1539 qua:
1931 1486 2073 1524 nunc
2093 1470 2431 1540 evulgamus1
2451 1470 2875 1540 commentariis,
2904 1485 3086 1523 verum
3114 1473 3279 1525 etiam
3305 1473 3360 1526 in

1788 1538 1875 1603 iis,
1906 1556 2025 1609 qua:
2052 1541 2104 1592 in
2129 1538 2383 1608 epistolas
2405 1538 2556 1591 Pauli
2587 1539 2927 1606 conscripsit,
2955 1541 3226 1608 cdiditque
3254 1542 3302 1593 ά.

1860 1609 1972 1663 Hoc
1995 1611 2176 1676 itaque
2198 1609 2536 1662 commodum
2577 1623 2643 1660 ex
2666 1623 2727 1662 ea
2751 1609 3152 1676 comparatione
3179 1611 3365 1665 retuli-

1791 1693 1932 1749 mus,
1971 1687 2046 1742 ut,
2077 1680 2121 1732 si
2147 1693 2312 1746 pauca
2337 1677 2597 1749 excipias,
2628 1692 2747 1746 quae
2775 1692 2895 1749 cum
2933 1678 2985 1732 in
3011 1679 3181 1749 editis
3205 1696 3365 1749 supe-

1793 1748 1995 1801 riorum
2053 1749 2373 1817 scriptorum
2426 1747 2580 1817 libris
2627 1762 2731 1801 non
2784 1747 3180 1811 invenerimus,
3235 1747 3360 1804 cum

1788 1817 2083 1886 exemplari
2137 1814 2321 1871 nostro
2375 1814 2633 1886 conferre
2661 1831 2766 1870 non
2803 1818 3092 1885 potuimus,
3152 1818 3361 1874 Claudii

1785 1885 1981 1956 scripta
2019 1902 2122 1940 non
2147 1887 2483 1956 inemendata
2506 1885 2802 1956 prodirent.
2857 1885 3172 1956 Quanquam
3202 1890 3364 1944 etiam

1785 1954 1908 2010 haec
1921 1957 2037 2025 ipsa
2063 1955 2392 2024 comparatio
2437 1955 2579 2025 aliud
2605 1954 3232 2012 emolumentuufattulit
3259 1977 3272 2013 :
3310 1961 3364 2014 in

1785 2026 1888 2097 hoc
1908 2024 2050 2097 enim
2083 2027 2216 2097 ipso,
2265 2026 2406 2094 quod
2443 2024 2762 2097 plerumque
2785 2026 3038 2080 vitiosum
3085 2029 3364 2097 exemplar

1783 2094 1920 2166 dixi,
1956 2094 2158 2166 aliquid
2179 2094 2783 2166 praesiantisinterdum
2806 2104 3006 2166 exstat,
3036 2112 3140 2164 quo
3172 2094 3359 2166 perfici

1783 2161 1991 2234 possint
2012 2161 2124 2233 jam
2150 2161 2294 2218 edita
2314 2163 2526 2228 lsidori,
2551 2172 2605 2218 et
2632 2163 2785 2218 Bede
2807 2164 2942 2230 loca,
2971 2161 3089 2234 qua:
3111 2161 3364 2222 Claudius

1786 2233 1999 2305 allegat.
2059 2233 2318 2304 Suspicor
2337 2234 2586 2302 equidem
2626 2249 2732 2288 non
2759 2233 3066 2300 defuturOs,
3100 2237 3190 2305 qui
3221 2237 3368 2291 labo-

1787 2319 1898 2358 rem
1930 2304 2071 2358 hunc
2095 2319 2274 2375 meum
2299 2305 2758 2375 condemnabunt,
2795 2304 3238 2375 quandoquidem
3277 2323 3364 2371 ea,

1786 2387 1905 2441 quae
1933 2391 1951 2423 ι
1986 2374 2287 2442 copiosiora
2312 2373 2442 2436 dixi,
2469 2384 2629 2442 atque
2652 2374 2906 2429 efl'usiora
2931 2395 2948 2426 ι
2979 2373 3186 2430 Claudii
3220 2393 3367 2431 com-

1787 2444 2071 2514 mentaria,
2104 2458 2186 2514 ica
2213 2445 2326 2512 ipsa
2355 2443 2555 2514 dicent,
2604 2445 3054 2514 quzeAprazposito
3110 2445 3365 2501 Eucherii

1787 2513 2005 2584 nomine
2032 2511 2238 2582 pridem
2267 2512 2510 2584 evulgata
2540 2511 2684 2584 sunt.
2729 2511 2835 2568 Sed
2876 2511 3056 2584 neque
3094 2516 3366 2584 ipsissima

1787 2582 1932 2634 omni
1963 2595 2028 2634 ex
2057 2590 2213 2656 parte
2245 2590 2371 2656 sunt
2399 2582 2741 2656 (discrimina
2762 2584 2904 2636 enim
2943 2582 3198 2656 nonnulla
3225 2602 3369 2656 saepe

1787 2655 2100 2722 occurrunt)
2135 2669 2148 2704 :
2205 2661 2260 2705 et
2304 2652 2516 2705 etiamsi
2566 2652 2833 2720 ipsissima
2861 2668 2982 2708 esse
3007 2655 3157 2717 velis,
3181 2671 3246 2709 ex
3290 2652 3368 2710 l'a-

1786 2720 1915 2793 bore
1931 2720 2117 2793 nostro
2134 2721 2556 2793 emolumentum
2578 2737 2684 2777 non
2700 2722 2816 2775 leve
2830 2725 3163 2791 assequeris;
3197 2741 3370 2793 quan-

1789 2789 2074 2860 doquidem
2104 2790 2389 2844 manifesto
2414 2805 2479 2844 ex
2504 2807 2566 2848 ea
2593 2807 2649 2845 re
2671 2789 3193 2860 comperiesClaudii
3214 2789 3366 2859 esse,

1789 2872 1906 2929 qum
1947 2859 2211 2914 Eucherio
2240 2861 2436 2913 tributa
2463 2860 2575 2929 jam
2610 2871 2753 2925 sunt,
2793 2859 2867 2915 iet
2897 2863 3126 2919 fortasse
3154 2866 3221 2919 ab
3261 2865 3368 2918 alio

1790 2927 1950 3005 ionge
1979 2931 2296 3005 posteriore,
2335 2929 2441 3005 qui
2466 2927 2688 2985 Claudii
2720 2932 2934 3005 labores
2966 2933 3073 3005 sibi
3119 2937 3368 3005 proprios

1789 2996 1978 3075 iecerit
2005 3038 2018 3061 ,
2051 2999 2237 3075 fuisse
2263 2996 2518 3069 deinceps
2571 3003 2787 3075 proprio
2834 3004 3048 3058 nomine
3095 2996 3362 3075 e'vul'gata.

1792 3067 1929 3140 Quid
1976 3069 2116 3136 quod
2153 3067 2523 3140 cujuscunque
2569 3067 2785 3125 tandem
2832 3088 2894 3126 ea
2948 3075 3059 3126 sint
3095 3067 3368 3129 commen-

1795 3138 2609 3210 taria,_cumemendatissima,
2660 3149 2715 3193 et
2755 3141 3159 3210 prmfationibus
3209 3143 3368 3210 Clau-

1793 3206 1887 3269 dii,
1915 3207 2349 3282 adnotationibus
2367 3224 2579 3282 quoque
2605 3224 2708 3282 non
2746 3206 2930 3278 paucis
2955 3221 3144 3268 ornata
3183 3209 3365 3282 profe-

1789 3289 1928 3340 ram,
1975 3292 2042 3329 an
2070 3277 2126 3348 id
2165 3279 2396 3348 humano
2430 3279 2620 3334 lectori
2645 3277 2859 3348 gratum
2901 3296 3010 3335 non
3055 3277 3364 3346 erit,'aece-

1789 3347 2086 3414 ptumque?
2140 3347 2286 3402 Vale.

1866 3481 1890 3520 δ
1927 3478 1984 3554 in
2011 3480 2324 3554 praefatione
2353 3484 2403 3537 in
2424 3485 2595 3554 prima
2631 3487 3036 3542 commentaria.

1863 3561 1883 3587 ε
1927 3549 1982 3601 In
2009 3550 2321 3617 praefatione
2351 3555 2402 3606 in
2424 3549 2658 3608 secunda
2675 3559 3079 3613 commentaria.

1859 3617 1885 3696 ti
1926 3619 1982 3696 ln
2012 3621 2726 3696 prtefationein_Epistolam
2764 3627 2830 3679 ad
2874 3627 3135 3696 Ephesios
3173 3643 3202 3681 a
3249 3629 3364 3685 Ma-

1792 3688 2016 3759 billonio
2040 3690 2181 3742 edita
2219 3693 2382 3744 tradit
2410 3688 2558 3746 huic:
2607 3711 2626 3742 ‹
2664 3693 2819 3748 Circa
2849 3688 3150 3750 socordiam
3174 3714 3367 3755 sensus

1794 3759 1914 3837 mei,
1940 3758 2191 3837 epistolas
2213 3761 2361 3837 beati
2373 3762 2495 3837 jam
2521 3763 2647 3816 dicti
2674 3765 2898 3831 apostoli
2921 3765 3072 3819 Pauli
3095 3768 3160 3820 ad
3189 3768 3366 3837 Ephe—

1793 3828 1922 3889 sios,
1973 3835 2133 3905 aique
2165 3831 2228 3882 ad
2247 3831 2636 3905 Philippenses,
2692 3828 2938 3888 nontam
2992 3851 3058 3889 ex
3102 3828 3367 3905 majorum

1796 3898 2130 3967 tractatibus,
2157 3914 2314 3967 quam
2345 3898 2768 3956 eifdiversorum
2797 3907 3118 3959 tractatuum
3152 3898 3368 3962 senten-

1793 3967 1906 4046 tiis,
1938 3966 2102 4046 veluti
2127 3966 2403 4024 mendicus
2427 3988 2530 4046 non
2565 3973 2768 4046 habens
2814 3975 3083 4040 propriam
3107 3989 3365 4046 segetem.

1793 4037 1886 4091 sed
1913 4045 2033 4118 post
2062 4046 2208 4118 terga
2245 4043 2651 4118 metentiumiex
2675 4037 3131 4118 aliorumlsegete
3147 4037 3369 4118 c'ongreé

1793 4115 1881 4176 gat
1911 4107 2012 4183 sibi
2043 4108 2265 4170 victum,
2313 4126 2379 4183 ne
2419 4112 2611 4183 hiemis
2640 4120 2888 4183 tempore
2926 4107 3069 4168 fanie
3097 4107 3370 4183 periclite-

1793 4185 1902 4254 tur,
1929 4176 2001 4227 ita
2019 4185 2084 4254 _et
2103 4192 2202 4254 ego
2221 4194 2283 4254 ei:
2311 4181 2534 4254 aliorum
2557 4176 2854 4254 dictis,'has
2879 4182 3027 4236 brevi
3055 4176 3193 4254 stylo
3223 4201 3370 4240 com-

1791 4245 2050 4323 prehnendi
2083 4247 2356 4323 epistolas.
2392 4271 2410 4301 ι
2464 4251 2528 4303 Et
2548 4253 2844 4323 quaestione
2873 4266 2928 4323 ιν
2952 4245 3175 4307 secundi
3210 4270 3371 4323 gene-

1793 4265 2050 4313 prenenun
2083 4265 2356 4313 eptswtas.
2392 4271 2410 4301 ι
2464 4265 2528 4303 bt
2587 4265 2844 4305 uaesuone
2873 4266 2907 4304 Χ
2952 4265 3175 4307 secundi
3210 4270 3370 4323 gene-

1793 4313 2418 4392 _ris_Comme_ntari9rum
2443 4335 2457 4372 :
2496 4338 2518 4392 _t
2548 4265 2685 4392 Quid
2709 4330 2888 4374 tamen
2920 4322 3018 4376 ista
3046 4323 3370 4392 significant,

1792 4385 1844 4438 in
1877 4384 2013 4437 libro
2041 4386 2217 4452 primo
2246 4387 2436 4456 Operis
2495 4384 2653 4456 hujus
2699 4406 2763 4444 ex
2794 4392 2952 4445 dictis
2989 4384 3250 4458 Majorum
3277 4384 3372 4449 no;

112 4448 377 4530 Epistulas
393 4450 470 4530 ad
474 4448 893 4530 Ephgsiospagg.
913 4448 1480 4530 90..9’_l_et_9‘2_._analect.
1497 4454 1679 4510 editio.
1711 4465 1763 4523 D
1790 4448 2058 4530 strorum;
2097 4465 2156 4530 ut
2203 4448 2458 4512 Dominus
2488 4448 2664 4530 dedit,
2698 4468 2752 4512 et
2797 4461 3040 4515 invenire
3069 4448 3366 4530 potuimus,

111 4517 279 4570 Paris.
301 4533 386 4568 an.
409 4517 560 4570 1723.
592 4517 749 4573 Tanti
770 4517 899 4574 vero
917 4520 1042 4574 fecit
1057 4521 1385 4576 Pesselierus
1405 4538 1682 4577 commen—

113 4587 244 4658 taria
272 4586 484 4658 Claudii
515 4589 566 4640 in
599 4589 890 4658 Epistolam
917 4592 985 4642 ad
1013 4590 1230 4645 Galatas
1258 4633 1271 4653 ,
1290 4601 1344 4644 ut
1382 4594 1493 4646 hzec
1523 4595 1588 4646 de
1617 4595 1682 4648 iis

110 4656 411 4720 tradiderit.
441 4674 465 4728 «ν
485 4657 592 4728 Ego
613 4656 827 4726 quidem
840 4675 961 4712 cum
987 4661 1553 4728 superioribusdiebus
1575 4665 1682 4718 illic

109 4738 306 4788 essem,
355 4727 641 4795 variasque
678 4729 1024 4800 scientiarum
1053 4727 1304 4800 gemmas
1355 4733 1678 4797 evolverem,

111 4808 228 4860 qua:
243 4809 377 4847 sane
395 4810 499 4848 non
523 4813 704 4864 paucae
735 4799 787 4850 in
811 4798 1135 4852 bibliotheca
1157 4803 1522 4856 vetustissima
1561 4803 1680 4856 dili-

112 4872 299 4942 genter
328 4875 696 4942 asservantur,
717 4868 876 4942 _fo_rte
901 4873 1258 4942 occurrertint
1287 4873 1444 4939 hujus
1469 4871 1676 4925 Claudii

113 4931 162 4984 in
182 4946 376 4985 omnes
406 4931 576 5010 ferme
604 4936 750 5010 Pauli
780 4938 1048 5010 Epistolas
1095 4931 1504 5010 commentaria,
1559 4958 1678 5010 qua:

111 5016 229 5053 cum
291 5004 537 5080 escussis
569 5046 583 5068 ,
622 5016 679 5080 ut
718 5004 1023 5080 fieri___solet
1049 5049 1062 5069 ,
1123 5009 1435 5077 pulveribus
1483 5004 1677 5080 raptim

112 5071 447 5146 percurrisse
461 5089 536 5146 at,
565 5076 790 5146 miratus
820 5077 960 5130 illico
988 5071 1316 5146 superiorum
1353 5071 1566 5133 (statum
1598 5082 1680 5132 in—

112 5141 314 5192 curiam
338 5141 752 5210 indignissimum
780 5147 980 5215 putavi,
1015 5141 1124 5200 tam
1149 5149 1442 5215 pretiosum
1470 5152 1681 5203 thesau-

113 5226 251 5286 rum,
287 5219 505 5286 tamque
528 5216 849 5286 exquisitum
871 5215 1072 5283 jacere,
1103 5232 1162 5269 ac
1191 5233 1380 5286 magna
1414 5235 1533 5270 cum
1560 5219 1682 5272 Rei-

111 5279 670 5354 publicaeChristianze
698 5279 909 5352 jactura
941 5287 1123 5339 tandiu
1146 5279 1477 5340 delitiscere.
1501 5290 1684 5354 Quam

113 5358 218 5421 tam
242 5350 638 5421 studiosissimo
661 5350 852 5421 cuique
881 5370 1157 5408 sacrarum
1180 5356 1480 5408 litterarum
1496 5350 1677 5410 acces—

113 5417 320 5493 sionem
355 5419 433 5472 sic
464 5421 739 5493 allaturus,
764 5417 865 5476 dici
891 5423 1127 5492 profecto
1157 5441 1260 5477 non
1293 5434 1498 5492 potest;
1544 5442 1680 5493 pra:-

114 5487 296 5558 sertim
323 5502 444 5540 cum
462 5491 741 5558 splendore
761 5487 983 5546 suoe'am
1015 5493 1185 5548 lucem
1197 5487 1431 5548 Paulinae
1461 5487 1676 5550 lectioni

115 5554 415 5629 alferat,_ut
451 5554 516 5612 ad
548 5560 712 5629 ipsius
744 5576 940 5615 arcana
981 5579 1160 5626 sensa,
1200 5574 1253 5617 et
1288 5564 1564 5619 abstrusos
1600 5567 1677 5618 lo-

115 5637 203 5679 cos
225 5625 585 5696 explicandos
602 5629 804 5684 aditum
841 5632 1047 5686 facilem
1075 5625 1316 5702 praebere
1344 5634 1604 5689 videatur.
1651 5656 1670 5687 ι

1783 4525 1893 4601 jam
1935 4527 2235 4601 expositum
2265 4537 2426 4601 est.)
2487 4527 2604 4582 Non
2647 4530 2827 4601 omnia
2863 4525 3211 4601 tamenfqute
3258 4525 3372 4588 suis

1788 4594 2466 4682 inseritHCommentariis,
2509 4613 2580 4682 .ex
2639 4594 3220 4682 aliis_depr0tripsisse_,
3275 4605 3371 4682 sed

1787 4661 2061 4742 nonnulla.
2113 4667 2180 4742 de
2215 4683 2311 4720 suo
2343 4661 2664 4742 quandoque
2709 4661 2998 4742 addidisse,
3025 4661 3152 4727 'hazc
3197 4661 3366 4742 ipsius

1787 4731 1993 4810 Claudii
2020 4731 2080 4810 in
2107 4731 2523 4810 Commen'iariis
2555 4731 2607 4791 in
2643 4739 2921 4810 epistolam
2957 4731 3181 4810 apostoli
3217 4731 3369 4796 Pauli

1788 4803 1854 4856 ad
1881 4801 2105 4880 Galatas
2161 4807 2321 4859 verba
2348 4806 2656 4880 declarant_:
2676 4801 2690 4808 ’
2716 4827 2743 4880 «ξ
2774 4801 3036 4880 largiente
3057 4811 3166 4865 Deo
3187 4813 3238 4866 in
3266 4815 3369 4866 isto

1788 4871 2214 4950 quadragesima;
2264 4885 2505 4950 tempore
2555 4878 2837 4944 epistolam
2857 4871 3023 4934 Vbeati
3073 4881 3185 4950 jam
3235 4883 3366 4936 dicti

1787 4941 2015 5011 apostoli
2062 4943 2212 4996 Pauli
2260 4946 2326 4997 ad
2367 4941 2680 5000 Galatas—ex
2729 4951 3044 5004 tractatibus
3074 4941 3363 5004 beatorum

1785 5011 2091 5088 Augustini,
2147 5022 2201 5066 et
2231 5013 2542 5088 Hieronymi
2588 5013 2804 5088 Patrum
2846 5021 3129 5086 permixtis
3172 5034 3364 5088 procu-

1787 5098 1897 5135 ravu
1915 5085 2170 5136 ordinare
2194 5085 2493 5138 sententiis.
2513 5085 2571 5140 In
2595 5086 2789 5153 quibus
2813 5089 3130 5143 tractatibus
3153 5085 3273 5142 cum
3297 5092 3364 5142 ad

1787 5161 2172 5220 congruentem
2202 5155 2596 5221 expositionem
2653 5157 2819 5209 multa
2844 5159 3030 5213 deesse
3059 5173 3360 5216 cernerem.

1787 5221 2037 5297 verti-me
2063 5222 2128 5273 ad
2151 5221 2284 5275 alios
2316 5223 2707 5297 librosprazfati
2727 5224 2840 5292 jam
2861 5229 3030 5294 patris
3058 5228 3366 5297 Augustini,

1786 5298 1840 5342 ct
1865 5291 2056 5378 cainde
2083 5305 2356 5371 eam,.qu:e
2387 5293 2438 5346 in
2454 5291 2558 5348 illis
2579 5291 2783 5378 deerat,
2802 5291 3131 5378 tractatibus
3146 5291 3364 5378 explere

1788 5360 1969 5412 studui
1999 5361 2421 5427 expositionem;
2459 5365 2710 5417 nonnulla
2744 5366 2926 5429 etiam,
2959 5367 3162 5420 ntmibi
3188 5360 3363 5420 visum

1785 5437 1895 5506 est,_
1919 5429 2059 5481 intra
2084 5430 2296 5483 illorum
2324 5432 2806 5506 locutionem,mea
2830 5436 3009 5506 studui
3034 5435 3363 5506 conjungere

1787 5500 1970 5575 verba.
2002 5514 2119 5565 qum
2149 5508 2433 5575 utramque
2458 5503 2848 5575 expositionem
2873 5505 3074 5575 absque
3099 5500 3366 5558 scissione

1785 5567 2188 5640 coiijungerent.
2241 5579 2295 5622 et
2341 5567 2564 5640 legentis
2587 5585 2908 5629 exercerent
2927 5567 3164 5639 sensum,
3199 5585 3252 5629 et
3284 5576 3350 5628 fa

1785 5637 2003 5691 stidinni
2026 5637 2262 5694 facerent
2293 5637 2511 5699 evitare.
2559 5659 2578 5692 ι
