3912 6314
98 365 211 422 625

990 363 1457 434 QUAZSTIONES
1499 362 1647 418 XXX
1690 360 1918 417 SUPER
1956 360 2201 418 LIBROS
2241 360 2509 418 REGUM.

3284 365 3390 423 626

98 481 320 553 rigatis,
376 489 431 537 et
454 495 553 552 per
581 480 825 537 ordinem
851 479 1134 548 exponatis
1160 496 1171 530 :
1230 484 1285 532 et
1305 473 1567 546 quidquid
1600 475 1701 528 im-
1728 477 1779 535 Α
1878 470 1962 525 18.
2004 469 2237 542 Cumque
2264 473 2595 525 imminerent
2618 480 2804 537 vectes,
2833 478 2880 526 et
2909 486 3221 541 apparerent
3245 492 3390 531 sum-

96 574 284 643 perito
335 588 587 629 sermone
629 573 838 626 locutus
869 568 1064 625 fuerim
1091 582 1117 611 ι
1143 609 1158 634 ,
1200 576 1259 623 ιιι
1294 568 1570 638 magister,
1624 566 1697 619 ita
1801 564 2004 618 mitates
2025 581 2206 618 eorum
2229 564 2360 633 foris
2380 565 2760 628 sanctuarium,
2785 574 2889 619 etc.
2918 564 3003 618 III.
3024 565 3078 620 8.
3106 565 3161 621 8.
3193 565 3286 637 (At
3311 567 3383 623 le-

98 664 433 736 discipulum
471 664 777 719 emendate.
836 661 947 733 Ego
991 660 1135 717 enim
1180 674 1288 714 non
1329 674 1426 729 per
1453 659 1699 714 ordinem
1802 656 2033 727 gendum
2056 661 2359 719 eminerent,
2389 654 2465 707 uti
2498 654 2660 708 habet
2689 655 2993 711 comunis
3029 654 3241 728 lectio.)

98 756 229 810 misi
267 764 492 825 propter
540 754 809 823 quandam
857 753 1156 824 agilitatem
1191 758 1247 806 et
1316 749 1697 822 negligentiam

98 848 437 919 scriptoris:
481 862 576 903 vos
620 862 771 913 vero,
828 855 889 900 ut
938 846 1164 901 historia
1201 860 1259 900 se
1290 844 1453 900 habet
1487 885 1501 909 ,
1549 845 1698 900 ordi-

99 950 257 995 nate.

177 1033 231 1085 1.
279 1030 344 1084 Et
366 1030 630 1085 suscitabo
656 1030 783 1085 mihi
815 1027 1152 1084 Sacerdotem
1204 1025 1431 1096 ﬁdelem.
1490 1027 1529 1081 I.
1562 1027 1696 1098 Reg.

98 1118 156 1172 2.
193 1119 287 1173 55.

176 1211 235 1265 2.
283 1210 349 1264 Et
377 1227 479 1265 non
509 1212 693 1265 cecidit
722 1227 784 1265 ex
813 1210 1063 1265 omnibus
1082 1210 1246 1265 verbis
1266 1209 1379 1280 ejus
1399 1210 1453 1263 in
1484 1218 1697 1262 terram.

98 1302 142 1357 I.
173 1303 349 1359 5.19.

1876 744 1959 799 19.
2007 743 2369 814 Produxitque
2393 743 2565 812 ﬁlium
2596 745 2751 813 regis‘,
2783 753 2830 798 et
2868 746 3043 815 posuit
3084 762 3244 817 super
3266 762 3386 802 eunt

1801 832 2065 897 diadema,
2102 841 2151 886 et
2186 834 2563 887 testimonium.
2612 831 2701 887 IV.
2744 833 2829 889 11.
2858 834 2945 888 12.

1872 925 1960 980 20.
1999 924 2069 978 Et
2094 942 2200 980 non
2222 926 2377 995 ﬁebat
2407 927 2543 980 ratio
2568 926 2633 981 iis
2669 926 2992 997 hominibus,
3032 930 3123 1001 qui
3150 929 3381 998 accipie—

1804 1018 1927 1071 bant
1960 1019 2258 1087 pecuniam.
2293 1018 2379 1073 IV.
2412 1018 2495 1071 12.
2534 1018 2621 1072 15.

1870 1108 1961 1161 21.
2020 1108 2141 1178 Ipse
2200 1110 2453 1178 percussit
2521 1108 2695 1164 Edam
2754 1110 2810 1164 in
2856 1108 2991 1166 valle
3050 1110 3384 1166 Saturarum.

1804 1201 1893 1257 IV.
1934 1202 2017 1256 14.
2049 1204 2100 1256 7.

1875 1293 1965 1348 22.
2008 1294 2129 1365 Ipse
2189 1295 2426 1349 restituet
2483 1296 2733 1350 terminos
2796 1294 2969 1350 Israel
3034 1295 3101 1349 ab
3163 1295 3390 1351 introitu

174 1396 229 1451 5.
274 1394 343 1450 Et
391 1396 645 1466 percussit
695 1395 759 1449 de
806 1393 998 1465 populo
1071 1394 1403 1464 septuaginta
1458 1394 1621 1456 viros,
1652 1400 1701 1446 et
1808 1390 2023 1445 Emath.
2056 1392 2144 1447 IV.
2179 1391 2265 1445 14.
2297 1391 2389 1446 25.

94 1486 485 1556 quinquaginta
536 1485 699 1556 plebis
720 1485 779 1544 I.-
802 1485 853 1539 6.
900 1486 986 1541 19.
1046 1484 1330 1557 (Vulgatus
1388 1494 1570 1539 tamen
1622 1484 1695 1538 in~

100 1583 326 1644 terpres
352 1576 513 1629 habet
538 1590 554 1627 τ
580 1575 957 1647 quinquaginta
985 1575 1153 1629 millia
1180 1575 1389 1647 plebis.)

175 1664 231 1717 4.
276 1665 361 1719 Ea:
388 1682 491 1736 qua
530 1666 614 1719 die
641 1667 834 1720 mansit
864 1684 990 1720 arca
1035 1665 1316 1737 (Vulgatus
1363 1666 1552 1721 addit:
1590 1665 1699 1719 Do-

1872 1482 1964 1537 25.
2006 1482 2073 1536 Et
2103 1499 2426 1553 unaquaque
2454 1498 2577 1553 gens
2627 1482 2888 1552 fabricata
2917 1492 2992 1536 est
3018 1481 3173 1536 deum
3205 1497 3382 1536 suum.

1808 1571 1894 1626 IV.
1930 1572 2016 1625 17.
2049 1572 2138 1627 29.
2193 1571 2527 1643 (Lectionem
2583 1574 2723 1627 hanc
2775 1572 3027 1641 proponit
3083 1571 3391 1626 rectissime

1809 1661 2057 1732 Vulgata,
2088 1669 2143 1716 et
2163 1662 2410 1730 sequitur
2428 1661 2639 1715 clariss.
2671 1660 2968 1715 Zacharias
2994 1678 3006 1713 :
3041 1666 3098 1714 at
3127 1659 3182 1714 in
3202 1674 3387 1716 exem-

98 1757 258 1827 mini)
312 1757 366 1810 in
428 1757 824 1824 Cariathiarim,
871 1757 1208 1829 multiplicati
1243 1768 1364 1813 sunt
1424 1759 1535 1813 dies
1584 1758 1700 1827 ejus
1804 1754 1940 1824 piari
1970 1755 2037 1809 ad
2071 1770 2158 1810 me
2192 1754 2360 1809 misso
2396 1753 2594 1823 legitur
2618 1753 2831 1807 domum
2853 1750 3054 1821 suam.)

94 1856 208 1903 etc.
238 1846 279 1903 l.
312 1849 365 1902 7.
394 1848 444 1901 2.

173 1938 229 1992 5.
272 1937 426 2004 Quod
457 1940 533 1993 ait
569 1938 840 1995 Jonathan
870 1942 937 1996 ad
967 1941 1136 1995 David
1173 1958 1186 1995 :
1214 1939 1273 1996 Si
1301 1941 1502 2007 vixero,
1532 1941 1694 2011 facies

99 2028 237 2081 mihi
270 2030 683 2083 misericordiam
722 2039 826 2085 etc.
861 2031 899 2085 l.
933 2031 1023 2086 20.
1061 2032 1146 2086 14.

161 2117 223 2171 6.
269 2119 297 2158 b
330 2116 478 2173 Fecit
526 2118 779 2175 Salomon
815 2120 1151 2190 festivitatem
1180 2122 1433 2177 celebrem
1511 2131 1557 2177 et
1584 2140 1698 2178 om-

93 2210 186 2265 nis
216 2208 391 2264 Israel
436 2227 556 2263 cum
595 2227 675 2265 eo.
708 2211 794 2265 III.
829 2212 881 2266 8.
925 2213 995 2267 65

174 2299 228 2353 7.
274 2299 339 2355 In
369 2301 551 2356 diebus
602 2303 717 2372 ejus
761 2304 1044 2372 wdiﬁcavit
1087 2305 1151 2360 de
1177 2304 1356 2359 Achiel
1406 2305 1470 2359 de
1514 2304 1697 2359 Bethel

94 2390 341 2446 Hierico.
384 2392 469 2447 III.
510 2392 596 2449 16.
628 2394 717 2449 54.
754 2393 845 2467 (Αι
912 2393 1174 2466 Vulgatus
1236 2395 1401 2451 habet
1431 2412 1443 2448 :
1471 2395 1608 2450 .I‘Iiel
1633 2396 1697 2450 de

96 2479 333 2552 Bethel.)

174 2572 232 2626 8.
274 2570 404 2625 Ha'c
443 2573 644 2642 faciant
672 2574 801 2629 mihi
843 2575 937 2637 dii,
988 2583 1037 2628 et
1066 2575 1176 2629 htcc
1211 2575 1434 2642 addant,
1460 2578 1504 2630 si
1534 2577 1696 2645 διιπε-

97 2659 231 2711 cerit
258 2660 431 2729 pulvis
459 2660 726 2717 Samaria
764 2663 965 2734 pugillo
1009 2665 1237 2719 universi
1267 2666 1471 2737 populi,
1500 2667 1589 2738 qui
1616 2684 1697 2721 se-

96 2751 286 2819 quitur
338 2769 440 2811 me.
505 2753 591 2808 III.
647 2754 736 2809 20.
790 2754 875 2809 10.
938 2754 1069 2825 (Sed
1115 2756 1377 2828 Vulgatus
1406 2759 1570 2815 habet
1597 2777 1696 2830 pu-

98 2838 295 2909 gillis.)

134 2926 137 2929 λ
171 2931 228 2986 9.
277 2932 453 2988 Tertia
480 2950 603 3005 pars
630 2944 854 2990 vestrum
882 2937 1107 2991 introeat
1151 2936 1401 3005 Sabbato,
1444 2949 1493 2995 et
1525 2941 1697 2997 obser-

99 3034 181 3079 vet
214 3026 518 3079 excubitum
547 3028 736 3082 domus
782 3031 937 3100 regis.
988 3029 1075 3086 IV.
1106 3030 1193 3085 11.
1220 3030 1273 3086 6.
1304 3030 1395 3103 (At
1422 3033 1474 3087 in
1511 3043 1695 3089 nostra

107 3116 365 3170 versione
398 3115 591 3185 legitur
612 3117 915 3190 excubias.)

1724 1830 1770 1889 B
1863 1843 1954 1897 at.
1998 1841 2096 1897 Ubi
2120 1852 2195 1896 est
2225 1843 2351 1896 deus
2375 1842 2590 1907 Emath,
2618 1852 2665 1896 et
2697 1838 3107 1912 ArphatltlUbi
3150 1848 3257 1896 etc.
3288 1841 3376 1897 tv.

1802 1933 1890 1989 18.
1918 1933 2007 1989 54.
2053 1932 2303 2004 (Vulgata
2334 1931 2597 2002 Arphad.)

1873 2024 1963 2079 25.
2002 2024 2249 2079 Ascendit
2285 2024 2472 2077 umbra
2526 2024 2703 2078 decem
2758 2040 2928 2079 tineis.
2958 2024 3049 2079 IV.
3090 2026 3180 2081 20.
3209 2028 3261 2083 9.
3294 2027 3386 2099 (At

1798 2116 2082 2185 legendum
2129 2123 2213 2169 est
2246 2129 2370 2169 cum
2420 2112 2648 2183 Vulgata
2682 2131 2693 2166 :
2733 2112 2842 2178 Vis,
2889 2125 2943 2170 ut
2972 2118 3245 2185 ascendat,
3277 2128 3382 2175 etc.

1798 2188 1899 2257 nisi
1926 2204 1998 2257 vis
2021 2202 2247 2258 indicari
2270 2201 2467 2257 versic.
2503 2202 2589 2256 11.
2610 2202 2729 2271 jam
2752 2204 3116 2271 descenderat,
3145 2208 3277 2277 etc.)

1867 2294 1956 2348 26.
2011 2292 2144 2359 Quae
2183 2292 2452 2347 habitabat
2513 2293 2809 2348 Ierusalem
2872 2296 2926 2349 in
2991 2298 3242 2354 secunda.
3290 2299 3379 2356 IV‘.

1795 2383 1885 2437 22.
1922 2382 2007 2436 14.

1865 2491 1961 2562 27..
2006 2490 2395 2546 Contaminavit
2451 2509 2654 2565 quoque
2718 2493 2973 2565 Topheth,
3019 2498 3161 2567 quod
3212 2508 3287 2555 est
3328 2502 3387 2558 iu

1796 2582 1930 2637 valle
1962 2582 2061 2651 ﬁlii
2088 2582 2300 2638 Ennon.
2330 2582 2419 2640 IV.
2448 2583 2539 2639 25.
2572 2584 2656 2639 10.

1866 2696 1955 2751 28.
1996 2696 2221 2751 Abstulit
2280 2714 2483 2770 quoque
2518 2716 2695 2771 equos,
2749 2719 2879 2773 quos
2940 2704 3195 2763 dederant
3240 2725 3385 2782 reges

1796 2790 1941 2845 Iuda
1967 2791 2102 2847 Soli.
2133 2792 2218 2847 IV.
2253 2792 2342 2847 25.
2382 2793 2467 2847 11.

1866 2902 1955 2958 29.
1997 2903 2222 2959 Excelsa
2264 2921 2489 2976 quoque,
2519 2923 2638 2978 quce
2675 2919 2823 2964 erant
2865 2912 2919 2965 in
2945 2912 3267 2980 Jerusalem,
3313 2917 3384 2971 ad

1796 2994 2065 3050 dexteram
2107 3005 2306 3065 partem
2356 2999 2549 3052 montis
2580 2999 2903 3067 offensionis,
2937 3009 3043 3056 etc.
3076 3002 3209 3059 Ibid.
3233 3004 3381 3059 v.15.

1868 3108 1955 3165 50.
1999 3095 2375 3165 Εεέναηδωιὲι
2424 3129 2629 3167 omnem
2676 3112 2999 3185 Ierusalem,
3028 3126 3077 3172 et
3108 3119 3376 3175 universos

172 3204 265 3258 ιο.
312 3180 474 3271 Ουοᾶ
495 3206 571 3260 ait
598 3206 810 3275 Abigail
842 3180 909 3263 ad
934 3209 1142 3264 David:
1181 3209 1240 3265 Si
1285 3213 1422 3265 enim
1453 3228 1697 3268 surrexe-
1724 3180 1768 3243 (Ἰ
1800 3201 2060 3271 principes
2090 3208 2195 3255 etc-
2229 3201 2314 3255 ιν·
2357 3201 2446 3255 94-
2486 3202 2572 3256 M-

101 3294 168 3347 rit
207 3294 367 3348 homo
394 3294 679 3366 aliquando
711 3313 1021 3365 persequens
1048 3306 1116 3362 te,
1147 3306 1252 3353 etc.
1283 3298 1324 3353 I-
1357 3299 1446 3354 25.
1481 3300 1569 3354 29.

178 3387 266 3442 11.
318 3386 380 3441 Et
429 3388 696 3458 praecepit,
746 3396 802 3441 ut
852 3388 1096 3443 docerent
1119 3389 1273 3459 ﬁlios
1298 3390 1446 3445 .Iuda
1486 3408 1688 3447 arcum.

104 3473 165 3529 Il.
206 3475 257 3528 1.
302 3475 383 3530 18.

176 3564 266 3617 12.
315 3562 380 3616 Et
407 3574 659 3634 percussit
688 3564 867 3631 Moab,
904 3577 952 3621 et
977 3546 1188 3623 mensus
1222 3579 1297 3623 est
1316 3586 1403 3625 eos
1428 3570 1687 3639 funiculo.

104 3652 167 3707 Il.
202 3654 257 3709 8.
302 3652 356 3705 2.

178 3742 268 3795 15.
316 3741 435 3810 Ipse
459 3752 588 3796 esset
617 3744 768 3813 quasi
815 3745 1128 3801 tenerrimus
1176 3746 1305 3817 ligni
1357 3749 1689 3803 vermiculus.

112 3832 175 3885 ll.
201 3833 298 3886 2'5.
326 3833 378 3887 8.
407 3831 687 3902 (Vulgatus
714 3833 879 3887 habet
905 3833 1028 3905 est.)

176 3926 267 3980 14.
311 3925 430 3997 Ipse
460 3926 745 3992 descendit,
798 3936 847 3981 et
898 3930 1155 3998 percussit
1204 3928 1404 3985 leonem
1436 3932 1491 3986 in
1521 3934 1693 3987 media

106 4020 358 4071 cisterna.
386 4016 447 4070 II.
474 4017 563 4072 25.
598 4017 687 4071 20.

176 4108 267 4162 15.
312 4107 388 4161 De
426 4107 644 4176 templo,
694 4108 834 4179 quod
885 4108 1107 4164 habebat
1150 4109 1366 4181 triginta
1392 4111 1593 4183 subitos
1639 4114 1695 4167 in

104 4198 463 4252 altitudinem.
498 4197 565 4252 Et
589 4198 645 4252 in
680 4197 817 4253 libro
844 4198 1295 4269 Paralipomenon
1324 4200 1544 4255 habebat
1567 4219 1691 4257 cen-

106 4298 216 4341 tum
243 4288 451 4357 viginti.
484 4286 617 4357 Reg.
644 4286 731 4341 III.
762 4287 813 4340 6.
845 4288 899 4341 2.
948 4287 1011 4341 II.
1042 4287 1277 4357 Paralip.
1320 4289 1373 4342 '5.
1416 4289 1469 4342 4.

176 4378 271 4454 16..
305 4376 513 4432 Ostium
553 4378 711 4432 medii
744 4378 923 4434 lateris
953 4380 1008 4433 in
1036 4387 1186 4448 parte
1208 4388 1321 4433 erat
1349 4382 1536 4435 domus
1560 4381 1693 4436 dex—

107 4478 250 4522 εενω.
298 4467 383 4521 lll.
427 4467 560 4538 Reg.
595 4467 647 4522 6.
689 4468 740 4521 8.

178 4559 266 4612 17.
305 4557 556 4629 Texitque
604 4559 815 4613 domum
849 4558 1133 4631 laqueariis
1170 4562 1416 4618 cedrinis.
1446 4562 1530 4618 III.
1555 4563 1606 4617 6.
1635 4564 1687 4619 9.

108 4656 198 4726 (At
229 4656 283 4710 in
312 4654 541 4726 Vulgata
570 4656 838 4710 habetur:
874 4656 1002 4709 texit
1035 4656 1280 4728 quoque.)

176 4790 203 4828 II
218 4788 435 4857 Anceps
446 4789 626 4860 haereo
640 4804 767 4860 num
788 4788 1175 4860 legendumsit,
1194 4789 1376 4857 fuerit,
1394 4806 1460 4845 an
1479 4790 1687 4860 fuerim.

108 4858 450 4913 Postremum
478 4858 580 4913 hoc
607 4857 815 4912 clariss.
848 4857 1132 4913 Zachariae
1162 4860 1355 4916 nlacet.
1418 4857 1487 4914 Et
1505 4876 1687 4916 revera

110 4928 415 4983 subrustice
466 4928 532 4981 de
575 4928 824 4997 episcopo
864 4928 1103 4997 loquitur
1130 4928 1498 4992 Theutmirus,
1550 4931 1594 4984 si
1626 4931 1690 4985 de

148 4998 399 5067 ropositis
427 5013 458 5051 a
483 4996 790 5069 Leidratho,
850 5006 943 5069 aut
968 4996 1267 5069 Nimbridio
1305 5000 1691 5069 qumstionihus

148 5015 399 5067 roposrus
427 5015 458 5051 a
483 5015 790 5061 Leiuratno,
850 5015 943 5051 aut
968 5015 1267 5052 mmnnmo
1305 5015 1691 5069 quaesuonmus

111 5015 227 5122 ﬁxae
259 5068 572 5138 pronuntiet
604 5084 617 5120 :
668 5075 730 5120 ut
767 5067 1033 5138 magister,
1062 5068 1138 5120 ita
1174 5068 1490 5138 discipulum
1519 5086 1691 5122 emen-

111 5135 273 5191 date.’
311 5136 383 5191 At
417 5135 489 5207 ab
519 5137 709 5191 horum
735 5136 904 5191 altero
943 5135 1111 5207 fuisse
1139 5135 1442 5207 propositas
1468 5139 1567 5193 has
1596 5139 1692 5193 tri-

112 5206 260 5274 ginta
296 5206 648 5275 qumstiones,
678 5221 905 5275 quarum
945 5206 1264 5261 solutionem
1312 5208 1693 5264 Theuthmirus

111 5276 386 5346 etllagitat,
411 5275 650 5332 indicare
673 5276 881 5332 videtur
900 5276 1551 5346 ipsemetrTheuthmirus,
1569 5293 1690 5332 cum

114 5345 473 5417 haec'suhjicit
505 5364 517 5399 ε
560 5347 657 5417 bas
705 5364 723 5396 ‹
760 5348 1081 5414 αυεεειίοηεε
1107 5345 1257 5417 XXX
1280 5357 1445 5416 atque
1467 5349 1695 5417 apertio-

115 5432 211 5471 nes
264 5415 496 5479 illarum,
550 5415 594 5470 si
645 5417 941 5485 prudentia:
965 5422 1155 5485 vestrae
1179 5415 1373 5483 placet,
1420 5415 1542 5471 cum
1588 5418 1693 5472 illis

116 5485 501 5557 quaestionibus
550 5484 617 5539 de
646 5484 904 5557 pracdicto
945 5486 1082 5540 libro
1127 5484 1354 5557 Regum,
1404 5502 1539 5557 quas
1569 5489 1692 5543 misi

117 5556 389 5627 sanctitati
415 5563 610 5627 vestrae
632 5556 1019 5627 explanandas,
1038 5570 1161 5609 cum
1174 5570 1204 5609 a
1225 5556 1376 5627 vobis
1391 5556 1691 5627 explanata:

119 5624 334 5688 fuerint,
383 5625 575 5681 ordine
625 5640 742 5688 suo,
788 5640 896 5679 uno
946 5625 1251 5680 adunentur
1292 5625 1345 5680 in
1378 5624 1625 5695 corpore.
1665 5646 1682 5680 ι

120 5695 419 5765 Ellhgitare
433 5710 562 5749 vero
582 5709 660 5759 se,
677 5702 802 5765 utet
824 5696 1036 5760 harum,
1060 5703 1115 5749 et
1141 5698 1528 5761 earumetiam,
1554 5712 1688 5765 quas

125 5768 232 5834 ipse
270 5764 343 5821 ad
376 5765 656 5821 Claudium
691 5764 974 5821 solvendas
1002 5767 1171 5833 misit,
1216 5774 1271 5822 ct
1320 5764 1691 5837 explicandas,

1718 4521 1771 4580 D

1869 3291 1978 3347 Has
1997 3292 2326 3361 quaestiones
2352 3293 2597 3364 triginta,
2628 3304 2790 3364 atque
2811 3297 3119 3367 apertiones
3145 3298 3379 3367 illarum,

1798 3382 1845 3437 si
1873 3382 2173 3452 prudentiae
2213 3390 2410 3458 vestrae
2454 3382 2650 3454 placet,
2683 3401 2804 3440 cum
2830 3386 2937 3441 illis
2984 3389 3377 3458 quaestionibus

1797 3475 1863 3530 de
1892 3474 2148 3544 praedicto
2174 3474 2313 3530 libro
2339 3475 2566 3544 Regum,
2584 3492 2719 3546 quas
2740 3478 2862 3533 misi
2891 3480 3167 3535 sanctitati
3188 3490 3383 3537 vestra:

1798 3562 2189 3633 explanandas,
2221 3577 2345 3617 cum
2371 3578 2402 3617 a
2430 3564 2585 3620 vobis
2611 3566 2913 3635 explanata:
2948 3566 3384 3634 fuerint,ordine

1799 3668 1919 3717 suo,
1954 3668 2063 3707 uno
2097 3653 2407 3708 adunentur
2450 3655 2504 3709 in
2549 3669 2800 3727 corpore,
2832 3667 2887 3713 et
2930 3668 2988 3714 ut
3035 3660 3149 3729 ipse
3180 3664 3376 3728 nostis,

1798 3753 1854 3799 et
1880 3752 2113 3799 vestram
2138 3745 2532 3814 praelationem,
2560 3756 2617 3801 et
2640 3764 2815 3803 meam
2863 3751 3203 3820 petitionem,
3226 3755 3380 3822 quasi

1796 3832 2239 3902 praefatiunculas
2267 3835 2321 3889 in
2342 3836 2520 3906 capite
2548 3838 3011 3906 explanationum,
3041 3840 3108 3896 de
3138 3842 3382 3913 priefatis

1797 3924 2183 3992 quaestionibus
2229 3926 2504 3991 adnotate,
2557 3935 2613 3982 et
2663 3927 2718 3983 in
2775 3931 3029 3987 omnibus
3074 3935 3379 4004 scripturis,

1798 4029 1932 4083 quas
1958 4016 2076 4071 istis
2105 4016 2158 4071 in
2187 4017 2433 4087 partibus
2462 4020 2697 4087 mittitis,
2734 4023 2840 4077 mei
2882 4039 2988 4079 non
3015 4025 3379 4083 obliviscami-

1798 4107 1887 4173 ni;
1913 4109 2010 4163 sed
2039 4125 2254 4179 semper
2282 4112 2575 4169 admonere
2603 4115 2895 4187 dignemini
2926 4120 3055 4189 quid
3100 4136 3259 4192 agere
3288 4124 3379 4179 dc-

1796 4197 1973 4253 beam.
2040 4197 2270 4252 Maxime
2300 4200 2353 4253 in
2409 4202 2749 4259 orationibus
2790 4206 3040 4274 obsecro,
3070 4218 3131 4263 ut
3154 4210 3270 4280 ipse
3300 4227 3378 4266 ro-

1798 4290 1936 4361 getis
1986 4290 2271 4345 Dominum
2323 4307 2423 4361 pro
2455 4309 2561 4361 me,
2608 4304 2663 4351 et
2702 4313 2802 4367 per
2847 4300 3085 4356 studium
3134 4312 3378 4365 vestrum

1798 4378 1888 4433 alii
1925 4379 2090 4433 etiam
2144 4389 2355 4449 rogent.
2410 4382 2468 4437 Si
2503 4386 2648 4438 enim
2685 4386 2847 4442 unius
2869 4388 3006 4458 justi
3033 4393 3204 4447 oratio
3242 4394 3377 4449 mul-

1799 4477 1909 4522 tum
1938 4468 2070 4523 valet
2111 4469 2251 4541 (Jac.
2301 4470 2353 4525 5.
2395 4471 2505 4544 16.)
2552 4483 2612 4528 ut
2647 4476 2763 4544 ipse
2813 4479 3006 4546 nostis,
3037 4490 3240 4551 quanto
3268 4500 3376 4540 mae

1797 4559 1878 4629 gis
1904 4559 2196 4614 multorum
2231 4562 2494 4616 assidua?
2541 4564 2690 4631 Vale,
2721 4567 2793 4621 mi
2826 4576 2996 4636 pater,
3040 4579 3095 4626 et
3132 4572 3185 4626 in
3213 4574 3375 4643 spiri-

1799 4649 2019 4703 tualium
2054 4649 2285 4705 ﬁliorum
2307 4655 2580 4724 prosperis
2609 4671 2821 4727 semper
2847 4659 3003 4729 polle.

1795 4784 2050 4867 .Claudius
2074 4804 2181 4841 uno
2179 4804 2418 4867 _c_orpo_re
2448 4792 2932 4867 complectaturtet
2962 4798 3279 4867 explicatas,
3311 4802 3374 4857 il-

1797 4856 2158 4937 lustratasque
2179 4856 2530 4937 Theuthmiro
2554 4856 2812 4937 remittat.
2843 4856 3131 4934 Caeterum,
3165 4856 3279 4926 sive
3306 4856 3374 4937 is,

1796 4927 1909 5010 sive
1944 4928 2080 4981 alter
2112 4930 2473 5010 proposuerit,
2505 4933 2802 5010 _tam__ill:e,
2849 4952 2951 5005 qua
2976 4952 3010 4990 n
3050 4927 3188 5010 alite,
3238 4927 3373 5010 quas

1794 4997 2046 5077 deinceps
2067 4997 2330 5061 recenset,
2352 4997 2709 5077 dissolvendae
2728 4997 2904 5064 erani.
2925 5015 3086 5077 atque
3101 4997 3375 5068 illustian-

1795 5066 1895 5131 dcc,
1919 5065 2037 5190 egus
2059 5077 2266 5137 rogatu,
2293 5083 2323 5121 a
2350 5068 2589 5124 Claudio.

1870 5137 1894 5175 δ
1980 5150 2147 5190 canor
2176 5152 2396 5190 prorsus
2421 5155 2589 5190 exemi

1870 5137 1894 5209 Ρ
1939 5137 2147 5209 Sequor
2165 5152 2396 5209 prorsus
2421 5142 2697 5209 exemplar
2725 5143 2791 5197 ad
2825 5160 2912 5200 me
2942 5146 3167 5202 missum
3192 5166 3208 5204 :
3241 5166 3369 5206 nam

1796 5206 1997 5260 editum
2024 5222 2052 5259 a
2077 5206 2134 5259 P.
2164 5206 2423 5280 Zacharia
2461 5206 2810 5279 quaestionem
2836 5213 2993 5280 hanc,
3015 5226 3069 5271 et
3110 5227 3221 5275 tres
3250 5223 3372 5277 sub-

1798 5284 2090 5351 sequentes
2107 5277 2349 5351 collocat
2365 5277 2493 5347 post
2535 5297 2674 5346 eam,
2707 5298 2825 5351 qua:
2864 5286 2931 5340 ad
2960 5277 3105 5343 hunc
3149 5292 3365 5345 modum

1797 5346 1983 5425 incipit
2015 5344 2284 5425 :Cumque
2333 5344 2667 5425 imminerent
2708 5344 2892 5425 vectes,
2929 5366 2983 5410 et
3029 5344 3225 5425 ordine
3246 5344 3367 5415 XIX

1797 5424 1896 5491 est.
1930 5415 2064 5491 Tum
2077 5415 2213 5491 vero
2238 5418 2638 5491 chronologiam
2682 5415 2981 5491 sequimur,
3013 5435 3068 5480 et
3110 5415 3360 5484 Ecclesia-

1795 5486 1944 5567 sticce
1971 5485 2223 5541 Historia:
2254 5489 2449 5567 seriem
2476 5485 2898 5567 {'QuanLta'men
3010 5496 3094 5567 his
3120 5500 3367 5567 quaestio-

1794 5556 1951 5640 nibus
1981 5558 2345 5640 proponet-ldis
2368 5559 2588 5640 minime
2611 5576 2651 5640 ἓ
2680 5561 3031 5640 Theuthmiro
3056 5556 3221 5640 (uisse
3253 5584 3368 5623 ser-

1794 5632 1972 5709 Vatam
2014 5624 2248 5680 allirmat
2290 5628 2547 5709 ipsemet:
2611 5631 2805 5709 Recole
2844 5649 3016 5704 nuper
3058 5635 3241 5709 dicta:
3279 5654 3370 5709 per

1794 5694 2028 5818 ordinem
2076 5694 2460 5766 exponatis..."
2497 5699 2608 5770 Ego
2656 5703 2789 5756 cnim
2830 5694 2935 5757 non
2985 5722 3078 5775 per
3125 5694 3364 5763 ordin'cm

1794 5782 1922 5818 misi.
1949 5781 1977 5818 e
2006 5782 2052 5818 c.

1788 5782 1922 5831 mist,
1949 5781 2052 5820 etc.
