3912 6324
502 392 604 459 621

1582 401 1861 460 CLAUDII
1899 403 2362 461 ‘IAUMNENSIS
2400 405 2708 465 EPISCOPI

3683 410 3781 468 628

572 516 626 567 1.
678 523 704 554 ι
750 510 876 567 Fuit
938 513 1021 567 uir
1074 528 1213 568 unus
1258 511 1325 568 de
1381 511 1648 569 Ramatha
1698 517 1754 569 in
1800 513 2001 587 Sophin
2026 515 2089 569 de
2115 519 2165 581 Α
2196 516 2295 572 Dei
2311 518 2499 588 jacens
2526 495 2790 574 invenitur
2814 520 3045 593 Dagon:
3075 529 3130 579 et
3158 530 3350 595 postea
3383 526 3541 579 tertia
3563 524 3697 597 die.)

492 610 675 659 monte
732 599 977 671 E/Tmim,
1033 612 1082 657 et
1126 618 1315 657 nomen
1358 601 1476 674 ejus
1528 601 1791 658 Helcana.
1850 604 1916 658 Et
1968 613 2092 673 post

496 708 691 767 pauca.
735 691 939 748 Habuit
976 709 1170 749 uxores
1203 693 1382 749 duas:
1430 706 1618 749 nomen
1667 696 1760 749 uni
1804 693 1995 760 Anna,
2039 704 2089 749 et

498 803 689 843 nomen
729 786 977 842 secunda:
1030 784 1317 842 Fennente.
1368 784 1408 840 Ι.
1446 786 1576 857 lleg.
1609 786 1657 840 1.
1702 787 1753 840 1.
1784 795 1842 842 et
1862 786 1916 840 2.
1949 785 2092 853 Quid

498 875 775 949 signiﬁcat
805 877 890 932 vir
924 877 1067 933 iste:
1098 877 1187 932 vel
1233 876 1353 932 dua:
1396 890 1599 932 uxores
1650 876 1803 947 ejus,
1856 891 1965 930 una
2013 876 2093 930 fe-

498 968 700 1037 cunda,
742 968 849 1025 alia
894 967 1217 1025 infecunda?
1248 969 1318 1023 Et
1346 984 1445 1024 cur
1472 967 1541 1023 de
1586 967 1742 1022 Anna
1779 967 2039 1023 scribitur
2070 985 2083 1020 :

494 1060 638 1134 quod
680 1060 950 1132 afﬂigebat
1006 1077 1212 1133 quoque
1265 1076 1382 1114 eam
1414 1058 1609 1115 aemula
1666 1060 1803 1130 ejus,
1846 1067 1895 1112 et
1935 1058 2086 1112 vehe-

494 1161 699 1209 menter
726 1151 983 1224 angebat?
1003 1152 1073 1209 Et
1098 1152 1308 1222 reliqua
1356 1167 1500 1208 vers.
1530 1152 1582 1207 6.

566 1245 623 1302 2.
663 1244 795 1301 Cum
826 1244 1071 1300 redeunte
1090 1254 1319 1315 tempore
1343 1244 1681 1298 escenderent
1706 1241 1959 1313 templum
1982 1240 2090 1296 Do-

494 1335 649 1401 mini,
679 1343 728 1389 et
750 1335 828 1389 sic
848 1334 1162 1405 provocabat
1205 1351 1340 1389 eam.
1385 1333 1556 1388 Porro
1582 1332 1677 1387 illa
1697 1332 1875 1403 ﬂebat,
1903 1341 1951 1386 et
1982 1349 2086 1386 non

473 1426 732 1498 capiebat
763 1427 961 1492 cibum,
1006 1441 1181 1495 usque
1227 1427 1354 1481 dum
1391 1426 1570 1481 dicit:
1638 1423 1927 1496 Vultusque
1971 1425 2087 1495 ejus

494 1534 600 1573 non
643 1528 766 1573 sunt
824 1516 1051 1589 amplius
1099 1519 1155 1572 in
1203 1517 1410 1572 diversa
1462 1516 1673 1570 mutati.
1724 1515 1793 1570 Et
1849 1514 2082 1581 reliqua.

491 1624 547 1663 v.
578 1610 630 1664 7.
663 1616 772 1665 etc.

562 1699 618 1754 5.
657 1697 933 1755 Exultavit
955 1716 1047 1755 cor
1070 1716 1244 1755 meum
1264 1699 1319 1754 in
1344 1698 1591 1762 Domino,
1644 1712 1818 1769 usque
1847 1696 1975 1751 dum
2000 1695 2084 1751 di-

490 1790 611 1845 cit:
645 1786 901 1847 Dominus
929 1790 1195 1862 judicabit
1228 1790 1389 1860 ﬁnem
1435 1798 1612 1853 terror,
1644 1797 1693 1842 et
1733 1786 1877 1841 dabit
1920 1786 2083 1856 impe-

2270 609 2357 664 10.
2408 608 2523 664 Viri
2556 628 2779 684 quoque,
2832 614 2923 683 qui
2946 616 3142 669 mortui
3174 632 3279 670 non
3314 616 3553 686 fuerant,
3606 632 3784 687 percu-

2197 699 2462 753 tiebantur
2487 702 2542 755 in
2579 704 2850 757 seeretiori
2900 713 3050 773 parte
3082 705 3306 768 natium,
3351 720 3526 775 usque
3556 708 3686 762 dum
3712 708 3788 763 di-

2194 789 2271 844 cit
2301 807 2314 842 :
2348 788 2456 844 Sed
2474 798 2525 844 et
2545 800 2774 863 satrapa:
2796 790 3203 847 Philistinorum
3223 795 3583 865 sequebantur
3606 814 3786 851 arcam

2194 878 2430 945 Domini,
2462 896 2624 952 usque
2682 882 2752 935 ad
2798 883 3046 937 terminos
3081 880 3381 939 Bethsame.
3439 886 3649 942 Ibidem
3673 904 3785 943 ver.

2194 978 2491 1039 postremo,
2516 986 2613 1026 seu
2641 971 2733 1037 12,
2772 987 2945 1043 usque
2985 973 3055 1029 ad
3093 973 3257 1031 ﬁnem
3294 977 3550 1033 versiculi
3590 978 3661 1033 12
3699 994 3786 1034 ca—

2192 1062 2322 1130 pitis
2356 1063 2754 1133 subsequentis,
2786 1065 2841 1120 id
2866 1074 2949 1120 est
2977 1065 3038 1121 6.

2263 1153 2349 1207 11.
2383 1151 2573 1211 'Porro
2627 1152 2967 1211 Bethsamitce
3020 1158 3282 1212 metebant
3325 1161 3584 1225 triticum,
3620 1178 3789 1232 usque

2191 1244 2321 1299 dum
2350 1243 2527 1300 dicit:
2564 1244 2631 1298 At
2662 1245 2788 1300 urbe
2832 1256 3045 1302 murata
3098 1265 3261 1319 usque
3307 1250 3376 1303 ad
3422 1251 3631 1314 villam,
3676 1270 3789 1323 qua

2189 1343 2301 1389 erat
2329 1336 2523 1406 absque
2567 1352 2738 1401 muro,
2772 1346 2820 1391 et
2868 1354 3033 1407 usque
3060 1339 3131 1393 ad
3168 1340 3296 1393 Abel
3325 1357 3603 1411 magnum,
3634 1361 3787 1414 super

2189 1444 2343 1499 quem
2366 1438 2655 1498 posuerunt
2700 1445 2881 1483 arcam
2928 1429 3163 1484 Domini.
3206 1430 3437 1502 Propter
3483 1434 3635 1502 quod
3663 1434 3787 1489 dicit

2187 1518 2316 1573 Abel
2337 1535 2584 1590 magnum
2609 1519 2636 1573 7
2658 1518 2727 1573 Et
2756 1519 2983 1589 reliqua.
3034 1520 3359 1577 lndicantur
3416 1523 3510 1579 hic
3531 1526 3788 1581 versiculi

2188 1609 2275 1685 15,
2308 1617 2366 1663 et
2397 1609 2793 1684 subsequentes
2831 1626 3003 1681 usque
3052 1611 3120 1666 ad
3155 1612 3221 1668 18
3248 1612 3340 1685 (eo
3361 1616 3784 1687 comprehenso,

2187 1700 2381 1771 capitis
2400 1699 2480 1772 6.)
3466 1738 3473 1749 .

2260 1789 2347 1844 12.
2389 1789 2570 1857 Quare
2595 1791 2661 1847 de
2690 1789 2911 1847 Samuel
2962 1792 3245 1859 scribitur,
3286 1796 3431 1865 quod
3455 1795 3787 1865 iudicaverit

489 1881 630 1937 rium
658 1884 769 1954 regi
785 1899 907 1948 suo,
946 1889 997 1936 et
1023 1879 1329 1936 sublimabit
1378 1895 1542 1934 cornu
1572 1875 1771 1932 Christi
1798 1877 1901 1932 sui.
1945 1874 2077 1945 Cap.
2109 1868 2157 1929 Β
2186 1877 2360 1933 Israel
2406 1880 2611 1934 cunctis
2672 1881 2855 1935 diebus
2904 1882 3023 1937 vita
3071 1898 3207 1948 sum,
3272 1899 3397 1939 cum
3436 1886 3493 1940 in
3532 1888 3653 1942 vita
3690 1904 3785 1944 sua

487 1978 623 2044 2.1,
657 1993 831 2050 usque
867 1978 935 2033 ad
968 1978 1056 2032 11.

558 2068 616 2123 4.
658 2066 878 2124 Sdmuel
907 2077 1086 2123 autem
1118 2065 1453 2122 ministrabat
1502 2075 1625 2120 ante
1657 2064 1850 2135 faciem
1869 2062 2081 2118 Domini

487 2175 620 2230 puer
670 2158 937 2214 accinctus
991 2159 1145 2228 ephot
1201 2156 1252 2209 ιι.
1303 2155 1446 2226 quod
1491 2163 1611 2209 erat
1663 2154 1858 2223 ephot,
1910 2166 2082 2221 usque

487 2250 617 2307 dum
654 2248 787 2305 dicit
828 2266 842 2303 :
876 2248 1119 2303 abierunt
1140 2247 1197 2301 in
1224 2246 1398 2300 locum
1422 2261 1599 2299 suum.
1627 2244 1682 2297 2.
1730 2243 1818 2307 18,
1853 2242 1941 2307 19,
1987 2240 2076 2296 20.

557 2342 614 2397 5.
659 2339 902 2396 Visitavit
947 2356 1069 2411 ergo
1116 2339 1374 2393 Dominus
1409 2336 1637 2403 Annam,
1683 2344 1732 2391 et
1762 2334 1996 2404 concepit
2028 2343 2081 2388 et

484 2430 684 2503 peperit
727 2438 831 2485 tres
857 2428 1021 2500 ﬁlios,
1049 2438 1099 2484 et
1118 2429 1253 2482 duas
1291 2426 1433 2496 ﬁlias
1461 2442 1480 2480 :
1513 2424 1738 2496 (Ibidem
1789 2439 1843 2477 v.
1869 2422 1983 2501 2i.)
2010 2422 2078 2476 Et

486 2523 604 2591 ipsa
634 2536 798 2592 supra
833 2519 1167 2591 prophetans
1203 2518 1333 2573 dicit
1361 2533 1374 2570 :
1407 2513 1614 2571 Sterilis
1665 2514 1863 2584 peperit
1911 2512 2077 2583 pluri-

484 2626 617 2665 mos.
670 2612 747 2683 (ν.
776 2608 854 2683 5.)
884 2608 1027 2665 Alibi
1055 2607 1268 2680 peperit
1307 2614 1501 2678 septem
1544 2615 1592 2659 ο.
1633 2603 1774 2673 Quid
1829 2602 1932 2658 sibi
1960 2603 2078 2657 vult

483 2701 591 2757 hoc
619 2700 644 2755 ?

553 2790 609 2847 ti.
650 2789 761 2848 Cur
787 2790 989 2847 dicitur
1014 2803 1111 2860 per
1140 2789 1316 2845 virum
1340 2787 1438 2845 Dei
1468 2789 1536 2843 ad
1574 2785 1695 2842 Heli
1727 2804 1740 2841 :
1775 2784 1953 2852 Quare
1982 2786 2075 2839 ab-

473 2882 654 2955 jecisti
679 2897 905 2937 munera
934 2898 1068 2947 mea,
1097 2891 1145 2936 et
1194 2881 1458 2935 victimam
1502 2894 1694 2944 meam,
1740 2893 1900 2949 quam
1937 2893 2075 2947 prir-

483 2974 617 3045 cepi,
641 2980 699 3028 ut
740 2970 1001 3042 offerretis
1030 2971 1087 3024 in
1139 2968 1353 3041 templo,
1384 2983 1555 3038 usque
1588 2968 1717 3022 dum
1754 2966 1927 3021 dicit:
1969 2964 2074 3030 Qui

483 3073 824 3120 contemnunt
852 3079 936 3118 me
980 3071 1133 3117 erunt
1162 3060 1436 3133 ignobiles.
1461 3059 1666 3115 Ibidem
1694 3074 1749 3112 v.
1775 3058 1868 3124 29,
1895 3066 1951 3112 et
1979 3057 2067 3112 50.

483 3157 617 3231 (Sed
670 3172 795 3213 cum
845 3154 1029 3226 aliquo
1085 3155 1402 3211 discrimine
1454 3152 1685 3222 Vulgata
1735 3151 1816 3207 sic
1851 3150 2069 3205 vertit:

2188 1972 2434 2027 amiserit
2461 1973 2828 2043 principatum
2853 1974 2877 2028 ἲ
2904 1972 3165 2045 (Consule
3193 1991 3337 2032 vers.
3375 1978 3464 2045 15,
3499 1989 3559 2035 et
3588 1981 3782 2037 subse-

2183 2070 2415 2131 quentes
2446 2063 2642 2133 capitis
2669 2062 2746 2135 7.)

2255 2151 2343 2206 15.
2383 2150 2519 2207 Cum
2562 2153 2811 2208 unxisset
2839 2152 3055 2209 Samuel
3104 2154 3321 2211 Saulem
3350 2156 3406 2212 in
3467 2173 3680 2231 regem;
3707 2160 3782 2217 ait

2182 2242 2251 2297 ad
2277 2256 2401 2297 eum
2431 2262 2443 2296 :
2475 2240 2611 2297 Cum
2639 2245 2831 2299 abieris
2860 2246 3015 2300 hodie
3040 2264 3073 2301 a
3108 2264 3190 2301 me
3219 2249 3451 2303 invenies
3479 2251 3619 2305 duos
3644 2254 3781 2309 vim

2171 2333 2334 2403 juxta
2363 2332 2661 2403 sepulcrum
2691 2333 2914 2402 Rachel,
2944 2336 3003 2390 iit
3029 2336 3225 2406 ﬁnibus
3253 2335 3543 2408 Benjamin
3576 2340 3633 2393 in
3676 2360 3780 2396 rne-

2186 2427 2323 2482 ridie
2370 2428 2619 2484 salientes
2669 2446 2889 2500 magnas
2938 2430 3136 2500 foveas.
3179 2430 3249 2489 Et
3305 2431 3555 2488 liberabis
3614 2453 3782 2506 popu-

2180 2514 2288 2570 lum
2320 2517 2439 2586 ejus
2461 2516 2526 2572 de
2551 2534 2712 2571 manu
2735 2519 3075 2573 inimicorum
3101 2520 3237 2589 ejus.
3270 2536 3391 2592 cap.
3437 2522 3524 2576 10.
3563 2523 3620 2577 2.
3649 2523 3781 2595 (Sed

2178 2607 2409 2663 multum
2434 2608 2601 2664 distat
2633 2609 2837 2664 codicis
2862 2608 3023 2678 hujus
3050 2610 3426 2681 interpretatio
3456 2628 3486 2666 a
3519 2611 3775 2683 Vulgata,

2178 2710 2343 2765 quam
2366 2696 2620 2753 consulas
2646 2696 2815 2771 volo.)
2842 2696 2953 2753 Cur
2994 2696 3125 2754 Saul
3153 2698 3237 2756 bis
3262 2702 3535 2773 ungitur?
3566 2702 3637 2757 Et
3670 2704 3778 2759 Da-

2178 2785 2267 2840 vid
2296 2785 2498 2841 tertio?
2528 2785 2595 2840 Et
2619 2786 2847 2856 reliqua.

2249 2873 2335 2928 14.
2377 2874 2557 2941 Quare
2614 2876 2681 2931 de
2729 2875 2857 2931 Saul
2910 2878 3203 2933 scribitur:
3233 2879 3381 2947 filius
3434 2883 3597 2935 unius
3643 2883 3775 2937 anni

2175 2976 2288 3021 erat
2318 2964 2451 3022 Saul
2472 2984 2591 3021 cum
2647 2985 2868 3038 regnare
2920 2972 3175 3040 coepisset,
3204 2976 3252 3025 et
3275 2971 3482 3027 duobus
3509 2975 3668 3027 annis
3692 2992 3775 3028 re-

2175 3058 2351 3128 gnavit
2398 3070 2557 3128 super
2613 3057 2807 3125 Israel,
2854 3076 2974 3131 cap.
3013 3061 3180 3116 15.1.
3214 3077 3337 3116 cum
3365 3078 3530 3134 supra
3557 3064 3779 3136 legatur

2176 3150 2321 3219 quod
2351 3151 2420 3205 ab
2468 3151 2697 3205 humero
2728 3159 2782 3205 et
2808 3166 3025 3207 sursum
3065 3153 3333 3208 emineret
3361 3156 3511 3210 omni
3548 3148 3773 3227 populo.

484 3228 665 3316 Quare
710 3246 853 3303 calce
903 3246 1169 3318 abjecistis
1220 3245 1486 3300 uictimam
1533 3259 1725 3310 meam,
1756 3250 1805 3295 et
1849 3256 2067 3294 munera
2097 3228 2140 3290 C
2174 3253 2292 3309 cap.
2325 3239 2377 3294 9.
2403 3239 2457 3293 2.

480 3357 621 3405 nica,
655 3355 772 3410 quae
791 3341 1033 3408 prwcepi,
1059 3346 1116 3392 ut
1145 3338 1464 3407 o/ferrentur
1500 3333 1627 3406 etc.)

557 3430 609 3483 7.
652 3429 787 3483 Ecce
811 3428 923 3483 dies
957 3430 1190 3497 veniunt,
1219 3437 1269 3483 et
1296 3428 1582 3499 praecidam
1608 3427 1876 3481 brachium
1898 3435 2064 3489 tuum,

483 3529 532 3575 et
564 3519 836 3573 brachium
871 3519 1059 3574 domus
1086 3520 1252 3590 patris
1283 3520 1383 3586 tui,
1406 3528 1462 3573 ut
1500 3534 1602 3573 non
1627 3520 1693 3572 sit
1719 3535 1877 3572 senex
1903 3518 1956 3571 in
1976 3518 2072 3573 do-

480 3624 569 3664 mo
598 3618 711 3663 tua.
740 3606 808 3660 Et
839 3607 1032 3662 videbis
1061 3606 1330 3662 Christum
1368 3607 1613 3661 aemulum
1670 3618 1818 3661 tuum
1863 3608 1919 3660 in
1947 3607 2070 3660 uni-

483 3697 644 3753 uersis
669 3697 932 3768 prosperis
976 3696 1172 3763 Israel,
1208 3712 1381 3767 usque
1429 3698 1555 3752 dum
1598 3697 1731 3752 dicit
1760 3715 1771 3750 :
1803 3696 2071 3752 comedam

484 3786 773 3843 buccellam
816 3788 990 3859 panis.
1026 3787 1247 3844 lbid.'v.
1281 3790 1370 3844 51.
1425 3804 1597 3859 usque
1631 3789 1697 3843 ad
1731 3788 1891 3843 linem
1921 3788 2071 3857 capi-

486 3882 576 3935 tis.
608 3879 738 3952 (Sed
766 3879 996 3952 Vulgata
1041 3896 1147 3936 non
1177 3881 1312 3936 nihil
1349 3881 1513 3937 distat
1545 3903 1557 3936 :
1589 3882 1753 3938 habet
1784 3882 1929 3937 enim
1963 3900 1975 3936 :
2002 3882 2070 3936 Et

485 3974 681 4029 ridebis
713 3973 961 4028 armulum
984 3983 1133 4028 tuum
1156 3976 1213 4029 in
1236 3975 1448 4046 templo,
1480 3974 1610 4047 etc.)

554 4066 608 4120 8.
651 4062 796 4119 Puer
822 4075 996 4120 autem
1024 4063 1241 4121 Samuel
1269 4065 1602 4120 ministrabat
1640 4066 1867 4121 Domino
1891 4084 2072 4123 coram

492 4153 633 4221 lleli,
668 4170 842 4226 usque
863 4155 991 4210 dum
1023 4155 1156 4210 dicit
1185 4169 1199 4208 :
1237 4153 1345 4210 Nec
1366 4164 1571 4226 poterat
1598 4156 1773 4210 videre
1801 4156 2071 4213 lucernam

484 4245 607 4312 Dei,
644 4247 950 4318 priusquam
987 4246 1395 4316 extingueretur,
1432 4254 1481 4299 et
1533 4244 1752 4300 Samuel
1781 4246 2071 4303 dormiebat

486 4336 541 4389 in
580 4333 769 4405 templo
812 4334 1049 4399 Domini,
1088 4333 1176 4386 ubi
1214 4342 1326 4386 erat
1352 4349 1499 4398 arca,
1541 4340 1645 4388 etc.
1681 4332 1809 4403 Cap.
1843 4335 1895 4389 5.
1926 4353 1977 4390 ν.
2013 4338 2064 4402 1,

484 4439 661 4495 usque
694 4424 762 4479 ad
813 4423 1055 4479 tertium.
1106 4421 1242 4492 (lloc
1268 4437 1482 4492 quoque
1532 4425 1943 4492 comprehenso,
1975 4429 2069 4483 sed

485 4532 611 4572 cum
667 4515 1004 4581 discrimine,
1054 4515 1196 4583 quod
1246 4515 1300 4568 in
1337 4514 1563 4584 Vulgata
1603 4515 1719 4569 haec
1750 4515 2018 4571 habentur
2053 4536 2064 4571 :

486 4625 578 4663 nec
601 4617 803 4679 poterat
828 4607 997 4662 videre
1020 4623 1038 4660 :
1073 4607 1287 4660 lucerna
1314 4606 1430 4670 Dei,
1476 4616 1754 4678 antequam
1803 4610 2072 4679 extingue-

485 4710 653 4765 retur,
680 4697 913 4754 Samuel.
939 4696 1069 4770 etc.)

559 4790 614 4846 9.
656 4789 793 4858 Quid
831 4789 1120 4859 significat,
1158 4790 1301 4859 quod
1334 4805 1460 4844 arca
1486 4788 1578 4843 Dei
1608 4789 1865 4843 translata
1892 4805 1921 4843 a
1944 4789 2069 4843 Phi-

485 4883 694 4949 listmis,
725 4883 860 4937 etin
903 4882 1103 4951 templo
1160 4881 1343 4952 Dagon
1378 4880 1579 4950 posita,
1622 4880 1791 4935 altera
1827 4881 1913 4935 die
1940 4890 2067 4934 ante

485 4987 671 5030 arcam
698 4971 795 5027 Dei
823 4971 1095 5025 invenitur
1121 4970 1324 5041 Dagon.
1370 4969 1545 5023 Tertia
1578 4970 1662 5023 die
1686 4979 1861 5040 caput,
1883 4981 1930 5023 et
1949 4969 2065 5039 pal-

484 5080 586 5117 mae
634 5063 748 5132 ejus
802 5062 923 5117 dua:
971 5062 1215 5115 abscisste
1273 5071 1422 5114 erant
1473 5076 1629 5131 super
1654 5058 1832 5124 limen,
1875 5060 2065 5129 ctipse

483 5164 699 5209 truncus
726 5164 1067 5207 remanserat.
1094 5154 1160 5206 Et
1185 5154 1407 5223 reliqua.
1427 5169 1544 5222 cap.
1562 5153 1703 5206 5.v.l
1718 5193 1731 5216 ,
1746 5151 1797 5205 2.
1817 5154 1869 5207 5.
1884 5151 2061 5206 1.θι5.

484 5245 568 5318 (Si
591 5246 794 5302 clarius
824 5247 876 5301 id
890 5248 970 5301 vis
988 5260 1328 5316 expressum,
1358 5246 1435 5299 sic
1460 5247 1669 5315 corrige
1696 5264 1708 5297 :
1736 5256 1856 5299 ante
1882 5260 2062 5298 arcam

553 5391 580 5420 ι
624 5376 822 5434 Recole
847 5377 1250 5433 annotationem
1284 5376 1369 5430 11.

526 5448 583 5488 λι)
624 5447 817 5515 Ephot,
863 5456 919 5502 et
958 5448 1164 5502 similes
1220 5443 1593 5515 vocesupaulo
1622 5443 1779 5515 aliter
1823 5446 2062 5499 conscri-

482 5527 608 5590 ptas
656 5512 719 5573 ac
750 5512 979 5587 vulgata
1021 5518 1239 5590 habeat,
1279 5524 1333 5569 et
1384 5512 1644 5569 Hebraica
1680 5513 1858 5590 lingua
1896 5528 2062 5582 expo-

484 5583 621 5664 scat,
658 5583 883 5664 ξυνίει·λῇ
913 5586 1357 5664 consuetudinem
1387 5598 1576 5664 earum.
1604 5583 1900 5664 regionum,
1925 5598 2061 5653 quas

484 5659 753 5714 incolebat
805 5657 1195 5713 Thcutlnnirus
1225 5673 1238 5720 ;
1274 5666 1386 5718 aut,
1438 5654 1483 5711 si
1510 5652 1629 5716 .vis,
1667 5652 1720 5705 in
1770 5667 2059 5707 amanuen-

484 5744 597 5782 sem
628 5747 637 5779 :
694 5728 865 5782 solent
906 5728 1048 5781 enim
1085 5726 1249 5797 [quod
1292 5725 1490 5797 dudum
1522 5722 1696 5776 critici
1721 5723 2061 5797 animadver-

482 5798 687 5868 terunt)
726 5798 960 5867 imperiti
1014 5792 1385 5854 anizmucnsrs,
1427 5795 1459 5845 ii
1493 5793 1812 5860 prmscrtim,
1864 5792 1953 5861 qui
1994 5806 2056 5845 ex

2244 3331 2329 3385 15.
2394 3331 2505 3386 Cur
2536 3332 2591 3385 in
2652 3334 2840 3387 eodem
2894 3333 3032 3389 libro
3092 3335 3389 3391 scribitur:
3434 3336 3593 3402 Quod
3623 3337 3774 3407 faber

2171 3424 2430 3494 ferrarius
2482 3441 2587 3479 non
2645 3426 3006 3480 inveniebatur
3044 3428 3099 3481 in
3138 3436 3248 3481 tota
3294 3439 3437 3481 terra
3479 3428 3698 3493 Israel;
3726 3440 3778 3483 et

2169 3516 2309 3587 quod
2357 3526 2584 3571 retunsa:
2635 3526 2788 3570 erant
2839 3519 2977 3571 acies
3027 3533 3291 3571 t'omerum
3344 3528 3393 3572 et
3431 3520 3695 3589 ligonem,
3726 3531 3776 3572 et

2172 3610 2479 3664 tridentium
2509 3619 2558 3663 et
2612 3611 2902 3673 securium,
2930 3626 3092 3679 usque
3115 3610 3184 3662 ad
3209 3610 3480 3663 stimulum
3508 3610 3781 3678 corripen-

2172 3704 2317 3758 dum.
2348 3704 2417 3757 Et
2454 3702 2679 3772 reliqua.
2714 3704 2798 3757 15.
2830 3702 2917 3755 20.
2945 3702 3034 3755 21.
3071 3701 3226 3757 Unde
3250 3702 3367 3756 bene
3408 3702 3525 3755 sine
3560 3700 3727 3756 fabro
3749 3702 3774 3754 ?

2245 3792 2330 3846 16.
2372 3791 2552 3858 Quare
2581 3793 2648 3847 de
2673 3790 2945 3847 Jonathan
2984 3790 3240 3845 scribitur
3272 3810 3284 3844 :
3316 3792 3460 3860 quod
3508 3792 3770 3845 extende-

2174 3884 2241 3936 rit
2271 3899 2507 3949 manum,
2539 3893 2586 3935 et
2614 3881 2888 3935 intinxerit
2936 3883 2990 3935 in
3030 3883 3210 3952 favum
3246 3881 3437 3948 mellis,
3465 3898 3621 3949 quem
3653 3898 3778 3936 cum

2171 3972 2496 4037 comedisset,
2550 3971 2837 4026 illuminati
2870 3982 2991 4026 sunt
3018 3972 3158 4026 oculi
3198 3974 3333 4042 ejus.
3374 3972 3461 4026 M.
3492 3973 3581 4025 27.
3626 3972 3779 4040 Quo-

2172 4062 2332 4117 modo
2367 4063 2608 4126 intinxit,
2662 4063 2707 4116 si
2757 4077 2863 4116 non
2915 4063 3085 4118 vidit?
3108 4061 3166 4117 Si
3200 4063 3439 4127 videbat,
3490 4066 3776 4133 quomodo

2173 4151 2505 4205 illuminatus
2531 4151 2652 4205 est?
2678 4152 2745 4205 Et
2770 4153 2996 4221 reliqua.

2246 4245 2331 4297 l7.
2372 4242 2505 4299 Cum
2538 4244 2798 4298 Dominus
2844 4245 3085 4300 misisset
3112 4243 3241 4299 Saul
3268 4254 3553 4315 percutere
3572 4260 3777 4314 pecca-

2172 4344 2317 4390 tores
2368 4336 2648 4400 Amelech,
2705 4352 2803 4389 cur
2837 4337 3078 4406 pepercit
3134 4336 3357 4399 Chineo,
3412 4337 3598 4391 dicens
3644 4348 3777 4408 post

2169 4426 2385 4494 pauca?
2426 4424 2503 4478 Tu
2532 4427 2668 4479 enim
2695 4425 2864 4495 fecisti
2910 4424 3322 4478 misericordiam
3374 4440 3495 4477 cum
3523 4427 3774 4480 omnibus

2172 4517 2296 4585 ﬁliis
2325 4516 2516 4578 Israel,
2552 4532 2669 4568 cum
2696 4514 3031 4569 ascenderem
3058 4515 3121 4567 de
3149 4513 3401 4584 zEgypto.
3430 4514 3501 4569 Et
3528 4514 3767 4585 reliqua.

2184 4607 2264 4660 15.
2325 4607 2399 4671 1.,
2450 4606 2501 4659 6.
2545 4604 2676 4671 Quis
2728 4614 2812 4659 est
2868 4605 2957 4659 hic
2996 4604 3283 4659 Chineus?
3321 4613 3377 4658 et
3427 4605 3520 4661 ubi
3562 4604 3773 4674 legitur

2177 4700 2316 4754 hanc
2349 4696 2771 4752 misericordiam
2809 4695 3046 4751 fecisse?

2248 4790 2331 4845 18.
2375 4787 2482 4843 Cur
2509 4787 2726 4842 Samuel
2764 4787 2900 4842 dixit
2925 4786 3075 4856 Agag
3124 4786 3281 4856 regi?
3321 4784 3527 4839 Siccine
3546 4799 3768 4854 separat

2174 4899 2358 4937 amara
2389 4898 2526 4935 mors
2556 4881 2580 4933 .9
2619 4879 2800 4950 Usque
2854 4880 2982 4935 dum
3032 4879 3163 4933 dicit
3192 4879 3243 4931 in
3287 4880 3491 4948 frustra
3526 4881 3769 4932 concidit

2175 4972 2393 5030 Samuel
2422 4973 2565 5041 Agag
2589 4989 2766 5025 coram
2809 4972 3049 5025 Domino.
3080 4971 3167 5027 l5.
3204 4970 3294 5025 '52.
3322 4979 3378 5025 et
3408 4972 3632 5041 subseq.

2246 5065 2331 5118 19.
2372 5063 2480 5118 Cur
2499 5062 2564 5116 de
2595 5063 2762 5116 David
2787 5063 3063 5126 scribitur,
3092 5061 3235 5132 quod
3261 5076 3328 5115 eo
3354 5070 3619 5131 tempore,
3649 5077 3767 5131 quo

2173 5158 2381 5212 viderat
2417 5155 2545 5210 Saul
2576 5155 2744 5209 David
2775 5154 3137 5224 egredientem
3190 5162 3381 5207 contra
3424 5153 3761 5214 Philistaeos,

2172 5248 2249 5301 ait
2274 5248 2341 5300 ad
2391 5245 2573 5299 Abner
2619 5243 2919 5314 principem
2951 5242 3189 5297 militiae:
3225 5242 3303 5297 De
3328 5258 3431 5313 qua
3477 5244 3642 5310 stirpe
3673 5244 3767 5297 de-

2173 5378 2430 5434 dictantis
2476 5394 2608 5433 voce
2650 5376 3016 5440 conscribunt,
3048 5377 3115 5431 ad
3175 5390 3299 5431 eum
3346 5376 3562 5430 modum
3587 5392 3764 5433 voces

2171 5449 2376 5520 scripto
2413 5450 2736 5520 exprimere,
2768 5461 2875 5516 quo
2920 5446 3020 5520 ipsi
3047 5447 3437 5517 pronuntiant:
3469 5446 3627 5520 multi
3661 5463 3765 5503 au-

2168 5516 2511 5587 tem'litteras
2541 5528 2582 5583 t,
2611 5527 2667 5572 et
2691 5518 2726 5569 d
2766 5516 3071 5587 promiScue
3112 5523 3393 5584 usurpant,
3428 5524 3483 5569 et
3518 5516 3764 5573 alteram

2170 5585 2396 5643 alterius
2418 5589 2537 5644 loco
2559 5585 2831 5643 adhibent.

2242 5671 2264 5697 c
2309 5659 2441 5714 Vide
2489 5671 2609 5728 quae
2641 5657 2988 5713 annotatione
3024 5669 3163 5711 nona
3204 5654 3271 5709 ad
3324 5668 3634 5709 sermonem
3692 5653 3758 5710 S.

2168 5729 2437 5801 Antipatri
2463 5728 2679 5783 tradidi.
