3912 6312
215 365 326 427 629

1072 361 1535 435 QUIESTIONES
1577 359 1725 418 XXX
1764 359 1990 417 SUPER
2028 361 2273 419 LIBROS
2311 361 2575 420 REGUM.

3369 367 3474 422 650

216 486 418 540 scendit
466 500 549 537 ..ιο
595 482 916 548 adolescens,
965 480 1180 536 Abner?
1215 481 1284 535 Et
1318 479 1544 549 reliqua.
1600 475 1687 531 17.
1710 473 1798 528 55.
1829 477 1882 536 Α
1906 484 1956 529 et
1982 491 2100 528 cum
2135 477 2370 533 audiam
2393 479 2621 532 sonitum
2649 477 2935 549 gradientis
2964 479 3311 534 in~cacumine
3335 480 3474 547 piro-

217 576 356 632 Cum
381 590 546 645 supra
582 573 798 646 legatur
847 573 994 645 quod
1041 565 1278 642 armiger
1307 569 1435 625 Saul
1471 568 1662 624 fuisset
1689 565 1798 619 Da—

216 665 310 721 vid
341 672 520 729 antea,
550 673 606 719 et
633 665 896 720 citharam
952 663 1008 718 in
1037 669 1330 730 compecto
1357 658 1474 728 ejus
1523 657 1795 728 percutie-

1902 584 2042 633 runt,
2073 578 2196 622 tunc
2220 569 2377 624 inibis
2405 569 2665 640 prcelium,
2705 585 2873 640 usque
2909 572 3036 627 dum
3065 571 3197 626 dicit
3227 587 3240 624 :
3270 579 3317 624 et
3359 588 3475 641 per-

1900 660 2061 716 cussit
2091 658 2374 714 Philistiim
2399 660 2464 714 de
2489 656 2670 714 Gabaa
2699 679 2861 732 usque
2908 662 3035 716 dum
3087 663 3266 717 venias
3297 658 3473 715 laser.

213 756 432 813 bat..Et
485 757 711 826 reliqua.
747 756 832 812 16.
859 755 973 820 21.,
1002 752 1091 807 25.
1126 753 1194 806 Et
1226 767 1324 807 cur
1350 750 1564 807 Goliatb
1589 747 1799 820 spurius
1903 750 1968 804 Et
1995 749 2218 820 reliqua.
2252 766 2305 804 v.
2345 749 2434 804 32.
2463 759 2568 806 etc.

215 843 508 900 dicebatur
529 845 554 897 1
583 845 668 899 17.
702 842 755 898 4.
787 843 878 898 25.
905 843 972 897 Et
1001 841 1208 898 addidit
1249 839 1521 895 Jonathan
1554 838 1800 908 dejurare

214 935 409 991 David.
440 936 527 990 20.
563 936 648 992 17.
765 1005 769 1010 τ

291 1029 378 1083 20.
419 1029 530 1084 Cur
553 1028 724 1083 David
750 1035 940 1082 contra
966 1027 1298 1082 Philistteum
1323 1040 1556 1097 pergens
1583 1023 1649 1078 ad
1665 1037 1791 1092 prae-

213 1119 482 1185 liandum,
540 1134 690 1174 arma
720 1115 850 1174 Saul
899 1127 1119 1189 portare
1165 1118 1357 1183 noluit,
1415 1115 1511 1172 sed
1564 1116 1785 1185 quinqui

215 1209 427 1280 lapides
454 1211 520 1266 de
577 1218 820 1270 torrente
850 1212 904 1265 in
953 1225 1081 1280 pera
1132 1211 1384 1280 sumpsit,
1413 1216 1595 1265 tamen
1631 1222 1788 1262 unum

213 1303 392 1356 solum
417 1301 665 1372 proiecit,
694 1312 749 1358 et
786 1301 1116 1357 Philistzeum
1147 1301 1457 1373 percussit?
1482 1301 1552 1356 Et
1571 1299 1798 1369 reliqua.

215 1391 308 1446 17.
345 1391 432 1448 59.
457 1392 528 1448 40
554 1402 611 1448 et
632 1393 722 1448 49.

290 1481 379 1535 21.
420 1482 600 1549 Quare
637 1481 764 1536 Saul
825 1483 998 1538 iratus
1046 1483 1185 1539 dixit
1209 1484 1278 1539 ad
1320 1482 1588 1538 Jonatban
1633 1480 1801 1536 filium

212 1585 400 1625 suum.
433 1568 544 1624 Fili
591 1571 829 1626 mulieris
881 1575 1052 1626 virum
1082 1572 1220 1627 ultro
1251 1574 1502 1645 rapientis
1531 1573 1556 1627 3
1584 1572 1673 1627 20.
1711 1571 1800 1626 30.

291 1662 381 1716 22.
422 1662 558 1719 Cum
586 1663 755 1718 David
798 1662 1006 1735 fugeret
1057 1673 1183 1720 ante
1212 1663 1360 1729 Saul,
1403 1664 1549 1719 venit
1583 1665 1649 1719 ad
1675 1664 1806 1719 Abi-

1971 840 2060 895 32.
2101 839 2278 907 Quare
2311 841 2615 910 percutitur
2641 841 2772 907 Oza,
2822 843 2915 913 qui
2954 859 3117 898 manu
3173 844 3347 898 tenuit
3387 859 3476 898 ar-

1899 945 2025 986 cam
2070 929 2306 996 Domini,
2349 946 2418 986 ne
2467 931 2742 987 laberetur
2786 947 2818 987 e
2867 933 3108 1001 plaustro
3139 937 3192 990 in
3250 945 3471 991 terram.

1903 1023 1971 1077 Et
2002 1023 2132 1092 quid
2183 1023 2449 1094 signiﬁcet
2503 1024 2765 1078 temeritas
2816 1025 2955 1096 ejus,
3003 1027 3085 1081 vel
3120 1028 3479 1082 recalcitratio

1902 1113 2140 1179 bobum,
2206 1115 2298 1186 qui
2361 1115 2650 1170 trahebant
2707 1130 2849 1172 eam.
2917 1117 2986 1172 Et
3052 1118 3274 1188 reliqua.
3316 1119 3371 1174 6.
3419 1119 3472 1176 ϐ.

1903 1205 1955 1258 7.
1987 1212 2092 1260 etc.

1971 1294 2061 1349 33.
2103 1291 2334 1367 Cumque
2356 1297 2602 1352 intrasset
2631 1315 2756 1354 arca
2793 1298 3007 1355 Domini
3033 1302 3089 1355 in
3138 1302 3346 1357 civitate
3369 1302 3480 1356 Da-

1903 1387 2009 1450 vid,
2042 1385 2240 1440 Michol
2266 1386 2382 1456 ﬁlia
2420 1384 2552 1443 Saul
2577 1391 2898 1460 prospiciens
2921 1407 3014 1461 per
3038 1391 3320 1461 fenestram
3351 1392 3480 1446 vidit

1902 1479 2074 1533 David
2123 1496 2292 1550 regem
2343 1479 2718 1548 subsilientem,
2775 1491 2929 1554 atque
2984 1481 3261 1538 saltantem
3303 1499 3480 1537 coram

1904 1570 2153 1637 Domino,
2189 1580 2238 1626 et
2277 1571 2508 1642 despexit
2552 1589 2669 1626 eum
2713 1573 2768 1627 in
2797 1573 2951 1627 corde
3000 1590 3116 1638 suo,
3148 1587 3319 1642 usque
3353 1573 3480 1628 dum

1905 1660 2082 1714 dicit:
2121 1660 2230 1714 Ero
2271 1660 2484 1716 humilis
2523 1662 2577 1716 in
2627 1661 2792 1717 oculis
2817 1654 2994 1718 ‘meis.
3051 1664 3119 1719 Et
3166 1663 3394 1733 reliqua.
3425 1663 3480 1720 6.

212 1754 429 1810 melecb
458 1755 512 1811 in
539 1755 706 1811 Nobe.
746 1757 814 1810 Et
845 1756 1051 1826 reliqua
1082 1771 1254 1826 usque
1293 1759 1421 1812 dum
1450 1756 1580 1811 dicit
1605 1773 1619 1807 :
1646 1771 1803 1825 porro
1909 1749 1993 1803 16.
2025 1765 2197 1819 usque
2228 1751 2295 1806 ad
2321 1750 2410 1804 22.
2462 1753 2786 1807 versiculum
2813 1750 2900 1825 (co
2925 1755 3362 1825 comprehenso.)

212 1846 306 1900 via
336 1847 449 1900 ha'c
475 1844 678 1917 polluta
701 1855 795 1901 est.
825 1845 914 1900 21.
953 1849 1003 1900 1.
1033 1846 1085 1900 5.
1119 1846 1272 1902 Unde
1299 1853 1418 1901 erat
1459 1845 1659 1916 polluta
1685 1846 1709 1899 ἳ
1739 1845 1805 1899 Et
1833 1827 1881 1887 Β
1978 1841 2066 1897 54.
2105 1840 2216 1896 Cur
2244 1842 2456 1898 Nathan
2483 1844 2622 1899 dixit
2660 1846 2728 1900 ad
2753 1846 2940 1912 David,
2989 1857 3048 1902 ut
3073 1847 3366 1902 aediﬁcaret
3392 1847 3488 1903 do-

214 1935 441 1990 additur
469 1955 482 1990 :
517 1935 672 1990 hodie
709 1936 1132 2006 sanctiﬁcabitur
1152 1937 1209 1991 in
1229 1937 1368 1991 vasis
1397 1937 1545 1990 nteis.
1579 1953 1631 1991 v.
1671 1934 1724 1990 5.

1906 1949 2054 1989 mum
2082 1933 2316 2000 Domini,
2347 1944 2402 1990 ct
2429 1945 2616 2007 postea
2644 1937 2920 2007 prohibuit
2967 1953 3110 1993 eum.
3142 1939 3214 1993 Et
3255 1938 3485 2010 reliqua,

289 2027 381 2084 25.
423 2028 502 2084 De
537 2027 685 2084 Ceila
739 2029 979 2094 civitate,
1041 2044 1201 2099 quam
1263 2029 1590 2100 oppugnavit
1637 2027 1806 2083 David
1907 2038 2080 2093 usque
2111 2025 2236 2081 dum
2285 2026 2459 2081 dicit:
2492 2028 2779 2082 secundum
2831 2030 3006 2082 omnia
3054 2027 3206 2084 verba
3251 2029 3382 2084 lucc.
3418 2029 3487 2086 Et

213 2119 265 2174 si
300 2119 443 2175 aliud
471 2136 668 2175 nomen
707 2122 1008 2187 habuisset,
1041 2137 1110 2177 an
1137 2137 1264 2176 non.
1293 2122 1427 2178 Cum
1468 2122 1692 2176 minime
1723 2136 1807 2176 re-

211 2211 339 2266 colo
372 2213 514 2282 quod
551 2213 618 2268 de
648 2213 752 2268 bac
811 2214 1032 2269 civitate
1084 2214 1414 2270 mentionem
1465 2212 1628 2267 faciat
1661 2211 1808 2266 Scri-

211 2310 400 2370 ptura,
465 2302 570 2358 nisi
620 2303 674 2356 in
724 2303 1007 2374 propheta,
1071 2305 1161 2358 ubi
1219 2303 1459 2374 legitur:
1503 2300 1593 2357 Va:
1637 2299 1802 2362 Ceila,

211 2391 369 2448 Ceila
398 2395 601 2461 civitas,
630 2413 788 2466 quam
820 2400 1134 2468 oppugnavit
1165 2397 1357 2452 David.

288 2484 380 2539 24.
420 2485 702 2551 Quomodo
724 2487 1133 2558 intelligendum
1167 2497 1251 2544 est
1297 2489 1362 2543 de
1395 2488 1547 2553 Saul,
1579 2489 1722 2558 quod
1752 2489 1805 2542 in

209 2577 478 2631 extremis
508 2579 843 2634 consuluerit
863 2580 1239 2650 pythonissam
1271 2581 1292 2634 ?
1324 2581 1390 2634 Et
1419 2581 1636 2651 legitur.
1662 2580 1805 2649 quod

213 2669 562 2724 suscitaverit
589 2671 639 2724 ei
671 2668 913 2737 Samuel,
967 2681 1024 2728 et
1052 2673 1254 2728 dixerit
1299 2673 1348 2727 ei
1394 2671 1641 2727 Samuel:
1673 2672 1805 2727 Cras

212 2769 276 2814 tu
307 2770 355 2814 et
395 2760 496 2830 ﬁlii
532 2763 609 2816 tui
641 2780 841 2818 mecum
880 2765 1026 2820 eritis
1057 2780 1073 2816 :
1103 2764 1161 2820 Si
1205 2766 1358 2836 juxta
1392 2765 1624 2820 litteram
1659 2773 1806 2819 stare

212 2858 417 2921 potest,
484 2860 545 2906 ut
615 2851 834 2910 Samuel
899 2855 1193 2911 suscitaret
1252 2856 1589 2928 pythonissa.
1630 2855 1800 2910 28.7.

213 2948 276 2994 et
316 2957 470 3012 seqq.

1905 2125 2028 2186 post
2083 2132 2272 2187 pauca.
2310 2117 2400 2173 Sic
2441 2117 2645 2173 locutus
2700 2128 2776 2173 est
2828 2118 3046 2174 Nathan
3085 2120 3153 2174 ad
3199 2119 3390 2176 David.
3424 2121 3491 2176 Et

1908 2207 2133 2275 reliqua.
2169 2207 2220 2260 7.
2249 2208 2302 2262 3.
2326 2217 2432 2262 etc.

1977 2298 2067 2353 35.
2106 2297 2234 2352 Post
2272 2299 2382 2353 lucc
2407 2299 2660 2370 percussit
2711 2298 2881 2354 David
2907 2297 3212 2364 Philistiim,
3249 2299 3492 2353 et-hunsi-

1908 2391 2053 2445 liavit
2079 2406 2188 2456 eos,
2218 2399 2265 2444 et
2288 2390 2407 2445 tulit
2446 2391 2651 2460 frenum
2673 2391 2853 2446 tributi
2879 2391 2943 2444 de
2989 2407 3150 2444 manu
3180 2388 3488 2455 Plxilistiim,

1906 2493 1956 2538 et
1983 2467 2234 2556 percussit
2267 2484 2422 2539 Moab
2447 2495 2495 2539 et
2520 2502 2728 2540 mensus
2752 2494 2826 2539 est
2852 2501 2938 2539 eos
2959 2481 3195 2554 funiculo
3215 2498 3491 2553 cocqttasts

1907 2584 2080 2639 teme,
2113 2583 2168 2629 et
2206 2574 2430 2644 reliqua.
2457 2575 2509 2630 8.
2543 2575 2593 2627 l.
2630 2575 2684 2628 2.
2725 2586 2831 2629 etc.

1975 2664 2061 2720 36.
2101 2665 2237 2719 Joab
2266 2675 2439 2718 autem
2489 2664 2633 2733 ﬁlius
2683 2664 2885 2720 Sarvite
2927 2673 3040 2719 erat
3094 2681 3251 2735 super
3284 2665 3512 2719 sarci—-

1905 2765 2014 2810 tum
2046 2770 2063 2806 :
2092 2771 2248 2826 porro
2293 2755 2548 2826 Iosophat
2593 2755 2736 2824 ﬁlius
2774 2754 2971 2809 Ahilud
2996 2773 3029 2809 a
3080 2755 3486 2810 commentariis.

1905 2847 1977 2901 Et
2003 2845 2211 2902 Sadoch
2237 2845 2380 2916 ﬁlius
2412 2847 2651 2912 Achitob,
2683 2857 2731 2902 et
2777 2846 3104 2902 Achimelech
3139 2845 3282 2915 ﬁlius
3326 2846 3490 2901 Abiu-

1906 2940 2026 2992 thar
2071 2939 2390 3003 sacerdotes,
2441 2947 2489 2992 et
2531 2935 2773 3008 Sarajas,
2827 2939 3017 2992 scriba.
3062 2936 3299 3006 Banajas
3346 2935 3491 3004 ﬁlius

291 3030 379 3085 25.
421 3031 531 3088 Cur
575 3033 779 3091 Gelboe
827 3045 1039 3092 montes
1096 3051 1124 3092 a
1173 3037 1342 3091 David
1415 3037 1808 3092 maledicantur
1905 3029 2116 3098 Jojadw
2143 3046 2298 3099 super
2319 3028 2525 3084 Cerethi
2549 3039 2597 3082 et
2633 3027 2913 3082 Phelethi:
2962 3027 3063 3096 ﬁlii
3108 3036 3284 3081 autem
3313 3025 3487 3080 David

216 3121 274 3174 in
303 3129 477 3177 morte
505 3122 653 3190 Saul,
689 3133 742 3181 et
769 3125 1004 3190 ﬁliorum
1054 3127 1215 3198 ejus?
1265 3127 1326 3181 ιι,
1375 3128 1507 3198 Reg.
1544 3128 1594 3181 1,
1623 3128 1711 3182 2|.
1747 3126 1803 3182 Si
1834 3172 1876 3198 η
1907 3119 2201 3174 sacerdotes
2243 3128 2412 3173 erant.
2438 3119 2491 3174 8.
2530 3118 2639 3182 16.,
2668 3119 2780 3184 i7.,
2819 3119 2903 3174 18.
2929 3117 3031 3184 Qui
3080 3126 3238 3174 erant
3281 3117 3490 3174 Celetbi

206 3214 380 3280 juxta.
402 3212 635 3268 litteram
666 3225 810 3271 stare
837 3219 1028 3288 possit.

291 3302 380 3356 26.
423 3302 703 3370 Quomodo
750 3307 1155 3378 intelligendum
1205 3317 1289 3365 est
1327 3312 1429 3365 hoc
1458 3310 1599 3380 quod
1634 3309 1803 3363 David

215 3393 482 3463 plangens
532 3396 736 3463 Abner,
785 3398 1221 3469 maledicensque
1277 3399 1431 3466 Joab,
1460 3402 1636 3456 dixit:
1679 3400 1804 3454 Non

214 3482 432 3550 deﬁciat
461 3483 525 3538 de
558 3484 713 3540 domo
748 3485 886 3541 Joab
916 3491 1121 3558 ﬂuxum
1175 3492 1388 3546 seminis
1444 3493 1726 3556 sustinens,
1756 3501 1805 3544 et

215 3572 458 3642 leprosus
484 3588 502 3626 ι
532 3585 709 3630 tenens
760 3577 956 3646 fusum,
985 3590 1032 3634 et
1081 3581 1274 3635 cadens
1318 3581 1516 3650 gladio,
1561 3583 1802 3654 indigens

215 3663 470 3719 naneill.
500 3665 551 3719 3.
574 3665 664 3721 29.
715 3667 783 3721 Et
811 3669 1037 3739 reliqua.

295 3756 385 3812 27.
427 3757 564 3825 Quid
592 3760 867 3831 significat
891 3764 1032 3832 quod
1089 3766 1189 3833 ﬁlii
1225 3765 1472 3820 liemmon
1498 3765 1802 3831 Berotlailae,

219 3845 430 3900 Rechab
457 3857 504 3901 et
532 3848 755 3904 Baanna
799 3853 1019 3921 ingressi
1069 3865 1189 3908 sunt
1226 3855 1452 3924 fervente
1481 3855 1563 3909 die
1593 3857 1805 3909 domum

220 3934 486 4002 lsboseth,
529 3939 619 4007 qui
644 3938 934 3994 dormiebat
975 3959 1132 4011 super
1182 3953 1407 3997 stratum
1457 3961 1609 4000 suum
1641 3946 1804 3998 meri-

220 4026 328 4091 die,
380 4042 550 4096 usque
602 4028 728 4082 dum
769 4029 901 4084 dicit
934 4047 944 4082 :
975 4034 1220 4101 pra’cepit
1272 4033 1442 4088 David
1476 4037 1651 4104 pueris
1699 4034 1806 4089 suis

220 4113 518 4182 interﬁcere
543 4130 666 4171 eos:
697 4127 852 4187 caput
875 4129 1048 4173 autem
1085 4119 1320 4175 Isboseth
1368 4121 1619 4190 tulerunt,
1645 4135 1692 4178 et
1722 4142 1806 4179 se-

220 4203 481 4273 pelierunt
534 4207 588 4260 in
653 4207 890 4276 sepulcro
953 4208 1127 4264 Abner
1193 4211 1248 4266 in
1289 4211 1486 4268 Ebron.
1529 4213 1589 4268 ll.
1645 4215 1696 4268 1.
1751 4215 1804 4269 5.

222 4295 293 4349 Et
319 4296 544 4366 reliqua.

1833 3172 1877 3234 C

1909 3221 1963 3267 et
1985 3211 2275 3266 Pbelethi?
2303 3211 2397 3266 Vel
2423 3211 2518 3266 filii
2549 3211 2716 3266 David
2745 3211 3027 3280 ‘quomodo
3057 3219 3214 3276 erant
3244 3212 3491 3268 sacerdo-

1907 3313 2008 3368 tes,
2037 3321 2159 3360 cum
2181 3320 2287 3358 non
2312 3313 2496 3360 essent
2521 3303 2588 3359 de
2616 3306 2758 3360 ll'lbll
2787 3305 2957 3359 Levi?
2985 3305 3054 3360 Et
3075 3306 3304 3375 reliqua.

1975 3398 2064 3452 3‘7.
2095 3395 2205 3452 Cur
2228 3394 2294 3450 de
2319 3395 2554 3451 Absalon
2594 3396 2868 3460 scribitur,
2924 3396 3066 3465 quod
3117 3406 3355 3450 erexerat
3392 3396 3492 3450 sibi

1909 3487 2142 3551 titulum,
2183 3485 2361 3540 dicens
2393 3502 2496 3539 non
2524 3485 2688 3539 habeo
2718 3485 2906 3554 ﬁlium.
2943 3487 3028 3542 18.
3059 3486 3147 3541 18.
3175 3501 3297 3542 cum
3322 3486 3376 3539 in
3397 3500 3490 3540 co—

1908 3580 2032 3635 dem
2056 3579 2194 3634 libro
2221 3595 2383 3649 supra
2409 3580 2670 3648 scriptum
2717 3580 2808 3642 sit,
2855 3581 2998 3650 quod
3033 3580 3270 3635 habuerit
3296 3591 3400 3635 tres
3425 3579 3490 3649 ﬁ-

1908 3669 2032 3734 lios,
2057 3681 2104 3724 et
2132 3687 2291 3724 unam
2327 3669 2496 3738 ﬁliam
2523 3669 2728 3724 nomine
2758 3668 2991 3724 Thamar
3021 3669 3240 3746 eleganti
3274 3668 3447 3738 farina
3467 3670 3492 3722 .’

1907 3760 1977 3814 Et
2003 3760 2226 3829 reliqua.
2263 3759 2348 3813 M.
2371 3760 2460 3812 27.

1980 3849 2065 3904 38.
2105 3850 2282 3917 Quare
2335 3859 2515 3904 autem
2565 3851 2703 3905 inter
2760 3866 3045 3906 numerum
3074 3849 3291 3905 fortium
3319 3851 3486 3906 David

1908 3940 2177 3994 scribatur
2195 3939 2261 3994 de
2287 3955 2394 3995 uno
2424 3940 2662 4010 quolibet
2690 3955 2898 4005 eorum,
2923 3943 3056 4005 hmo,
3088 3939 3173 3996 vel
3200 3939 3306 3994 alia
3333 3939 3481 4005 fecit,

1909 4028 2002 4082 sed
2030 4045 2190 4100 usque
2214 4028 2282 4081 ad
2307 4037 2410 4082 tres
2437 4045 2540 4082 non
2571 4031 2821 4099 pervenit.
2857 4031 2958 4096 Qui
3014 4028 3214 4084 fuerint
3240 4028 3296 4083 bi
3325 4036 3438 4085 tres
3462 4029 3486 4085 2

1910 4123 2004 4170 aut
2037 4131 2135 4170 cur
2158 4118 2260 4172 hoc
2285 4116 2587 4172 scribitur?
2625 4117 2713 4172 23.
2747 4119 2830 4173 l9.
2863 4127 2968 4173 etc.

1979 4205 2068 4262 59.
2106 4207 2284 4273 Quare
2313 4206 2560 4277 culpatur
2596 4205 2762 4261 David
2793 4223 2889 4276 per
2923 4207 3353 4265 numerationem
3382 4223 3483 4279 po-

1907 4297 2037 4369 puli.
2069 4297 2134 4351 11.
2164 4298 2295 4369 Reg.
2324 4297 2414 4351 21.
2450 4299 2500 4351 1.
2532 4297 2665 4353 Cum
2694 4296 2970 4367 Josapbat,
3015 4298 3302 4368 caeterique
3327 4313 3483 4369 reges

297 4385 387 4440 28.
429 4387 497 4440 Et
527 4388 652 4442 abiit
690 4387 885 4453 David,
921 4400 969 4443 et
995 4407 1171 4445 omnes
1219 4396 1337 4457 uiri,
1366 4394 1455 4464 qui
1489 4401 1640 4448 erant
1689 4410 1807 4446 cum
1907 4387 2161 4458 populum
2193 4388 2613 4453 numeraverint,
2645 4395 2702 4442 et
2745 4387 3113 4458 inculpabiles,
3143 4397 3200 4444 et
3223 4389 3482 4444 sine'vin-

220 4496 285 4533 eo
315 4480 370 4531 in
400 4478 698 4532 Jerusalem
734 4480 802 4532 ad
833 4479 1166 4535 Hiebusteum
1215 4483 1558 4538 habitatorem
1608 4494 1802 4538 terra:

219 4568 426 4621 dictum
455 4575 529 4621 est
557 4565 730 4621 David
758 4569 823 4621 ab
858 4570 931 4622 eis
954 4587 1056 4624 non
1081 4572 1388 4641 ingredieris
1416 4575 1541 4638 huc,
1567 4574 1665 4628 nisi
1687 4575 1804 4628 abs-

219 4750 402 4806 David
429 4751 550 4803 huc.
580 4750 646 4804 Et
671 4751 893 4820 reliqua.
923 4751 985 4804 ll.
1025 4753 1076 4806 5.
1116 4754 1166 4807 6.
1192 4763 1295 4808 etc.

293 4844 384 4898 29.
425 4842 589 4912 Coepit
615 4854 787 4897 autem
817 4843 984 4897 David
1014 4862 1185 4898 arcem
1209 4844 1336 4901 Sion
1365 4863 1380 4897 :
1407 4847 1517 4901 lucc
1564 4859 1638 4901 est
1673 4849 1771 4902 civi
1783 4879 1799 4890 ο

218 4949 305 4992 tas
337 4936 528 4990 David.
562 4933 701 5000 Quid
738 4944 812 4988 est
836 4937 1054 4988 arcem?

1909 4478 2053 4532 dicta
2100 4477 2836 4546 permanserinttetcastera
2883 4493 3051 4548 usque
3077 4480 3130 4532 in
3176 4479 3356 4537 tinem.
3388 4480 3476 4535 Ν.

1834 4535 1882 4592 υ
1909 4569 2040 4638 Reg.
2070 4535 2121 4622 δῖ
2153 4569 2204 4622 6.
2237 4567 2329 4639 (At
2348 4567 2490 4637 quod
2517 4569 2606 4623 hic
2631 4568 2699 4623 de
2727 4535 2988 4639 Josaphat
3036 4535 3273 4635 dicitur,
3302 4570 3369 4625 de
3394 4569 3479 4627 Jo-

219 4659 411 4714 tuleris
467 4676 631 4713 ca'cos
654 4669 701 4712 et
763 4659 976 4713 claudos
1025 4661 1298 4716 dicentes:
1331 4679 1434 4717 non
1488 4665 1806 4733 ingredietur
1908 4678 2042 4725 ram,
2073 4677 2194 4716 cum
2236 4677 2342 4730 quo
2395 4661 2568 4717 fmdus
2618 4663 2814 4718 inierat
2858 4661 3137 4730 Josapbat,
3191 4662 3476 4718 dicendum

1907 4763 2009 4808 est.
2052 4753 2175 4808 llaec
2210 4753 2370 4808 habet
2426 4751 2746 4824 Scriptura:
2779 4753 3034 4823 Egressus
3073 4763 3148 4808 est
3175 4754 3340 4822 igitur
3386 4771 3477 4810 res:

1907 4844 2092 4898 Joram
2119 4845 2172 4896 in
2194 4843 2278 4897 die
2314 4843 2407 4897 illa
2434 4843 2497 4898 de
2533 4841 2796 4908 Samaria,
2824 4853 2871 4897 et
2898 4845 3150 4898 recensuit
3179 4845 3475 4900 universum

1912 4933 2100 4998 Israel,
2135 4935 2375 5004 misitque
2411 4937 2480 4988 ad
2505 4936 2759 5005 Josaphat
2795 4945 2902 4990 etc.
2942 4936 3024 4990 Ab
3047 4935 3265 4991 Amasia
3295 4944 3472 4993 tamen

294 5026 385 5081 50.
428 5022 824 5094 Proposuerunt
872 5028 1007 5079 enim
1038 5028 1091 5080 in
1140 5028 1224 5081 die
1261 5027 1352 5081 illa
1379 5031 1674 5099 pra'mium,
1711 5029 1800 5098 qui
1901 5040 2026 5097 rege
2055 5025 2204 5080 Juda:
2233 5026 2451 5080 minime
2493 5026 2656 5091 malo,
2685 5027 2983 5083 recensitos
3013 5025 3180 5084 fuisse
3207 5029 3470 5093 subditos,

218 5118 560 5188 percussisset
591 5115 950 5181 Hiebuswum,
1008 5128 1054 5170 et
1097 5120 1342 5188 tetigisset
1395 5122 1663 5174 clamatum
1716 5121 1800 5188 fu-

217 5206 418 5262 sculus.
472 5205 772 5276 (legendum
816 5214 875 5260 ut
912 5207 1145 5260 arbitror
1181 5217 1263 5260 est
1315 5224 1434 5262 cum
1469 5208 1691 5279 Vulgata
1729 5207 1797 5276 ﬁ-

217 5298 412 5358 stulas,
444 5306 490 5349 et
516 5297 811 5350 abstulisset
842 5296 1080 5362 claudos,
1119 5308 1166 5350 et
1211 5314 1371 5350 ccccos
1415 5299 1644 5352 odientes
1685 5300 1800 5351 ani-

1902 5117 2158 5172 discimus
2181 5133 2246 5172 ex
2274 5117 2335 5171 ll.
2360 5115 2533 5171 Paral.
2568 5117 2656 5172 21.
2683 5118 2736 5172 5.

1970 5205 2058 5264 40.
2092 5209 2199 5265 Cur
2225 5209 2290 5264 de
2321 5208 2487 5263 David
2540 5209 2800 5278 scriptum
2852 5217 2952 5274 est,
3011 5209 3156 5280 quod
3205 5220 3466 5275 senuerat,

1902 5317 2022 5356 cum
2047 5301 2380 5370 septuaginta
2409 5315 2512 5355 non
2543 5314 2924 5370 supergressus
2944 5301 3014 5355 sit
3039 5315 3225 5364 annos,
3249 5309 3298 5356 et
3325 5317 3471 5373 oper-

219 5405 366 5446 rnam
403 5387 595 5452 David,
625 5402 795 5456 usque
822 5388 946 5442 dum
978 5389 1108 5442 dicit
1136 5407 1147 5440 :
1181 5387 1435 5443 Dominus
1472 5390 1790 5443 exercituum
1900 5402 1982 5445 tus
2014 5389 2231 5444 vestibus
2266 5407 2367 5443 non
2393 5389 2706 5458 caleﬁebat?
2761 5390 2828 5444 Et
2852 5393 2989 5461 quod
3035 5393 3240 5447 inventa
3286 5393 3472 5447 adule-

219 5490 334 5536 crat
363 5497 480 5533 cum
506 5479 610 5551 co.)
636 5479 729 5532 lbi.
761 5493 811 5530 v.
846 5479 896 5532 7.
929 5488 981 5534 et
1012 5495 1160 5549 seqq.

1898 5479 2133 5534 scentula
2167 5480 2399 5548 speciosa
2429 5478 2649 5533 Abisach
2697 5478 2988 5545 Sunamite,
3032 5481 3320 5536 dormiebat
3350 5498 3468 5538 cum

293 5571 384 5624 51.
426 5569 558 5623 Cum
584 5569 812 5640 quadam
837 5570 944 5622 vice
970 5573 1220 5624 venissent
1271 5569 1556 5625 Philistiim
1607 5579 1789 5623 contra
1902 5586 2034 5647 rege.
2067 5579 2114 5621 et
2153 5569 2480 5621 ministrabat
2507 5569 2554 5621 ei
2580 5581 2596 5618 :
2639 5584 2730 5621 res:
2773 5584 2888 5622 vero
2912 5585 3014 5623 non
3043 5569 3278 5639 Cognovit
3303 5585 3418 5623 eam
3443 5571 3469 5623 1

222 5660 397 5715 David
424 5660 476 5712 in
500 5658 635 5713 valle
665 5658 940 5730 Raphaim,
967 5670 1012 5713 et
1040 5676 1147 5730 ipse
1198 5661 1456 5716 consuluit
1489 5660 1785 5715 Dominum.

225 5751 324 5805 (lui
356 5749 614 5819 respondit
651 5749 905 5803 Dominus
931 5769 943 5807 ;
973 5748 1100 5804 Gira
1151 5762 1264 5819 post
1308 5760 1504 5822 tergum
1534 5751 1788 5821 pirormn,

1898 5658 1980 5713 lll.
2015 5661 2143 5727 Reg.
2179 5657 2224 5711 l.
2254 5657 2304 5710 5.
2337 5672 2456 5711 cum
2484 5658 2536 5711 in
2572 5657 2794 5713 fortiore
2837 5665 2996 5714 aetate
3021 5657 3280 5728 legamus,
3309 5667 3364 5714 et
3390 5661 3466 5715 vis

1899 5751 2120 5805 dcamus
2145 5765 2265 5804 cum
2296 5747 2507 5804 feminis
2533 5749 2678 5803 coire
2705 5749 2869 5805 viros.
2908 5749 2976 5808 Et
3003 5748 3225 5821 reliqua.
