3912 6310
447 337 545 393 63!
1522 340 1799 399 CLAUDII
1842 341 2308 401 TAURINENSIS
2347 344 2648 404 EPISCOPI
3160 302 3165 309 ι
3619 351 3717 410 652

515 458 606 514 41.
646 457 786 526 Quid
830 457 933 513 sibi
961 458 1079 514 vult
1132 459 1275 529 quod
1315 460 1485 515 David
1524 462 1718 518 ultimo
1765 464 1894 518 vitae
1923 476 2033 518 suae
2061 464 2110 524 Α
2138 463 2279 535 ligna
2311 467 2503 521 thina?
2532 468 2600 522 Et
2652 476 2775 538 post
2809 483 2982 540 pauca
3034 468 3167 525 dicit
3216 484 3231 523 :
3264 481 3372 523 non
3404 475 3537 524 sunt
3565 467 3718 525 allata

445 557 711 627 tempoIe,
766 548 1042 607 Salomoni
1094 550 1208 607 ﬁlio
1259 568 1359 609 suo
1388 556 1643 625 praecepit
1675 555 1744 612 de
1789 555 1946 622 Joab,
1973 564 2037 611 .et

446 642 648 708 Semei,
701 643 901 712 quibus
950 651 1076 700 ante
1108 656 1449 716 pepercerat,
1483 663 1553 703 ne
1601 648 1802 705 inultos
1825 664 1920 705 eos
1958 650 2036 705 di-

444 732 711 801 mitteret,
742 732 838 788 sed
869 733 1148 789 deduceret
1194 751 1354 791 canos
1404 752 1584 792 eorum
1612 754 1731 793 cum
1777 740 2035 812 sanguine

440 825 497 879 in
524 824 733 894 inferno
760 827 787 880 ?
827 825 927 882 lbi.
959 826 1015 881 2.
1039 825 1093 881 5.
1129 828 1181 883 8.

510 915 603 970 42.
645 914 787 983 Quid
814 923 899 971 est
950 916 1095 986 quod
1120 916 1256 972 dixit
1282 916 1349 973 de
1375 916 1555 974 Joab?
1587 919 1763 990 posuit
1794 935 2035 974 cruorem

439 1006 612 1077 praelii
648 1007 707 1063 in
745 1008 951 1063 baltlteo
972 1024 1092 1075 suo,
1138 1010 1230 1079 qui
1257 1019 1371 1064 erat
1414 1011 1557 1065 circa
1586 1009 1791 1066 lumbos
1821 1011 1957 1081 ejus,
1985 1021 2035 1066 et

439 1099 496 1153 in
547 1098 903 1156 calceamento
964 1118 1080 1166 suo,
1138 1100 1277 1172 quod
1326 1110 1440 1157 erat
1484 1103 1542 1157 in
1609 1104 1826 1173 pedibus
1893 1104 2031 1174 ejus.

440 1188 579 1247 Ibid.
599 1190 718 1247 v.5.

515 1280 605 1334 45.
648 1280 789 1348 Quid
847 1280 1117 1353 significet
1163 1281 1423 1348 Adonias,
1464 1283 1557 1353 qui
1614 1282 1813 1339 Abisac
1843 1284 2036 1354 petivit

446 1371 502 1426 in
531 1369 799 1442 coniugio,
851 1387 951 1443 pro
976 1387 1083 1442 qua
1113 1387 1172 1428 re
1200 1389 1231 1428 a
1282 1372 1571 1430 Salomone
1597 1375 1911 1445 praccipitur
1936 1390 2031 1431 oc-

441 1462 571 1520 cidi.
603 1462 701 1519 Ibi.
733 1480 789 1519 v.
816 1464 905 1520 20.
952 1474 1058 1521 etc.
1091 1466 1159 1520 Et
1190 1466 1320 1536 quid
1358 1475 1463 1531 est,
1525 1467 1669 1537 quod
1719 1468 2036 1539 frequenter

440 1553 705 1609 scribitur
728 1554 782 1608 in
804 1556 913 1611 hoc
942 1555 1117 1611 libro?
1146 1554 1277 1611 Haec
1316 1556 1483 1627 faciat
1509 1558 1637 1611 mihi
1666 1556 1831 1622 Deus,
1851 1568 1899 1613 et
1922 1559 2035 1614 haec

440 1642 626 1699 addat.
688 1644 900 1705 lbid.v.
951 1646 1042 1703 25.
1106 1655 1213 1703 etc.
1243 1647 1379 1703 Erat
1436 1648 1541 1704 hoc
1602 1658 2029 1715 sacramentum,

440 1749 509 1789 an
538 1751 647 1790 non
671 1735 696 1790 ?

2138 555 2513 625 hujuscemodi
2558 558 2730 625 thina,
2780 575 2958 631 neque
3006 560 3123 616 visa
3178 550 3351 630 usque
3386 561 3442 615 in
3489 574 3721 631 praesen—

2137 652 2247 699 tem
2284 646 2450 700 diem.
2490 647 2575 702 10.
2631 648 2728 716 11,»
2750 657 2807 705 et
2836 650 2924 706 12.
2978 651 3049 707 Et
3079 651 3211 721 quid
3261 650 3453 722 Opbir,
3509 660 3567 708 et
3608 653 3717 718 ubi,

2135 736 2279 791 unde
2302 735 2520 793 fuerunt
2550 739 2714 794 allata
2734 741 2758 794 ?
2782 741 2836 796 5.
2867 742 2954 797 11.

2207 828 2295 884 55.
2336 830 2447 886 Cur
2487 832 2659 888 altare
2697 832 3138 890 holocaustarum
3168 834 3223 889 in
3270 834 3719 897 tabernaculo.et

2136 918 2191 974 in
2221 909 2422 993 templo
2454 938 2520 979 ex
2572 923 2719 994 ligno
2767 925 2985 993 quidem
3034 925 3261 991 factum,
3292 939 3401 982 tere
3428 936 3611 981 autem
3634 941 3719 982 co-

2135 1021 2404 1081 opertum.
2454 1014 2589 1070 Exo.
2645 1014 2733 1071 58.
2766 1016 2819 1069 1.
2849 1017 2920 1072 ab
2963 1017 3092 1090 igne
3131 1032 3239 1072 non
3281 1018 3717 1082 consumebatur,

2137 1116 2260 1157 cum
2302 1103 2505 1175 iugiter
2531 1104 2671 1175 ignis
2700 1106 2917 1163 arderet
2949 1108 3003 1164 in
3040 1108 3230 1164 eodem
3257 1108 3413 1163 altari
3439 1108 3464 1161 ?

2210 1195 2299 1251 54.
2340 1195 2493 1251 Fecit
2551 1196 2803 1255 Salomon
2846 1200 3073 1255 ducenta
3121 1210 3270 1257 scuta
3314 1202 3379 1256 de
3408 1218 3543 1256 auro
3567 1218 3717 1271 puro.

2139 1285 2226 1340 10.
2260 1286 2345 1341 16.
2379 1286 2447 1342 Et
2488 1296 2615 1358 post
2656 1303 2828 1358 pauca
2869 1305 2885 1345 :
2918 1289 3208 1363 Posuitque
3255 1309 3318 1347 ea
3369 1308 3462 1347 rea:
3489 1293 3543 1347 in
3569 1292 3720 1347 domo

2137 1378 2281 1434 silva:
2336 1379 2664 1456 Libani._l7.
2725 1380 2783 1436 Si
2830 1382 2963 1437 silva
2998 1382 3191 1439 Libani
3234 1381 3544 1439 Salomonis
3582 1391 3719 1449 erat,

2137 1484 2234 1525 cur
2261 1470 2402 1541 ligna
2433 1470 2654 1527 cedrina
2678 1486 2786 1527 non
2813 1472 3144 1542 pracidebat
3164 1487 3233 1528 ex
3260 1472 3513 1528 Libano?

2209 1558 2294 1614 55.
2337 1558 2488 1615 Fecit
2527 1578 2751 1632 quoque,
2778 1571 2833 1615 ut
2870 1570 3019 1617 tanta
3070 1572 3202 1619 esset
3256 1562 3584 1616 abundantia
3637 1579 3723 1615 ar-

2135 1653 2274 1722 genti
2309 1654 2365 1707 in
2422 1651 2783 1719 Hierusalem,
2826 1661 3026 1724 quanta
3056 1663 3104 1709 et
3151 1652 3426 1725 lapidum:
3462 1661 3510 1707 et
3538 1653 3721 1707 cedro-

2137 1758 2255 1797 rum
2280 1744 2503 1815 praebuit
2543 1743 2935 1798 multitudinem
2962 1745 3117 1814 quasi
3162 1760 3484 1814 sycomoros,
3509 1744 3604 1814 qui
3629 1759 3717 1797 na-

506 1827 597 1883 44.
639 1828 839 1886 Ditexit
862 1840 1038 1886 autem
1061 1830 1315 1887 Salomon
1344 1831 1628 1887 Dominum
1676 1832 1953 1887 ambulans
1975 1835 2032 1888 in
2059 1819 2108 1879 Β
2135 1847 2358 1893 scuntur
2378 1839 2434 1893 in
2462 1836 2857 1909 campestribus.
2888 1839 2956 1894 Et
2984 1838 3217 1908 reliqua.
3257 1836 3343 1892 10.
3376 1836 3466 1892 27.

435 1922 709 1991 prisce-ptis
743 1919 914 1977 David
960 1923 1127 1994 patris
1171 1924 1274 1988 sui,
1304 1934 1517 1994 excepto
1545 1924 1686 1995 quod
1726 1925 1783 1980 in
1811 1924 2029 1980 excelsis

433 2008 762 2078 ambulabat,
801 2020 852 2068 et
874 2012 1185 2067 accendebat
1240 2012 1537 2067 thimiama.
1576 2013 1628 2067 5.
1659 2013 1711 2067 5.
1746 2013 1886 2082 Quid
1908 2022 2029 2069 erat

426 2100 659 2170 excelsa,
694 2105 839 2175 quod
874 2103 1190 2175 frequenter
1212 2105 1265 2159 in
1288 2105 1391 2161 hoc
1413 2104 1551 2160 libro
1576 2105 1806 2177 legitur?
1832 2106 1901 2160 Et
1928 2120 2027 2160 cur

430 2188 653 2248 Samuel
675 2209 783 2249 non
809 2194 1079 2265 culpatur,
1108 2196 1201 2267 qui
1228 2196 1281 2250 in
1310 2196 1527 2252 excelso
1576 2197 1777 2267 legitur
1830 2198 2025 2253 immo-

426 2279 617 2338 lasse?
646 2282 709 2355 (Ι.
744 2284 876 2356 Reg.
901 2285 955 2341 9.
998 2285 1085 2340 12.
1120 2283 1235 2357 14.)
1264 2284 1350 2340 lll.
1384 2286 1518 2356 Reg.
1548 2287 1602 2341 5.
1631 2286 1685 2340 2.

499 2373 589 2429 45.
629 2374 771 2443 Quid
796 2377 1105 2449 signiﬁcent
1128 2376 1234 2431 illa:
1261 2376 1381 2432 duae
1406 2377 1663 2432 mulieres
1686 2378 2021 2443 meretrices,

428 2479 551 2535 qua:
574 2475 840 2522 venerunt
867 2477 996 2523 ante
1053 2466 1257 2538 Regem
1306 2462 1700 2521 Salomonem?
1730 2466 1815 2521 lll.
1847 2467 1900 2521 5.
1935 2468 2020 2522 16.

498 2556 590 2612 46.
631 2557 804 2613 Porro
844 2556 1005 2613 Giblii
1046 2567 1478 2630 prwparaverunt
1538 2558 1702 2629 ligna,
1741 2568 1789 2612 et
1820 2558 2023 2629 lapides

425 2647 496 2703 ad
519 2648 897 2718 testificandum
938 2649 1172 2704 domum.
1198 2648 1285 2703 III.
1322 2648 1373 2703 5.
1408 2649 1495 2705 18.

496 2740 586 2794 47.
620 2738 759 2795 Cum
779 2740 993 2812 legatur
1044 2742 1358 2812 expressius
1401 2741 1455 2796 in
1486 2741 1625 2797 libro
1672 2742 1901 2813 Regum.
1933 2743 2019 2798 lli.

422 2834 477 2889 8.
511 2831 566 2889 9.
610 2832 816 2902 absque
849 2832 1305 2903 Paralipomenon
1331 2832 1394 2887 ll.
1421 2832 1474 2887 5.
1507 2832 1593 2887 10.
1644 2834 1789 2902 quod
1819 2833 1873 2887 in
1895 2848 2020 2889 arca

421 2936 531 2976 non
559 2929 708 2978 esset
735 2922 905 2988 aliud,
938 2922 1045 2977 nisi
1074 2922 1196 2977 duae
1240 2924 1438 2978 tabulas
1490 2922 1739 2992 lapidem,
1765 2938 1903 2992 qns
1928 2938 2023 2992 po-

421 3020 609 3067 suerat
660 3013 716 3068 in
762 3026 828 3068 ea
879 3012 1095 3069 Moises.
1152 3013 1221 3068 Et
1274 3013 1521 3083 reliqua:
1565 3028 1689 3068 cum
1729 3014 2023 3083 Apostolus

420 3107 627 3163 scribat
656 3106 724 3161 ad
756 3104 1032 3161 Hebrreos.
1064 3105 1124 3161 9.
1155 3104 1210 3159 4.
1239 3106 1382 3174 quod
1411 3105 1466 3159 in
1495 3118 1620 3160 arca
1649 3112 1775 3158 sunt
1802 3104 2015 3170 tabulw,

2200 1927 2291 1984 56.
2330 1926 2612 2000 Reliquum
2647 1936 2821 1982 autem
2858 1928 3136 1982 uerborum
3183 1926 3510 1993 Salomonis,
3542 1937 3593 1982 et
3617 1942 3718 1980 ont-

2130 2022 2233 2075 nia'
2254 2036 2373 2091 qua:
2402 2019 2544 2088 fecit,
2572 2027 2619 2071 et
2646 2018 2907 2090 sapientia
2935 2018 3072 2088 ejus,
3107 2035 3223 2073 ecce
3254 2019 3498 2073 universa
3530 2019 3722 2089 scripta

2127 2109 2327 2164 suntin
2386 2107 2518 2163 libro
2565 2108 2837 2163 verborum
2900 2108 3111 2163 dierum
3157 2107 3604 2165 Salomonis.11.
3631 2109 3719 2165 41.

2128 2198 2315 2266 Qualis
2339 2212 2424 2255 ess
2456 2199 2613 2262 liber,
2644 2200 2785 2255 scire
2814 2199 2957 2256 volo.

2197 2293 2288 2347 57.
2320 2292 2453 2349 Cum
2476 2292 2661 2348 Helias
2704 2302 2833 2349 ante
2872 2292 3087 2349 Jesabel
3127 2291 3358 2364 fugeret,
3407 2301 3463 2347 et
3485 2293 3723 2347 venisset

2130 2384 2196 2439 ad
2236 2392 2475 2440 montem
2502 2383 2599 2439 Dei
2639 2384 2842 2455 Orepb,
2862 2368 2934 2439 ‘et
2957 2382 3248 2440 mansisset
3282 2384 3337 2438 in
3363 2383 3644 2453 spelunca,
3670 2389 3723 2440 et

2127 2472 2303 2528 factus
2326 2462 2516 2529 fuisset
2563 2474 2631 2529 ad
2660 2488 2786 2528 eum
2816 2489 2998 2529 sermo
3016 2474 3253 2538 Domini,
3283 2482 3408 2544 post
3436 2489 3615 2544 pauca
3640 2489 3723 2530 re-

2126 2564 2233 2620 fert
2271 2563 2573 2635 Scriptura.
2637 2566 2739 2641 19.
2781 2566 2835 2620 2.
2878 2567 2932 2622 8.
2965 2565 3103 2621 Ecce
3133 2566 3391 2620 Dominus
3429 2568 3642 2630 transit,
3667 2576 3717 2620 et

2125 2658 2343 2728 spiritus
2370 2656 2589 2726 grandis
2618 2665 2666 2711 et
2716 2657 2869 2727 fortis
2925 2657 3225 2711 subvertens
3259 2667 3484 2721 montes,
3531 2666 3576 2710 et
3603 2673 3721 2710 con-

2126 2757 2298 2801 terens
2351 2756 2546 2817 petras,
2608 2761 2783 2817 usque
2824 2747 2953 2802 dum
3013 2747 3162 2813 dicit,
3207 2756 3255 2800 et
3281 2746 3565 2801 derelictus
3607 2764 3719 2801 sum

2125 2857 2218 2911 ego
2248 2838 2415 2905 solus,
2444 2849 2492 2895 et
2528 2849 2772 2910 quwrunt
2793 2842 3051 2907 animam,
3078 2849 3134 2893 ut
3184 2839 3435 2908 auferant
3462 2855 3601 2894 eam.
3636 2840 3717 2895 19.

2127 2932 2215 2986 11.
2261 2931 2348 2985 14.
2388 2940 2493 2986 etc.

2194 3022 2283 3077 58.
2324 3022 2460 3077 Cum
2497 3021 2680 3077 Helias
2730 3022 2931 3078 dixerit
2984 3022 3051 3078 de
3101 3021 3326 3077 Achab?
3364 3021 3429 3075 Si
3482 3031 3718 3075 mortuus

2128 3112 2284 3182 fuerit
2308 3114 2365 3167 in
2412 3114 2637 3178 civitate,
2665 3114 2935 3168 comedent
2988 3129 3105 3167 eum
3142 3129 3318 3167 canes.
3354 3112 3415 3165 Si
3464 3121 3641 3164 autem
3665 3112 3717 3164 in

429 3195 591 3267 Virga
635 3197 839 3261 Aaron,
873 3204 922 3249 et
955 3186 1197 3250 Manna.’
1230 3194 1287 3250 Si
1314 3210 1423 3250 non
1459 3202 1636 3260 erant,
1667 3210 1765 3249 cur
1791 3194 2021 3265 Ap’osto—
2047 3166 2093 3229 Ο
2124 3166 2275 3271 agro,
2308 3201 2576 3256 comedent
2607 3166 2724 3255 eum
2754 3201 2988 3255 volucres
3030 3200 3165 3255 cteli.
3216 3200 3305 3254 21.
3358 3199 3450 3253 24.
3495 3214 3716 3269 quomo-

418 3286 503 3343 lus
530 3286 713 3345 dixit?
738 3285 809 3343 Et
854 3286 900 3343 si
930 3294 1111 3354 erant,
1140 3286 1264 3356 quis
1293 3300 1358 3342 ea
1402 3286 1553 3340 misit
1580 3285 1700 3341 ibi?
1730 3286 1799 3341 Et
1825 3287 1871 3341 si
1904 3285 2023 3342 fue-

418 3377 495 3433 rit
520 3377 625 3433 ista
656 3376 807 3448 virga
866 3374 1072 3442 Aaron,
1128 3375 1275 3431 unde
1304 3376 1359 3430 in
1416 3374 1637 3446 Aigipto
1662 3374 1842 3431 -fuere
1867 3376 2018 3448 signa

420 3466 589 3536 facta,
622 3476 678 3524 et
698 3468 754 3523 in
781 3466 945 3533 mari,
977 3476 1141 3538 atque
1170 3468 1224 3522 in
1248 3468 1491 3532 heremo,
1526 3482 1595 3521 an
1630 3467 1778 3522 alia?
1806 3476 1863 3523 et
1890 3468 2020 3537 quid

419 3558 491 3619 de
512 3560 631 3633 iﬁa
654 3559 797 3615 Area
821 3558 1027 3615 factum
1054 3559 1184 3615 est?
1213 3559 1297 3615 vel
1328 3560 1375 3615 si
1403 3560 1474 3616 sit
1498 3574 1741 3628 unquam
1770 3559 2017 3633 (videnda

420 3661 481 3710 ut
509 3651 659 3725 puto)
687 3652 870 3707 visura
891 3652 960 3708 ab
985 3651 1257 3707 omnibus.

489 3743 583 3801 48.
624 3740 754 3799 Cum
781 3741 973 3797 nebula
996 3740 1257 3812 implesset
1295 3742 1508 3796 domum
1545 3743 1783 3809 Domini,
1815 3742 1889 3795 ait
1918 3741 2020 3797 Sa-

422 3831 598 3889 lomon
630 3846 648 3887 :
679 3828 942 3886 Dominus
974 3830 1129 3896 dixit,
1163 3839 1221 3884 ut
1254 3830 1491 3885 habitant
1520 3832 1577 3886 in
1602 3831 1814 3885 nebula.
1846 3832 1899 3887 8.
1926 3832 2013 3886 10.

424 3922 514 3979 11.
550 3921 638 3978 12.
694 3920 798 3977 Ubi
836 3920 1037 3991 legitur
1073 3921 1218 3989 quod
1248 3921 1510 3976 Dominus
1536 3921 1806 3977 dixisset?

489 4013 584 4070 49.
623 4004 683 4068 Si
706 4012 761 4067 in
788 4011 1032 4082 Templo,
1058 4011 1161 4068 ubi
1185 4020 1307 4069 erat
1332 4012 1519 4068 Altare
1547 4012 1774 4077 incensi,
1804 4021 1859 4068 et
1884 4028 2017 4068 can-
2068 4032 2073 4037 ο

420 4103 725 4168 delabrum,
758 4111 818 4157 et
840 4102 1099 4169 lucernze,
1139 4102 1319 4159 missae
1343 4103 1453 4158 sint
1502 4104 1893 4174 propositionis
1921 4120 2017 4175 pa-

422 4193 564 4249 nes?
594 4191 653 4248 Si
682 4193 981 4249 introibant
1004 4194 1077 4249 ibi
1105 4194 1217 4259 alii,
1267 4195 1371 4250 nisi
1412 4195 1548 4251 ordo
1579 4194 1933 4252 Sacerdotium
1963 4205 2018 4251 et

423 4282 737 4339 Levitarum
767 4302 779 4339 :
813 4285 882 4340 Et
918 4285 963 4341 si
1002 4286 1075 4342 ibi
1106 4294 1226 4340 erat
1274 4295 1575 4342 conventus
1603 4288 1880 4357 plebium?
1908 4290 2016 4345 Aut

422 4375 469 4430 si
513 4374 612 4430 soli
644 4374 993 4444 Sacerdotes,
1055 4377 1171 4435 sive
1223 4376 1425 4434 Levita;
1469 4377 1712 4449 (Supple.
1737 4380 2010 4451 degebant,

422 4478 520 4521 seu
547 4464 675 4519 illuc
702 4466 1194 4538 ingrediebantur?)

492 4555 582 4611 50.
625 4556 783 4613 Dedit
816 4556 1072 4614 Salomon
1103 4557 1291 4615 Hiram
1318 4560 1507 4629 viginti
1554 4560 1753 4633 oppida
1789 4560 1844 4616 in
1870 4568 2017 4615 terra

424 4645 681 4713 Galilzeae,
716 4663 837 4719 quae
864 4663 988 4704 cum
1019 4646 1126 4704 non
1152 4648 1484 4718 placuissent
1507 4650 1578 4716 ei,
1611 4650 1905 4721 appellavit
1927 4666 2009 4718 ea,

425 4748 630 4794 terram
677 4737 849 4795 Cabul
898 4754 1071 4810 usque
1102 4740 1154 4795 in
1200 4741 1342 4796 diem
1380 4742 1538 4797 hanc.
1593 4741 1733 4810 Quid
1762 4751 1849 4799 est
1875 4742 2017 4798 hoc?

425 4827 584 4885 Scire
608 4828 747 4884 volo.
776 4830 830 4885 9.
864 4830 950 4883 11.
987 4830 1073 4884 12.
1109 4830 1194 4884 15.

493 4940 582 4995 51.
625 4940 769 5009 Quid
831 4941 932 4997 sibi
964 4942 1097 5006 vult,
1166 4944 1311 5012 quod
1355 4944 1553 5019 Moises
1583 4945 1639 4999 in
1700 4945 1922 4999 heremo
1950 4945 2017 5000 ad

426 5032 889 5087 constructionem
926 5032 1283 5099 tabernaculi,
1326 5051 1432 5090 non
1460 5050 1527 5090 ex
1556 5034 1770 5099 alienis,
1810 5035 1904 5089 sed
1950 5050 2017 5089 ex

428 5121 675 5178 Hebraeis
702 5121 892 5175 habuit
917 5125 1368 5178 eonstructores?
1398 5125 1534 5179 Exo.
1566 5124 1655 5180 55.
1674 5118 1770 5179 50.
1805 5132 1861 5179 et
1885 5124 2014 5179 sub-

425 5226 542 5283 seq.
576 5211 800 5283 (Deesse
818 5212 1033 5266 videtur
1054 5228 1181 5283 pars
1205 5214 1375 5268 altera
1402 5215 1718 5284 quaestionis
1742 5232 1755 5269 :
1793 5231 1893 5270 cur
1914 5215 2019 5269 sci-

430 5300 559 5357 licet
585 5299 843 5355 Salomon
904 5301 1081 5355 virum
1132 5300 1328 5373 Syrum
1379 5302 1604 5357 adduxit
1632 5304 1701 5357 ad
1729 5304 1935 5373 templi,
1965 5312 2020 5357 et

428 5394 825 5465 suppellectilis
857 5409 1027 5450 sacrae
1077 5395 1588 5451 constructionem?
1630 5394 1777 5448 Misit
1814 5410 2019 5465 quoque

426 5502 522 5541 rex
568 5484 824 5541 Salomon
860 5527 875 5552 ,
939 5497 987 5539 et
1045 5486 1163 5542 tulit
1195 5486 1386 5541 Hiram
1443 5486 1508 5541 de
1565 5485 1722 5557 Tyro.
1766 5487 1851 5541 ιιι.
1882 5487 2013 5555 Reg.

427 5576 479 5631 7.
524 5578 610 5631 14.

503 5666 591 5721 52.
646 5668 906 5738 Fecitque
955 5668 1211 5724 Salomon
1269 5669 1334 5723 de
1382 5670 1541 5740 lignis
1590 5670 1759 5724 tliinis
1810 5670 2017 5726 fulcbra

430 5757 620 5814 domus
649 5760 878 5828 Domini,
914 5769 965 5816 et
1001 5762 1190 5815 domus
1220 5762 1380 5831 regis.
1414 5761 1580 5831 Cujus
1606 5763 1821 5831 generis
1862 5772 2017 5817 erant

2122 3292 2191 3347 do
2225 3308 2414 3348 verum
2458 3300 2563 3359 est,
2601 3309 2721 3347 cum
2753 3295 2863 3364 ipse
2901 3292 3135 3363 perlatus
3185 3291 3351 3347 fuisse
3402 3291 3633 3361 legatur,
3664 3292 3716 3346 in

2122 3381 2468 3448 Samariam,
2524 3392 2575 3437 et
2622 3382 2855 3455 sepultus
2905 3384 2961 3437 in
3014 3381 3253 3453 sepulcro
3292 3382 3440 3435 suo?
3481 3381 3573 3436 22.
3628 3380 3710 3435 37.

2120 3475 2225 3530 nisi
2260 3483 2473 3531 tantum
2497 3475 2643 3545 quod
2668 3493 2825 3530 canes
2854 3473 3170 3531 lambuerint
3220 3473 3477 3528 habenas.
3505 3469 3733 3528 lbid.58.

2120 3565 2188 3620 Et
2215 3580 2328 3623 non
2354 3565 2712 3622 comederint.

2190 3656 2279 3711 59.
2318 3655 2428 3712 Cur
2454 3656 2665 3710 Eliscus
2687 3656 2911 3710 mittens
2938 3668 3169 3723 puerum
3199 3668 3357 3708 suum
3381 3653 3453 3708 ad
3490 3653 3712 3708 suscita-

2121 3746 2323 3803 tionem
2374 3746 2469 3800 ﬁlii
2519 3746 2839 3811 Sunamitis,
2903 3744 3163 3814 praecepit
3183 3744 3233 3799 ei
3283 3742 3598 3799 dicens:Si
3627 3761 3710 3797 oc-

2119 3838 2342 3892 currerit
2363 3838 2455 3892 tibi
2489 3836 2663 3901 homo,
2698 3852 2805 3889 non
2844 3834 3043 3890 salutes
3070 3850 3211 3896 eum,
3236 3844 3285 3887 et
3312 3835 3359 3887 si
3409 3834 3709 3888 salutaverit

2117 3938 2165 3981 te
2193 3930 2473 3998 quispiam,
2502 3943 2605 3981 non
2640 3925 2953 3996 respondeas
2985 3925 3053 3979 ei.
3088 3924 3178 3980 Ν.
3210 3924 3344 3997 Reg.
3373 3924 3427 3978 4.
3458 3924 3549 3977 29.

2187 4016 2276 4071 60.
2322 4017 2574 4071 Naaman
2630 4017 2871 4086 princeps
2936 4016 3141 4069 militia:
3201 4017 3337 4085 regis
3391 4013 3585 4086 Syrian
3646 4015 3709 4069 Et

2115 4114 2240 4176 post
2265 4122 2477 4177 pauca:
2522 4106 2627 4160 Per
2657 4105 2808 4159 illum
2833 4105 2971 4159 enim
3010 4105 3154 4159 dedit
3188 4104 3447 4160 Dominus
3492 4106 3709 4160 salutent

2119 4194 2306 4265 Syriae.
2337 4194 2389 4249 5.
2418 4196 2469 4247 1.
2499 4194 2629 4261 Quae
2654 4193 2755 4247 fuit
2784 4193 2874 4247 illa
2904 4192 3095 4250 salus?

2188 4307 2275 4361 61.
2320 4304 2487 4360 Facta
2517 4315 2593 4360 est
2642 4306 2808 4376 fames
2838 4322 3032 4375 magna
3068 4305 3125 4359 in
3175 4303 3429 4360 Samaria
3454 4345 3469 4368 ,
3519 4316 3567 4360 et
3593 4316 3707 4360 tan-

2116 4398 2209 4451 diu
2239 4397 2447 4451 obsessa
2474 4406 2571 4462 est,
2599 4396 2762 4450 donec
2790 4395 3183 4449 venundaretur
3213 4405 3370 4465 caput
3410 4397 3553 4450 asini
3576 4406 3711 4449 octo-

2038 4504 2092 4562 Ι)
2118 4487 2263 4554 ginta
2293 4485 2575 4555 argenteis,
2610 4493 2657 4537 et
2683 4493 2877 4552 quarta
2921 4499 3045 4553 pars
3070 4482 3187 4545 capi
3227 4485 3476 4537 stercoris
3516 4484 3709 4537 colum-

2117 4576 2304 4629 barum
2340 4576 2568 4646 quinque
2590 4576 2871 4646 argenteis.
2933 4574 2986 4628 6.
3017 4574 3105 4627 2t.
3131 4573 3271 4641 Quid
3301 4583 3387 4629 est
3428 4577 3550 4645 capi
3577 4585 3708 4631 ster-

2117 4665 2304 4720 coris?
2340 4664 2472 4736 (Sed
2495 4665 2713 4735 vulgata
2737 4673 2885 4720 recte
2925 4664 3090 4719 habet
3119 4680 3246 4735 pars
3275 4666 3391 4719 cabi
3418 4668 3705 4721 stercoris:

2117 4773 2280 4827 quam
2304 4759 2373 4819 ob
2399 4773 2513 4812 rem
2551 4758 2839 4814 dicendum
2867 4766 2951 4813 est
2981 4772 2994 4812 :
3053 4758 3184 4828 quid
3211 4767 3295 4814 est
3341 4770 3541 4829 quarta
3585 4778 3705 4833 pars

2116 4849 2236 4911 cabi
2280 4847 2539 4903 stercoris
2557 4848 2604 4918 ?)
2734 4861 2738 4869 '
2881 4899 2884 4902 .

2188 4938 2274 4993 62.
2317 4937 2456 5004 Quid
2484 4947 2567 4992 est
2587 4938 2731 5007 quod
2752 4936 3007 4996 Benadab
3057 4953 3153 4994 rex
3190 4937 3362 5009 Syria:
3394 4940 3547 4995 misit
3574 4941 3704 4995 Asa-

2117 5032 2207 5087 hel
2234 5032 2302 5087 ad
2340 5031 2615 5086 Heliseum
2639 5031 2949 5095 consulens,
2980 5040 3165 5085 utrum
3221 5033 3401 5086 sanari
3452 5022 3705 5102 pOSsitab

2120 5122 2443 5179 infirmitate
2476 5139 2591 5187 sua,
2623 5139 2692 5177 an
2726 5122 2881 5177 non?
2922 5122 3164 5191 Cumque
3202 5124 3269 5178 ab
3293 5137 3360 5178 eo
3389 5140 3703 5195 responsum

2120 5213 2408 5283 acciperet,
2458 5221 2515 5267 et
2560 5214 2793 5269 redisset
2844 5212 2912 5267 ad
2961 5212 3247 5269 Dominum
3306 5230 3489 5281 suum,
3548 5216 3705 5270 refert

2121 5307 2443 5375 Scriptura;
2489 5305 2629 5359 Tulit
2684 5305 2999 5376 stragulum,
3045 5315 3091 5361 et
3148 5306 3345 5375 iii-fudit
3403 5325 3618 5378 aquam,
3657 5316 3702 5362 ct

2118 5396 2366 5465 expandit
2392 5413 2548 5465 super
2569 5397 2777 5466 faciem.
2806 5397 2859 5451 8.
2898 5396 2949 5451 7.
2982 5397 3065 5450 15.
3096 5405 3204 5451 etc.

2191 5487 2277 5541 65.
2339 5485 2448 5541 Cur
2503 5487 2670 5542 Jollas
2721 5502 2813 5541 rex
2870 5486 3042 5541 Israel
3095 5488 3164 5540 ad
3208 5487 3479 5541 Amasiam
3538 5502 3694 5558 regent

2120 5578 2263 5633 Juda
2315 5577 2970 5645 remisit,dicens:Cardus
2998 5577 3186 5631 Libani
3212 5577 3357 5631 misit
3377 5578 3448 5631 ad
3471 5579 3690 5639 cedrum,

2121 5689 2235 5745 quw
2279 5680 2350 5725 est
2390 5672 2443 5724 in
2471 5670 2670 5724 Libano
2696 5670 2873 5724 dicens
2901 5686 2917 5724 :
2955 5670 3025 5723 da
3066 5670 3233 5738 ﬁliam
3264 5679 3409 5722 tuam
3436 5670 3545 5737 ﬁlio
3587 5684 3687 5721 meo

2125 5780 2358 5827 umorem,
2410 5762 2828 5819 transieruntaue
2876 5762 3047 5816 bestia:
3099 5759 3286 5823 saltus,
3332 5776 3451 5831 qna-
3494 5768 3602 5813 srnt
3639 5756 3687 5812 in
