3912 6318
112 378 222 435 εδδ

1016 380 1483 449 ΟΠᾹΞΞΤΙΟΝΕΞ
1524 387 1668 443 XXX
1713 390 1937 447 SUPER
1977 395 2219 451 LIBROS
2262 397 2522 456 REGUM.

3276 405 3385 468 634

109 488 339 553 Libano,
380 495 427 541 et
453 487 884 543 conculcaverunt
915 490 1131 544 cordum
1155 492 1180 543 ?
1200 491 1287 547 IV.
1333 492 1461 564 Reg.
1501 496 1586 549 H.
1637 497 1689 551 9.
1722 505 1771 561 Α
1799 502 2054 557 scribitur
2082 519 2094 557 ε
2124 515 2171 559 et
2195 509 2369 576 θίγενγὶ
2404 510 2526 578 fecit
2557 510 2729 567 lucum
2761 514 2825 568 de
2856 514 3009 570 domo
3034 516 3268 585 Domini,
3295 522 3381 590 fo-

182 580 271 634 64.
315 580 496 647 Quare
520 579 586 633 de
631 578 922 634 Jeroboam
952 579 1063 635 lilio
1110 580 1237 637 Joas
1269 584 1557 638 scribitur:
1585 586 1696 655 ipse

108 674 341 727 restituit
375 684 621 729 termmos
653 671 825 725 Israel
846 672 911 724 ab
940 673 1158 725 introitu
1205 672 1399 727 Entatlt
1442 692 1599 745 usque
1627 677 1697 730 ad

107 777 259 815 mare
296 756 614 827 solitudinis,
638 762 800 832 juxta
828 776 1117 815 sermonem
1155 762 1389 829 Domini,
1420 782 1571 835 quem
1618 766 1696 819 lo-

107 864 270 908 cutus
322 864 396 908 est
443 871 534 923 per
578 871 783 909 servum
833 870 987 907 suum
1041 852 1237 908 Ionam
1278 855 1449 924 ﬁlium
1484 857 1696 912 Amathi

105 940 454 1013 Prop/telam.
486 943 607 999 Jon.
642 946 694 999 1.
724 946 774 1000 1.
830 944 935 1001 Ubi
962 943 1126 1001 Jonas
1168 945 1283 1001 haec
1320 948 1530 1003 locutus
1553 948 1695 1002 fuit?

108 1034 199 1088 M.
240 1034 330 1089 25.

180 1124 273 1179 65.
314 1125 423 1180 Cur
480 1126 548 1181 de
594 1126 829 1182 Joatban
878 1142 1006 1199 rege
1045 1126 1182 1181 Juda
1243 1126 1543 1181 scribitur?
1588 1130 1697 1199 ipse

105 1218 394 1287 wdi/icavit
465 1231 669 1291 portam
718 1223 903 1276 domus
975 1222 1190 1275 Domini
1246 1221 1692 1275 sublimissimam.

106 1309 197 1364 15.
239 1310 330 1365 55.
377 1310 628 1380 Nunquid
660 1327 690 1365 a
741 1312 1029 1367 Salomone
1080 1322 1238 1367 antea
1283 1310 1546 1367 aadilicata
1590 1328 1696 1367 non

102 1398 329 1454 fuerat?
366 1416 434 1453 an
455 1416 649 1455 novam
678 1402 983 1456 construxit
1007 1402 1029 1455 ?

181 1490 269 1545 66.
311 1490 422 1547 Cur
450 1491 516 1547 de
544 1492 776 1548 Ezechia
804 1493 1063 1549 scribitur
1090 1512 1102 1547 :
1148 1504 1437 1564 postquam
1466 1495 1697 1565 dissipa-

104 1581 189 1635 vit
226 1581 467 1648 excelsa,
496 1591 552 1637 et
597 1584 855 1639 contrivit
906 1585 1149 1640 statuas?
1186 1584 1257 1638 Et
1278 1585 1500 1639 succidit
1527 1584 1694 1649 lucos,

105 1668 467 1741 confregitque
492 1660 1039 1742 serpentem‘azneum,
1088 1690 1239 1744 quem
1288 1674 1409 1743 fecit
1448 1674 1698 1744 Moyses;

106 1760 411 1832 vocavitque
434 1778 551 1815 eum
581 1760 851 1817 Naastan.
883 1763 1183 1836 (Nobestan
1221 1764 1491 1835 Vulgata).
1522 1765 1606 1818 18.
1636 1764 1689 1817 4.

104 1850 176 1903 Ει
197 1851 435 1922 reliqua.
467 1852 604 1920 Quid
629 1856 895 1931 esthoc?

1800 609 1887 646 ras
1918 592 2253 650 Hierusalem
2281 599 2334 652 in
2359 601 2590 655 convalle
2613 602 2839 669 Cedron,
2879 616 2926 659 et
2957 608 3237 663 combussit
3259 626 3378 664 eum

1800 681 1887 745 ibi,
1920 692 1969 736 et
2000 684 2191 755 redegit
2232 688 2284 739 in
2311 689 2590 756 pulverem,
2615 703 2660 747 et
2683 696 2902 763 proiecit
2941 715 3099 768 super
3140 700 3383 773 sepulcra

1799 769 1990 841 vulgi?
2046 773 2185 841 Quid
2250 786 2336 831 est
2388 778 2492 834 iste
2556 780 2756 837 lucus?
2820 795 2913 842 aut
2961 804 3082 859 qua:
3132 769 3381 860 sepulcra

1801 862 1943 932 vulgi
1964 864 1986 917 ?
2011 863 2098 919 25.
2135 865 2185 921 6.

1870 955 1957 1007 69.
1997 954 2266 1012 Destruxit
2291 976 2495 1031 quoque
2540 971 2588 1016 et
2632 963 2775 1018 idola
2823 964 3070 1038 (Vulgata
3103 969 3383 1041 radiculas)

1798 1045 2217 1113 effeminatorum
2246 1068 2362 1122 qua:
2404 1056 2635 1109 erantin
2676 1056 2831 1111 domo
2866 1058 3098 1125 Domini,
3130 1079 3224 1131 pro
3267 1064 3381 1133 qui-

1800 1140 1893 1193 bus
1924 1138 2165 1193 mulieres
2195 1142 2432 1197 texebant
2462 1147 2613 1214 quasi
2642 1146 2988 1202 domunculas
3009 1149 3133 1203 luci.
3161 1166 3215 1204 v.
3240 1153 3292 1205 7.

1871 1232 1956 1286 70.
2000 1232 2069 1285 Et
2121 1234 2377 1288 destruxit
2407 1253 2529 1290 aras
2556 1248 2831 1308 portarum
2862 1240 2917 1293 in
2964 1240 3183 1294 introitu
3223 1243 3381 1296 hostii

1797 1320 1962 1375 Josiaz
1986 1323 2238 1393 principis
2276 1324 2499 1379 civitatis
2530 1341 2700 1395 usque
2728 1328 2854 1383 dum
2880 1330 3011 1384 dicit
3047 1330 3111 1383 de
3137 1333 3383 1385 sacerdo-

1799 1411 1935 1465 tibus
1989 1412 2315 1467 excelsorum
2348 1416 2681 1471 comedebant
2733 1419 2905 1472 azima
2946 1421 3003 1473 in
3052 1410 3223 1475 medio
3264 1422 3380 1491 [ra-

1800 1513 1947 1557 trum.
1963 1521 2198 1558 suorum.
2234 1505 2287 1559 5.
2314 1506 2369 1560 8.
2403 1514 2458 1559 et
2482 1508 2535 1561 9.

1871 1593 1957 1647 71.
2004 1593 2143 1648 Tulit
2166 1612 2369 1667 quoque
2395 1599 2656 1668 principes
2700 1600 2901 1657 militia:
2932 1602 3175 1658 Saraiam
3203 1623 3379 1660 sacer-

1801 1680 1970 1735 dotem
2007 1684 2253 1753 primum,
2285 1695 2334 1739 et
2361 1685 2680 1756 Sophoniam
2716 1693 3036 1747 sacerdotem
3071 1697 3380 1763 secundum,

1799 1776 1846 1821 et
1875 1776 1979 1821 tres
1996 1769 2255 1838 JanitOres
2281 1784 2299 1821 :
2350 1771 2485 1825 etde
2535 1773 2740 1829 civitate
2769 1779 3066 1832 eunuchum
3101 1796 3283 1833 unum.
3316 1780 3385 1834 Et

1729 1852 1777 1910 B
1803 1866 1926 1927 post
1953 1872 2153 1928 pauca:
2180 1859 2246 1914 Et
2270 1859 2471 1933 Sopher
2506 1864 2792 1937 principem
2841 1871 3118 1937 exercitus,
3147 1874 3236 1943 qui
3262 1888 3385 1941 pro-

177 1941 267 1996 67.
308 1942 419 1998 Cur
442 1959 541 2013 per
566 1945 786 2000 Esaiam
816 1948 883 2001 ad
912 1946 1205 2001 Ezechiam
1234 1961 1416 2018 regem
1458 1948 1702 2004 dicitur?
1801 1944 1956 1999 babal
2006 1948 2201 2003 tirones
2249 1950 2314 2003 de
2358 1951 2551 2021 populo
2608 1963 2781 2010 terrae.
2821 1957 3051 2029 Pmpter
3078 1941 3219 2030 quod
3250 1960 3386 2016 dicit

102 2030 244 2086 Ecce
270 2032 381 2087 dies
405 2035 634 2102 veniunt,
655 2045 703 2091 et
725 2037 966 2107 auferent
994 2036 1247 2109 (Vulgata
1273 2041 1696 2112 transferentur)

1796 2038 2136 2093 sacerdotem
2175 2042 2433 2110 primum,
2472 2052 2528 2098 et
2572 2047 2920 2105 secundum?
2947 2052 3031 2107 vel
3070 2055 3381 2109 eunuchum

101 2123 286 2175 omnia
319 2139 437 2193 quae
476 2134 600 2179 sunt
641 2126 697 2179 in
726 2127 882 2181 domo
926 2138 1039 2195 tua,
1095 2140 1145 2183 et
1191 2148 1308 2202 qua:
1349 2133 1699 2188 condiderunt
1796 2145 1983 2195 unum,
2045 2139 2099 2187 et
2150 2142 2262 2188 tres
2310 2135 2625 2206 janitores?
2683 2140 2768 2196 vel
2805 2143 2896 2212 qui
2963 2155 3089 2201 sunt
3128 2147 3382 2204 tirones?

98 2222 278 2282 patres
308 2217 385 2269 tui
412 2217 468 2271 in
505 2216 830 2289 Babylonem
854 2234 873 2272 :
903 2237 1007 2276 non
1049 2225 1333 2278 remanebit
1386 2226 1695 2295 quidquam,

96 2302 177 2355 ait
204 2302 485 2371 Dominus,
540 2308 632 2362 sed
676 2309 742 2363 de
767 2310 892 2379 ﬁliis
937 2328 1066 2383 quos
1101 2316 1390 2383 generabis,
1423 2325 1576 2369 erunt
1598 2332 1694 2369 eu-

97 2394 264 2448 nuchi
316 2396 371 2449 in
428 2396 627 2464 palatio
666 2400 802 2470 regis
846 2399 1153 2473 Babylonis.
1193 2403 1281 2458 20.
1342 2405 1426 2458 17.
1468 2405 1554 2460 18.
1587 2404 1689 2471 Qui

98 2483 329 2542 fuerunt
358 2490 448 2544 isti
470 2493 705 2548 eunuchi
731 2493 755 2546 ‘t

172 2576 264 2634 68.
306 2578 445 2646 Quid
501 2582 604 2637 sibi
654 2584 768 2639 vult
796 2585 938 2654 quod
995 2594 1120 2657 post
1168 2587 1400 2657 plurima
1428 2588 1493 2644 de
1540 2586 1687 2644 Josia

483 2728 815 2773 HACTENUS
860 2733 1273 2778 THEUTMIBUS
1323 2738 1337 2777 ζ
1385 2736 1469 2777 ΑΙ)
1512 2736 1684 2778 HUNC

171 2851 480 2921 Compellit,
522 2862 577 2908 et
613 2857 943 2928 constringit
992 2874 1101 2924 me,
1137 2860 1310 2915 frater
1336 2860 1688 2916 Christianis-

100 2944 262 3009 sime,
302 2943 644 3010 Theutmire,
698 2955 791 3000 tua
823 2959 849 2987 α
902 2958 1208 3019 opportuna
1259 2951 1577 3007 multimoda
1605 2951 1688 3005 in-

94 3035 342 3104 quisitio,
411 3050 520 3089 non
557 3038 906 3104 necessitate,
974 3040 1069 3094 sed
1104 3041 1245 3109 quod
1277 3050 1362 3096 est
1398 3042 1689 3097 vehemen-

96 3124 227 3188 tius,
260 3124 555 3189 charitate,
606 3125 673 3178 ad
704 3125 999 3181 multorum
1049 3129 1198 3183 exire
1228 3129 1525 3193 publicum,
1576 3128 1688 3183 for-

96 3212 527 3283 midandumque
552 3212 816 3280 judicium
845 3234 855 3269 :
898 3215 1113 3271 illorum
1141 3218 1394 3272 videlicet
1421 3219 1562 3282 dico,
1590 3221 1681 3287 qui

1792 2219 1881 2275 25.
1910 2221 1997 2285 18,
2020 2232 2077 2277 et
2106 2224 2190 2278 19.

1865 2310 1951 2364 72.
1995 2309 2288 2367 Sublevavit
2326 2314 2726 2375 Evilmerodaclt
2776 2339 2867 2377 rea:
2902 2323 3187 2396 Babylonis
3216 2345 3378 2394 anno,

1798 2415 1901 2470 quo
1945 2418 2165 2471 regnare
2189 2414 2431 2472 caeperat,
2471 2419 2627 2477 caput
2672 2408 2915 2466 Joachim
2961 2417 3095 2486 regis
3144 2416 3289 2470 Juda
3315 2417 3381 2471 de

1796 2504 2003 2543 carcere
2023 2530 2037 2555 ,
2084 2500 2135 2544 et
2162 2491 2367 2547 locutus
2405 2502 2481 2548 est
2531 2496 2577 2550 ei
2605 2497 2843 2570 benigne,
2872 2518 3045 2573 usque
3068 2506 3196 2561 dum
3225 2507 3378 2563 dicit.

1798 2580 2049 2635 Omnibus
2089 2580 2269 2636 diebus
2297 2584 2413 2638 vitta
2435 2600 2565 2640 suae.
2597 2583 2734 2643 Ibid.
2756 2591 2904 2647 v.27.
2935 2602 3043 2649 etc.

1729 2733 1938 2777 PORRO
1983 2731 2215 2777 MODUM
2260 2734 2632 2780 RESPONDET
2673 2740 3006 2788 CLAUDIUS.

1791 2858 2239 2929 perjudicandum
2284 2877 2392 2931 quo
2429 2864 2658 2934 quisque
2708 2874 2953 2937 tempore
3004 2872 3245 2939 scribat;
3283 2877 3379 2931 sed

1792 2948 1896 3004 hoc
1924 2949 2259 3006 solummodo
2314 2951 2752 3021 discernendum,
2797 2966 3108 3015 utrumnam
3138 2977 3286 3030 vera,
3321 2974 3378 3021 et

1790 3040 2076 3105 catholica,
2130 3055 2198 3094 an
2246 3040 2401 3107 falsa,
2460 3051 2516 3097 et
2541 3044 2797 3101 haeretica
2848 3048 2976 3114 sint,
3010 3065 3131 3121 qua:
3157 3054 3371 3111 scribit.

1790 3130 1857 3184 Et
1881 3130 2007 3200 quia
2030 3140 2084 3185 tu
2108 3146 2249 3202 saepe
2269 3146 2300 3186 a
2322 3148 2412 3188 me
2444 3134 2679 3202 requiris
2728 3138 3045 3207 multarum
3065 3156 3245 3197 rerum
3277 3144 3375 3200 ab-

1788 3218 2130 3283 solutionem,
2159 3220 2501 3290 maximeque
2525 3223 2581 3277 in
2622 3223 3014 3305 Pentateuebo,
3046 3241 3210 3301 atque
3234 3232 3374 3291 libro

95 3305 396 3358 secundum
426 3304 644 3369 faciem,
685 3316 741 3359 et
766 3322 875 3362 non
911 3307 1120 3377 justum
1146 3319 1415 3363 noverunt
1442 3309 1687 3379 judicare
1713 3302 1756 3363 C
1790 3308 2015 3377 Regum,
2059 3308 2225 3386 quiet
2260 3310 2616 3379 antiquiores,
2660 3322 2715 3368 et
2759 3302 3107 3395 obscuriores
3161 3324 3377 3379 caeteris

94 3392 393 3463 judicium;
426 3394 495 3448 ob
516 3394 620 3450 hoc
635 3395 887 3451 videlicet
909 3399 1051 3466 quod
1080 3399 1133 3452 in
1154 3399 1427 3467 opusculis
1455 3401 1680 3467 nostris,

95 3482 148 3535 in
186 3483 530 3552 expositione
564 3484 942 3552 Pentateucbi,
993 3497 1155 3558 atque
1202 3488 1323 3542 libri
1372 3489 1600 3560 Regim,
1631 3499 1686 3545 ct

97 3581 245 3626 tuam
301 3573 641 3642 petitionem,
699 3583 753 3629 et
780 3591 958 3630 meam
1007 3577 1381 3646 praefationem
1431 3579 1485 3632 in
1511 3580 1685 3649 capite

96 3675 299 3731 ponere
319 3662 478 3732 iubes
502 3680 516 3728 ;
550 3665 691 3732 quod
715 3665 901 3719 multis
925 3676 1112 3721 nostro
1159 3676 1404 3737 tempore
1427 3684 1685 3738 priesum-

94 3758 350 3821 ptuosum
371 3766 493 3806 esse
511 3753 740 3819 videtur,
776 3763 939 3823 atque
964 3755 1272 3812 ridiculum.
1298 3758 1400 3825 Qui
1426 3760 1471 3814 si
1494 3775 1682 3816 verum

96 3856 296 3896 nomen
326 3841 354 3881 ι’
395 3841 731 3912 ρι’ωΐειιίοηὶε
777 3855 1017 3909 nossent,
1053 3862 1157 3901 non
1190 3859 1320 3918 puto
1356 3850 1458 3904 ista
1502 3842 1684 3908 dicere

98 3932 411 4000 potuissent
436 3944 453 3986 :
489 3933 616 4001 quia
641 3934 888 4003 priel‘atio
912 3937 1071 4004 primi
1117 3938 1297 4006 cperis
1348 3939 1547 3995 locutio
1574 3950 1679 4007 est,

102 4028 157 4073 et
190 4023 212 4052 ο
248 4020 566 4090 praelocutio
614 4023 900 4092 librorum,
952 4041 1072 4094 qua:
1097 4036 1223 4081 ante
1271 4043 1465 4084 causas
1495 4046 1685 4085 narra-

97 4110 305 4164 tionum
333 4112 400 4164 ad
426 4112 774 4168 instruendas
800 4114 1135 4170 audientium
1190 4134 1349 4173 aures
1375 4130 1679 4190 coaptatur.

95 4200 246 4255 Dicta
274 4210 458 4255 autem
510 4195 787 4272 prrefatio,
816 4192 970 4273 quasi
996 4207 1330 4276 praelocutio,
1384 4210 1436 4264 id
1458 4220 1541 4266 est
1570 4214 1682 4282 pri-

98 4308 182 4346 ma
214 4291 442 4356 locutio,
475 4300 531 4345 et
559 4293 666 4348 alio
689 4296 910 4351 nomine
936 4296 1213 4368 prologus,
1245 4298 1299 4353 id
1338 4309 1421 4353 est
1452 4316 1683 4369 sequen-

104 4380 171 4434 tis
196 4380 379 4450 operis
406 4380 671 4449 praefatio,
698 4392 802 4447 est,
845 4393 899 4438 et
922 4384 1134 4439 initium
1158 4386 1464 4453 locutionis,
1498 4398 1553 4443 et
1587 4406 1681 4445 ca-

95 4479 190 4538 put
242 4471 679 4541 compositionis,
740 4474 885 4542 quod
948 4475 1139 4530 etalio
1204 4478 1422 4533 nomine
1486 4480 1683 4535 dicitur

82 4559 433 4627 proemium;
459 4562 779 4629 prommium
812 4564 956 4619 enim
983 4574 1068 4621 est
1099 4566 1313 4653 initium
1345 4569 1593 4638 docendi,
1625 4580 1679 4627 et

1786 3397 1939 3453 libris
1968 3398 2163 3453 divinae
2214 3398 2348 3469 legis
2376 3409 2522 3467 sunt,
2550 3411 2607 3458 et
2647 3420 2845 3476 magno
2893 3409 3193 3479 interprete
3236 3415 3375 3470 indi-

1786 3496 1929 3559 gent,
1961 3496 2122 3558 atque
2146 3489 2197 3543 in
2223 3490 2322 3554 eis,
2354 3505 2462 3544 non
2491 3507 2559 3546 ex
2598 3509 2722 3548 meo
2769 3496 3007 3567 ingenio,
3035 3502 3129 3555 sed
3157 3518 3223 3559 ex
3254 3504 3374 3559 illuc

1786 3576 1981 3630 strium
2008 3578 2292 3632 doctorum
2321 3578 2547 3648 judicio,
2579 3597 2754 3651 neque
2777 3600 2842 3639 ex
2876 3591 3095 3657 propria
3147 3595 3371 3651 temeri-

1788 3671 1916 3727 tate,
1950 3664 2043 3718 sed
2093 3678 2159 3718 ex
2188 3665 2417 3721 aliorum
2475 3673 2799 3728 auctoritate
2855 3674 3371 3748 interrogationibus

1786 3754 1912 3818 tuis,
1959 3770 2069 3811 non
2114 3765 2378 3825 quantum
2417 3760 2597 3827 debui,
2639 3764 2735 3817 sed
2780 3776 3041 3834 quantum
3087 3774 3259 3839 potui,
3285 3790 3366 3829 sa-

1786 3842 1979 3909 tisfeci,
2039 3860 2373 3902 conservans
2406 3864 2512 3903 non
2554 3858 2664 3905 tam
2716 3852 2743 3892 ά
2788 3856 2987 3927 eloquii
3039 3862 3367 3919 exsultantis

1785 3934 2067 3999 ambitum,
2104 3950 2267 4007 quam
2299 3940 2619 3996 necessariae
2661 3942 2945 4001 brevitatis
2967 3950 3186 4005 modum
3221 3970 3233 4005 :
3284 3954 3364 4009 sic

1783 4024 1927 4078 enim
1964 4034 2020 4079 et
2041 4026 2346 4099 innumeris
2368 4030 2622 4086 satisﬁeri
2666 4033 3110 4104 inquisitiouibus
3137 4043 3243 4097 tuis
3265 4058 3364 4113 po-

1786 4114 1933 4179 terit,
1960 4123 2016 4168 et
2062 4115 2192 4170 mihi
2222 4116 2445 4189 insuper
2476 4120 2704 4176 liberum
2748 4127 2853 4179 erit
2883 4127 3057 4197 aliqua
3098 4133 3365 4192 extrinse-

1783 4217 1898 4268 cus,
1925 4219 2046 4274 qua‘.
2075 4207 2367 4277 cognitioni
2400 4218 2501 4264 tute
2529 4212 2681 4267 utilia
2709 4214 2962 4281 arbitror,
2989 4218 3041 4272 i‘n
3068 4220 3188 4276 aliis
3210 4222 3365 4281 libris

1782 4296 2044 4363 inserere,
2072 4299 2116 4353 si
2154 4301 2259 4354 ista
2297 4301 2395 4355 tibi
2418 4314 2638 4373 accepta
2686 4306 3035 4377 judicaveris.
3085 4313 3241 4370 Scire
3268 4332 3367 4373 au-

1783 4394 1891 4439 tem
1940 4388 2060 4443 volo
2100 4398 2173 4454 te,
2210 4389 2397 4456 frater,
2435 4395 2578 4463 quod
2608 4397 2727 4451 haec
2769 4398 2969 4454 locutio
3007 4402 3123 4458 vias
3147 4406 3365 4473 quidem

1781 4482 1991 4549 aperiat
2021 4482 2390 4555 intelligentiae
2423 4505 2434 4540 ε
2466 4503 2573 4543 non
2607 4497 2787 4544 tamen
2827 4492 3136 4563 singillatim
3165 4507 3361 4556 cuncta

1782 4574 1901 4641 quae
1921 4566 2118 4642 scripta
2150 4584 2294 4641 sunt,
2326 4577 2557 4633 disserat
2582 4587 2743 4649 atque
2789 4581 3053 4639 absolvat.
3086 4586 3238 4646 Sicut
3266 4606 3363 4661 po-

98 4650 366 4719 principia
418 4651 703 4721 librorum,
740 4670 859 4724 qua:
922 4667 1047 4713 ante
1077 4642 1256 4715 causa:
1276 4666 1285 4671 ‘
1306 4663 1677 4719 narrationem
1703 4635 1756 4694 Ι)
1782 4661 1876 4737 tui,
1920 4664 2170 4731 respondi
2199 4664 2785 4735 inquisitionibusluis.
2820 4670 2879 4725 Si
2915 4674 3042 4743 quid
3072 4676 3140 4731 de
3164 4678 3250 4734 his
3266 4635 3371 4734 Ire-

96 4739 532 4803 adjnstruendas
560 4744 893 4800 audientium
923 4763 1083 4803 aures
1113 4758 1455 4819 coaptantur.
1512 4752 1677 4821 Cujus

98 4832 294 4884 nomen
343 4831 587 4901 plerique
622 4833 775 4889 latini
829 4839 987 4905 periti
1043 4839 1117 4893 ita
1167 4853 1483 4910 posuerunt.
1531 4844 1679 4900 Sciat

96 4920 328 4989 quisque
359 4920 447 4975 ille
475 4930 575 4985 est,
608 4932 793 4979 nostro
834 4930 1062 4996 tempori
1108 4926 1411 4997 scientiam,
1444 4949 1551 4988 non
1583 4949 1678 4988 no-

99 5022 225 5066 stra;
284 5013 527 5071 scientiae
584 5016 857 5070 scribendi
904 5026 1114 5087 tempus
1170 5022 1404 5078 deesse:
1442 5025 1677 5080 .scilicct

101 5110 312 5172 tempus
363 5120 458 5174 per
494 5120 685 5159 omnes
739 5104 1048 5176 Scripturas
1088 5111 1387 5168 disserendi
1435 5130 1578 5179 esse,
1631 5118 1677 5173 si

99 5188 335 5258 Spiritus
364 5193 536 5247 sancti
568 5194 742 5264 gratia
772 5196 1024 5265 cuiquam
1048 5200 1299 5271 dignatur
1318 5204 1508 5259 adesse
1535 5223 1547 5258 :
1575 5221 1674 5261 nec

168 5356 193 5420 ξ
231 5344 482 5420 érbitror
508 5346 789 5420 legendum
830 5349 1154 5420 importuna.

166 5414 194 5453 ιι
232 5414 532 5476 Emendavi
565 5414 945 5474 'manifestum
998 5426 1342 5481 amanuensis
1388 5443 1666 5484 errorem:

102 5486 438 5568 transcripsi}.
460 5487 602 5567 enim
626 5486 883 5568 “librarius.
908 5502 1091 5568 noster
1128 5496 1236 5547 veri
1272 5499 1510 5568 ⁷ηρηιίιιίδς
1535 5516 1671 5568 ιπερ-

102 5552 349 5635 ῒθιὶοηίβῖ
369 5553 441 5635 .Si
474 5556 597 5635 quis
625 5556 730 5635 legi
759 5559 929 5635 malit-
957 5562 1222 5635 veritatem
1271 5564 1347 5635 [id
1369 5576 1453 5621 est
1486 5552 1668 5625 vc‘ram

100 5624 499 5746 egntologiam]
532 5624 757 5680 nominis
788 5628 1136 5697 pt'wfationis,
1166 5624 1292 5699 etcf,
1324 5650 1422 5704 ego
1446 5639 1667 5695 minimc

102 5706 131 5745 0
194 5701 373 5746 istam.

102 5701 373 5746 absistam.

169 5773 192 5803 ι
233 5761 538 5820 Prolocutio
592 5764 783 5838 legitur
824 5768 876 5822 in
904 5772 1195 5841 exemplari
1246 5777 1312 5830 ad
1336 5792 1421 5832 me
1453 5780 1618 5836 misso
1651 5800 1663 5835 :

1780 4750 1904 4815 bus,
1944 4753 2089 4807 unde
2132 4770 2218 4809 me
2267 4756 2639 4827 interrogasti,
2691 4759 2943 4817 invenisti
2981 4765 3194 4833 melius,
3244 4770 3360 4825 sive

1780 4841 2024 4898 invenire
2077 4846 2340 4912 potueris,
2405 4848 2772 4918 gratissimum
2805 4852 3140 4921 habebimus,
3189 4858 3234 4912 si
3261 4875 3359 4915 nos

1779 4929 1975 4987 feceris
2004 4948 2183 4989 nosse.
2222 4934 2327 4991 Pro
2355 4951 2460 5005 qua
2504 4952 2563 4992 re
2605 4940 2658 4992 te
2694 4939 2956 5008 deprecor
2986 4957 3085 5011 per
3127 4949 3357 5016 gratiam

1780 5023 1895 5089 Dei,
1919 5040 2039 5096 qua:
2068 5025 2123 5081 in
2153 5034 2225 5093 te,
2254 5035 2314 5082 ut
2351 5030 2536 5094 credo,
2564 5031 2848 5097 exuberat,
2894 5042 2955 5088 ut
2987 5051 3094 5090 non
3125 5053 3353 5109 respuas

1778 5114 2177 5186 deprecantem,
2237 5119 2330 5173 sed
2390 5119 2618 5175 libenter
2672 5122 2888 5190 doceas,
2914 5126 2958 5180 si
3009 5128 3138 5197 quid
3178 5139 3352 5199 potes,

1776 5207 1921 5275 quod
1955 5220 2042 5261 me
2091 5205 2263 5262 fateor
2312 5209 2581 5279 ignorare.
2625 5211 2757 5267 Etsi
2796 5215 2925 5286 quid
2973 5216 3099 5272 hinc
3138 5218 3355 5276 absolu-

1777 5368 2024 5450 substitui
2068 5371 2401 5450 prmlocutio,
2439 5373 2501 5450 ui
2529 5375 2841 5430 conveniret
2876 5391 2998 5450 cum
3037 5393 3175 5450 voce
3207 5397 3350 5450 prte-

1775 5440 1926 5513 fatio.
1962 5438 2247 5513 Caeterum,
2303 5444 2495 5512 siquis
2552 5459 2734 5499 vocem
2788 5446 3077 5513 prolocutio
3116 5438 3351 5507 retinere

1773 5508 1919 5589 velit,
1954 5512 2184 5589 retineat
2231 5526 2328 5580 per
2353 5508 2437 5589 uie
2468 5514 2679 5582 quidem
2709 5508 2872 5580 licet;
2906 5518 3027 5571 novi
3062 5520 3205 5580 enim
3228 5538 3351 5589 pro-

1770 5576 1943 5652 logum
1982 5581 2110 5644 dici,
2143 5576 2247 5652 non
2274 5576 2588 5652 prtelogum.

1838 5646 1863 5684 ἀ
1900 5648 1959 5726 _lu
1990 5646 2293 5717 exemplari
2343 5646 2569 5705 babctur
2597 5662 2842 5726 tanquam
2866 5672 2887 5726 Δε
2922 5657 3013 5726 scd
3058 5656 3339 5726 legendum

1768 5717 1985 5772 ornnino
2011 5727 2093 5795 est
2121 5729 2246 5795 tam,
2271 5729 2347 5795 _u_t
2376 5717 2709 5795 respondeat
2738 5724 3011 5795 particula:
3041 5717 3217 5795 [quam
3248 5743 3340 5780 ne-

1769 5790 2009 5842 cessaria‘
2041 5788 2348 5859 brevitatis].
2376 5790 2427 5844 ld
2457 5788 2567 5860 jam
2594 5788 2911 5864 pt'wnotat'it
2938 5795 2989 5851 Ρ.
3029 5788 3337 5853 Ζῇςιιεινὶιις.
