3912 6314
521 293 633 357 636

1594 285 1874 345 CLAUDII
1911 284 2388 344 TAURINENSIS
2419 284 2727 344 EPlSCOPl

3687 287 3782 343 636

526 423 665 478 tum,
715 423 781 467 ac
819 406 1109 464 dimnitum
1154 403 1517 475 disputatione
1570 399 1903 465 rationabili,
1946 404 2110 469 atque
2137 397 2189 459 Α
2283 396 2359 452 De
2384 395 2682 451 certamine
2715 394 2911 460 David,
2947 401 3001 449 et
3029 393 3218 452 Goliae.

523 503 770 580 perlecta
795 499 879 557 vel
904 497 1106 569 legisti,
1133 495 1218 552 vel
1239 494 1458 559 audisti,
1484 492 1571 548 vel
1601 492 1766 551 etiam
1794 493 1909 563 ipse
1930 489 2107 546 adhuc

529 594 740 657 audire,
771 599 867 646 aut
907 591 1110 661 legere,
1159 594 1254 643 aut
1297 584 1608 655 excogitare
1653 581 1896 652 potueris
1959 587 2104 650 peto,

531 695 593 742 ut
628 684 759 740 mihi
792 682 1012 738 mittere
1042 693 1150 734 non
1199 675 1455 748 graveris.
1492 673 1630 741 Quia
1669 672 1816 742 quod
1841 669 2108 725 conﬁten-

530 776 662 831 dum
700 783 785 830 est
829 769 1082 827 charitati
1129 775 1256 832 tuas,
1299 763 1420 835 plus
1448 761 1582 817 mihi
1635 760 1852 831 expedit
1872 759 2106 820 discere,

531 881 694 937 quam
724 865 939 920 docere.
982 858 1119 914 Nam
1171 857 1277 914 hoc
1303 857 1674 917 admonemus,
1705 851 1920 906 dicente
1969 848 2113 919 Apo-

531 957 672 1013 stolo
696 953 900 1011 Iacobo
931 951 1008 1023 (l.
1038 947 1150 1020 19.)
1181 966 1194 1002 :
1228 945 1313 1003 Sit
1335 955 1511 1001 autem
1553 943 1721 998 omnis
1769 942 1924 996 homo
1964 938 2117 994 uelox

530 1049 602 1105 ad
624 1045 966 1107 audiendum,
999 1040 1184 1096 tardus
1217 1045 1394 1092 autem
1421 1034 1491 1090 ad
1527 1030 1863 1106 loquendum.
1917 1029 1986 1084 Et
2012 1029 2116 1084 sic-

529 1145 593 1195 ut
617 1138 695 1192 ait
735 1132 1088 1192 doctissimus
1114 1128 1280 1182 Pater
1318 1124 1654 1196 Augustinus
1681 1139 1695 1174 :
1739 1128 1797 1174 ut
1823 1118 2114 1181 discamus,

529 1231 752 1286 inuitare
778 1243 870 1282 nos
893 1224 1039 1280 debet
1078 1221 1311 1276 suavitas
1343 1216 1577 1273 veritatis
1600 1228 1618 1267 :
1652 1209 1720 1268 Ut
1738 1220 1915 1267 autem
1933 1211 2118 1266 docea-

531 1340 670 1388 mus,
714 1335 899 1390 cogere
931 1314 1214 1372 necessitas
1257 1309 1554 1366 alacritatis.
1597 1306 1704 1364 Ubi
1748 1305 1931 1376 potius
1955 1318 2118 1358 oran-

532 1412 658 1467 dum
694 1417 797 1475 est,
827 1416 891 1463 ut
911 1413 1156 1463 transeat
1183 1403 1289 1458 ista
1328 1400 1652 1464 necessitas,
1687 1413 1793 1467 qua
1833 1397 2116 1452 hominem

532 1503 691 1559 docet
727 1499 924 1572 aliquis
951 1499 1114 1554 homo
1142 1514 1154 1550 :
1185 1493 1254 1549 Et
1278 1493 1442 1548 simus
1491 1507 1670 1546 omnes
1702 1486 1950 1544 docibiles
1978 1486 2071 1541 Dei
2098 1499 2117 1539 :

533 1592 717 1664 (loca.
750 1591 803 1646 6.
829 1589 920 1645 ιδ.
953 1587 1068 1642 Isa.
1100 1585 1189 1650 54.
1213 1583 1327 1656 l5.)
1358 1581 1604 1654 quamvis
1641 1580 1746 1636 hoc
1773 1579 1965 1643 simus,
1996 1590 2119 1632 eum

2281 485 2358 541 De
2417 499 2484 540 eo
2543 485 2688 555 quod
2749 483 2876 540 Saul
2909 500 3010 555 pro
3052 493 3270 540 centum
3335 486 3618 556 praeputiis

2209 576 2517 632 listinorum
2539 613 2556 639 ,
2594 571 2765 627 David
2803 572 2970 628 tiliam
2997 573 3269 644 promittit
3301 573 3437 628 dare
3464 588 3718 628 uxorem.

2281 669 2358 724 De
2383 667 2506 739 luga
2536 666 2708 722 David
2736 674 2792 722 et
2820 667 2996 724 salute
3016 667 3153 738 ejus,
3195 672 3252 721 et
3280 663 3595 730 simulacro,
3644 662 3784 732 quod

2211 760 2268 814 in
2294 759 2435 815 lecto
2455 759 2572 828 ejus
2596 757 2875 812 inventum
2898 765 3000 812 est.

2282 847 2360 902 De
2387 846 2618 902 adventu
2639 844 2810 901 David
2839 846 2905 900 ad
2933 844 3262 913 Samuelem,
3303 853 3360 899 et
3405 845 3612 900 nuntiis
3640 843 3786 908 Ssul,

2213 942 2306 1014 qui
2350 940 2502 996 missi
2533 947 2682 1006 sunt,
2710 945 2771 994 ut
2804 939 3274 1010 apprehenderent
3302 938 3504 1004 David,
3566 938 3665 1008 qui
3710 953 3790 992 ae-

2214 1042 2374 1104 cepto
2413 1031 2606 1104 spiritu
2633 1031 2728 1087 Dei
2760 1031 3237 1103 prophetaverunt.

2284 1126 2362 1182 De
2387 1124 2700 1182 reversione
2746 1138 2888 1180 arca
2935 1123 3149 1178 Domini
3178 1122 3247 1177 ad
3287 1129 3492 1177 terram
3522 1119 3796 1186 Israelita.

2215 1231 2357 1282 rum,
2388 1222 2445 1270 et
2466 1213 2818 1284 percussione
2848 1211 3327 1267 Bethsamitarum.

2292 1305 2366 1359 De
2406 1317 2472 1358 eo
2501 1303 2644 1372 quod
2693 1301 2956 1372 scriptum
2994 1309 3078 1356 est
3123 1301 3256 1355 εει
3308 1318 3414 1374 qua
3467 1302 3556 1355 die
3610 1302 3798 1354 mansit

2219 1412 2345 1449 arca
2381 1393 2594 1451 Domini
2630 1394 2687 1445 in
2710 1390 3112 1455 Corinthiarius,
3153 1389 3494 1462 multiplicati
3515 1400 3641 1446 sunt
3672 1391 3794 1444 dies.

2288 1486 2365 1540 De
2398 1500 2464 1540 eo
2500 1485 2645 1555 quod
2682 1485 2944 1554 scriptum
2982 1491 3107 1540 est:
3139 1483 3466 1554 Congregato
3515 1485 3665 1538 omni
3711 1500 3800 1552 po-

2217 1576 2342 1649 pulo
2378 1575 2585 1640 Israel,
2623 1575 2790 1630 oravit
2825 1572 3039 1629 Samuel
3078 1573 3359 1628 Dominum
3381 1613 3395 1640 ,
3435 1582 3484 1626 et
3532 1573 3800 1627 πιαίνει

533 1698 618 1749 ea,
640 1698 770 1753 qum
790 1681 864 1737 ad
879 1695 1062 1737 veram
1075 1678 1335 1750 pietatem
1359 1675 1654 1753 pertinent,
1676 1671 1929 1735 dicimus,
1955 1669 2119 1725 etiam
2148 1750 2180 1753 _
2221 1684 2366 1723 eum.

535 1750 763 1846 quando
775 1773 867 1828 illa
891 1772 1087 1829 docere
1109 1769 1326 1824 videtur
1349 1750 1535 1822 homo.
1581 1761 1717 1832 Quia
1749 1761 1822 1834 (Ι.
1853 1758 2036 1816 Corin.
2058 1757 2112 1812 5.
2146 1750 2192 1809 B
2288 1759 2364 1814 De
2393 1757 2518 1814 ﬁliis
2548 1755 2791 1821 Samuel,
2813 1755 2907 1825 qui
2927 1754 3320 1809 declinaverunt
3341 1760 3456 1819 post
3496 1751 3800 1814 avaritiam,

532 1865 618 1938 7.)
657 1879 818 1934 neque
869 1863 979 1934 qui
1005 1859 1212 1932 plantat
1251 1867 1326 1912 est
1359 1855 1582 1927 aliquid,
1635 1869 1798 1923 neque
1837 1849 2114 1938 quiirkigat,

532 1935 625 2010 sed
652 1954 742 2025 qui
771 1953 1149 2007 incrementum
1180 1948 1274 2002 dat
1300 1945 1463 2000 Deus.
1499 1943 1636 2000 Cum
1671 1941 1874 2008 itaque,
1901 1937 1947 2025 si
1974 1935 2118 1991 Deus

533 2024 931 2106 incrementum
959 2058 1068 2098 non
1091 2041 1264 2105 daret,
1292 2036 1429 2092 nihil
1472 2040 1659 2091 essent
1692 2024 1935 2104 apostoli
1957 2028 2117 2100 plan-

534 2143 762 2200 tatores,
792 2142 847 2190 et
867 2132 1130 2204 rigatores
1160 2146 1173 2184 :
1216 2134 1421 2199 quanto
1459 2125 1634 2194 magis
1662 2137 1781 2194 ego,
1810 2119 1897 2175 vel
1928 2116 2118 2183 tu,-vel

784 2223 947 2292 hujus
966 2219 1226 2291 temporis
1249 2215 1522 2280 homines,
1566 2212 1661 2283 qui
1685 2211 1743 2266 in
1761 2211 1867 2267 hoc
1887 2206 2118 2262 novissi-

533 2332 626 2374 mo
652 2325 896 2385 tempore
939 2308 1188 2367 videmur
1227 2321 1357 2364 esse
1393 2303 1681 2362 doctores?
1707 2299 1904 2357 Addidi
1947 2299 2118 2353 .etiam

534 2408 599 2468 in
617 2407 724 2462 hoc
773 2418 938 2474 opere
983 2402 1204 2460 brevem
1251 2391 1739 2468 expositiunculam
1771 2387 2120 2460 allegoricam

535 2497 592 2552 in
617 2495 756 2551 libro
792 2493 963 2559 Ruth,
1015 2488 1160 2561 quod
1184 2496 1244 2553 tu
1289 2502 1396 2543 non
1446 2481 1756 2555 postulasti,
1796 2492 1919 2549 quas
1944 2477 2119 2548 magis

535 2587 604 2643 ad
639 2586 839 2641 librum
865 2582 1135 2646 Iudicum,
1169 2593 1333 2649 quam
1360 2576 1429 2632 ad
1472 2574 1678 2645 Regum
1728 2569 2000 2642 pertinere
2039 2566 2121 2620 vi-

535 2676 715 2731 detur.
771 2672 881 2728 Pro
924 2685 1030 2742 qua
1087 2683 1146 2724 re
1188 2667 1434 2730 obsecro,
1480 2671 1542 2718 ut
1579 2675 1684 2728 me,
1745 2659 1848 2716 etsi
1892 2669 2121 2727 corpore

535 2766 693 2837 longe
711 2765 976 2836 positum,
1015 2768 1197 2818 tamen
1241 2765 1422 2815 mente
1454 2754 1818 2826 propinquum
1864 2746 2122 2805 orationi-

536 2859 641 2915 bus
679 2858 788 2913 tuis
815 2854 1062 2913 Creatori
1085 2851 1328 2910 omnium
1359 2847 1741 2907 commendare
1761 2859 1872 2901 non
1894 2856 2115 2908 cesses;

540 2946 997 3019 utpervirtutem
1039 2942 1269 3002 ﬂetuum
1310 2947 1550 3002 tuorum,
1577 2944 1634 2991 et
1675 2934 1871 2989 merita
1916 2931 2119 2987 oratio-

2221 1858 2271 1903 et
2303 1857 2879 1919 acceperunt'munera.

2290 1943 2368 2002 De
2413 1942 2671 1998 unctione
2719 1939 2851 1996 Saul
2895 1939 3072 2010 regis,
3105 1944 3160 1992 et
3188 1935 3420 1991 adventu
3449 1932 3727 1990 Samuelis
3751 1932 3803 1988 in

2220 2032 2463 2105 Galgala.

2287 2125 2366 2180 De
2389 2121 2598 2195 jejunio
2628 2122 2835 2180 indicto
2863 2137 2895 2177 a
2936 2119 3121 2177 Saule.

2292 2214 2370 2268 De
2393 2212 2582 2283 praelia
2603 2210 2733 2265 Saul
2759 2218 2947 2274 contra
2973 2208 3260 2272 Amalech,
3303 2216 3359 2262 et
3379 2209 3529 2276 Agag
3579 2219 3765 2273 regem
3785 2221 3803 2268 ;

2220 2312 2274 2360 et
2294 2305 2360 2360 de
2381 2318 2447 2358 eo
2469 2305 2612 2372 quod
2632 2302 2893 2370 scriptum
2917 2308 3003 2355 est
3022 2317 3035 2354 :
3060 2299 3309 2370 paenitere
3331 2297 3641 2359 Dominum,
3667 2295 3805 2364 quod

2219 2394 2543 2450 constituerit
2567 2391 2699 2447 Saul
2725 2406 2916 2462 regem.

2289 2483 2369 2538 De
2378 2481 2757 2553 objurgatione
2777 2477 3045 2534 Samuelis
3065 2478 3120 2532 in
3146 2476 3294 2539 Saul,
3312 2490 3412 2530 cur
3431 2491 3542 2530 non
3557 2475 3801 2530 audisset

2226 2581 2407 2623 vocem
2429 2565 2664 2635 Domini,
2692 2574 2749 2620 et
2774 2563 3036 2619 scissione
3062 2563 3211 2634 pallii
3243 2560 3537 2626 Samuelis,
3569 2575 3670 2617 nec
3693 2576 3800 2615 non

2222 2666 2277 2712 et
2304 2665 2478 2712 morte
2502 2655 2655 2728 Agag
2691 2654 2854 2726 regis.

2293 2749 2369 2805 De
2394 2747 2732 2818 adjuratione
2753 2745 2922 2803 David
2946 2754 3000 2802 et
3021 2744 3311 2801 Jonathan.

2295 2840 2397 2899 Ubi
2431 2839 2603 2895 David
2653 2839 2722 2895 ad
2775 2839 3094 2895 Abimelech
3147 2839 3483 2894 sacerdotem
3535 2840 3708 2902 venit,
3757 2849 3808 2894 et

2222 2932 2459 3004 gladium
2501 2931 2668 2988 Goliae
2716 2904 2968 2998 sustulit,
2997 2945 3107 2995 seu
3136 2943 3158 2970 ο
3203 2946 3379 3003 panes
3415 2909 3809 3002 propositionis

536 3053 689 3103 num,
719 3043 776 3092 et
799 3035 846 3092 si
867 3033 1024 3105 juxta
1051 3031 1273 3088 ﬂuvium
1297 3027 1530 3093 Chobar,
1568 3023 1623 3082 id
1651 3031 1735 3081 est
1758 3037 1917 3079 secus
1937 3034 2124 3092 grave-
2151 3091 2187 3105 η
2222 3022 2451 3090 accepit.

538 3091 779 3185 dinemll
807 3091 969 3196 hujus
992 3121 1175 3180 saeculi
1196 3121 1465 3186 detineor,
1491 3091 1672 3173 tamen
1700 3112 1991 3193 Dominum
2011 3118 2118 3166 ‘no-
2144 3091 2189 3152 (ἶ
2294 3110 2397 3168 Ubi
2443 3109 2613 3166 David
2655 3110 2722 3165 ad
2758 3123 2941 3181 regem
2966 3108 3134 3164 Achis
3189 3109 3345 3180 fugit,
3387 3116 3442 3165 et
3483 3107 3717 3163 mutavit
3750 3121 3807 3161 os

539 3225 714 3272 strum
743 3216 798 3271 in
827 3191 1112 3285 majestate
1139 3210 1324 3282 gloria:
1351 3222 1466 3265 sua:
1492 3204 1680 3261 videre
1718 3191 1969 3260 desidero
1997 3218 2009 3253 :
2040 3205 2125 3253 at-

537 3323 644 3381 que
664 3310 734 3365 ab
759 3308 877 3379 ipso
905 3306 1092 3361 audire
1116 3301 1255 3375 quod
1285 3302 1343 3358 in
1372 3297 1542 3354 medio
1589 3295 1924 3365 scorpionum
1968 3290 2120 3346 habi-

537 3404 667 3458 tatio
696 3411 876 3456 nostra
902 3399 1159 3455 consistit.
1193 3395 1388 3451 Ezech.
1413 3393 1471 3448 2.
1503 3391 1556 3448 6.

608 3492 687 3547 De
720 3491 980 3552 Alchana,
1012 3487 1250 3550 Etcana,
1284 3490 1343 3539 et
1379 3482 1589 3539 duabus
1616 3477 1876 3536 uxoribus
1900 3475 2042 3548 ejus,
2070 3482 2127 3530 et

541 3584 830 3645 nativitate
860 3577 1153 3636 Samuelis.
1177 3576 1312 3646 Cap.
1339 3589 1376 3628 ι.

616 3673 692 3728 De
720 3667 1165 3727 CanticoAnnze.

615 3765 643 3805 δ
671 3763 749 3818 De
771 3761 1038 3832 propheta
1072 3759 1140 3813 ad
1161 3755 1279 3811 Heli
1303 3754 1574 3810 destinato
1592 3792 1607 3818 ,
1629 3759 1686 3806 et
1713 3748 1856 3805 malo
1891 3746 2126 3801 ﬁliorum

541 3857 678 3926 ejus,
707 3863 871 3923 atque
895 3858 1070 3908 morte
1101 3849 1362 3918 ipsorum.

613 3948 694 4003 De
720 3943 1001 4003 sacerdote
1023 3941 1187 4006 ﬁdeli,
1207 3955 1368 4011 quem
1387 3938 1614 4009 spondet
1625 3937 1789 3999 Deus,
1812 3929 2127 4002 quodjusta

545 4054 644 4096 cor
668 4053 827 4094 suum
865 4036 958 4091 sit.

615 4128 694 4183 De
722 4125 952 4196 caligine
997 4129 1279 4178 oculorum
1327 4119 1442 4174 Leli
1467 4159 1482 4183 ,
1537 4115 1683 4181 Heli,
1735 4123 1793 4170 et
1837 4120 2128 4184 augmento

548 4217 852 4277 Samuelis:
885 4224 941 4271 et
966 4213 1150 4270 verbis
1178 4211 1413 4282 Domini,
1435 4223 1556 4280 quae
1593 4222 1702 4263 non
1729 4205 2046 4262 ceciderunt
2073 4203 2128 4258 in

549 4321 772 4368 terram.

620 4403 696 4457 De
719 4415 858 4454 arca:
885 4396 1221 4468 captivitate,
1272 4401 1327 4449 et
1374 4392 1516 4449 idolo
1543 4391 1750 4462 Dagon,
1782 4403 1883 4444 nec
1922 4402 2026 4442 non
2072 4393 2129 4441 et

549 4501 727 4549 morte
760 4490 903 4554 Heli,
935 4497 1096 4556 atque
1124 4501 1266 4541 nuru
1288 4499 1406 4540 sua.

619 4585 697 4639 De
725 4581 915 4650 spiritu
939 4577 1188 4649 maligno,
1220 4575 1310 4644 qui
1335 4573 1580 4628 irruebat
1606 4571 1661 4626 in
1690 4567 1840 4624 Saul.

623 4675 701 4730 De
731 4671 921 4735 David,
955 4676 1010 4724 et
1030 4667 1286 4724 unctione
1314 4665 1449 4735 ejus.

627 4780 751 4858 ιβ.
783 4774 1418 4858 Hieronymusinllibro,
1451 4785 1609 4858 quem
1641 4765 2010 4858 inscrips'it.de
2038 4778 2130 4845 n9-

552 4833 793 4910 mim'bvus
818 4833 1087 4902 Hebraicis
1119 4843 1326 4898 Chobar
1359 4833 1524 4910 vertit
1546 4833 2038 4910 gravitudo'._Etiam
2073 4833 2127 4886 in

553 4905 806 5005 niggazum
833 4915 1191 5005 gravissimum
1214 4909 1447 4981 appellat
1465 4905 1721 5005 currulem~
1737 4905 2128 5005 ﬂllviu.l‘1‘l;ol.‘t38-

554 4972 766 5065 iiiiiéiu'g
788 4972 994 5065 scilicet
1021 4985 1085 5064 ad
1111 4972 1265 5047 eam;
1285 4972 1457 5062 quam
1494 4979 1724 5065 dicimus
1771 4972 2126 5065 signiﬁcatio.-

556 5040 938 5118 Eéﬁinims
969 5053 1023 5107 in
1064 5040 1500 5120 interpretatione
1533 5040 1982 5120 homilizep'rimaa
1996 5040 2127 5120 gri-

732 5109 1170 5196 inEzechielem.
1201 5109 1269 5173 Et
1296 5135 1389 5188 ego
1408 5125 1551 5171 eram
1567 5115 1726 5239 ἐπεκα
1752 5109 1967 5185 ﬂuvium
1989 5109 2128 5163 Cho-

593 5217 654 5239 ιη’
695 5195 834 5239 ηηηηι
862 5193 1232 5239 inut-“metatur
1249 5188 1542 5239 araritudo.
1616 5194 1635 5239 t
1661 5185 1912 5239 deinceps
1944 5199 1956 5234 :
1985 5195 2128 5234 secus

592 5149 708 5186 ems
735 5149 790 5182 In
815 5149 1170 5180 nzccutucul.
1201 5149 1268 5173 sas
1296 5149 1389 5188 cyv
1408 5149 1454 5171 ω
1466 5149 1551 5171 um
1602 5149 1725 5169 ειμι.
1752 5149 1967 5185 μιθνσυυηο
1989 5149 2126 5163 νηνν

556 5149 672 5264 ξαν,
695 5191 834 5268 quod
862 5193 1232 5268 interpretatur
1249 5188 1542 5268 gravitudo.
1567 5149 1635 5268 ἐξ
1661 5185 1912 5268 deinceps
1944 5195 2132 5268 {secus

559 5249 751 5338 hisiis
781 5249 1315 5338 ist_ud_gravissir_nu'm
1353 5256 1553 5338 saguli.
1585 5255 1716 5336 Ilaec.
1743 5249 1929 5338 tamen
1964 5249 2130 5303 inter-

558 5320 792 5410 pretatio
828 5320 1114 5410 Bccharto,
1155 5329 1378 5410 aliisque
1399 5325 1532 5410 viris
1545 5324 1748 5410 (Eriticils
1774 5320 2036 5410 displicet;

633 5385 784 5459 i{liii
820 5385 1130 5472 exieﬁmplari
1173 5385 1400 5472 habt;th
1441 5398 1507 5450 de
1559 5392 1827 5472 Dropheta
1861 5385 1954 5442 "ad
2011 5385 2133 5472 fleti

562 5476 899 5533 destinatum,
931 5463 994 5525 et.
1024 5469 1221 5523 malum
1259 5467 1490 5535 ﬁliorum
1536 5463 1647 5535 ejus
1667 5503 1706 5535 ,__
1726 5469 1881 5535 atque
1915 5467 2132 5535 mortem

564 5526 814 5614 ipsorum.
851 5526 1147 5614 _l'lunc,_‘et
1192 5526 1326 5592 alios
1380 5535 1540 5605 hujus
1558 5526 1774 5614 similes
1796 5526 1878 5601 '[si
1919 5526 2133 5596 quando

563 5603 870 5682 occurrent]
928 5606 1244 5682 manifestos
1287 5603 1632 5682 amanuensis
1687 5610 2133 5682 erroresuemen-

565 5668 686 5738 davi
709 5722 721 5746 ,
777 5689 830 5736 et
861 5668 1190 5740 'emcndabo,
1232 5677 1430 5732 lectore
1463 5673 1683 5728 minime
1711 5668 2003 5731 admonito,
2037 5680 2132 5720 cur

2223 3219 2402 3259 suum.

2293 3296 2396 3351 Ubi
2434 3296 2490 3351 in
2529 3296 2784 3369 spelunca
2824 3295 2992 3353 David
3031 3335 3050 3362 ι
3107 3294 3286 3350 Saulis
3326 3291 3671 3364 chlamydem
3711 3289 3808 3345 ab-

2224 3385 2403 3442 scidit.

2295 3479 2374 3533 De
2398 3477 2752 3538 descensione
2786 3477 2956 3532 David
3001 3477 3055 3532 in
3085 3474 3375 3531 solitudine
3401 3471 3632 3528 Hacbon
3651 3511 3669 3534 ,
3719 3468 3810 3524 ubi

2224 3566 2503 3621 habitabat
2523 3565 2714 3632 Nabal,
2742 3566 2833 3622 ubi
2858 3565 3047 3630 David,
3072 3565 3373 3621 dormiente
3396 3563 3524 3619 Saul
3541 3603 3556 3628 ,
3578 3569 3642 3618 et
3659 3574 3812 3617 eser-

2224 3656 2333 3710 citu
2363 3655 2500 3725 ejus,
2523 3656 2737 3744 hastam
2755 3697 2769 3722 ,
2793 3657 3160 3726 scyphumque
3184 3654 3429 3710 abstulit.

2294 3746 2371 3800 De
2403 3743 2597 3816 praelia
2619 3744 2789 3800 David
2817 3745 2872 3799 in
2902 3743 3184 3799 Amalech.

2297 3836 2373 3892 De
2388 3837 2710 3907 phitonissa,
2726 3851 2889 3906 quam
2909 3835 3182 3896 consuluit
3204 3832 3355 3899 Sa’ul,
3371 3843 3427 3889 et
3446 3833 3808 3889 suscitatione

2228 3928 2516 3984 Samuelis.

2298 4020 2374 4074 De
2401 4018 2586 4087 praelio
2609 4017 3017 4072 Philistinorum
3037 4057 3052 4082 ,
3095 4023 3150 4072 et
3177 4016 3333 4087 plaga
3359 4016 3416 4071 in
3443 4014 3637 4080 lsrael,
3666 4029 3810 4070 mor-

2229 4117 2390 4177 teque
2413 4105 2564 4170 Saul,
2591 4115 2646 4160 et
2673 4105 2918 4160 Jonathse
2947 4106 3044 4160 lilii
3074 4103 3213 4173 ejus.

2301 4197 2378 4252 De
2419 4196 2564 4251 luctu
2597 4195 2765 4250 David
2815 4211 2913 4266 pro
2966 4202 3141 4250 morte
3197 4191 3368 4260 Saul,
3418 4200 3472 4247 et
3517 4191 3808 4253 Jonathze,

2231 4297 2286 4344 et
2337 4287 2752 4356 interemptione
2783 4283 2980 4350 lsrael,
3029 4282 3514 4351 maledictioneque
3536 4282 3810 4335 montium

2231 4377 2449 4433 Gelboe.

2301 4470 2328 4510 ά
2369 4470 2578 4540 Regum
2631 4477 2873 4539 tempora
2915 4476 3040 4536 post
3079 4466 3312 4534 judices,
3369 4463 3579 4533 quando
3610 4463 3811 4524 David,

2234 4561 2394 4618 Saule
2438 4560 2725 4630 reprobate
2746 4600 2761 4624 ,
2810 4559 2974 4628 cmpit
3011 4571 3236 4626 regnare
3259 4595 3273 4620 ,
3314 4555 3588 4624 incipiunt.
3656 4553 3812 4608 Unde

2231 4649 2452 4715 etliber,
2476 4650 2566 4706 ubi
2591 4664 2679 4704 res
2701 4656 2863 4720 gestae
2883 4645 3248 4710 continentur,
3274 4658 3432 4714 quem
3456 4656 3598 4697 nunc
3623 4657 3813 4714 aggre-

2230 4760 2373 4814 enim
2409 4760 2474 4814 de
2502 4758 2659 4828 nugis
2698 4756 2818 4828 istis
2846 4754 2970 4810 eum
3001 4755 3209 4809 moneri
3237 4769 3371 4823 Opus
3395 4752 3515 4828 est?
3543 4751 3809 4828 reliquos,

2230 4830 2322 4898 qui
2371 4829 2455 4884 vel
2496 4820 2637 4898 fgrri
2663 4826 3002 4898 aliquatenus
3043 4820 3290 4898 possunt,
3328 4822 3419 4898 vel
3446 4820 3686 4876 Claudio'
3711 4823 3810 4898 ipsi

2233 4891 2419 4982 tribui,
2452 4897 2645 4966 reliqui
2682 4891 3096 4965 et'relinquam,
3129 4894 3328 4948 lectore
3370 4891 3694 4962 plerumque
3722 4892 3811 4945 ad-

2234 4978 2455 5025 monito.

2309 5051 2331 5079 ο
2371 5037 2673 5092 Particulas
2700 5052 2811 5099 seu,
2835 5035 2911 5089 uel
2937 5044 2991 5089 et
3016 5031 3200 5087 afﬁnes
3227 5031 3361 5085 alias
3381 5029 3661 5101 smpevim
3687 5044 3807 5084 con-

2231 5109 2532 5179 iunctionis
2554 5109 2606 5179 in
2637 5105 3034 5179 Ecc‘lesiasticis
3060 5101 3428 5172 .Scriptoribus
3453 5100 3659 5179 habere
3691 5103 3808 5171 quis

2240 5170 2481 5234 nesciat?
2513 5176 2572 5231 ld
2604 5175 2757 5230 multi
2781 5174 3128 5237 adnotarent,
3171 5170 3225 5224 et
3247 5186 3314 5226 ne
3359 5170 3557 5224 multos
3584 5170 3808 5224 enume-

2242 5263 2378 5312 rem,
2423 5246 2794 5302 sanctissimus
2825 5244 2887 5297 D.
2927 5243 2990 5297 N.
3035 5241 3356 5312 Benedictus
3396 5238 3532 5312 XIV-
3548 5238 3600 5291 in
3634 5239 3805 5312 adnof

2239 5307 2532 5372 tationibus
2581 5315 2637 5370 in
2689 5315 2910 5370 missam
2955 5313 3024 5367 ad
3068 5322 3133 5366 ea
3181 5311 3346 5365 verba
3385 5322 3400 5362 :
3455 5307 3532 5363 vel
3583 5309 3680 5375 qui
3719 5309 3807 5362 tibi

2235 5388 2610 5518 _o”:nl‘:i:iorus
2635 5460 2761 5508 ante
2805 5450 3088 5507 Claudium
3131 5449 3248 5504 haec
3275 5446 3545 5518 ipsissima
3586 5445 3808 5518 docuit,

2239 5526 2535 5650 sedtvterbis
2567 5521 2850 5591 aliquando
2879 5521 3107 5578 diversis
3135 5515 3390 5574 etordine
3407 5531 3514 5570 non
3542 5515 3681 5570 nihil
3715 5517 3808 5570 im-

2239 5613 2326 5650 mu
2357 5613 2381 5650 a
2413 5612 2462 5650 ο.

2237 5612 2462 5652 mutato.
