3912 6320
195 410 302 466 657

1095 409 1554 479 QUESTIONES
1594 411 1745 468 XXX
1787 410 2014 468 SUPER
2057 412 2301 470 LIBROS
2339 412 2602 471 REGUM.

3342 420 3447 475 658

194 524 379 578 dimur
403 564 417 588 ,
467 521 774 587 Malachim,
825 523 877 578 id
905 530 991 577 est
1042 522 1240 592 Regum
1284 525 1570 588 vocitatur,
1601 523 1691 594 qui
1719 524 1772 577 in
1803 530 1852 588 Α
1878 525 2070 593 nena);
2101 526 2302 581 sterilis
2329 541 2458 582 vero
2477 536 2594 582 erat
2620 543 2769 598 prior
2814 529 2929 594 illa,
2987 543 3106 599 qua:
3138 537 3192 584 et
3219 531 3447 588 nobilior

193 615 361 670 tertio
410 625 464 670 et
503 625 698 685 quarto
724 615 996 670 volumine
1051 616 1360 670 continetur
1412 631 1427 669 :
1475 617 1775 685 meliusque

191 703 367 759 multo
391 713 474 758 est
501 705 811 771 Malachim,
854 705 906 758 id
935 715 1020 759 est
1047 704 1267 776 Regum,
1297 721 1454 775 quam
1486 705 1773 772 Halat-hat,

193 792 251 848 id
285 802 370 846 est
390 792 690 863 Regnorum
721 795 921 849 dicere.
974 793 1089 849 Non
1125 795 1271 849 enim
1311 795 1598 849 multarum
1645 811 1776 866 gen-

194 885 332 937 tium
365 899 529 951 regna
579 885 856 949 describit,
896 886 991 940 sed
1019 886 1181 940 unius
1228 885 1512 940 lsraelitici
1565 887 1787 957 populi,

190 973 290 1041 qui
334 973 581 1027 tribubus
619 973 902 1028 duodecim
925 974 1244 1029 continetur
1297 991 1308 1026 :
1364 974 1483 1043 plus
1511 983 1689 1029 tamen
1717 975 1772 1028 in

191 1072 411 1117 terrena
439 1062 770 1118 Hierusalem
801 1063 972 1118 tribus
995 1064 1162 1129 Juda,
1199 1078 1306 1118 una
1348 1078 1414 1118 ex
1467 1063 1769 1128 duodecim,

189 1154 448 1210 diuturna
473 1156 815 1211 successione
839 1157 1102 1226 regnavit.
1129 1155 1187 1209 In
1203 1170 1308 1224 qua
1329 1155 1547 1209 civitate
1569 1155 1772 1225 (repro-

188 1244 324 1298 Lato
395 1242 614 1314 Saule),
677 1245 827 1315 prior
875 1244 1045 1299 David
1097 1245 1360 1316 regnavit.
1411 1262 1429 1294 ι
1462 1244 1522 1298 In
1574 1245 1771 1314 quibus

188 1335 523 1403 temporibus
553 1346 577 1374 ⁸
610 1335 809 1400 multa,
857 1343 913 1391 et
942 1337 1092 1390 varia
1136 1345 1476 1392 sacramenta
1528 1335 1767 1402 Christi,

185 1431 244 1476 et
274 1423 531 1479 Ecclesiae
553 1425 581 1465 ι)
611 1424 928 1496 ﬁgurantur.
954 1425 1090 1480 Nam
1115 1437 1137 1465 ο
1154 1427 1207 1480 in
1230 1427 1346 1496 ipso
1367 1426 1518 1481 initio
1539 1426 1767 1497 Regum,

184 1501 582 1568 commutatum
639 1513 1005 1568 sacerdotium
1055 1515 1110 1568 in
1162 1512 1422 1578 Samuel,
1479 1515 1770 1582 reprobato

184 1601 308 1656 lleli
349 1622 361 1658 :
395 1612 450 1659 et
473 1611 864 1659 commutatum
894 1620 1119 1675 regnum
1160 1606 1213 1659 in
1265 1605 1455 1670 David,
1483 1605 1770 1676 reprobato

187 1691 389 1759 Saule,
431 1694 731 1759 exclamat,
759 1695 1110 1765 praenuntiari
1146 1709 1344 1748 novum
1389 1695 1766 1759 sacerdotium,

184 1800 501 1855 novumque
541 1801 763 1854 regnum
801 1785 1114 1857 (reprobato
1144 1794 1361 1851 vetere,
1406 1787 1548 1855 quod
1579 1787 1767 1840 umbra

1877 621 2014 666 erat.
2049 613 2254 668 Similia
2284 616 2525 671 invenies
2549 618 2710 672 etiam
2745 620 2797 673 in
2823 618 3019 674 Genesi
3046 637 3061 674 :
3092 629 3320 690 cognata
3344 621 3444 676 sibi

1876 710 1960 757 est
2004 703 2200 774 quippe
2241 703 2518 774 Scriptura
2567 707 2760 762 divina.
2802 709 3046 765 Invenies
3092 711 3165 765 ibi
3215 712 3446 780 primam

1875 807 2097 847 uxorem
2127 794 2357 850 Abrahte
2378 795 2565 850 Saram
2592 798 2909 854 nobiliorem
2947 819 2959 853 :
2988 799 3292 856 Secundam
3316 816 3448 858 vero

1876 883 2184 955 Egyptiam
2199 886 2346 958 Agar
2367 888 2655 959 ignobilem
2681 888 2846 944 fuisse
2869 905 2883 944 :
2907 898 2962 945 et
2988 902 3113 947 ante
3137 901 3343 961 patrem
3367 892 3446 948 ef-

1874 973 2073 1030 fectum
2102 972 2377 1033 Abraham
2407 979 2473 1034 de
2498 979 2738 1050 ignobili,
2788 996 2951 1049 quam
2982 983 3048 1037 de
3091 984 3259 1038 nobili
3291 981 3442 1055 (Gen.

1876 1065 2181 1133 16.1.,17.
2219 1069 2448 1133 19.,18.
2497 1070 2609 1135 10.,
2659 1069 2745 1122 21.
2796 1070 2846 1123 1.
2892 1069 3042 1140 etc.).
3091 1071 3215 1126 Fuit
3263 1080 3445 1126 tamen

1872 1158 2210 1225 postmodum
2239 1159 2402 1212 etiam
2432 1157 2499 1213 de
2541 1159 2704 1214 nobili
2731 1157 2957 1229 conjuge
2985 1169 3155 1230 pater.
3203 1161 3280 1216 Ita
3312 1177 3443 1233 ergo

1873 1246 2036 1300 etiam
2075 1262 2216 1301 nunc
2247 1247 2479 1302 Helcana
2509 1248 2618 1312 hic,
2644 1249 2734 1318 qui
2761 1257 2843 1303 est
2878 1252 3135 1319 possessio
3151 1250 3270 1316 Dei,
3292 1254 3445 1320 prius

1872 1335 1940 1388 de
1970 1336 2205 1390 secunda
2255 1351 2423 1392 uxore
2457 1337 2686 1393 eﬂicitur
2712 1347 2888 1408 pater,
2919 1355 3078 1408 quam
3133 1340 3200 1394 de
3244 1341 3442 1409 prima,

1872 1425 2124 1492 quoniam
2155 1425 2498 1481 concluserat
2518 1428 2661 1483 Deus
2705 1428 2918 1482 vulvam
2945 1428 3144 1495 Annae,
3197 1430 3336 1483 sicut
3389 1439 3446 1484 et

1871 1515 2019 1584 prius
2048 1517 2385 1572 concluserat
2405 1518 2618 1572 vulvam
2661 1517 2827 1574 Saraa.
2861 1521 2987 1576 Post
3015 1521 3275 1591 plurimos
3314 1537 3443 1577 vero

1871 1611 2057 1672 partus
2083 1604 2405 1670 Phennenze,
2439 1607 2604 1661 etiam
2628 1608 2795 1662 Annae
2814 1610 3354 1675 vulvaorationibus,
3388 1620 3442 1666 et

1871 1694 2123 1762 precibus
2147 1695 2405 1762 aperitur,
2432 1703 2482 1750 et
2508 1694 2741 1750 emcitur
2762 1698 2926 1752 etiam
2977 1700 3092 1769 ipsa
3118 1709 3291 1754 mater
3343 1700 3441 1754 filii

1871 1779 2184 1849 ejus,quem
2207 1781 2401 1836 obtulit
2420 1783 2549 1837 Deo.
2579 1782 2651 1854 (Ι.
2676 1783 2805 1853 Reg.
2831 1785 2880 1838 1.
2912 1786 2996 1838 11.
3024 1786 3114 1840 24.
3146 1790 3276 1858 etc.)
3304 1789 3442 1855 Quid

182 1883 312 1928 erat
347 1872 536 1944 futuri)
587 1876 641 1928 in
698 1874 925 1928 Domino
955 1871 1081 1928 Jesu
1133 1872 1349 1928 Christo
1401 1883 1686 1928 venturum
1716 1872 1763 1926 εξ.
1797 1861 1842 1920 Β
1871 1887 2000 1942 ergo
2030 1872 2145 1927 haec
2190 1873 2243 1927 in
2298 1888 2359 1928 se
2412 1875 2736 1929 sacramenti
2789 1877 3100 1932 contineant
3140 1879 3438 1935 videamus.

182 1963 376 2018 Nonne
405 1964 519 2034 ipse
548 1964 735 2029 David,
773 1979 895 2018 eum
933 1978 1102 2033 panes
1135 1963 1517 2035 propositionis
1541 1964 1766 2018 mandu-

180 2055 354 2120 cavit,
395 2069 530 2125 quos
558 2069 662 2108 non
694 2054 891 2108 licebat
931 2055 1259 2109 manducare
1285 2055 1387 2109 nisi
1426 2052 1554 2108 solis
1589 2068 1769 2108 sacer-

181 2145 404 2200 dotibus
434 2145 486 2198 in
515 2160 656 2210 una,
684 2145 977 2213 eademque
1007 2159 1236 2214 persona
1285 2152 1575 2213 utrumque
1619 2143 1764 2198 futu-

181 2250 330 2300 rum,
365 2235 417 2289 id
445 2242 529 2289 est
559 2235 615 2288 in
645 2249 754 2288 uno
784 2234 1001 2288 domino
1027 2232 1152 2288 Jesu
1181 2231 1398 2288 Christo
1439 2247 1688 2303 regnum,
1711 2243 1765 2288 et

178 2326 545 2380 sacerdotium
588 2325 886 2396 ﬁgurabat?
926 2325 993 2379 Et
1037 2325 1218 2395 aspice
1259 2324 1456 2394 Regum
1497 2332 1762 2393 tempora,

178 2415 312 2484 quia
338 2417 514 2485 primo
541 2414 816 2481 Iudicum,
865 2425 1052 2485 postea
1096 2414 1298 2486 Regum
1325 2428 1343 2465 .'
1390 2415 1468 2470 sic
1493 2414 1596 2468 erit
1614 2411 1764 2481 judi-

177 2507 349 2570 cium,
382 2515 566 2574 postea
594 2522 830 2576 regnum.

263 2614 280 2645 ι
321 2594 450 2649 Fuit
486 2597 564 2650 vir
590 2613 728 2650 unus
761 2597 825 2650 de
856 2595 1120 2650 Ramatha
1159 2598 1213 2650 in
1260 2593 1472 2666 Sophim
1499 2597 1562 2651 de
1591 2606 1763 2650 monre

181 2683 465 2755 Ephraim,
495 2695 543 2740 et
571 2703 758 2767 nom'en
789 2687 903 2756 ejus
948 2684 1189 2740 Helcana
1209 2727 1222 2751 ,
1255 2680 1395 2756 ﬁlius
1420 2685 1758 2751 Hieroboam,

175 2777 284 2846 ﬁlii
331 2776 488 2832 Heliu
517 2818 531 2843 ,
576 2777 676 2847 ﬁlii
707 2777 853 2844 Tau,
884 2777 986 2846 ﬁlii
1030 2776 1197 2848 Supli,
1252 2777 1589 2846 Ephratteus.
1632 2775 1760 2831 Hel-

176 2886 320 2923 cuna
360 2884 468 2923 non
515 2869 581 2924 de
630 2869 776 2924 Aran
833 2869 908 2941 (id
960 2879 1043 2924 est
1091 2868 1330 2942 Amram)
1361 2877 1540 2934 ortus,
1576 2871 1669 2924 sed
1695 2870 1762 2924 de

177 2961 333 3014 lsaar
361 3000 377 3026 ,
415 2961 506 3031 qui
553 2969 607 3016 et
660 2962 774 3032 ipse
802 2961 944 3017 ﬁlius
966 2962 1065 3017 fuit
1093 2961 1293 3027 Caath,
1342 2971 1396 3016 et
1423 2960 1591 3017 Caath
1621 2961 1761 3016 ﬁlius

174 3050 336 3106 Levi.
360 3049 555 3122 (Exod.
588 3052 643 3109 6.
677 3053 762 3108 18.
794 3052 880 3107 19.
904 3051 1032 3122 etc.)
1102 3079 1107 3084 ι

263 3161 282 3194 ε
315 3142 415 3198 Hie
442 3144 589 3198 lsaar
613 3153 766 3213 pater
796 3144 896 3199 fuit
921 3144 1095 3200 Chore
1122 3155 1144 3184 ο
1164 3184 1178 3210 ,
1222 3159 1330 3214 quo
1356 3152 1614 3215 pereunte
1662 3144 1757 3199 ﬁlii

171 3194 1185 3304 .5us‘;.s;.;;s.:.;;f(sistas.0'.
1216 3194 1324 3288 ῐιῗ
1342 3194 1480 3304 ἕιὲζὶ
1493 3194 1757 3302 nectis}
1786 3194 1831 3256 Ο

172 3323 355 3392 stirpe
397 3322 415 3360 ί
448 3323 549 3377 fuit
572 3322 805 3387 Samuel,
839 3339 1066 3392 quorum
1089 3324 1380 3393 posteritas
1402 3332 1588 3394 postea
1617 3333 1758 3378 tem-

174 3412 406 3482 poribus
437 3413 650 3466 Davidis
675 3420 732 3466 et
755 3411 1025 3477 Salomon,
1060 3421 1383 3479 cantatores,
1409 3421 1463 3468 et
1487 3414 1759 3483 prephetze

174 3504 229 3556 in
268 3503 458 3572 populo
483 3545 496 3568 ,
534 3512 588 3558 et
625 3505 679 3558 in
730 3505 927 3574 templo
968 3504 1062 3559 Dei
1095 3504 1328 3559 fuerunt.
1371 3505 1442 3576 (Ι.
1481 3503 1665 3559 Paral.
1701 3504 1751 3559 6.

171 3593 271 3646 28.
301 3592 388 3645 52.
419 3593 507 3647 55.
553 3593 684 3664 etc.)
743 3594 911 3663 Hujus
960 3593 1131 3648 Caath
1186 3594 1400 3648 familia:
1432 3603 1755 3664 acceperunt

174 3681 378 3744 urbes,
413 3691 466 3735 et
491 3682 798 3736 suburbana
825 3683 889 3736 ad
918 3682 1328 3737 inhabitandum
1369 3681 1450 3752 (ut
1477 3683 1614 3737 liber
1631 3682 1754 3737 Jesu

176 3771 331 3826 Nave
361 3773 625 3843 testatur)
671 3775 722 3828 in
777 3784 960 3829 monte
997 3775 1254 3843 Ephraim
1299 3773 1434 3845 (Ias.
1469 3775 1557 3829 20.
1606 3775 1654 3828 7.
1704 3783 1756 3829 et

171 3867 267 3922 2|.
296 3869 387 3921 2|.
412 3869 503 3922 22.
531 3870 662 3942 etc.)
686 3911 698 3933 ,
743 3872 833 3925 ubi
864 3870 1082 3926 fuerunt
1111 3872 1356 3927 civitates
1395 3871 1612 3927 Sicbem
1640 3912 1653 3937 ,
1701 3881 1754 3927 et

173 3960 398 4026 Gazer,
415 3970 468 4014 et
496 3961 769 4017 Cethsaim
788 4005 801 4028 ,
827 3972 881 4017 et
901 3963 1190 4019 Betberon.

256 4069 273 4099 ι
307 4051 434 4105 Fuit
480 4051 712 4107 Helcana
753 4054 894 4107 ﬁlius
925 4055 1280 4120 llicrohoam,
1328 4055 1422 4109 ﬁlii
1452 4055 1630 4120 Hcliu,
1661 4056 1754 4112 ﬁlii

176 4138 328 4202 Tau,
366 4139 460 4191 ﬁlii
481 4138 632 4210 Suph
654 4181 668 4204 ,
704 4139 798 4194 ﬁlii
828 4142 1063 4196 Helcana
1091 4184 1105 4210 ,
1138 4143 1230 4198 ﬁlii
1261 4144 1414 4199 Jobel
1436 4185 1449 4209 ,
1485 4146 1578 4199 ﬁlii
1613 4147 1752 4200 Aza-

173 4229 303 4291 riae,
337 4227 431 4282 ﬁlii
457 4230 764 4300 Sophoniae,
790 4231 880 4285 ﬁlii
915 4232 1085 4287 Taath
1107 4275 1120 4299 ,
1159 4233 1252 4288 ﬁlii
1279 4234 1424 4302 Asir,
1474 4235 1566 4289 ﬁlii
1596 4236 1753 4290 Abia-

176 4321 340 4389 saph,
369 4320 460 4374 lilii
483 4321 677 4387 Chore,
710 4323 802 4377 ﬁlii
827 4323 988 4389 lsaar,
1020 4324 1115 4378 ﬁlii
1144 4324 1333 4390 Caath,
1359 4326 1454 4379 ﬁlii
1481 4326 1628 4390 Levi,
1659 4326 1751 4379 ﬁlii

175 4409 365 4484 Israel,
393 4418 452 4461 ut
484 4411 645 4464 verba
670 4410 877 4465 dierum
917 4421 1157 4466 narrant.
1194 4416 1217 4453 8
1248 4414 1316 4466 Et
1351 4415 1530 4467 habuit
1563 4431 1750 4469 uxores

174 4501 336 4563 duas,
372 4517 555 4553 nomen
583 4503 672 4554 uni
693 4503 864 4565 Anna,
893 4514 938 4555 et
971 4520 1155 4556 nomen
1175 4505 1417 4558 secunda:
1444 4504 1746 4561 Pltennena.

179 4590 526 4661 Fueruni‘que
555 4589 849 4645 Phenneme
878 4593 1010 4660 ﬁlii,
1051 4594 1215 4647 Anna:
1262 4605 1433 4647 autem
1460 4613 1563 4649 non
1603 4609 1748 4651 erant

176 4681 334 4734 liberi
361 4695 377 4731 :
413 4690 466 4735 ct
492 4691 705 4736 caetera.
724 4682 825 4736 Iste
851 4699 976 4753 ergo
1003 4684 1283 4739 laudabilis
1307 4685 1391 4737 vir
1415 4685 1594 4740 habuit
1620 4687 1754 4742 duas

174 4786 414 4834 uxores,
477 4788 668 4826 nomen
727 4774 816 4826 uni
876 4774 1066 4838 Anna,
1137 4783 1190 4829 et
1253 4790 1446 4829 nomen
1505 4778 1752 4832 secunda:

177 4863 490 4919 Plzennena.
534 4866 776 4921 llabebat
814 4875 994 4920 autem
1021 4866 1159 4921 ﬁlios
1187 4868 1252 4922 de
1281 4868 1515 4923 secunda
1550 4866 1748 4939 (Phen-

253 5025 280 5052 ι
325 5012 523 5074 Multis,
560 5021 612 5066 et
635 5014 798 5068 variis
825 5015 1017 5068 modis.
1052 5013 1190 5067 Ibid.

257 5081 287 5120 δ
337 5081 679 5135 Revelantur.

257 5162 279 5220 ς
335 5150 416 5202 Ab
444 5152 557 5220 ipso
583 5152 832 5207 exordio.

250 5219 276 5257 ἀ
317 5219 566 5273 (λιιι-141119
593 5235 731 5288 saepe
760 5219 1069 5289 prmdicitur
1113 5229 1300 5274 auctor
1330 5219 1494 5272 futuri
1536 5219 1747 5284 smculi;

269 5298 357 5370 est
395 5299 586 5343 auctor
613 5290 735 5343 novi
774 5290 942 5370 regni,
969 5291 1225 5370 quo_d‘hic
1246 5289 1438 5342 merito
1469 5299 1750 5342 venturum

182 5358 418 5429 dicitur,
449 5366 755 5429 comparate
785 5358 988 5429 scilicet
1018 5358 1084 5412 ad
1120 5359 1348 5420 Judazos,
1402 5373 1632 5429 quorum
1667 5374 1750 5411 re-

180 5443 351 5498 gnum
370 5426 481 5498 jam
504 5426 700 5481 dudum
719 5427 1008 5498 desolatam
1031 5439 1103 5481 est
1130 5439 1174 5482 et
1197 5428 1492 5497 protritum.
1515 5426 1744 5481 Eucher.

183 5495 392 5567 uenturi
411 5495 644 5567 (Christi
684 5495 931 5567 scilicet].

181 5635 227 5689 Ε
260 5577 286 5603 ο
329 5564 685 5688 Igilgiquoque
706 5566 872 5630 lsaar,
892 5564 1034 5620 Core
1079 5575 1134 5621 et
1155 5565 1390 5635 Nepheg,
1451 5573 1505 5619 et
1535 5565 1747 5618 Zechri.

234 5649 322 5688 ro.
387 5674 398 5685 .
472 5661 517 5685 ».

234 5649 322 5688 το.
348 5649 398 5686 ῠ.
429 5649 517 5688 21.

265 5703 490 5786 :Cujus,
515 5705 778 5786 autnsinvis‘
799 5705 940 5759 illius
962 5703 1037 5786 [id
1059 5705 1259 5786 estllel
1282 5719 1436 5786 cantu.
1451 5704 1532 5756 vel
1555 5704 1745 5786 lsaar].

262 5776 287 5812 ⁸
325 5773 496 5826 l‘aral.
531 5773 575 5826 l.
604 5773 654 5826 6.
677 5774 779 5828 Sed
801 5790 922 5830 cum
945 5773 1120 5842 aliquo
1148 5776 1199 5830 in
1219 5773 1522 5836 nominibus
1547 5773 1751 5829 exscri-

1869 1962 2157 2017 Phennena
2183 1963 2571 2032 interpretatur
2597 1966 2860 2019 conversio
2902 1980 2921 2017 .'
2969 1967 3124 2021 Anna
3152 1978 3332 2023 autem
3358 1971 3441 2024 in-

1867 2057 2195 2118 terpretatur
2240 2053 2431 2120 gratia.
2492 2051 2645 2107 Unde
2698 2054 2926 2123 quisque
2968 2056 2993 2095 h
3053 2064 3318 2121 nostrum,
3347 2058 3437 2127 qui

1866 2140 1980 2196 vult
1999 2139 2135 2196 elﬁci
2157 2144 2413 2211 possessio
2437 2143 2551 2206 Dei,
2571 2129 2708 2197 istas
2728 2144 2830 2198 sibi
2853 2145 2986 2199 duas
2999 2147 3189 2216 jungat
3207 2163 3433 2204 uxores:

1865 2231 1960 2286 sed
1987 2247 2107 2286 cum
2161 2232 2292 2301 ipsis
2337 2233 2440 2287 sibi
2495 2234 2712 2303 nuptias
2743 2233 3014 2300 celebrat,
3054 2238 3289 2305 primum
3337 2241 3441 2296 sibi

1858 2319 2050 2394 jungat
2085 2337 2203 2391 quas
2241 2321 2475 2378 nobilior
2509 2331 2628 2388 est,
2677 2333 2734 2379 et
2784 2326 3097 2396 generosior
3122 2367 3136 2393 ,
3187 2332 3434 2398 gratiam.

1865 2412 1990 2468 Haec
2012 2414 2154 2467 enim
2184 2413 2339 2468 nobis
2359 2428 2459 2483 per
2489 2413 2650 2469 ﬁdem
2677 2416 2849 2486 prima
2888 2415 3229 2488 coniungitur
3253 2460 3268 2484 ,
3300 2420 3439 2476 sicut

1862 2511 1918 2558 et
1941 2502 2230 2573 Apostolus
2258 2503 2415 2558 dicit:
2449 2505 2464 2545 ί
2493 2501 2676 2560 Gratia
2698 2505 2829 2559 salvi
2855 2507 2981 2576 facti
3005 2509 3127 2562 estis
3147 2526 3239 2578 per
3256 2509 3432 2577 ﬁdem.

1863 2591 2123 2648 Secundae
2143 2607 2272 2648 vero
2302 2592 2678 2665 conjungimur
2713 2595 3079 2668 (Phennenze),
3120 2599 3174 2653 id
3198 2605 3280 2653 est
3309 2616 3434 2654 con-

1861 2685 2085 2739 versioni
2101 2725 2116 2750 ,
2134 2685 2268 2756 quia
2293 2699 2390 2755 per
2412 2686 2644 2757 gratiam
2666 2686 3007 2741 credulitatis
3036 2688 3344 2744 emendatio
3378 2690 3438 2743 ﬁt

1862 2790 2071 2830 morum
2099 2783 2205 2848 ,et
2229 2776 2352 2830 vita:
2376 2767 2679 2831 conversio.
2729 2775 2835 2831 Sed
2865 2791 2987 2831 cum
3041 2777 3142 2831 iste
3186 2777 3257 2833 sit
3301 2779 3436 2833 ordo

1861 2849 2189 2933 nuptiarum,
2212 2864 2351 2918 alius
2377 2865 2511 2920 ordo
2554 2865 2949 2934 procreationis
2978 2864 3226 2920 eﬁicitur.
3253 2865 3433 2922 Prima

1861 2969 2094 3023 namque
2136 2955 2290 3010 nobis
2316 2954 2454 3009 ﬁlios
2491 2955 2635 3025 parit
2663 2955 2952 3009 Phcnncna
2978 2993 2993 3018 ,
3058 2954 3182 3024 quia
3227 2956 3434 3025 primos

1859 3042 2072 3099 fructus
2098 3045 2163 3099 de
2199 3045 2549 3100 conversione
2573 3043 2917 3114 proferimus,
2945 3053 3001 3099 et
3024 3045 3196 3115 prima
3214 3045 3434 3116 justitiae

1861 3134 2104 3204 germina
2141 3135 2208 3189 de
2247 3134 2484 3199 actibus,
2514 3142 2568 3188 et
2601 3135 2854 3205 operibus
2882 3149 3230 3203 procrcamus
3265 3153 3277 3188 :
3322 3136 3432 3204 pri-

1863 3240 2011 3278 mum
2039 3240 2273 3294 namque
2293 3224 2520 3293 justitia:
2541 3239 2676 3294 opus
2702 3233 2805 3290 est,
2834 3225 3074 3279 converti
3096 3240 3126 3277 a
3150 3225 3388 3294 peccatis
3414 3244 3426 3278 :

1860 3317 1986 3384 quia
2015 3317 2114 3370 nisi
2141 3325 2267 3368 ante
2293 3324 2707 3379 convertamur,
2741 3324 2796 3369 ct
2821 3315 3148 3370 declinemus
3190 3331 3217 3368 a
3263 3316 3426 3380 malo,

1859 3421 1963 3460 non
1989 3406 2285 3474 poterimus
2319 3406 2383 3458 de
2416 3405 2570 3458 Anna
2611 3403 2746 3460 eﬁici
2767 3413 2982 3472 patres,
3027 3419 3125 3459 nec
3161 3404 3228 3459 de
3256 3407 3427 3475 gratia

1858 3496 1998 3551 ﬁlios
2043 3510 2321 3565 generare.

1937 3606 1952 3638 ι
1991 3587 2278 3642 Videamus
2305 3602 2432 3658 ergo
2456 3589 2878 3659 uniuscujusque
2912 3590 3260 3646 diﬁ‘erentias.
3292 3591 3426 3646 Fen-

1858 3695 1998 3734 nena
2041 3678 2178 3733 ﬁlios
2211 3680 2389 3742 habet,
2422 3679 2514 3734 sed
2538 3681 2628 3749 qui
2659 3695 2763 3734 non
2794 3683 3052 3736 assistunt
3075 3683 3184 3739 Deo
3215 3702 3226 3737 :
3252 3699 3427 3752 neque

1856 3772 2000 3825 enim
2033 3769 2165 3824 tales
2192 3770 2282 3824 ﬁlii
2311 3779 2534 3839 possunt
2573 3786 2693 3824 esse
2721 3773 3088 3828 conversionis
3113 3814 3127 3840 ,
3181 3784 3240 3829 ut
3286 3775 3430 3829 adsi-

1855 3869 2021 3925 stant,
2047 3869 2100 3914 et
2121 3862 2432 3915 adhaereant
2468 3861 2594 3924 Deo,
2632 3875 2730 3916 nec
2762 3870 2941 3917 tamen
2965 3863 3153 3918 inanes
3179 3875 3233 3919 et
3277 3865 3426 3935 peni-

1857 3958 1942 4003 tus
1978 3948 2137 4003 alieni
2172 3957 2296 4003 sunt
2318 3965 2348 4003 a
2377 3950 2538 4004 rebus
2567 3951 2682 4004 Dei.
2734 3951 3020 4022 Accipiunt
3049 3969 3278 4023 namque
3303 3970 3427 4024 par-

1856 4052 1936 4096 tes
1967 4041 2033 4096 de
2055 4041 2336 4096 sacriﬁciis
2365 4043 2590 4108 divinis,
2647 4053 2701 4099 et
2743 4046 2909 4101 edunt
2956 4047 3021 4102 de
3071 4048 3262 4103 hostiis
3304 4050 3423 4104 Dei.

1859 4134 2238 4204 Unusquisque
2265 4148 2392 4204 ergo
2421 4143 2662 4188 nostrum
2684 4136 2859 4205 primo
2881 4138 3218 4191 convertitur
3241 4154 3270 4192 a
3292 4155 3420 4209 pec-

1856 4233 1996 4289 cato,
2031 4233 2090 4277 ut
2116 4239 2183 4278 ex
2211 4226 2561 4279 conversione
2597 4235 2816 4296 generet
2841 4242 3002 4296 opera
3043 4226 3290 4296 justitiae,
3323 4246 3422 4300 po-

1855 4325 1969 4372 stea
1994 4333 2124 4372 vero
2139 4319 2370 4372 excitata
2396 4318 2450 4372 in
2481 4320 2634 4374 nobis
2658 4319 2812 4374 Anna
2839 4337 2934 4390 per
2958 4323 3152 4387 zelum,
3180 4331 3232 4378 et
3259 4340 3423 4379 acmu-

1855 4407 2114 4460 lationem
2155 4408 2281 4461 boni
2306 4448 2320 4473 ,
2361 4422 2575 4478 precem
2611 4407 2784 4462 fundit
2806 4411 2873 4464 ad
2903 4411 3100 4478 Deum,
3134 4422 3269 4467 utet
3308 4415 3422 4483 ipsa

1858 4498 1996 4552 ﬁlios
2024 4508 2262 4568 generet.
2299 4499 2494 4565 Quales
2520 4514 2646 4568 ergo
2685 4500 2838 4554 Anna
2874 4517 2992 4570 qua:
3019 4514 3102 4556 est
3135 4505 3324 4574 gratia,
3362 4505 3420 4558 ﬁ-

1859 4589 1959 4643 lios
1983 4590 2238 4657 generat?
2260 4587 2360 4654 Qui
2393 4588 2664 4643 assideant
2683 4588 2812 4644 Deo.
2839 4588 3023 4644 Gratia
3053 4593 3215 4656 enim,
3243 4601 3297 4646 et
3325 4610 3420 4655 ve-

1858 4679 1991 4733 ritas
2014 4695 2111 4747 per
2130 4678 2311 4733 Jesum
2335 4678 2610 4734 Christum
2660 4677 2801 4734 facta
2828 4691 2930 4745 est,
2986 4683 3072 4736 hic
3123 4698 3250 4752 ergo
3281 4683 3422 4737 ﬁlius

1857 4777 1939 4822 cst
1967 4769 2183 4837 gratiae,
2235 4769 2324 4838 qui
2371 4769 2481 4822 Deo
2507 4777 2690 4833 vacat,
2720 4777 2772 4823 et
2794 4770 2956 4823 verbo
2983 4770 3099 4824 Dei.
3153 4771 3281 4826 Post
3307 4773 3421 4826 haec

1855 4859 2030 4912 oravit
2064 4857 2248 4922 Anna,
2302 4867 2357 4912 et
2386 4859 2461 4911 ait
2493 4857 2505 4906 i
2550 4875 2561 4908 :
2592 4858 2970 4927 Conﬁrmntum
3024 4872 3097 4916 est
3131 4881 3222 4916 (or
3250 4881 3418 4917 meum

1851 5010 2040 5065 bendis
2067 5009 2400 5064 discrimine.

1921 5081 1945 5120 ιι
1989 5082 2043 5133 ln
2071 5080 2371 5151 exemplari
2391 5082 2530 5151 unde
2552 5080 2765 5149 quisque
2798 5098 2956 5151 ergo;
2986 5093 3078 5138 aut
3105 5085 3262 5147 unde,
3323 5094 3414 5138 aut

1851 5167 1972 5219 ergo
2025 5148 2316 5219 redundat.
2348 5148 2704 5219 Ademiergo
2758 5164 2775 5200 :
2823 5148 2878 5204 tu
2923 5153 2967 5206 si
3003 5156 3083 5207 vis
3132 5156 3285 5207 deme
3326 5170 3415 5207 vo-

1850 5217 1966 5272 cem
2021 5219 2156 5272 unde
2207 5218 2411 5286 pariter
2468 5217 2876 5274 redundantem.
2926 5221 3224 5278 Eucherius
3284 5223 3414 5292 legit

2305 5357 2351 5408 1.
2408 5354 2524 5410 Gal.
2577 5357 2748 5410 2.16.
2810 5357 2878 5413 Et
2936 5360 3244 5429 expreSsius
3274 5360 3410 5428 Eph.

1828 5317 1834 5323 -
1851 5305 1991 5358 ergo.

1928 5361 1942 5396 ί
1992 5356 2143 5410 Rom.
2195 5355 2247 5409 5.

1852 5426 1906 5479 2.
1949 5426 2001 5480 8.

1928 5495 1940 5542 1
1980 5493 2108 5561 Cap.
2142 5492 2194 5544 2.
2245 5508 2295 5545 v.
2330 5494 2380 5546 1.
2414 5492 2517 5548 Sed
2547 5509 2667 5549 eum
2717 5496 2884 5551 multo
2921 5498 3232 5552 discrimine
3279 5498 3415 5551 hanc

1853 5563 2389 5630 interpretationem,
2448 5572 2504 5618 et
2544 5565 2811 5632 vulgatam
2842 5577 3101 5628 nostram.
3168 5568 3277 5619 imo
3331 5567 3412 5618 in-

1855 5644 1936 5687 ter
1972 5632 2240 5702 vulgatam
2269 5670 2284 5695 ,
2332 5641 2386 5684 et
2423 5647 2540 5687 eam
2569 5673 2582 5694 ,
2617 5649 2776 5700 quam
2810 5637 3029 5689 exhibet
3085 5634 3409 5702 Augustinus

1855 5703 2104 5774 deinceps
2140 5701 2483 5770 allegandus;
2546 5703 2595 5754 id
2641 5714 2718 5757 est
2758 5720 2821 5757 cx
2852 5704 3023 5773 capite
3050 5705 3097 5756 1.
3129 5701 3249 5758 libri
3280 5719 3413 5760 mi.

1856 5773 1930 5826 De
1960 5771 2196 5823 Cit‘ilute.
