3912 6332
400 383 503 440 659
1470 363 1747 423 CLAUDII
1785 356 2255 418 TAURINENSIS
2296 358 2604 417 EPISCOPI
3576 354 3673 413 δια

398 495 457 547 in
513 488 742 544 Domino
770 526 783 549 ,
822 491 871 538 et
912 480 1202 537 exaltatum
1238 485 1312 533 est
1356 492 1523 531 cornu
1566 492 1739 530 meum
1779 491 1835 527 ιη
1878 471 1988 525 Deo
2019 471 2067 530 A
2093 473 2339 541 quoniam
2369 473 2511 528 Deus
2533 474 2873 527 scientiarum
2897 473 3174 528 Dominus.
3207 471 3326 542 lpse
3351 486 3451 526 vos
3475 470 3601 537 scit,
3625 480 3677 527 et

402 580 629 639 salutari
656 594 792 631 meo.
842 573 1134 629 Dilatatum
1165 580 1241 626 est
1269 587 1326 624 os
1369 585 1543 624 meum
1569 584 1727 637 super
1756 566 1997 619 inimicos
2097 570 2189 623 ubi
2226 584 2386 623 nemo
2415 569 2536 634 scit,
2575 570 2830 637 quoniam
2860 568 2952 639 qui
2980 575 3138 638 putat
3188 582 3247 622 se
3280 566 3486 636 aliquid
3544 581 3677 630 esse,

404 685 567 727 meos.
598 667 809 722 La'tata
832 680 949 719 sum
971 664 1027 717 in
1048 661 1271 716 salutari
1296 670 1407 724 tuo,
1441 667 1550 713 etc.
1582 670 1609 699 ι
1638 659 1734 715 'lta
1768 671 1838 711 ne
1867 670 2002 710 vero
2099 672 2225 713 cum
2261 657 2396 712 nihil
2424 659 2495 712 sit
2520 698 2535 722 ,
2567 674 2627 713 se
2654 659 2771 728 ipse
2816 658 3043 714 seducit.
3072 656 3197 714 Hrec
3221 657 3478 712 dicuntur
3500 656 3680 714 adver-

404 762 571 817 verba
628 761 746 815 haec
794 755 957 811 unius
1006 752 1337 808 muliercula:
1384 749 1721 821 putabuntur
1767 760 1890 803 esse
1935 746 2002 802 de
2101 748 2259 802 sariis
2284 748 2521 803 civitatis
2544 748 2640 803 Dei
2665 747 2733 802 ad
2775 747 3129 819 Babyloniam
3166 746 3592 817 pertinentibus,
3622 747 3683 802 de

408 860 538 906 nato
567 850 673 907 sibi
698 848 808 902 lilio
832 844 1198 918 gratulantis?
1227 850 1516 900 tantumne
1540 855 1692 895 mens
1714 837 2001 893 hominum
2103 856 2196 897 sua
2226 842 2427 897 virtute
2458 843 2908 912 prmsumentibus
2927 882 2940 906 ,
2974 842 3027 895 in
3055 856 3139 904 se,
3195 856 3303 895 non
3357 841 3411 895 in
3461 838 3685 895 Domino

407 960 438 997 a
470 943 589 997 lucc
617 939 867 995 veritatis
912 951 1105 991 aversa
1133 944 1237 1000 εει,
1279 942 1341 987 ιιι
1376 947 1484 987 non
1514 931 1757 987 sentiant
1808 941 2002 998 ευριπ·
2104 932 2480 1003 gloriantibus,
2507 948 2571 987 ex
2589 934 2784 1002 quibus
2808 941 2933 988 sunt
2953 932 3119 987 etiam
3143 930 3391 987 carnalem
3415 930 3683 995 Israelita,

407 1033 558 1107 gredi
582 1032 803 1086 modum
833 1028 1049 1085 feminae
1080 1026 1243 1097 hujus
1264 1026 1441 1105 dicta,
1469 1038 1590 1093 quae
1615 1020 1790 1077 fudit?
2108 1032 2333 1080 terrena:
2364 1024 2700 1080 Hierusalem
2734 1026 2881 1081 cives
2938 1023 3254 1096 terrigenae,
3308 1025 3423 1094 qui,
3477 1030 3539 1079 ut
3565 1022 3691 1078 dicit

486 1142 504 1175 ί
539 1123 711 1177 Ροΐτο
736 1122 828 1190 (ἰαί
866 1120 1031 1174 rebus
1062 1118 1213 1187 ἱμείε»
1241 1132 1363 1186 qua?
1385 1114 1501 1184 iam
1534 1120 1814 1183 0393mm
1840 1112 2006 1167 etiam
2106 1120 2397 1191 Apostolus
2426 1119 2605 1192 (Rom.
2637 1122 2724 1177 {0.
2765 1122 2844 1193 ὅ.)
2866 1164 2879 1188 ,
2916 1122 3217 1192 ignorantes
3244 1120 3345 1175 Dei
3388 1121 3648 1187 iustitiam
3674 1162 3687 1184 ,

413 1215 468 1270 in
492 1216 595 1269 hac
620 1211 1059 1283 peregrinatione
1089 1208 1375 1279 compleri,
1403 1204 1793 1264 convenienter
1821 1217 2006 1258 move-
2110 1214 2187 1287 (id
2215 1222 2299 1269 est
2323 1230 2485 1284 quam
2510 1214 2603 1269 dat
2628 1214 2769 1280 Deus
2796 1214 3022 1280 homini,
3064 1214 3155 1283 qui
3184 1214 3330 1269 solus
3359 1202 3443 1269 es't
3479 1213 3691 1281 justus,

413 1314 540 1371 tur,
593 1319 776 1359 nonne
806 1302 1071 1367 intendit,
1117 1309 1174 1357 et
1221 1301 1446 1371 aspicit,
1498 1308 1555 1354 et
1588 1297 1869 1369 cognoscit
1912 1310 2011 1366 per

2156 1313 2274 1376 tque
2296 1304 2623 1377 justiﬁeans)
2649 1347 2663 1372 ,
2712 1315 2759 1360 et
2790 1322 2942 1359 suam
2982 1300 3207 1360 uolentes
3255 1307 3609 1370 constituere,
3643 1305 3695 1359 id

413 1399 558 1451 hanc
606 1396 891 1449 mulierem
917 1434 933 1460 ,
975 1394 1130 1465 cujus
1170 1392 1336 1447 etiam
1364 1405 1564 1446 nomen
1618 1389 1695 1461 (id
1726 1395 1809 1443 est
1835 1384 2011 1457 Anna)
2111 1406 2194 1452 es],
2218 1396 2363 1451 velut
2390 1412 2419 1451 a
2450 1412 2509 1451 se
2538 1397 2642 1453 sibi
2677 1405 3057 1468 pmparatam,
3090 1413 3196 1452 non
3227 1399 3295 1453 ab
3342 1397 3433 1452 illo
3466 1397 3699 1468 imperti.

411 1488 587 1559 gratia
619 1486 735 1555 eius
769 1485 1182 1555 interpretatur,
1210 1482 1384 1553 ipsam
1406 1480 1723 1551 religionem
1753 1478 2011 1533 christia-

2156 1498 2225 1544 uu
2251 1530 2265 1555 ,
2298 1489 2525 1559 justitia:
2561 1488 2659 1543 Dei
2714 1506 2817 1544 non
2855 1498 2978 1544 sunt
3003 1480 3249 1560 subjecti.
3301 1488 3501 1558 Utique
3527 1530 3540 1550 ,
3580 1488 3699 1558 quia

416 1594 545 1633 nam
568 1618 583 1643 ,
614 1579 788 1647 ipsam
818 1576 1094 1631 civitatem
1124 1574 1252 1639 Dei,
1284 1572 1441 1642 cujus
1472 1586 1567 1627 rex
1606 1579 1712 1635 est,
1742 1578 1798 1625 et
1826 1568 2014 1625 condi-

2156 1580 2334 1651 uperbi
2367 1580 2433 1634 de
2459 1595 2556 1635 suo
2575 1588 2853 1649 putantes,
2891 1595 2996 1634 non
3026 1581 3092 1634 de
3131 1579 3228 1634 Dei
3254 1620 3268 1643 ,
3301 1594 3459 1648 posse
3490 1577 3701 1649 placere

420 1680 507 1726 ιον
548 1668 803 1725 (Ππίδῑυε
822 1709 835 1732 ›
880 1668 1053 1739 ipsam
1082 1674 1359 1737 ΡοδίΓοωο
1406 1663 1504 1719 Dei
1558 1664 1812 1734 ςτδιῑθιην
1863 1659 2017 1727 cuius
2119 1687 2177 1726 se
2202 1670 2333 1735 Deo,
2360 1670 2452 1739 qui
2479 1678 2555 1724 est
2594 1668 2728 1723 Deus
2758 1670 3099 1725 scientiarum
3118 1710 3131 1734 ,
3159 1678 3321 1739 atque
3352 1670 3474 1724 ideo
3493 1710 3507 1733 ,
3537 1676 3592 1721 et
3621 1683 3702 1721 ar-

420 1765 740 1835 prophetico
768 1763 964 1833 spiritu
996 1762 1074 1816 sic
1096 1760 1275 1816 locuta
1311 1760 1428 1815 est?
1455 1774 1485 1813 a
1508 1773 1615 1828 qua
1638 1757 1858 1828 superbi
1883 1756 2013 1810 alie-
2045 1827 2088 1835 _
2121 1761 2263 1816 liiter
2286 1760 2764 1815 conscientiarum.
2814 1760 2891 1815 Ibi
2924 1761 3112 1815 videns
3157 1761 3500 1830 cogitationes
3540 1759 3706 1818 banti-

422 1827 660 1921 nam-tur,
685 1862 745 1909 ut
766 1827 998 1917 cadam;
1046 1867 1156 1922 qua
1192 1848 1425 1907 humiles
1449 1827 1865 1919 iurulentum-ut
1891 1863 2015 1901 sur-
2045 1827 2092 1885 Β
2122 1870 2247 1907 num
2265 1854 2389 1924 quia
2422 1869 2573 1907 vana:
2602 1862 2723 1907 sunt
2767 1850 2939 1924 (Psal.
2962 1852 3051 1908 93.
3084 1853 3171 1907 ιι.
3206 1827 3321 1923 ἐες).
3349 1852 3408 1907 Si
3429 1851 3706 1907 hominum

423 1954 587 2019 gant,
644 1944 791 2015 quod
828 1942 1066 1998 maxime
1117 1942 1354 2011 hymnus
1409 1941 1512 1995 iste
1563 1945 1841 2005 personat.
1900 1936 2017 1991 Nisi

422 2038 715 2108 quisquam
736 2032 877 2090 forte
902 2033 1149 2087 dicturus
1175 2038 1282 2097 est,
1309 2029 1445 2085 nihil
1482 2028 1639 2084 istam
1671 2027 2022 2099 prophetasse

428 2128 736 2192 mulierem,
796 2126 893 2182 sed
943 2125 1116 2180 Deum
1167 2120 1539 2178 tantummodo
1566 2127 1790 2191 propter
1816 2117 2020 2181 ﬁlium,

426 2235 591 2289 quem
633 2226 857 2288 precata
918 2204 1259 2287 impetravit,
1308 2212 1606 2270 exsultanti
1640 2209 2026 2281 praadicatione

435 2312 709 2369 laudasse.
739 2310 879 2379 Quid
902 2322 1035 2380 ergo
1059 2306 1162 2363 sibi
1187 2305 1303 2360 vult
1321 2304 1464 2375 quod
1485 2302 1600 2359 ait?
1624 2302 1821 2355 Arcum
1848 2307 2029 2370 poten-

430 2407 566 2461 tium
594 2405 714 2474 fecit
742 2403 1046 2474 inﬁrmum,
1078 2409 1127 2454 et
1146 2398 1347 2467 inﬁrmi
1367 2395 1638 2468 praeiucti
1661 2401 1782 2449 sunt
1817 2392 2023 2447 virtute.

437 2494 594 2549 Pleni
638 2492 865 2565 panibus
901 2488 1152 2543 minorati
1202 2496 1363 2552 sunt,
1400 2495 1448 2541 et
1478 2486 1764 2540 esurientes
1800 2483 2028 2538 transie—

438 2594 561 2640 runt
580 2592 779 2640 terram
794 2596 821 2647 ,‘
839 2580 965 2652 quia
990 2576 1181 2633 sterilis
1202 2576 1399 2648 peperit
1429 2584 1625 2647 septem
1645 2616 1659 2642 ,
1702 2584 1749 2630 et
1779 2574 1945 2628 multa
1976 2574 2032 2628 in

436 2675 565 2745 ﬁliis
608 2673 881 2743 inﬁrmata
908 2679 1005 2726 est.
1038 2668 1294 2739 Nunquid
1336 2678 1527 2739 septem
1562 2664 1677 2737 ipsa
1706 2671 2029 2735 pepererat,

437 2764 690 2837 quamvis
712 2761 915 2818 sterilis
945 2760 1147 2817 fuerit?
1205 2758 1437 2815 Unicum
1462 2757 1730 2823 habebat,
1776 2772 1899 2812 cum
1930 2756 2035 2810 ista

440 2856 655 2913 dicebat
686 2874 700 2909 :
727 2854 825 2911 sed
851 2868 951 2909 nec
973 2860 1163 2924 postea
1194 2861 1387 2923 septem
1407 2851 1635 2922 peperit,
1666 2850 1779 2905 sive
1809 2865 1928 2914 sex,
1969 2865 2035 2903 ex

443 2947 646 3017 quibus
672 2944 938 3015 septimus
962 2952 1109 2998 esset
1137 2943 1251 3014 ipse
1273 2941 1517 3007 Samuel,
1548 2942 1643 2997 sed
1690 2950 1803 2996 tres
1833 2955 2036 3006 mares,

441 3039 655 3095 ctduas
682 3035 932 3092 feminas.
975 3034 1203 3091 Demum
1247 3034 1335 3089 illa
1389 3034 1442 3089 in
1468 3034 1684 3105 populo,
1706 3050 1828 3089 cum
1866 3034 2042 3089 adhuc

443 3142 605 3184 nemo
630 3132 912 3198 regnaret,
938 3125 1085 3195 quod
1107 3123 1161 3180 in
1190 3132 1441 3181 extremo
1464 3125 1643 3196 posuit
1672 3126 1723 3190 ι»,
1754 3125 1848 3179 dat
1872 3125 2036 3178 virtu-

447 3232 551 3274 tem
613 3218 820 3288 regibus
866 3218 1060 3271 nostris
1085 3256 1100 3282 ,
1148 3225 1197 3270 et
1226 3215 1475 3270 exultavit
1512 3230 1676 3270 cornu
1709 3213 1904 3269 Christi
1929 3216 2033 3269 sui.

448 3310 605 3367 Unde
626 3309 873 3374 dicebat,
904 3308 949 3363 si
980 3324 1088 3363 non
1114 3309 1505 3377 prophetahat?
1555 3308 1709 3363 Dicat
1757 3323 1886 3377 ergo
1938 3308 2040 3362 Ec-

450 3402 619 3456 clesia
648 3399 883 3465 Christi,
922 3398 1126 3454 Civitas
1176 3398 1340 3469 Regis
1369 3400 1550 3470 magni
1579 3441 1592 3463 ,
1654 3399 1827 3469 gratia
1860 3399 2037 3469 plena,

448 3493 599 3565 prole
623 3492 870 3547 fecunda.
904 3490 1060 3545 Dicat
1079 3490 1223 3559 quod
1247 3500 1398 3545 tanto
1420 3502 1546 3545 ante
1570 3493 1635 3545 de
1659 3504 1715 3545 se
1741 3491 2041 3561 propheta~

452 3596 564 3642 tum
586 3600 683 3656 per
707 3600 770 3641 os
808 3585 970 3655 hujus
1008 3585 1109 3653 pice
1135 3585 1326 3639 matris
1354 3584 1618 3656 agnoscit.
1646 3582 2041 3653 Conﬁrmatum

452 3686 527 3732 est
554 3693 645 3731 cor
675 3692 847 3730 meum
883 3676 938 3729 in
986 3674 1253 3739 Domino,
1316 3684 1363 3729 et
1423 3674 1712 3729 exaltatum
1760 3686 1835 3728 est
1883 3688 2044 3727 cornu

455 3785 629 3823 meum
678 3768 735 3822 in
778 3766 887 3821 Deo
922 3782 1072 3820 meo.
1107 3765 1249 3821 Vere
1290 3766 1673 3821 confirmatum
1711 3774 1797 3821 est
1835 3781 1958 3827 cor,
1992 3772 2048 3818 et

455 3874 625 3914 cornu
663 3856 991 3919 exaltatum,
1024 3856 1148 3925 quia
1198 3871 1307 3911 non
1363 3856 1416 3909 in
1449 3870 1509 3911 se
1533 3896 1549 3921 ,
1590 3856 1687 3911 sed
1720 3856 1773 3909 in
1822 3854 2048 3909 Domino

458 3953 569 4007 Deo
595 3964 712 4006 suo.
739 3948 1036 4003 Dilatatum
1057 3957 1130 4002 est
1153 3964 1311 4017 super
1335 3948 1576 4001 inimicos
1599 3964 1738 4002 meos
1762 3955 1809 4001 et
1839 3958 2045 4000 meum:

461 4042 587 4113 quia
617 4049 671 4097 et
706 4040 759 4095 in
791 4038 1055 4109 angustiis
1096 4054 1477 4109 pressurarum
1507 4055 1676 4093 sermo
1706 4038 1804 4092 Dei
1835 4054 1939 4093 non
1973 4048 2049 4091 est

466 4132 738 4203 alligatus.
780 4142 804 4171 ο
842 4130 1046 4184 Lartata
1078 4147 1215 4195 sum,
1246 4132 1448 4200 inquit,
1479 4128 1506 4168 ά
1553 4132 1610 4185 in
1657 4128 1886 4183 salutari
1936 4137 2047 4183 tuo.

462 4224 715 4280 Christus
741 4229 823 4278 est
854 4222 957 4276 iste
985 4218 1172 4286 Iesus,
1207 4236 1375 4292 quem
1403 4219 1626 4275 Simeon
1674 4218 1764 4274 ille
1785 4260 1800 4283 ,
1832 4220 1972 4273 sicut
1996 4219 2051 4272 in

466 4317 761 4389 Evangelio
791 4316 1008 4387 legitur,
1050 4315 1203 4385 (Luc.
1235 4316 1293 4371 2.
1322 4316 1412 4370 25.
1449 4315 1579 4383 etc.)
1623 4330 1791 4370 senex
1820 4314 2056 4383 amplec-

468 4418 590 4464 tens
619 4423 849 4478 parvum
870 4448 884 4472 ,
935 4422 1234 4477 agnoscens
1284 4422 1537 4477 magnum
1568 4420 1583 4459 :
1639 4422 1777 4459 nunc
1806 4405 2052 4467 dimittis,

2122 1951 2249 1999 sunt
2276 1984 2291 2011 ,
2326 1951 2379 1998 et
2413 1944 2481 1998 ab
2504 1944 2595 1999 illo
2622 1960 2727 1998 non
2756 1952 2881 1999 sunt
2914 1942 2988 2015 (Ι.
3024 1942 3153 2015 Reg.
3186 1944 3241 1999 2.
3276 1944 3354 2015 3).
3388 1943 3459 1998 Et
3499 1961 3707 2014 ρτωρα-

2124 2052 2293 2100 rans,
2346 2033 2553 2105 inquit,
2612 2034 3004 2088 adinventiones
3058 2051 3203 2089 suas.
3265 2033 3411 2101 Quas
3459 2034 3712 2089 adiuven-

2126 2126 2301 2180 tioues
2328 2132 2613 2196 putamus,
2648 2126 2752 2180 nisi
2780 2133 2837 2180 ut
2865 2125 3085 2196 superbi
3115 2126 3347 2193 cadant,
3400 2135 3455 2181 et
3484 2127 3713 2183 humiles

2126 2217 2386 2289 surgant?
2438 2216 2548 2271 Has
2582 2216 2780 2285 quippe
2820 2216 3239 2273 adinventiones
3289 2217 3611 2287 exequitur,
3642 2216 3715 2271 di-

2127 2324 2279 2365 cens.
2313 2306 2481 2362 Areus
2511 2308 2799 2377 potentium
2828 2307 3130 2377 inﬁrmatus
3156 2317 3255 2372 est,
3279 2318 3326 2362 et
3353 2308 3555 2376 inﬁrmi
3582 2324 3712 2378 pra-

2132 2402 2290 2455 cincti
2320 2410 2441 2455 sunt
2465 2401 2673 2454 virtute.
2706 2398 3017 2469 Inﬁrmatus
3048 2410 3121 2454 est
3151 2380 3326 2460 arcus,
3357 2398 3409 2453 id
3436 2407 3522 2453 est
3548 2398 3717 2454 inten-

2134 2493 2210 2547 tio
2239 2507 2426 2547 eorum
2455 2532 2468 2556 ,
2499 2492 2591 2560 qui
2634 2499 2741 2545 tam
2772 2500 3022 2560 potentes
3053 2491 3154 2546 sibi
3200 2491 3474 2553 videntur,
3514 2496 3577 2542 ut
3606 2489 3717 2542 sine

2132 2584 2229 2639 Dei
2258 2585 2421 2645 dono.
2448 2592 2611 2654 atque
2642 2582 2934 2653 adiutorio,
2962 2584 3195 2637 humana
3235 2581 3558 2636 sullicientia
3585 2619 3603 2645 ,
3640 2580 3717 2634 di-

2135 2676 2262 2730 vina
2285 2675 2496 2746 possint
2521 2674 2749 2744 implere
2790 2674 3067 2727 mandata.
3103 2673 3172 2726 Et
3195 2672 3597 2743 prtecinguntur
3623 2672 3720 2725 nir-

2136 2776 2264 2832 tute,
2294 2782 2526 2837 quorum
2559 2767 2771 2820 interna
2798 2780 2903 2820 vox
2931 2774 3014 2821 est
3041 2762 3214 2834 (Psal.
3244 2764 3296 2819 6.
3326 2764 3428 2832 5.),
3474 2763 3719 2818 Miserere

2140 2864 2262 2927 mei,
2307 2860 2528 2915 Domine
2557 2874 2575 2911 :
2614 2862 2863 2931 quoniam
2887 2862 3130 2931 inﬁrmus
3157 2878 3300 2915 sum.

2215 2972 2233 3003 ι
2272 2953 2425 3007 Pleni
2454 2952 2698 3024 panibus,
2730 2952 2925 3021 inquit,
2966 2954 3217 3007 minorati
3246 2962 3388 3018 sunt,
3421 2962 3469 3007 et
3494 2953 3719 3007 esurien-

2140 3055 2216 3100 tes
2248 3046 2571 3099 transieruut
2611 3053 2826 3098 terram.
2874 3042 2976 3109 Qui
3026 3052 3154 3099 sunt
3207 3044 3541 3115 intelligendi
3589 3042 3720 3112 pleni

2139 3138 2384 3209 panibus,
2418 3138 2519 3192 nisi
2556 3136 2717 3191 iidem
2742 3136 2841 3206 ipsi
2865 3136 3020 3207 quasi
3046 3146 3333 3206 potentes:
3367 3137 3420 3191 id
3452 3144 3535 3191 est
3554 3135 3721 3190 lsrae-

2142 3231 2272 3294 litte,
2303 3228 2499 3297 quibus
2523 3228 2721 3281 credita
2748 3237 2869 3281 sunt
2891 3226 3097 3298 eloquia
3147 3227 3245 3281 Dei
3293 3226 3476 3298 (Rom.
3522 3227 3575 3294 ὃ.
3605 3223 3719 3293 2.)?

2144 3320 2251 3375 Sed
2277 3320 2330 3373 in
2359 3334 2423 3373 eo
2450 3318 2670 3389 populo,
2699 3316 2909 3373 ancilla:
2973 3317 3067 3372 ﬁlii
3107 3318 3358 3371 minorati
3382 3325 3506 3371 sunt
3530 3357 3544 3379 ,
3585 3314 3721 3385 quod

2142 3412 2311 3468 verbo
2347 3412 2527 3465 minus
2577 3410 2780 3474 latino,
2835 3409 2973 3464 bene
3025 3418 3202 3463 tamen
3244 3422 3563 3479 expressum
3598 3413 3721 3459 est:

2144 3505 2288 3574 quod
2313 3520 2381 3559 ex
2412 3501 2708 3571 majoribus
2740 3502 2981 3557 minores
3011 3500 3138 3555 facti
3168 3508 3327 3565 sunt,
3359 3499 3485 3568 quia
3518 3506 3572 3552 et
3602 3496 3727 3567 ipsis

2145 3596 2374 3665 panibus
2404 3593 2479 3665 (id
2504 3602 2587 3650 est
2613 3592 2811 3646 divinis
2839 3583 3041 3656 verbis,
3066 3590 3458 3661 quailsraelitm
3481 3589 3581 3643 soli
3605 3596 3728 3642 tunc

2146 3701 2213 3741 ex
2242 3686 2492 3740 omnibus
2532 3684 3177 3756 gentibus'acceperunt)
3236 3692 3449 3738 terrena
3499 3683 3727 3751 sapiunt.

2148 3777 2349 3833 Gentes
2378 3785 2591 3840 autem,
2621 3776 2816 3845 quibus
2841 3776 2929 3830 lex
2953 3775 3042 3829 illa
3066 3791 3172 3829 non
3198 3782 3318 3829 erat
3346 3772 3493 3836 data,
3524 3780 3730 3840 postea-

2148 3881 2311 3934 quam
2335 3880 2434 3935 per
2469 3880 2668 3919 novum
2701 3872 3082 3919 testamentum
3123 3862 3191 3916 ad
3218 3861 3433 3929 eloquia
3458 3860 3547 3913 illa
3576 3874 3731 3912 vene-

2152 3966 2307 4019 runt,
2346 3955 2572 4011 multum
2606 3955 2896 4011 esuriendo
2916 3996 2930 4020 ,
2960 3961 3162 4008 terram
3188 3952 3527 4007 transierunt
3555 3990 3569 4012 ,
3608 3948 3729 4017 quia

2152 4048 2206 4101 in
2235 4049 2323 4103 eis
2347 4063 2455 4102 non
2487 4055 2727 4112 terrena,
2760 4048 2854 4101 sed
2889 4045 3133 4102 coelestia
3166 4051 3484 4115 sapuerunt.
3522 4042 3589 4095 Et
3623 4042 3735 4095 haec

2152 4140 2301 4195 velut
2337 4147 2674 4208 quaereretur
2702 4153 2898 4204 causa,
2935 4153 3035 4193 cur
3060 4136 3262 4191 factum
3289 4136 3380 4190 sit.

2232 4251 2249 4283 ι
2282 4230 2419 4297 Quia
2436 4230 2627 4285 sterilis
2656 4230 2850 4299 peperit
2873 4237 3155 4300 septem,et
3178 4226 3343 4281 multa
3361 4228 3415 4279 in
3441 4226 3570 4295 ﬁliis
3594 4226 3734 4293 inﬁr-

2156 4331 2300 4378 mata
2328 4332 2422 4377 est.
2464 4322 2563 4377 Hic
2589 4329 2796 4385 totum,
2863 4320 3007 4391 quod
3060 4318 3520 4390 prephetabatur,
3570 4316 3733 4373 eluxit

2135 4414 2574 4485 'agnoscentibus
2604 4426 2888 4465 numerum
2916 4412 3303 4481 scptenarium,
3345 4424 3457 4479 quo
3498 4418 3582 4464 est
3620 4407 3732 4461 nni—

473 4499 671 4569 inquit,
704 4514 913 4553 servum
942 4508 1092 4551 tuum
1114 4498 1169 4550 in
1198 4514 1343 4567 pace,
1370 4497 1621 4567 quoniam
1649 4497 1889 4551 viderunt
1916 4496 2055 4550 oculi
2082 4508 2135 4569 1)
2161 4520 2333 4559 versa;
2361 4504 2617 4558 Ecclesiae
2653 4502 2951 4573 signiﬁcata
2990 4500 3269 4572 perfectio.
3319 4500 3551 4570 Propter
3570 4497 3729 4569 quod,

472 4590 574 4642 mei
596 4586 832 4642 salutare
854 4597 1023 4641 tuum.
1042 4587 1196 4641 Dicat
1219 4587 1403 4657 itaque
1427 4586 1695 4643 Ecclesia:
1714 4586 1918 4641 La'tata
1940 4604 2056 4641 sum

469 4680 526 4733 in
554 4678 784 4733 salutari
812 4689 924 4733 tuo.

551 4787 569 4821 ι
610 4780 634 4808 ο
661 4767 923 4833 Quoniam
957 4786 1062 4824 non
1095 4779 1171 4824 est
1219 4778 1432 4824 sanctus
1478 4771 1611 4823 sicut
1656 4768 1908 4824 Dominus
1939 4812 1952 4836 ,
2010 4782 2058 4825 et

474 4876 575 4913 non
602 4871 676 4914 est
695 4861 873 4929 justus
908 4854 1044 4915 sicut
1086 4861 1229 4916 Deus
1266 4871 1459 4915 noster.
1508 4861 1787 4931 Tanquam
1816 4874 2059 4927 sanctus,

958 4971 971 5006 :
1028 4952 1209 5020 justus
1235 4961 1292 5007 et
1310 4952 1634 5022 justilicaus.
1679 4952 1795 5006 Non
1827 4961 1912 5007 est
1940 4968 2060 5008 san-

473 5054 597 5101 ctus
622 5056 819 5117 praeter
848 5056 924 5112 te,
951 5048 1077 5117 quia
1106 5060 1264 5101 nemo
1296 5045 1377 5109 ﬁt,
1406 5045 1512 5100 nisi
1558 5046 1657 5099 abs
1702 5053 1774 5099 te.
1820 5046 2062 5118 Denique

476 5139 722 5207 sequitur
742 5138 840 5209 :(v.
864 5138 943 5208 3.)
984 5138 1164 5193 Nolite
1192 5137 1411 5209 gloriari
1432 5139 1669 5209 superbi,
1720 5147 1769 5192 et
1799 5137 1957 5192 nolite
1986 5138 2064 5192 lo-

475 5247 567 5300 qut
598 5231 825 5297 excelsa,
851 5248 1016 5302 neque
1042 5239 1192 5286 exeat
1216 5230 1633 5301 magniloquium
1660 5232 1724 5286 de
1747 5248 1837 5287 ore
1867 5241 2060 5296 vestro;

473 4959 529 5005 et
550 4952 895 5030 sanctiﬁcans

548 5372 574 5400 ι
602 5362 727 5416 Haec
757 5379 877 5433 qua:
898 5373 1203 5433 sequuntur
1222 5364 1403 5419 omnia
1433 5364 1703 5432 exscripta
1734 5370 1859 5418 sunt
1887 5379 1952 5418 ex
1974 5380 2065 5419 ca-

476 5430 586 5504 pite
622 5433 657 5486 4
700 5430 820 5488 libri
859 5430 1079 5489 xvn'de
1108 5432 1375 5488 Civitate:
1411 5434 1553 5504 quod
1604 5430 1709 5487 non
1759 5434 2065 5490 dissimulat

475 5493 733 5584 Claudius
754 5506 1029 5584 deinceps.
1177 5552 1217 5584 η

552 5572 579 5611 δ
620 5571 689 5626 Ut
739 5574 913 5628 sedeat
950 5571 1087 5627 'cum
1128 5571 1449 5643 principibus
1478 5614 1491 5639 ,
1533 5583 1582 5626 et
1633 5573 1818 5626 solium
1878 5573 2059 5645 gloria:

478 5650 669 5695 teneat.
710 5660 761 5697 ν.
795 5646 847 5700 8.

552 5727 575 5783 αν
602 5713 659 5766 ll.
679 5713 915 5770 Timolh.
942 5716 996 5768 2.
1023 5716 1074 5769 9.
1102 5716 1153 5767 in
1170 5713 1664 5783 Augustinoeditoa
1684 5712 1785 5766 Pl‘.
1806 5714 1861 5768 S.
1888 5714 2058 5769 Mauri

478 5781 691 5838 additur
715 5799 727 5837 :
755 5802 843 5839 nec
879 5786 929 5839 in
954 5781 1283 5854 pra‘conibus
1308 5784 1559 5852 alligatis.

2161 4603 2216 4649 et
2251 4594 2488 4649 Joannes
2536 4593 2825 4664 Apostolus
2879 4592 2947 4647 ad
2978 4600 3184 4662 septem
3216 4590 3407 4646 scribit
3435 4590 3731 4652 Ecclesias,

2164 4685 2402 4757 (Apocal.
2432 4684 2485 4738 2.
2512 4684 2591 4753 4.)
2618 4699 2682 4738 eo
2704 4684 2862 4739 modo
2890 4698 2949 4738 se
2978 4682 3268 4737 ostendens
3290 4680 3357 4736 ad
3385 4683 3546 4737 unius
3570 4680 3735 4750 pleni-

2164 4774 2403 4828 tudinem
2428 4773 2687 4827 scribere.
2750 4773 2816 4825 Et
2873 4773 2928 4826 in
2966 4770 3272 4841 proverbiis
3300 4770 3733 4827 Salomonishoc

2163 4872 2321 4917 antea
2350 4861 2702 4932 prteﬁgurans
2737 4859 3013 4930 Sapientia
3041 4860 3223 4933 (Prov.
3258 4860 3311 4915 9.
3346 4860 3423 4931 1.)
3466 4859 3731 4929 aediﬁcavit

2164 4956 2260 5008 sibi
2288 4955 2521 5017 domum,
2547 4963 2592 5006 et
2614 4952 2847 5022 stt/fulsit
2873 4954 2972 5007 sibi
2998 4952 3267 5006 columnas
3290 4960 3505 5021 septem.
3529 4948 3730 5005 Sterilis

2164 5047 2310 5101 enim
2334 5054 2453 5100 erat
2484 5046 2538 5100 in
2559 5046 2812 5101 omnibus
2826 5046 3075 5117 gentibus
3095 5044 3190 5099 Dei
3209 5044 3427 5110 civitas,
3456 5054 3726 5113 antequam

2166 5138 2266 5192 iste
2325 5136 2510 5203 fetus,
2576 5152 2737 5207 quem
2794 5137 3106 5202 cernimus,
3163 5135 3423 5190 oriretur.
3461 5133 3728 5189 Cernimus

2165 5229 2349 5293 etiam,
2386 5243 2505 5297 quae
2561 5227 2729 5283 multa
2784 5229 2841 5281 in
2878 5227 3005 5297 ﬁliis
3054 5235 3200 5292 erat,
3241 5242 3388 5282 nunc
3417 5224 3725 5280 inﬁrmatam

2241 5363 2265 5403 (1
2300 5363 2356 5417 1η
2386 5363 2581 5418 Codice
2594 5363 2816 5433 'inquid,
2840 5371 2896 5418 et
2924 5363 3036 5427 hic,
3060 5370 3114 5416 et
3134 5376 3303 5433 paruo,
3315 5367 3457 5429 post.
3484 5356 3613 5411 Alibi
3636 5351 3723 5406 ad-

2168 5435 2302 5489 verti
2332 5434 2540 5487 litteras
2572 5443 2590 5486 t
2628 5432 2683 5487 et
2720 5434 2754 5486 d
2784 5434 2839 5487 in
2872 5433 3109 5502 antiquis
3138 5432 3415 5502 codicibus
3438 5444 3572 5502 stupe
3607 5438 3723 5494 pcr-

2170 5504 2388 5566 mutari,
2434 5505 2567 5557 adeo
2615 5512 2674 5557 ut
2700 5505 2911 5571 legatur
2938 5500 3147 5572 inquid,
3177 5501 3368 5570 capud,
3396 5500 3461 5553 ed
3485 5517 3497 5552 :
3524 5506 3584 5572 ct
3603 5508 3713 5572 con-

2169 5584 2249 5628 tra
2283 5561 2385 5636 set,
2408 5573 2576 5633 Davit,
2610 5582 2715 5627 etc.
2746 5561 2877 5629 Vide
2920 5561 3321 5627 adnotationem
3356 5561 3549 5625 nonam
3576 5568 3623 5619 iu
3664 5561 3718 5615 S.

2166 5644 2436 5711 Antipatri
2462 5659 2787 5697 sermonem.
3274 5710 3282 5712 Α
3388 5710 3395 5712 Α
3463 5710 3470 5712 _
3710 5701 3721 5712 .

2244 5727 2265 5752 ε
2300 5710 2344 5766 ἰ.
2374 5713 2503 5781 Reg.
2536 5716 2588 5766 ‘2.
2615 5714 2666 5765 2.
2698 5713 2804 5767 Sed
2846 5729 2968 5768 cum
3020 5712 3198 5782 aliquo
3233 5710 3563 5773 discrimine,
3591 5710 3721 5783 quod

2168 5786 2224 5839 ﬁt
2253 5785 2414 5839 etiam
2439 5784 2710 5852 deinceps.
