3912 6314
235 349 334 404 6-H
355 394 367 406 .

1166 343 1625 414 ΟυίΕδἸΊΟΝΕΒ
1661 344 1810 400 XXX
1850 343 2075 402 SUPER
2114 345 2362 402 LIBROS
2405 348 2665 404 REGUM.

3402 352 3510 411 642

234 463 573 519 llierusalem
600 469 893 528 terrenam,
912 462 1168 532 quoniam
1193 460 1499 531 quicunque
1522 461 1617 515 ﬁlii
1640 461 1823 515 liberte
1848 462 1899 522 Α
1927 458 2055 514 illud
2081 462 2148 515 ab
2186 460 2277 515 illo
2316 462 2583 529 alicnabo,
2616 465 2756 533 quod
2781 466 3020 521 additum
3046 474 3129 522 est
3151 486 3162 521 :
3186 468 3254 522 Et
3282 469 3343 523 de
3367 482 3505 526 ster-

232 557 289 611 in
317 573 381 612 ea
410 565 609 621 erant;
652 558 823 611 virtus
860 555 977 623 ejus
1013 564 1152 610 erat.
1194 554 1350 610 Nunc
1397 570 1525 611 vero
1571 555 1642 610 ibi
1682 569 1818 625 quo-

233 651 383 705 niam
412 650 592 706 littera
619 657 723 714 est,
751 656 805 704 et
833 648 1055 719 spiritus
1085 664 1190 704 non
1243 658 1348 713 est,
1386 647 1588 706 amissa
1617 648 1817 705 virtute

229 742 505 811 inﬁrmata
534 751 630 795 est.

306 838 393 907 (γ.
436 836 513 907 6.)
557 854 575 887 ι
613 836 866 891 Dominus
892 836 1210 906 mortiﬁcat,
1241 846 1291 890 et
1326 836 1577 905 viviﬁcat,
1604 835 1817 890 deducit

229 927 303 981 ad
334 928 532 995 inferos
557 966 572 991 ,
598 934 647 980 et
679 926 904 980 reducit.
937 924 1283 981 Mortiﬁcavit
1307 926 1475 992 illam,
1507 941 1629 996 qua:
1650 921 1817 980 multa

226 1026 346 1071 erat
382 1019 436 1071 in
466 1016 623 1086 ﬁliis,
658 1024 713 1071 et
741 1016 1033 1071 viviﬁcavit
1054 1018 1196 1071 hanc
1221 1016 1485 1082 sterilem,
1511 1031 1631 1086 quae
1652 1030 1816 1087 pepe-

228 1110 304 1162 rit
328 1118 522 1178 septem
562 1125 582 1172 ;
620 1108 870 1178 quamvis
924 1108 1264 1163 commodius
1313 1108 1486 1178 possit
1546 1106 1773 1177 intelligi
1800 1147 1815 1173 ,

226 1202 449 1255 eosdem
504 1200 813 1263 viviﬁcare,
866 1215 1002 1269 quos
1056 1200 1527 1255 mortiﬁcaverat:
1568 1200 1621 1256 id
1670 1201 1816 1255 enim

227 1290 376 1345 velut
404 1290 647 1344 addendo
677 1290 929 1359 repetivit
961 1306 973 1343 :
1001 1288 1225 1344 Deducit
1249 1290 1317 1344 ad
1342 1290 1564 1359 inferos,
1592 1300 1641 1344 et
1663 1290 1819 1343 redu-

223 1381 318 1434 cit.
349 1380 554 1447 Quibus
600 1380 745 1435 enim
801 1380 934 1435 dicit
979 1381 1279 1451 Apostolus
1317 1381 1541 1453 (Coloss.
1583 1383 1636 1436 5.
1688 1381 1813 1451 1.).δε

222 1471 272 1522 si
302 1472 494 1523 mortui
520 1471 643 1523 estis
681 1486 799 1523 cum
842 1468 1048 1524 Christo
1070 1511 1084 1535 ,
1120 1488 1237 1541 qua:
1264 1488 1475 1525 sursum
1518 1481 1641 1526 sunt
1665 1488 1815 1541 gutu-

224 1561 326 1615 rite
351 1602 366 1625 ,
422 1562 508 1615 ubi
544 1562 785 1616 Christus
820 1573 893 1616 est
922 1564 976 1617 in
1002 1563 1218 1635 dextera
1276 1561 1375 1617 Dei
1420 1564 1637 1629 sedens;
1675 1564 1817 1619 salu-

222 1652 399 1707 briter
423 1654 611 1722 utique
660 1653 1060 1713 mortiﬁcamur
1100 1670 1129 1707 a
1157 1654 1406 1709 Domino.
1467 1654 1672 1720 Quibus
1718 1655 1816 1709 ad-

213 1742 401 1815 jungit
431 1745 556 1816 (Ibi.
581 1761 631 1799 v.
666 1746 744 1818 2.)
778 1764 792 1800 :
832 1764 949 1817 quae
970 1763 1180 1801 sursum
1210 1756 1329 1800 sunt
1357 1749 1543 1817 sapite,
1573 1762 1678 1802 non
1698 1763 1814 1817 qua:

1922 567 2041 605 core
2066 553 2217 623 erigit
2252 554 2477 623 inopem.
2504 555 2661 625 inops
2683 558 2881 627 quippe
2905 558 2957 611 id
3002 566 3084 613 est
3106 600 3121 625 ,
3164 574 3227 614 ac
3250 574 3458 632 pauper
3489 582 3504 618 :

1920 651 2132 697 stercus
2159 658 2314 709 vero,
2342 644 2483 699 unde
2506 656 2722 701 erectus
2742 656 2847 713 est,
2870 648 3175 703 rectissime
3200 650 3509 722 intelligun-

1921 740 2010 787 tur
2034 744 2410 804 persecutores
2435 735 2639 803 Judaei,
2677 738 2732 791 in
2760 753 2989 806 quorum
3037 756 3266 795 numero
3295 756 3417 797 cum
3450 758 3511 798 se

1920 822 2145 879 dixisset
2164 824 2481 895 Apostolus:
2523 826 2812 882 Ecclesium
2832 841 3130 899 persecutus
3152 850 3270 886 sum
3285 832 3357 903 (1.
3377 834 3501 889 Cor.

1925 911 2010 967 15.
2026 913 2079 968 9.
2097 912 2240 968 Phil.
2256 917 2308 971 5.
2325 914 2403 987 6.)
2426 932 2571 988 :qutc
2591 918 2720 971 mihi
2737 917 2971 986 fuerunt,
2990 921 3186 991 inquit,
3206 923 3354 978 lucra
3372 924 3500 997 (Ibi.

1919 1019 1967 1056 υ.
1990 1003 2092 1073 8.),
2123 1006 2234 1058 hazc
2280 1016 2489 1077 propter
2516 1005 2783 1062 Christum
2833 1010 3029 1063 damna
3057 1028 3166 1065 esse
3196 1014 3328 1067 duxi
3352 1030 3369 1068 :
3403 1031 3505 1070 nec

1920 1093 2093 1149 solum
2122 1095 2465 1163 detrimenta,
2494 1113 2682 1153 verum
2711 1101 2876 1154 etiam
2919 1111 3152 1156 stercora
3199 1105 3503 1161 existimavi

1918 1199 2073 1252 esse,
2104 1194 2162 1240 ut
2205 1186 2472 1243 Christum
2501 1190 2889 1260 lucrifacerem.
2930 1194 3005 1249 De
3035 1202 3181 1249 terra
3211 1199 3505 1254 suscitatus

1918 1286 2002 1334 est
2026 1279 2115 1335 ille
2154 1295 2321 1350 supra
2349 1296 2538 1337 omnes
2564 1283 2759 1337 divites
2779 1299 3016 1354 pauper,
3045 1295 3099 1341 et
3132 1287 3198 1342 de
3241 1288 3332 1343 illo
3366 1299 3505 1344 ster-

1918 1385 2045 1427 core
2094 1383 2310 1427 erectus
2353 1381 2435 1427 est
2462 1388 2622 1444 supra
2672 1389 2859 1431 omnes
2887 1377 3172 1446 opulentos
3208 1380 3299 1435 ille
3328 1382 3501 1452 inops,

1918 1470 1973 1517 ut
2000 1461 2186 1517 sedeat
2210 1478 2332 1517 cum
2354 1465 2665 1532 potentibus
2692 1467 2872 1535 populi
2890 1508 2903 1531 ,
2936 1469 3131 1537 quibus
3173 1471 3250 1524 ait
3280 1471 3499 1543 (Matth.

1919 1552 2005 1607 19.
2030 1552 2145 1622 28.)
2178 1568 2192 1606 :
2225 1554 2467 1608 scdebitis
2496 1570 2653 1625 super
2675 1555 2953 1611 duodecim
2977 1560 3123 1613 sedes
3147 1574 3164 1611 :
3192 1562 3285 1616 sed
3316 1564 3499 1617 sedem

1918 1643 2105 1712 gloria:
2128 1644 2498 1699 haereditatem
2520 1636 2654 1699 dans
2675 1647 2772 1701 eis.
2803 1648 3063 1703 Dixeram
3082 1650 3223 1704 enim
3251 1661 3502 1721 potentes

1918 1733 1993 1788 illi
2026 1733 2243 1805 (Mdtth.
2269 1734 2355 1789 19.
2380 1734 2496 1805 27.)
2527 1749 2540 1788 :
2576 1734 2714 1789 Ecce
2746 1753 2841 1790 nos
2871 1737 3173 1809 reliquimus
3198 1742 3373 1795 omnia
3399 1783 3413 1808 ,
3452 1754 3499 1796 et

218 1852 383 1905 super
407 1846 601 1891 terram
632 1850 651 1887 :
675 1845 733 1891 ut
770 1838 873 1906 ipsi
902 1838 1012 1892 sint
1043 1837 1143 1901 illi,
1169 1837 1263 1906 qui
1291 1837 1596 1892 esurientes
1626 1845 1809 1890 trans-
1838 1831 1886 1890 Β
1911 1825 2078 1878 secuti
2101 1840 2284 1877 sumus
2312 1833 2382 1878 te.
2413 1824 2526 1879 Hoc
2560 1834 2745 1879 votum
2798 1828 3159 1896 potentissimi
3203 1842 3463 1886 voverant
3483 1851 3507 1897 ;.

222 1928 409 1982 ierunt
432 1936 633 1982 terram
658 1927 733 1998 (v.
759 1927 839 1997 5.)
894 1927 1095 1981 Mortui
1118 1929 1255 1981 enim
1276 1929 1421 1991 estis,
1449 1927 1645 1996 inquit.
1671 1926 1812 1982 Ecce

217 2019 495 2088 quomodo
524 2019 814 2074 salubriter
848 2019 1141 2073 mortiﬁcat
1171 2021 1331 2073 Deus.
1356 2020 1586 2074 Deinde
1630 2020 1811 2089 sequi-

205 2117 343 2162 tur:
371 2110 525 2179 Ubi.)
556 2110 626 2163 Et
662 2110 767 2165 vita
805 2121 971 2164 vestra
1002 2110 1310 2164 abscondita
1336 2121 1412 2164 est
1451 2125 1568 2165 cum
1600 2110 1808 2165 Christo

220 2201 279 2253 in
309 2200 437 2254 Deo.
482 2201 621 2256 Ecce
645 2203 915 2269 quomodo
942 2200 1159 2256 eosdem
1189 2201 1335 2271 ipsos
1360 2201 1599 2256 viviﬁcat
1644 2201 1805 2255 Deus.

222 2288 333 2345 Sed
375 2291 619 2360 nunquid
648 2290 873 2344 eosdem
904 2291 1049 2360 ipsos
1074 2290 1296 2345 deduxit
1354 2291 1423 2344 ad
1479 2290 1713 2354 inferos,
1755 2296 1810 2343 et

223 2381 484 2436 reduxit?
525 2380 637 2435 Hoc
662 2388 949 2449 utrumque
987 2382 1103 2435 sine
1126 2380 1495 2436 controversia
1546 2378 1805 2445 ﬁdelium,

218 2470 276 2524 in
310 2471 400 2525 illo
428 2472 608 2541 potius
630 2471 875 2525 videmus
904 2469 1214 2540 impletum,
1262 2470 1437 2539 capite
1477 2468 1682 2523 scilicet
1705 2482 1806 2522 no-

219 2569 338 2614 stro
372 2578 383 2612 :
416 2575 539 2614 cum
567 2575 675 2629 quo
724 2560 881 2613 vitam
926 2568 1156 2614 nostram
1209 2559 1262 2612 in
1315 2559 1460 2622 Deo,
1520 2556 1810 2627 Apostolus

217 2650 359 2703 dixit
390 2651 773 2703 absconditam.
831 2649 968 2703 Nam
1011 2650 1101 2718 qui
1135 2649 1313 2720 (Rom.
1358 2649 1411 2703 8.
1445 2647 1560 2719 52.)
1592 2649 1805 2718 proprio

214 2738 332 2808 ﬁlio
351 2754 454 2791 non
474 2740 723 2807 pepercit,
740 2738 830 2791 sed
845 2755 938 2807 pro
963 2738 1109 2791 nobis
1133 2738 1376 2791 omnibus
1398 2737 1615 2790 tradidit
1632 2736 1803 2801 illum,

217 2830 327 2884 isto
352 2829 512 2883 modo
540 2828 725 2898 utique
765 2828 1112 2883 mortiﬁcavit
1138 2842 1265 2893 eum
1295 2846 1306 2881 :
1340 2835 1396 2881 et
1423 2828 1551 2897 quia
1580 2826 1807 2881 resusci-

218 2920 355 2972 tavit
378 2933 501 2972 eum
532 2933 561 2972 a
587 2918 847 2983 mortuis,
871 2916 1122 2972 eumdem
1148 2933 1364 2972 rursum
1402 2917 1714 2973 viviticavit.
1741 2917 1809 2971 Et

214 3009 344 3078 quia
373 3009 424 3061 in
452 3008 737 3077 prophetia
766 3023 869 3062 vox
902 3006 1019 3075 ejus
1053 3008 1367 3077 agnoscitur
1395 3005 1567 3078 (Psal.
1598 3008 1683 3061 15.
1715 3008 1801 3061 10.

216 3102 338 3172 Act.
366 3099 419 3151 2.
454 3099 566 3167 27.)
600 3116 614 3151 :
645 3115 749 3153 non
781 3098 1107 3168 derelinques
1157 3099 1390 3151 animam
1427 3114 1595 3151 meant
1640 3099 1695 3151 in
1725 3098 1808 3151 in—

1916 1915 2012 1970 sed
2038 1913 2181 1970 unde
2207 1916 2311 1970 hoc
2335 1955 2350 1979 ,
2392 1916 2472 1970 eis
2500 1916 2604 1970 nisi
2636 1916 2703 1970 ab
2733 1917 2825 1971 illo
2844 1958 2858 1983 ,
2894 1920 2959 1972 de
2986 1935 3092 1989 quo
3128 1920 3213 1974 hic
3244 1922 3509 1977 continuo

1910 2005 2115 2059 dictum
2172 2014 2258 2061 est
2301 2006 2365 2059 lI?
2411 2005 2560 2059 Dans
2611 2017 2788 2060 uotum
2838 2010 3052 2062 vovendi
3090 2026 3108 2062 :
3148 2010 3387 2079 alioquin
3429 2028 3500 2067 ex

1912 2095 2019 2149 illis
2043 2103 2225 2150 essent
2249 2096 2563 2166 potentibus
2581 2137 2596 2162 ,
2628 2112 2862 2167 quorum
2889 2098 3192 2166 inﬁrmatus
3218 2110 3292 2153 est
3317 2118 3494 2155 arcus.

1912 2187 2075 2251 Dans,
2106 2188 2301 2257 inquit,
2328 2196 2506 2241 votum
2530 2188 2781 2251 uovendi;
2807 2204 2914 2243 non
2941 2190 3084 2242 enim
3100 2190 3327 2246 Domino
3350 2193 3500 2260 quis-

1908 2293 2073 2348 quam
2096 2278 2389 2348 quidquam
2415 2288 2623 2334 rectum
2646 2288 2867 2335 voveret
2886 2320 2899 2341 ,
2940 2281 3044 2334 nisi
3078 2282 3168 2350 qui
3194 2284 3261 2338 ab
3289 2284 3381 2337 illo
3408 2300 3499 2339 ac-

1910 2369 2120 2439 ciperet
2143 2370 2287 2439 quod
2310 2378 2532 2424 voveret
2560 2369 2632 2440 (v.
2659 2371 2758 2440 8.).
2789 2370 3047 2440 Sequitur
3077 2390 3089 2425 :
3133 2374 3160 2413 ι)
3194 2374 3262 2427 Et
3289 2375 3497 2430 benedi—

1908 2463 1987 2517 ait
2023 2479 2191 2515 annos
2219 2462 2374 2530 justi.
2419 2461 2489 2517 Ut
2526 2478 2648 2517 cum
2678 2463 2770 2516 illo
2800 2464 3010 2518 scilicet
3037 2466 3154 2520 sine
3194 2466 3301 2521 line
3330 2469 3491 2534 vivat,

1907 2555 1997 2611 cui
2023 2554 2224 2611 dictum
2252 2562 2334 2607 est
2372 2553 2543 2625 (Psal.
2577 2554 2698 2609 101.
2731 2555 2846 2626 28.)
2878 2570 2890 2608 :
2919 2553 2986 2608 Et
3010 2557 3135 2609 anni
3174 2558 3251 2609 tui
3274 2574 3375 2611 non
3404 2558 3497 2611 de-

1906 2645 2083 2713 ﬁcient
2118 2645 2234 2699 :ibi
2262 2645 2405 2699 enim
2440 2652 2587 2699 stant
2616 2647 2744 2699 anni
2774 2686 2787 2709 ,
2830 2648 2917 2701 hic
2953 2656 3135 2701 autem
3176 2657 3491 2713 transeunt,

1907 2735 2019 2789 imo
2064 2742 2327 2804 pereunt,
2384 2743 2509 2789 ante
2534 2736 2678 2789 enim
2718 2751 2879 2805 quam
2922 2739 3141 2792 veniant
3171 2754 3278 2793 non
3318 2749 3491 2796 sunt:

1907 2841 2031 2881 cum
2082 2834 2264 2880 autem
2309 2826 2579 2889 venerint,
2604 2842 2710 2880 non
2744 2837 2924 2892 erunt,
2957 2831 3084 2897 quia
3110 2846 3232 2884 cum
3262 2847 3359 2886 suo
3386 2831 3502 2888 line‘

1905 2916 2146 2971 veniunt.
2188 2916 2391 2970 Horum
2426 2926 2607 2971 autem
2644 2918 2872 2971 duorum
2897 2955 2915 2984 ,
2954 2919 3005 2973 id
3038 2928 3124 2973 est
3157 2920 3289 2973 dans
3319 2931 3501 2975 totum

1906 3008 2153 3086 nocendi,
2210 3018 2259 3061 et
2309 3008 2569 3062 benedixit
2606 3026 2771 3063 annos
2806 3010 2971 3078 justi,
3019 3027 3191 3065 unum
3215 3021 3299 3067 est
3347 3014 3499 3084 quod

1911 3096 2158 3162 facimus,
2189 3096 2417 3152 alterum
2475 3099 2619 3167 quod
2673 3100 2977 3165 sumimus,
3004 3104 3097 3157 sed
3126 3103 3227 3157 hoc
3258 3104 3489 3158 alterum

214 3190 389 3260 ferno,
421 3191 667 3244 eumdem
698 3190 916 3243 deduxit
949 3191 1017 3243 ad
1053 3190 1271 3259 inferos,
1323 3200 1372 3243 et
1404 3190 1634 3244 reduxit.
1690 3190 1805 3245 llac
1841 3178 1884 3239 C
1918 3187 2027 3241 Deo
2048 3187 2306 3257 largitore
2331 3202 2437 3241 non
2470 3188 2702 3243 sumitur
2723 3230 2738 3254 ,
2767 3191 2868 3244 nisi
2921 3207 3047 3246 cum
3096 3193 3214 3262 ipso
3241 3193 3500 3263 adj‘utore

211 3278 335 3348 ejus
366 3284 682 3348 paupertate
705 3279 857 3333 ditati
889 3294 1076 3333 sumus
1106 3296 1118 3331 :
1150 3279 1404 3333 Dominus
1427 3282 1566 3335 enim
1609 3297 1805 3349 paupe—

214 3388 301 3423 res
336 3372 464 3439 facit
490 3381 538 3424 et
561 3371 696 3423 ditat
734 3385 750 3422 :
782 3386 905 3424 nam
936 3371 1066 3441 quid
1116 3372 1217 3425 hoc
1262 3372 1376 3436 sit,
1428 3380 1490 3425 ut
1533 3371 1799 3436 sciamus,

210 3458 363 3528 quod
392 3460 665 3528 sequitur.
719 3460 1023 3523 audiamus,
1055 3458 1299 3512 humiliat
1320 3499 1335 3524 ,
1360 3470 1407 3513 et
1438 3459 1636 3513 exultat
1663 3474 1681 3511 :
1706 3461 1806 3514 uti—

211 3565 323 3619 que
358 3550 619 3620 superbos
654 3550 938 3613 humiliat,
997 3559 1049 3603 ct
1099 3551 1331 3605 humiles
1376 3550 1611 3604 exultat:
1646 3550 1802 3618 Quod

213 3642 365 3695 enim
390 3641 519 3695 alibi
549 3641 745 3710 legitur
776 3640 963 3711 (Iacob
993 3640 1045 3693 4.
1079 3640 1131 3694 6.
1164 3638 1324 3694 Prov.
1368 3640 1421 3693 5.
1451 3641 1568 3711 54.)
1604 3659 1617 3694 :
1659 3641 1801 3695 Deus

211 3730 454 3799 superbis
485 3732 712 3795 resistit,
736 3729 1019 3783 humilibus
1063 3738 1240 3783 autem
1268 3730 1361 3783 dat
1391 3731 1639 3799 gratiam,
1686 3731 1803 3787 hac

213 3828 366 3875 totus
390 3822 549 3875 habet
582 3836 761 3875 sermo
792 3818 952 3887 hujus
978 3820 1184 3884 Annae;
1242 3834 1361 3889 qua:
1412 3820 1802 3888 interpretatur

211 3912 389 3982 gratia
419 3912 552 3980 ejus.
583 3909 701 3963 Jam
741 3926 872 3965 vero
923 3910 1064 3978 quod
1115 3909 1424 3980 adjungitur
1458 3927 1469 3963 :
1512 3910 1728 3962 suscitat
1768 3928 1800 3963 a

209 4011 359 4055 terra
395 4017 675 4071 pauperem
706 4015 723 4052 :
751 4000 819 4054 de
835 4000 993 4053 ‘nullo
1026 3998 1251 4077 meiius,
1282 4012 1445 4067 quam
1476 4000 1542 4054 de
1586 3998 1677 4053 illo
1711 3999 1798 4053 in-

210 4091 399 4161 telligo
418 4131 433 4155 ,
465 4091 555 4159 qui
581 4098 801 4159 propter
828 4105 925 4143 nos
946 4105 1150 4159 pauper
1170 4090 1344 4143 factus
1364 4097 1467 4154 est,
1501 4104 1625 4143 cum
1651 4090 1802 4146 dives

208 4188 381 4243 esset,
415 4187 476 4231 ut
504 4178 620 4247 ejus
673 4185 1009 4247 paupertate,
1060 4177 1197 4231 sicut
1251 4177 1411 4245 paulo
1442 4185 1567 4231 ante
1597 4178 1799 4232 dictum

207 4278 299 4324 cst
320 4310 334 4333 ,
377 4268 696 4322 ditaremur.
740 4268 913 4337 Ipsum
942 4267 1086 4321 enim
1118 4267 1183 4321 de
1216 4273 1358 4319 terra
1382 4267 1663 4320 suscitavit
1690 4276 1797 4321 tam

208 4363 323 4416 cito
347 4402 362 4425 ,
418 4368 477 4415 ut
517 4375 645 4414 caro
694 4358 810 4427 ejus
838 4374 943 4411 non
971 4358 1177 4412 videret
1206 4358 1604 4425 corruptionem
1639 4377 1653 4412 :
1698 4374 1799 4413 nec

284 4523 311 4551 ι
366 4510 697 4578 Augustinus
732 4507 975 4578 editus“:

208 4590 389 4653 pturaa
418 4576 548 4644 {in
593 4593 701 4648 quo
738 4579 853 4631 haec
902 4576 1193 4641 dicantur,
1231 4576 1332 4629 PP.
1388 4576 1445 4629 S.
1499 4578 1670 4631 Mauri
1714 4596 1797 4634 re-

210 4654 407 4706 ticent.

286 4722 315 4759 δ
356 4709 616 4788 Sequitur
636 4715 1016 4788 bieClaudius
1033 4730 1159 4788 cum
1186 4714 1411 4788 August.
1445 4713 1795 4787 Septuaginta

213 4786 573 4875 interpretes,
615 4788 705 4875 (lui
734 4786 916 4875 ιςειιῃι
948 4804 961 4838 :
997 4786 1166 4875 333m);
1208 4786 1371 4853 εὐχὴν
1402 4794 1473 4853 τῷ
1516 4786 1795 4875 Eulogium,

210 4866 298 4915 καὶ
327 4855 603 4930 tatam”
630 4855 722 4930 ἔτη
744 4855 945 4930 -δωεᾳίου
964 4895 978 4919 ,
1010 4856 1141 4930 dans
1168 4865 1343 4930 votum
1372 4855 1609 4930 orandi,
1633 4855 1680 4930 et
1716 4855 1800 4917 be-

212 4930 419 4983 rwdixit
452 4924 581 4981 anni
617 4926 914 4997 justiaCur
948 4935 1057 4997 tam
1088 4926 1157 4979 ab
1188 4924 1456 4997 Hebraico
1482 4935 1537 4978 ct
1568 4927 1793 4997 Vulgata

212 4999 541 5054 dissentiant
582 4995 746 5051 iidem
774 4995 1147 5065 Septuaginta,
1171 5003 1420 5062 quaerunt
1446 4995 1791 5064 interpretes,

211 5070 282 5123 ad
316 5084 457 5138 quos
477 5069 731 5122 lectorem
755 5064 925 5135 allego
951 5083 964 5119 ε
990 5064 1165 5133 neque
1188 5064 1331 5118 enim
1354 5066 1639 5132 praesentis
1664 5080 1793 5135 ope-

212 5140 290 5193 ris
317 5155 382 5192 ea
415 5153 544 5192 cura
568 5146 668 5192 est.

288 5221 309 5248 ε
353 5209 412 5261 In
458 5206 905 5275 interpretatione
936 5204 1093 5274 hujus
1126 5203 1379 5275 versiculi
1403 5203 1587 5275 gplane
1616 5205 1797 5274 sequi-

210 5290 303 5332 tur
332 5271 741 5331 Claudius—cum
758 5271 1057 5346 Augustino
1064 5274 1376 5346 versionem
1398 5271 1749 5344 Septuaginia
1780 5294 1791 5327 :

211 5348 395 5422 utich
424 5341 922 5422 ῥσθεηοποίῆᾳσρέὸν
946 5341 1197 5422 ﬁniantur
1221 5346 1407 5422 αὐτοῦξ
1427 5341 1601 5422 eripio:
1614 5341 1759 5422 ἄχεος
1778 5365 1790 5376 ·

213 5411 389 5473 ἱειέδι
425 5417 682 5469 Dominus
712 5414 930 5467 debilem
961 5412 1076 5484 [seu
1108 5411 1405 5484 inﬁrmant]
1443 5411 1573 5481 facit
1610 5411 1795 5468 adver-

209 5490 421 5543 sarium
447 5502 600 5539 suam
623 5500 639 5536 :
667 5484 927 5541 Dominus
954 5490 1187 5537 sanctus.

282 5558 308 5596 ἀ
356 5556 528 5610 Euch.
557 5556 693 5607 hoc:
722 5553 1054 5621 Augustinus
1108 5551 1284 5621 editus
1310 5566 1340 5605 a
1371 5550 1475 5605 PP.
1522 5550 1580 5605 S.
1623 5552 1793 5607 Mauri

212 5645 315 5682 non
343 5626 601 5695 glorietur
622 5626 727 5689 hic,
761 5620 845 5695 et
872 5622 1144 5695 deinceps.
1200 5620 1320 5695 Alia
1352 5636 1565 5691 quoque
1608 5623 1711 5679 hoc
1741 5624 1793 5676 in

211 5691 585 5752 loco'exstant
609 5692 923 5753 discrimina
957 5694 1097 5745 inter
1132 5691 1374 5746 codicem
1407 5699 1651 5747 nostrum
1674 5731 1687 5757 ,
1740 5701 1797 5747 et

212 5769 418 5824 editum
450 5765 844 5836 Augustinum,
875 5771 927 5816 et
960 5761 1187 5816 Eucbcr.

1028 4505 1419 4587 voventiinsed‘
1440 4506 1616 4587 locum
1652 4506 1796 4587 Scri-
1823 4529 1875 4587 D

1904 3278 2139 3347 primum
2170 3277 2299 3332 illud
2325 3276 2554 3331 eliicitur
2580 3296 2591 3329 :
2624 3279 2747 3345 quia
2775 3278 2848 3349 (ν.
2882 3280 2934 3349 9)
2962 3298 3063 3334 non
3095 3282 3147 3333 in
3171 3284 3362 3336 virtute
3387 3300 3491 3338 sua

1902 3377 2081 3437 potens
2102 3376 2175 3420 est
2198 3368 2277 3420 uir
2304 3365 2377 3437 (v.
2409 3365 2540 3435 ια).
2566 3365 2825 3420 Dominus
2846 3368 3115 3435 inﬁrmum
3146 3369 3275 3437 facit
3300 3370 3489 3425 adsero

1902 3459 2102 3511 sarium
2125 3473 2278 3510 suum
2298 3496 2320 3520 ,
2342 3456 2489 3510 illum
2519 3456 2731 3511 scilicet
2752 3497 2765 3521 ,
2802 3458 2892 3526 qui
2928 3458 3129 3510 homini
3159 3461 3375 3514 voventi
3405 3461 3489 3515 ine

1903 3547 2070 3610 videt,
2097 3555 2153 3599 et
2180 3546 2421 3609 resistit,
2442 3560 2512 3599 ne
2538 3545 2713 3599 valeat
2739 3546 2966 3615 implere
2995 3547 3139 3614 quod
3170 3549 3335 3601 vovit.
3388 3548 3492 3604 Po-

1903 3643 2012 3689 test
2030 3650 2097 3689 ex
2121 3635 2369 3704 ambiguo
2386 3647 2562 3704 grzeco
2578 3634 2803 3704 intelligi
2821 3649 2839 3687 :
2856 3634 3278 3690 etadversarium
3298 3654 3451 3692 suum
3473 3681 3484 3692 .

1905 3741 2027 3781 cum
2052 3726 2198 3802 enim
2223 3724 2480 3779 Dominus
2508 3725 2787 3793 possidere
2818 3741 2918 3780 nos
2940 3727 3199 3796 cmperit,
3250 3728 3501 3797 profectu

1907 3815 2255 3869 adversarius
2278 3855 2292 3879 ,
2337 3815 2427 3883 qui
2476 3824 2662 3868 noster
2692 3814 2889 3879 fuerat,
2924 3816 3093 3883 ipsius
3126 3814 3203 3879 lit,
3229 3826 3282 3870 et
3311 3817 3493 3873 vince-

1906 3913 1993 3958 tur
2022 3921 2052 3957 a
2082 3904 2268 3969 nobis,
2328 3902 2421 3958 sed
2450 3919 2557 3958 non
2588 3903 2793 3958 viribus
2840 3904 3040 3958 nostris
3060 3944 3083 3968 ,.
3124 3906 3251 3974 quia
3285 3914 3388 3961 non
3431 3909 3497 3961 in'

1901 3996 2091 4051 virtute
2130 4011 2228 4048 sua
2273 4004 2452 4063 potens
2488 4002 2563 4047 est
2611 3994 2711 4047 uir.
2746 3992 3005 4047 Dominus
3048 4010 3170 4064 ergo
3217 3996 3493 4063 inﬁrmum

1903 4085 2059 4154 faciet
2084 4084 2440 4137 adversarium
2462 4101 2633 4137 suum.

1976 4187 1996 4215 ε
2036 4193 2055 4227 ο
2085 4175 2341 4229 Dominus
2377 4187 2623 4237 sanctus,
2651 4185 2710 4230 ut
2741 4176 2993 4230 vincatur
3028 4192 3058 4230 a
3100 4178 3323 4242 sanctis,
3351 4193 3494 4247 quos

1904 4267 2168 4322 Dominus
2195 4278 2504 4320 sanctorum
2532 4266 2699 4320 etiicit
2725 4275 2961 4320 sanctos.

1978 4374 1995 4405 ι
2039 4356 2117 4411 Ac
2148 4371 2244 4425 per
2266 4355 2291 4394 ἀ
2318 4357 2432 4410 hate
2464 4367 2487 4394 ε
2514 4373 2525 4408 :
2562 4355 2851 4426 negligatur
2892 4356 3122 4426 prudens
3152 4357 3205 4410 in
3256 4358 3485 4428 pruden-

1980 4520 2003 4547 σ
2044 4506 2168 4579 Huic
2223 4523 2342 4575 qua:
2383 4506 2839 4579 _Claudius,_imo
2891 4508 3069 4579 potius
3123 4506 3477 4579 Augustinus,

1900 4594 1965 4632 ex
1998 4593 2106 4646 quo
2134 4578 2247 4630 haec
2291 4577 2508 4645 scripsit
2554 4577 2829 4639 Claudius,
2870 4576 3034 4631 veluti
3065 4592 3129 4631 ex
3162 4576 3330 4632 Annae
3356 4594 3481 4633 can-

1900 4650 2007 4702 tico
2028 4648 2310 4715 desumpta
2332 4648 2495 4715 verba
2526 4646 2763 4715 subjicit.
2794 4660 2966 4715 neque
3018 4647 3069 4699 in
3105 4648 3350 4707 Hebrteo.
3380 4665 3477 4704 ne-

1898 4732 2003 4787 que
2033 4718 2085 4770 in
2113 4714 2384 4787 plerisque
2441 4714 2643 4787 Graecis
2676 4716 2966 4787 codicibus
2986 4715 3286 4787 habentur",
3320 4718 3484 4773 ideo'

1898 4785 2001 4857 que
2031 4786 2289 4857 nequein
2319 4785 2719 4857 complutensi,
2758 4802 2930 4857 neque
2983 4786 3034 4839 in
3084 4786 3204 4841 aliis
3251 4787 3485 4857 reliquis

1918 4855 2011 4911 ‘ere
2059 4856 2312 4909 omnibus
2338 4855 2669 4909 editionibus
2710 4855 3005 4921 habentur;
3064 4863 3244 4910 tamen
3300 4855 3476 4911 iniBi-

1898 4927 2023 4981 bliis
2060 4924 2265 4980 Graecis
2308 4926 2374 4978 ab
2401 4926 2536 4980 Aldo
2566 4926 2727 4980 editis
2768 4934 2986 4979 exstant
3018 4942 3029 4977 :
3072 4928 3139 4979 ad
3171 4926 3313 4980 hunc
3357 4943 3465 4981 mo-

1901 4998 2027 5050 dum
2068 5013 2080 5048 Ζ
2122 5002 2201 5056 Μή
2231 4996 2569 5070 κᾳνχάσᾷοιίὸ
2602 4998 2834 5070 φρρνιμος
2859 4998 2908 5049 ἕν
2936 5004 3007 5070 δῇ
3033 5001 3267 5070 φρονήσει
3294 4998 3479 5053 αὐτοῦ.

1902 5072 1988 5121 καὶ
2018 5072 2085 5135 μὴ
2114 5064 2421 5138 καυχάσᾼθὼ-
2444 5064 2715 5138 ὁᾲδυνάξρς
2744 5064 2803 5118 ἓν
2843 5074 2904 5138 τῇ
2931 5064 3145 5138 dapsilem
3174 5069 3361 5138 αῄτώ.
3384 5072 3479 5138 μιαὲ

1899 5143 1969 5204 μή
2005 5125 2289 5205 έαυχάσδᾏ)
2316 5134 2343 5189 ὁ
2372 5134 2615 5205 πλούσιος
2654 5136 2701 5186 ἐν
2731 5142 2801 5203 τῷ
2830 5125 3028 5200 πλούτῳ
3062 5133 3247 5189 αὑτοῦ·
3291 5136 3397 5190 ἀλλ’
3423 5140 3480 5190 ἐν

1901 5211 2064 5274 τούτῳ
2094 5204 2383 5274 κὰυχάσθω
2411 5204 2436 5258 ὁ
2462 5208 2793 5274 καυχώμενος
2814 5205 2861 5257 ἕν
2880 5212 2961 5272 τῷι
2974 5213 3158 5259 austris
3185 5209 3269 5258 καὶ
3290 5208 3475 5275 γινώσ-

1902 5298 2002 5330 κειν
2022 5278 2103 5329 τὸν
2133 5279 2309 5350 κύριον
2339 5276 2419 5353 uati
2446 5282 2606 5353 ποιεζν
2628 5276 2782 5354 κρίμα
2806 5275 3229 5354 καὶρξκαιοσύνην
3252 5277 3303 5329 ἓν
3326 5278 3480 5354 piat,»

1902 5298 2002 5330 κείν
2022 5297 2103 5329 τον
2133 5294 2309 5350 κυριον
2339 5296 2419 5353 κᾳι
2446 5295 2606 5353 ποιειγ
2628 5294 2782 5396 lg?!“
2806 5294 2889 5327 και
2910 5294 3229 5353 οξκαιοσυνην
3252 5296 3303 5329 εν
3326 5296 3480 5345 psam.

1902 5355 1995 5416 τῆς
2025 5354 2148 5416 γῆς·
2180 5358 2299 5416 quae
2338 5358 2425 5416 sne
2454 5351 2617 5416 vertit
2655 5361 2658 5364 ’
2714 5341 3020 5411 mgarelltus
3064 5350 3247 5416 noster
3273 5358 3291 5394 :
3344 5342 3481 5397 Non

1902 5411 2153 5483 glorietur
2182 5411 2385 5481 sapiens
2409 5414 2469 5465 in
2486 5413 2739 5482 sapientia
2762 5428 2879 5483 sua,
2904 5421 2953 5465 et
2984 5428 3088 5483 non
3114 5411 3487 5483 glo‘rieturrpow

1902 5480 2013 5537 iens
2040 5484 2093 5536 in
2123 5480 2351 5552 potentia
2393 5499 2513 5545 sua,
2546 5480 2597 5535 et
2624 5497 2726 5534 non
2751 5480 3002 5552 glorietur
3027 5480 3168 5552 dives
3184 5480 3245 5534 in
3275 5480 3485 5552 divitiis;

1900 5555 2042 5630 s_uis;
2079 5550 2168 5605 sed
2201 5553 2255 5604 in
2293 5553 2389 5630 hoc
2414 5552 2696 5630 glorietur,
2723 5552 2781 5630 lsi
2824 5550 3065 5630 intelligit
3085 5590 3115 5629 ,.
3130 5560 3177 5630 et
3208 5550 3479 5630 cognoscit

1900 5622 2221 5685 Dominum;
2258 5630 2315 5674 et‘
2344 5623 2389 5675 si
2418 5619 2553 5689 facit
2561 5620 2845 5689 judicium,
2892 5629 2941 5673 et
2980 5619 3245 5689 justitiam
3288 5621 3342 5672 in
3370 5634 3470 5689 me.

1900 5693 1987 5743 dio
2012 5700 2184 5744 terrae.
2242 5686 2446 5757 Quibus
2493 5686 2732 5744 recitatis
2780 5690 2895 5744 tunc
2943 5686 3159 5755 subiicit
3205 5688 3349 5742 idem
3385 5686 3479 5743 ille

1900 5756 2297 5831 Mingarcllius’,
2326 5776 2484 5830 quem
2512 5760 2734 5830 allegavi
2776 5775 2789 5813 :
2830 5774 2947 5828 (ματ
3000 5756 3151 5813 verba
3193 5773 3357 5829 neque
3386 5758 3472 5813 hic
