3912 6332
435 313 536 372 6—53

1487 308 1758 364 CLAUDII
1799 306 2258 367 TAURINENSIS
2296 305 2599 361 EPISCOPI

3597 296 3698 350 1544

432 436 508 480 tiu
533 441 629 480 sua
668 436 687 476 :
725 433 772 478 et
801 421 1090 492 negligetur
1127 427 1305 488 potens
1334 418 1644 488 inpotentia
1676 435 1773 472 sua
1805 427 1892 471 :et
1922 435 2012 472 ne-
2040 423 2090 482 Α
2115 416 2222 470 erit
2270 429 2418 477 reus,
2451 413 2575 480 quia
2624 412 2676 465 id
2714 424 2817 463 non
2851 418 2997 462 motu
3047 407 3293 476 corporis
3334 407 3544 478 gessit,
3579 422 3702 460 cum

435 514 657 585 gligetur
684 512 827 566 dives
850 511 905 564 in
928 509 1123 563 divitiis
1149 509 1259 562 suis
1284 525 1300 562 :
1325 508 1412 562 sed
1443 507 1498 561 in
1528 507 1624 560 hoc
1648 506 1901 578 glorietur
1925 507 2014 576 qui

434 603 692 675 gloriatur
725 617 742 655 :
784 599 1106 670 intelligere,
1137 608 1185 652 et
1219 599 1351 652 scire
1379 597 1692 661 Dominum,
1747 607 1794 650 et
1846 593 2017 666 facere

430 691 713 763 judicium,
737 697 785 743 et
802 688 1073 758 justitiam
1101 688 1155 740 in
1185 686 1354 740 medio
1396 694 1572 740 teme.
1605 683 1722 738 Non
1745 699 1911 754 parva
1951 701 2019 739 ex

440 787 596 849 parte
626 777 874 846 intelligit
905 815 919 840 ,
958 783 1016 830 et
1055 775 1158 828 scit
1197 773 1481 828 Dominum
1506 813 1519 837 ,
1574 773 1668 842 qui
1723 773 2017 841 intelligit,

440 872 495 919 et
523 864 626 918 scit
650 862 816 916 etiam
840 861 954 913 hcce
983 874 1011 912 a
1040 858 1269 913 Domino
1297 858 1400 912 sibi
1440 859 1557 913 dari
1581 898 1595 923 ,
1643 866 1704 911 ut
1737 857 2019 927 intelligat,

439 962 494 1008 et
523 952 660 1007 sciat
685 950 995 1004 Dominum.
1045 947 1185 1014 Quid
1231 948 1370 1002 enim
1395 948 1552 1002 habes
1574 990 1587 1013 ,
1623 949 1700 1003 ait
1737 950 2023 1018 Apostolus

442 1043 514 1114 (1.
539 1042 720 1096 Corin.
746 1039 798 1092 4.
823 1040 924 1109 7.),
953 1040 1090 1109 quod
1134 1055 1236 1092 non
1270 1040 1552 1108 accepisti?
1589 1037 1647 1094 Si
1680 1050 1856 1093 autem
1878 1057 2024 1093 acce-

437 1135 584 1204 pisti,
611 1132 739 1202 quid
792 1131 1062 1202 gloriaris,
1114 1132 1266 1201 quasi
1310 1147 1414 1184 non
1444 1132 1743 1200 acceperis?
1793 1132 1848 1186 id
1895 1141 2022 1186 est:

440 1226 594 1296 quasi
621 1233 727 1277 ate
752 1225 864 1293 ipso
895 1222 990 1275 tibi
1013 1222 1111 1284 sit,
1167 1223 1306 1276 unde
1351 1222 1619 1292 gloriaris.
1662 1221 1816 1276 Facit
1844 1230 2026 1276 autem

438 1316 701 1387 judicium
724 1354 739 1377 ,
767 1323 821 1367 et
841 1313 1108 1382 justitiam
1149 1312 1240 1380 qui
1291 1321 1436 1366 recte
1467 1311 1619 1364 vivit.
1650 1311 1817 1366 Recte
1847 1323 2028 1367 autem

445 1406 615 1469 vivit,
663 1405 756 1473 qui
782 1402 1479 1472 obtemperatprzecipienti
1509 1402 1638 1466 Deo,
1670 1412 1718 1456 et
1746 1403 1869 1469 ﬁnis
1894 1420 2030 1473 pra:-

445 1500 578 1568 cepti
614 1496 688 1567 (Ι.
719 1497 886 1550 Timo.
921 1496 970 1548 1.
999 1495 1101 1564 5.),
1141 1495 1217 1566 (id
1243 1503 1324 1548 est
1353 1495 1419 1548 ad
1453 1494 1597 1563 quod
1627 1493 1861 1548 refertur
1893 1510 2031 1564 prae-

445 1590 685 1660 ceptum)
738 1589 970 1642 cliaritas
1006 1597 1079 1641 est
1105 1587 1169 1639 de
1210 1587 1367 1639 corde
1411 1603 1542 1656 puro
1567 1627 1580 1650 ,
1623 1597 1669 1638 et
1712 1588 2031 1639 conscientia

449 1679 602 1741 bona,
652 1688 699 1732 et
732 1679 836 1746 fide
877 1695 980 1730 non
1019 1677 1164 1745 ﬁcta.
1214 1675 1385 1730 Porro
1436 1676 1540 1730 ista
1594 1677 1824 1730 charitas
1872 1675 2035 1746 (sicut

2117 501 2220 556 hoc
2249 499 2491 571 perillud
2523 506 2736 569 tempus
2765 499 3026 568 gesserit,
3051 512 3158 566 quo
3183 499 3356 566 gessit
3385 507 3442 551 et
3471 495 3706 567 corpus?

2117 596 2226 650 Isto
2261 594 2421 649 modo
2469 600 2834 662 congruenter
2877 591 3100 659 intelligi
3131 598 3312 659 potest
3353 591 3523 645 etiam
3550 589 3706 655 illud,

2120 687 2262 756 quod
2294 686 2346 739 in
2368 684 2587 740 Psalmo
2612 683 2811 753 legitur
2839 681 2955 756 (Ps.
2987 683 3075 736 75.
3110 681 3222 752 12.)
3276 701 3288 735 :
3337 682 3480 736 Deus
3529 692 3713 737 autem

2122 796 2214 833 rex
2243 788 2419 834 noster
2447 786 2569 831 ante
2597 776 2820 841 stecula,
2844 785 3088 846 operatus
3113 786 3189 830 est
3216 775 3437 829 salutem
3462 776 3515 829 in
3537 773 3712 830 medio

2123 881 2297 925 terraz.
2356 869 2429 925 Ut
2456 869 2720 923 Dominus
2768 866 2928 922 Jesus
2959 867 3259 935 accipiatur
3308 867 3455 920 Deus
3497 874 3710 930 noster,

2125 961 2215 1031 qui
2245 969 2325 1014 est
2361 967 2486 1013 ante
2515 957 2714 1012 saecula
2749 957 2892 1028 (Joa.
2924 958 2975 1011 1.
3007 959 3060 1012 5.
3083 965 3139 1011 et
3171 954 3334 1009 Hebr.
3366 956 3416 1008 1.
3444 954 3550 1025 2.),
3577 953 3713 1023 quia

2123 1068 2216 1122 per
2240 1052 2410 1121 ipsum
2443 1049 2586 1119 facta
2615 1056 2738 1102 sunt
2757 1047 2975 1112 saecula,
3003 1055 3259 1116 operatus
3291 1055 3374 1101 est
3402 1045 3630 1099 salutem
3659 1045 3718 1098 in

2127 1142 2299 1196 medio
2329 1150 2515 1205 terra,
2544 1153 2669 1192 cum
2701 1136 2839 1206 (Joa.
2871 1138 2922 1190 1.
2953 1136 3064 1208 14.)
3096 1135 3326 1189 Verbum
3351 1152 3473 1188 caro
3509 1135 3718 1204 factum

2128 1242 2230 1296 est,
2257 1233 2285 1272 ιι
2309 1239 2365 1285 et
2395 1238 2613 1284 terreno
2636 1227 2905 1282 habitavit
2927 1228 2980 1281 in
3001 1241 3248 1296 corpore.
3274 1225 3474 1279 Deinde
3498 1234 3722 1294 postea-

2129 1339 2289 1394 quam
2320 1322 2700 1392 prophetatum
2731 1328 2816 1388 est
2839 1319 2892 1372 in
2918 1319 3003 1373 his
3025 1318 3207 1372 verbis
3224 1317 3412 1379 Annze,
3444 1315 3723 1385 quomodo

2130 1414 2348 1484 gloriari
2379 1411 2562 1464 debeat
2591 1411 2680 1478 qui
2729 1409 3008 1480 gloriatur,
3045 1424 3152 1463 non
3184 1409 3239 1461 in
3266 1423 3326 1462 se
3371 1409 3581 1475 utique,
3624 1407 3724 1460 sed

2134 1504 2185 1556 in
2214 1501 2444 1556 Domino
2481 1514 2494 1552 :
2527 1509 2748 1569 propter
2780 1499 3194 1554 retributionem
3221 1539 3235 1563 ,
3277 1513 3396 1566 qua:
3430 1498 3483 1550 in
3515 1498 3602 1551 die
3636 1496 3727 1564 juc

2139 1591 2266 1648 dicii
2306 1591 2487 1646 futura
2521 1600 2604 1647 est
2639 1594 2712 1662 (v.
2748 1591 2882 1661 10.).
2929 1590 3186 1644 Dominus
3233 1589 3465 1642 ascendit
3497 1589 3727 1660 (inquit)

2135 1685 2191 1736 in
2220 1682 2392 1747 calos,
2425 1691 2474 1736 et
2504 1682 2672 1736 tonuit
2707 1697 2725 1734 :
2779 1682 2889 1750 ipse
2926 1679 3192 1749 judicabit
3241 1688 3472 1732 extrema
3531 1688 3726 1741 terra,

447 1769 685 1831 Joannes
706 1769 980 1838 apostolus
1004 1768 1251 1839 testatur)
1286 1766 1358 1839 (1.
1383 1767 1506 1821 Joa.
1534 1767 1587 1821 4.
1609 1768 1685 1837 7.)
1710 1784 1774 1820 ex
1801 1768 1910 1821 Deo
1937 1775 2033 1822 est.
2063 1770 2111 1830 B
2139 1775 2262 1845 quia
2285 1773 2464 1843 justus
2496 1782 2593 1828 est.
2621 1771 2855 1826 Prorsus
2879 1769 3126 1825 ordinem
3158 1768 3332 1822 tenuit
3363 1766 3730 1822 confessionis

450 1861 655 1916 Facere
683 1875 813 1929 ergo
840 1859 1128 1926 judicium,
1160 1867 1213 1913 et
1232 1858 1524 1928 justitiam,
1553 1873 1616 1913 ex
1651 1859 1762 1913 Deo
1785 1867 1887 1913 est.
1927 1857 2036 1913 Sed

451 1952 582 2020 quid
603 1958 687 2005 est
709 1953 764 2003 in
786 1951 954 2003 medio
987 1950 1174 2003 terrae?
1205 1949 1389 2018 Neque
1417 1949 1562 2003 enim
1589 1965 1696 2003 non
1738 1950 1936 2004 debent
1961 1947 2040 2003 fa-

453 2057 575 2096 cere
614 2040 877 2108 judicium
908 2048 963 2093 et
986 2039 1280 2109 justitiam,
1308 2040 1400 2108 qui
1426 2039 1676 2093 habitant
1699 2040 1751 2093 in
1779 2040 2040 2094 extremis

454 2133 660 2187 terrai?
687 2129 818 2196 Quis
842 2131 958 2184 haec
983 2130 1222 2183 dixerit?
1271 2128 1381 2184 Cur
1412 2143 1542 2198 ergo
1573 2129 1814 2183 additum
1867 2137 1953 2184 est
1984 2131 2041 2182 in

454 2224 627 2277 medio
660 2223 853 2276 terrm?
882 2221 1035 2288 Quod
1087 2222 1132 2275 si
1186 2237 1295 2275 non
1347 2205 1641 2274 adderetur
1667 2262 1679 2285 ,
1718 2232 1773 2274 et
1805 2229 2044 2274 tantum-

455 2316 615 2371 modo
659 2316 932 2370 diceretur
961 2314 1133 2383 facere
1155 2315 1423 2383 judicium
1447 2355 1460 2377 ,
1499 2326 1548 2368 et
1587 2316 1876 2384 justitiam,
1932 2330 2045 2369 ma-

457 2420 622 2475 gnum
638 2406 741 2458 hoc
757 2413 1077 2473 praeceptum
1102 2405 1168 2456 ad
1182 2411 1441 2472 utrosque
1458 2404 1703 2459 homines
1726 2406 2042 2474 pertineret,

456 2503 512 2550 et
542 2495 1000 2556 mediterraneos,
1048 2501 1103 2546 et
1137 2493 1458 2546 maritimos.
1510 2492 1633 2564 Sed
1659 2509 1725 2547 ne
1758 2495 2045 2564 quisquam

457 2592 672 2654 putaret
700 2592 820 2653 post
848 2582 1009 2636 finem
1040 2583 1188 2646 Viltﬁ,
1232 2597 1350 2650 quae
1375 2584 1427 2636 in
1457 2584 1560 2637 hoc
1585 2559 2043 2653 agitur—corpore,

463 2690 747 2745 superesse
779 2682 1018 2744 tempus,
1044 2672 1334 2741 judicium,
1375 2674 1751 2744 justitiamque
1789 2675 2046 2740 faciendi,

461 2781 624 2836 quam
654 2766 779 2819 dum
816 2773 960 2818 esset
992 2765 1044 2817 in
1071 2779 1234 2818 carne
1261 2780 1366 2818 non
1403 2765 1561 2828 fecit,
1602 2775 1654 2819 et
1695 2767 1774 2820 sic
1805 2766 2047 2820 divinum

463 2856 616 2910 evadi
647 2853 1108 2924 posscjudicium,
1145 2855 1199 2908 in
1231 2855 1398 2908 medio
1447 2865 1602 2910 terra:
1651 2857 1786 2910 mihi
1833 2858 2051 2912 videtur

475 2950 704 3012 dictum,
733 2963 855 3001 cum
880 2948 1109 3016 quisque
1140 2947 1193 3000 in
1220 2962 1446 3016 corpore
1468 2948 1618 3002 vivit.
1639 2948 1694 3002 ln
1718 2949 1820 3004 hac
1853 2952 2051 3021 quippe

2139 1865 2409 1930 fidelium;
2457 1863 2702 1918 ascendit
2732 1862 2878 1917 enim
2908 1860 2964 1914 in
2991 1859 3190 1914 coelum
3251 1858 3516 1912 Dominus
3565 1857 3731 1910 Jesus

2140 1955 2419 2020 Christus,
2452 1963 2507 2008 et
2546 1953 2669 2007 inde
2693 1960 2958 2005 venturus
2986 1958 3072 2003 est
3100 1949 3167 2002 ad
3196 1949 3371 2011 vivos,
3403 1955 3458 2002 et
3482 1955 3733 2000 mortuos

2139 2047 2482 2116 judicandos.
2515 2043 2656 2098 Nam
2686 2043 2801 2113 quis
2851 2041 3083 2094 ascendit
3113 2039 3278 2109 (sicut
3316 2039 3449 2092 dicit
3491 2037 3730 2105 Aposto-

2150 2137 2253 2207 lus)
2285 2137 2443 2205 (Eph.
2479 2134 2534 2187 4.
2566 2134 2618 2188 9.
2656 2131 2766 2201 10.)
2822 2132 2923 2184 nisi
2975 2131 3063 2200 qui
3104 2140 3152 2183 et
3180 2129 3442 2183 descendit
3487 2129 3542 2180 in
3590 2128 3732 2195 infe-

2147 2228 2308 2280 riores
2353 2233 2526 2293 partes
2577 2222 2767 2275 terrm?
2813 2219 2917 2284 Qui
2952 2218 3217 2271 descendit
3260 2218 3367 2286 ipse
3397 2225 3509 2279 est,
3559 2224 3606 2268 et
3642 2214 3736 2283 qui

2145 2315 2379 2368 ascendit
2437 2329 2592 2381 super
2639 2327 2813 2364 omnes
2873 2308 3026 2362 caelos
3074 2318 3130 2360 ut
3179 2306 3487 2376 adimpleret
3529 2305 3734 2358 omnia.

2147 2407 2250 2462 Per
2278 2407 2448 2460 nubes
2500 2418 2630 2474 ergo
2688 2419 2814 2458 suas
2867 2402 3074 2463 tonuit,
3107 2401 3234 2468 quia
3287 2407 3479 2455 sancto
3524 2397 3737 2467 Spiritu

2148 2517 2270 2556 cum
2293 2500 2623 2555 ascendisset
2651 2539 2664 2559 ,
2701 2497 2942 2566 implevit
2975 2513 2986 2548 :
3019 2496 3094 2549 De
3121 2494 3316 2563 quibus
3362 2491 3577 2546 ancillae
3603 2490 3740 2545 [lie-

2149 2592 2408 2655 rusalem,
2460 2591 2562 2643 hoc
2592 2595 2674 2642 est
2704 2627 2717 2651 ,
2773 2588 2999 2656 ingrata:
3035 2585 3205 2637 vineae
3237 2581 3610 2636 comminatus
3653 2588 3742 2635 est

2151 2680 2292 2750 apud
2316 2679 2510 2732 Isaiam
2546 2676 2867 2746 prophetam
2900 2675 2973 2745 (ν.
3006 2674 3084 2742 6.)
3112 2690 3173 2726 ne
3215 2671 3400 2742 pluant
3429 2687 3595 2740 super
3621 2685 3740 2722 eam

2149 2768 2385 2823 imbrem.
2425 2767 2579 2820 Sicut
2605 2773 2786 2819 autem
2816 2764 3019 2818 dictum
3050 2770 3133 2817 est
3165 2780 3178 2814 :
3211 2762 3326 2830 ipse
3352 2760 3620 2830 judicabit
3647 2776 3742 2813 ex-

2152 2867 2317 2911 trema
2358 2867 2538 2917 terrm,
2599 2871 2662 2910 ac
2720 2855 2765 2908 si
2805 2855 3074 2908 diceretur
3103 2861 3344 2907 extrema
3394 2851 3690 2905 bominis‘c
3723 2867 3739 2904 :

2153 2964 2262 3002 non
2289 2947 2433 3001 enim
2459 2946 2592 2999 alias
2622 2952 2804 3014 partes
2831 2958 2936 2997 non
2974 2942 3238 3012 judicabit
3258 2981 3274 3005 ,
3304 2941 3397 3009 qui
3423 2955 3620 2994 omnes
3645 2940 3745 2993 ho-

472 3040 584 3093 vita
625 3053 781 3092 suam
833 3045 1036 3091 terram
1067 3037 1295 3106 quisque
1330 3037 1677 3101 circumfert,
1728 3055 1890 3108 quam
1937 3055 2051 3094 mo-
2087 3099 2122 3109 Α
2155 3040 2329 3095 mines
2361 3038 2550 3109 procul
2573 3038 2736 3092 dubio
2754 3035 3042 3104 judicabit.
3074 3033 3178 3090 Sed
3200 3035 3397 3089 melius
3428 3032 3742 3101 intelligun-

473 3129 647 3182 riente
679 3127 898 3182 homine
928 3126 1121 3195 recipit
1172 3135 1314 3180 terra
1357 3138 1381 3165 ι
1410 3167 1424 3191 ,
1463 3129 1822 3198 consurgenti
1865 3130 2052 3199 utique
2078 3099 2124 3162 C
2160 3142 2248 3186 tur
2281 3141 2513 3186 extrema
2566 3141 2718 3184 terra:
2755 3138 3000 3184 extrema
3031 3128 3298 3191 hominis,
3344 3127 3606 3195 quoniam
3634 3139 3742 3178 non

472 3219 768 3272 redditura.
806 3217 1037 3271 Proinde
1064 3217 1116 3269 in
1143 3216 1311 3270 medio
1332 3225 1502 3282 terrm,
1529 3218 1582 3272 id
1606 3228 1689 3273 est
1719 3235 1840 3274 cum
1871 3223 2052 3276 anima

470 3315 654 3362 nostra
684 3308 784 3360 isto
811 3315 1024 3362 terreno
1045 3307 1318 3362 clauditur
1339 3320 1568 3379 corpore
1589 3351 1602 3374 ,
1629 3309 1940 3365 faciendum
1967 3321 2056 3366 est

467 3400 754 3470 judicium,
783 3409 947 3467 atque
968 3398 1206 3465 justitia,
1237 3403 1381 3469 quod
1410 3401 1568 3455 nobis
1593 3401 1763 3470 prosit
1791 3402 1844 3454 in
1875 3410 2054 3470 poste-

473 3504 593 3543 rum
619 3503 635 3538 :
666 3489 877 3558 quando
907 3488 1014 3560 (II.
1054 3487 1234 3544 Corin.
1265 3492 1318 3545 5.
1355 3491 1462 3560 10.)
1494 3493 1701 3561 recipiet
1723 3493 1938 3562 quisque
1969 3509 2053 3546 se—

471 3578 702 3633 cundum
733 3595 816 3642 ea,
844 3595 961 3648 qum
989 3596 1080 3648 per
1106 3596 1294 3650 corpus
1319 3581 1510 3650 gessit,
1558 3583 1660 3634 sive
1693 3581 1903 3646 bonum,
1946 3583 2054 3635 sive

474 3668 696 3722 malum.
733 3667 838 3721 Per
866 3683 1063 3736 corpus
1099 3670 1295 3739 quippe
1343 3671 1414 3724 ibi
1452 3671 1588 3724 dixit
1617 3671 1927 3741 Apostolus,
1957 3688 2056 3742 per

476 3769 712 3824 tempus,
740 3767 848 3825 quo
877 3757 1010 3810 vixit
1051 3757 1103 3810 in
1131 3774 1358 3828 corpore
1389 3778 1400 3812 :
1434 3776 1607 3829 neque
1655 3763 1797 3814 enim
1844 3763 1888 3815 si
1935 3764 2057 3832 quis

479 3849 712 3917 maligna
743 3856 946 3910 mente,
971 3858 1131 3917 atque
1151 3849 1316 3918 impia
1341 3851 1667 3920 cogitatione
1698 3852 2053 3922 blasphemet,

481 3955 654 4008 neque
679 3940 728 3994 id
760 3940 885 3994 ullis
911 3941 1170 3994 membris
1201 3943 1445 4010 corporis
1475 3954 1729 4012 operetur
1752 3984 1766 4009 ,
1802 3946 1922 4000 ideo
1950 3963 2056 4001 non

485 4089 763 4142 Hebraeum
792 4087 1058 4157 exemplar
1098 4089 1281 4153 habet,
1337 4099 1383 4142 et
1413 4091 1648 4144 videntur
1692 4106 1755 4146 ex
1812 4092 2058 4148 Ieremia:

479 4175 614 4211 nono
639 4159 806 4226 capite
834 4157 1218 4228 huc’translata
1251 4173 1268 4209 :
1301 4159 1365 4212 Et
1422 4176 1608 4213 revera
1639 4163 1920 4217 versiculis
1963 4166 2054 4228 2'5,

477 4237 532 4282 ct
558 4228 649 4290 2i,
679 4228 869 4295 capitis
896 4229 1020 4280 noni
1048 4226 1295 4281 Jeremia:
1339 4229 1451 4283 hmc
1479 4239 1694 4284 exstant
1727 4250 1738 4285 :
1777 4231 1905 4286 Ηίεε
1931 4226 2059 4288 dicit

479 4297 776 4368 Dominus:
806 4313 916 4368 non
932 4296 1184 4368 glorietur
1204 4299 1409 4368 sapiens
1437 4301 1489 4351 in
1519 4301 1775 4368 sapientia
1808 4320 1904 4357 sua
1930 4344 1942 4364 ,
2009 4313 2057 4357 et

483 4383 586 4441 non
611 4365 862 4441 glorietur
881 4365 1048 4441 [ortis
1064 4366 1118 4418 in
1147 4365 1450 4441 fortitudine
1474 4365 1589 4441 sua,
1615 4380 1662 4422 et
1682 4387 1784 4422 non
1806 4372 2059 4441 glorietur

2153 3222 2558 3292 iudicabuntur,
2587 3236 2706 3289 qua:
2729 3221 2783 3274 in
2811 3219 3028 3283 melius,
3056 3218 3141 3272 vel
3171 3219 3226 3272 in
3270 3208 3514 3270 deterius
3558 3214 3744 3268 medio

2157 3321 2398 3381 tempore
2435 3317 2839 3366 commutantur
2866 3308 2891 3348 ἀ
2925 3348 2939 3373 ,
2987 3307 3081 3362 sed
3130 3307 3183 3361 in
3227 3305 3426 3376 quibus
3475 3304 3745 3360 extremis

2155 3403 2410 3456 inventus
2459 3401 2643 3464 fuerit,
2675 3399 2768 3468 qui
2793 3397 3143 3467 judicabitur.
3187 3396 3417 3466 Propter
3469 3395 3617 3465 quod
3662 3393 3745 3449 di-

2155 3501 2303 3547 ctum
2338 3500 2420 3547 est
2444 3490 2657 3562 (Matth.
2693 3490 2777 3543 10.
2808 3487 2944 3558 22.).
2983 3487 3085 3553 Qui
3116 3497 3290 3541 autem
3332 3484 3744 3556 perseveraverit

2155 3597 2316 3651 usque
2338 3581 2391 3633 in
2418 3580 2574 3648 ﬁnem
2599 3620 2612 3644 ,
2655 3579 2736 3632 hic
2765 3578 2941 3632 salvus
2969 3579 3084 3630 erit.
3102 3566 3204 3642 Qui
3230 3591 3357 3646 ergo
3381 3589 3742 3644 perseveran-

2158 3682 2240 3726 ter
2264 3672 2396 3727 facit
2412 3672 2699 3740 judicium,
2720 3681 2785 3726 et
2809 3671 3075 3742 justitiam
3105 3671 3159 3724 in
3188 3671 3368 3725 medio
3397 3680 3578 3733 terrae,
3631 3684 3742 3722 non

2159 3767 2505 3821 damnabitur
2531 3805 2545 3830 ,
2575 3780 2697 3819 cum
2744 3764 3133 3833 iudicabuntur
3184 3771 3428 3819 extrema
3467 3774 3630 3818 terra:
3662 3767 3739 3835 (ν.

2161 3858 2292 3929 10.).
2320 3857 2389 3910 Et
2413 3857 2503 3909 dat
2531 3857 2748 3929 (inquit)
2775 3858 3014 3911 virtutem
3045 3857 3251 3927 regibus
3278 3858 3468 3911 nostris
3496 3874 3514 3910 :
3541 3867 3602 3909 ut
3633 3872 3742 3911 non

2157 3947 2556 4014 eosjudicando
2582 3946 2927 4011 condemnet,
2959 3947 3050 4001 dat
3074 3947 3154 4001 eis
3181 3947 3458 4011 virtutem,
3487 3961 3590 4014 qua
3619 3961 3743 3999 car-

2159 4119 2284 4158 raro
2332 4119 2362 4157 a
2397 4103 2650 4157 Patribus
2699 4104 2888 4173 procul
2952 4105 3114 4158 dubio
3164 4103 3517 4167 orthodoxis,
3555 4112 3614 4156 et
3656 4120 3745 4158 er-

2159 4175 2372 4254 roribus
2410 4173 2646 4228 Nestorii
2705 4182 2760 4227 et
2800 4173 3113 4244 Eutychetis
3157 4175 3589 4235 adversantibus,
3648 4175 3742 4227 ad-

2161 4245 2633 4382 huzeldougustinus
2663 4312 2841 4367 editus
2872 4331 2883 4366 :
2933 4322 3160 4366 extrema
3196 4323 3368 4376 teme,
3425 4313 3517 4367 sed
3545 4311 3696 4367 male
3724 4330 3737 4364 :

2163 4398 2337 4452 neque
2363 4382 2504 4452 enim
2536 4382 2862 4452 explicaret,
2893 4385 3034 4451 quod
3063 4384 3164 4438 sibi
3208 4382 3578 4451 explicandum
3609 4397 3743 4450 pro-

481 4435 622 4522 άὲξνςξ
647 4437 717 4522 _i’}
738 4436 1075 4522 ίίξξὲξίγιίίίδηίδ
1105 4449 1121 4485 ³
1149 4435 1237 4522 ³βά
1281 4437 1464 4516 δι’,Ῐιοε
1493 4437 1744 4522 9¹ονίείείν
1769 4481 1782 4502 ν
1807 4435 1900 4520 ξμιί
1945 4442 2058 4522 91οῖ
2083 4435 2136 4493 D
2163 4435 2340 4522 puduit
2372 4435 2705 4522 Augustinus
2736 4469 2749 4506 :
2807 4435 3173 4522 emendandus
3220 4435 3306 4506 est
3357 4435 3534 4521 itaque
3580 4435 3744 4505 locus

485 4506 654 4581 riotur
686 4517 714 4581 .‘_
727 4505 877 4581 scire,
903 4514 1122 4581 et‘nosse
1145 4521 1242 4581 me,
1272 4507 1394 4581 quia
1421 4523 1512 4574 ego
1535 4524 1648 4581 sum
1675 4505 2057 4581 Domi'nusfqui

485 4572 624 4645 facio
648 4573 1077 4645 misericordiam,
1105 4583 1171 4645 _et
1193 4572 1478 4645 judicium,
1508 4587 1554 4628 et
1571 4578 1838 4645 justitiam
1869 4581 1925 4632 in
1957 4572 2059 4633 me-

485 4641 573 4716 dio
617 4651 788 4716 terter.
821 4641 988 4716 Porro
1011 4659 1076 4696 ex
1104 4641 1511 4716 hocaugustini
1533 4687 1546 4710 ,
1572 4641 1818 4716 ideoque
1847 4650 2059 4704 Euche-

486 4711 551 4765 rii
571 4751 584 4773 ,
607 4720 668 4782 et
697 4711 901 4765 Claudii
946 4710 1061 4765 loco
1083 4710 1572 4782 manifestoliquet,
1602 4710 1913 4782 jamdudum
1940 4734 2060 4771 ver-

486 4780 684 4853 siculos
707 4796 840 4853 quos
867 4782 1008 4844 dixi,
1057 4782 1125 4853 ing
1145 4781 1310 4853 Anna:
1358 4780 1577 4837 Cantico
1605 4780 1716 4853 legi
1743 4825 1756 4847 ,
1796 4796 1850 4840 et
1876 4787 2059 4841 Eccle-

487 4851 595 4903 sias
622 4851 848 4902 recitare
878 4851 1240 4904 consuevisse.
1276 4851 1356 4903 An
1410 4853 1475 4903 ad
1505 4853 1617 4907 haec
1661 4851 1852 4908 Paulus
1889 4859 2059 4910 resni-

487 4921 591 4998 sit;
623 4920 748 4998 dum
776 4919 881 4998 ῑιὲιῗ
911 4919 1016 4998 Qui.
1044 4919 1300 4998 gloriati!"
1323 4921 1375 4971 ίη
1401 4920 1620 4976 Domi”
1647 4923 1919 4993 9’°"“"“”
1945 4919 2052 4998 [η’

491 4987 614 5041 Cor.
644 4990 732 5058 10.
771 4987 878 5058 17.)
906 4989 1230 5058 judicaverit
1256 4990 1442 5042 lector.

494 5126 536 5180 Ε
561 5071 585 5096 ιι
611 5055 932 5178 hAdditur'iu
955 5057 1254 5125 Augustino
1297 5060 1441 5113 edito
1471 5063 1757 5115 communis
1783 5077 1799 5113 :
1830 5064 1976 5120 deest
2002 5067 2056 5120 in

543 5141 607 5179 uc
649 5141 781 5179 eno.

543 5141 781 5179 UCDCI‘IO.

565 5197 592 5235 ι)
628 5195 979 5270 Locutioista
1012 5212 1022 5245 :
1055 5205 1257 5270 terreno
1278 5196 1529 5270 habitavit
1570 5202 1623 5252 in
1652 5218 1880 5270 corpore,
1914 5206 1958 5258 si
1988 5207 2060 5258 ri-

492 5279 682 5338 gorose
709 5265 1020 5333 accipiatur,
1046 5265 1337 5338 Catholicis
1358 5269 1548 5338 merito
1575 5265 1876 5338 displicebit
1907 5293 1917 5327 :
1947 5286 2061 5329 ete-

493 5335 604 5386 nim
631 5341 980 5408 nontantum
1010 5342 1224 5408 terreno
1262 5337 1523 5408 habitavit
1563 5339 1615 5391 in
1656 5335 1881 5408 corpore
1925 5345 2061 5398 divi-

493 5419 620 5456 num
651 5404 916 5478 Verbum,
953 5404 1067 5478 _sed
1110 5415 1356 5458 naturam
1416 5407 1700 5460 hamanam
1734 5404 2017 5469 assumens
2044 5455 2058 5478 ,

493 5473 845 5549 eamque_§ibi
877 5473 1103 5549 auitam,
1159 5489 1355 5543 corpus
1401 5478 1562 5549 etiam
1595 5478 1692 5549 sibi
1727 5473 2062 5549 hypostaticé

494 5495 720 5540 eantque
745 5495 845 5526 sum
878 5495 1103 5537 mutatu,
1159 5495 1355 5543 corpus
1401 5495 1562 5529 etiam
1595 5495 1692 5530 SIDI
1727 5495 1757 5532 D
1785 5495 2060 5549 'postatice

494 5543 682 5622 univit.
723 5541 834 5622 Hoc
883 5540 950 5622 de
988 5554 1318 5622 argumentq
1354 5546 1569 5622 copiose
1609 5495 1862 5622 Theologi
1889 5591 1902 5613 ,
1967 5556 2060 5622 qui

494 5611 656 5665 etiam
718 5613 1004 5680 advertunt
1038 5613 1196 5676 hanc,
1228 5622 1282 5666 et
1305 5611 1462 5680 hujus
1509 5616 1708 5670 similes
1763 5611 2060 5677 locutiones

491 5692 616 5738 ante
667 5690 883 5736 exortos
946 5679 1177 5736 Nestorii
1232 5692 1287 5736 et
1333 5679 1641 5755 Eutychetis
1687 5704 1899 5746 errores
1953 5709 2060 5748 non

2163 4520 2263 4574 iste
2292 4537 2387 4591 per
2416 4520 2741 4575 Eucherium
2768 4562 2782 4584 ,
2823 4531 2880 4576 et
2917 4537 3012 4591 per
3055 4521 3296 4576 codicem
3357 4520 3599 4575 nostrum
3631 4562 3647 4585 ,
3689 4529 3745 4576 et

2161 4591 2442 4660 legendum
2477 4599 2709 4660 extrema
2739 4591 2983 4644 hominis.

2232 4661 2257 4698 ά
2297 4659 2422 4712 Haec
2447 4659 2610 4730 verba
2647 4674 2752 4712 non
2779 4661 2856 4714 sic
2894 4661 3130 4728 accipias
3169 4661 3308 4724 volo,
3338 4669 3398 4714 ut
3431 4669 3742 4730 postremas

2163 4737 2371 4782 tantum
2419 4729 2660 4781 actiones
2713 4738 2924 4782 nostras
2965 4731 3170 4798 judicet
3203 4729 3482 4790 Dominus,
3525 4731 3587 4783 de
3631 4745 3742 4798 quo

2163 4799 2423 4866 scriptum
2453 4805 2536 4849 est
2573 4813 2586 4849 :
2622 4798 2688 4850 Et
2722 4799 2996 4851 scrutabor
3040 4799 3374 4853 Hierusalem
3408 4802 3461 4853 in
3503 4801 3736 4852 lucernis

2163 4867 2350 4937 (Soph.
2381 4867 2429 4918 1.
2468 4866 2576 4936 12.)
2609 4869 2700 4920 sed
2737 4869 2879 4935 quod
2908 4867 3173 4934 judicabit
3211 4885 3330 4932 nos,
3363 4880 3420 4922 ut
3451 4871 3737 4928 invenerit,

2163 4953 2325 5004 quum
2375 4951 2522 4990 mors
2551 4952 2649 4989 nos
2681 4939 2878 4989 mundo
2914 4939 3142 5005 abripiet
3172 4956 3186 4991 :
3226 4940 3269 4992 si
3293 4940 3436 4992 enim
3469 4940 3606 4991 Deus
3636 4940 3740 4992 sibi

2162 5013 2344 5077 gratos
2388 5005 3021 5077 in_venerit,_nostrarum
3053 5009 3388 5077 iniquitatum
3426 5025 3527 5060 non
3571 5024 3742 5060 recor-

2162 5072 2372 5126 dabitur
2401 5072 2534 5195 (Isa.
2567 5074 2653 5126 45.
2678 5075 2768 5143 ‘25)
2819 5077 3041 5144 amplius
3065 5093 3083 5128 :
3113 5072 3170 5129 Si
3204 5093 3333 5130 vero
3363 5078 3467 5131 sibi
3512 5078 3738 5139 invisos,

2162 5153 2216 5195 ct
2260 5143 2398 5195 letha
2428 5145 2439 5195 i
2469 5152 2690 5195 peccato
2734 5154 3135 5195 praeoccupatos
3169 5147 3435 5195 invenerit
3477 5165 3488 5195 :
3535 5148 3738 5195 iustitia

2161 5153 2216 5216 et
2260 5143 2439 5216 lethali
2469 5152 2709 5216 peccato
2734 5143 3135 5213 praeoccupatos
3169 5147 3435 5200 invenerit
3477 5165 3488 5198 :
3524 5148 3740 5216 justitia

2153 5213 2290 5284 justi
2344 5229 2446 5284 non
2495 5213 2890 5284 libergbiteum
2949 5216 3002 5266 in
3044 5229 3355 5284 quacunque
3413 5213 3741 5284 die'pecca-

2161 5283 2330 5354 verit._
2361 5281 2550 5354 Ezech.
2589 5282 2804 5354 25;”.
2823 5285 2966 5354 quod
3010 5282 3136 5354 alibi
3158 5281 3277 5354 his
3301 5287 3483 5339 verbis
3523 5281 3743 5354 exples-

2163 5352 2275 5432 sius
2319 5351 2590 5432 inculcat:
2626 5351 2839 5423 (Ezec/t.
2880 5353 2964 5432 18:
3004 5353 3100 5432 24)
3140 5353 3485 5432 (Si-averterit
3527 5351 3740 5423 se'jus-

2163 5431 2246 5474 tus
2295 5421 2582 5492 arjustitAia
2637 5421 2731 5472 sua
2760 5463 2774 5485 ,
2827 5432 2874 5473 et
2904 5421 3102 5492 fecerit
3147 5423 3544 5492 iniquitatem...
3606 5421 3740 5478 nun-

2162 5491 2286 5560 quid
2312 5491 2478 5562 vivet?
2508 5489 2696 5543 Omnes
2736 5489 3138 5562 justititeejus,
3187 5489 3316 5561 quas
3363 5494 3582 5562 fecerat,
3636 5511 3738 5547 non

2164 5558 2612 5631 recordabuntur,
2665 5558 3234 5629 iii—pravaricatioue,
3273 5558 3378 5631 qua
3415 5566 3736 5631 praevarica-

2164 5640 2245 5679 tus
2281 5638 2386 5700 est,
2427 5639 2472 5679 et
2507 5629 2556 5680 in
2595 5640 2804 5697 peccato
2843 5645 2937 5682 suo
2963 5669 2977 5693 ,
3016 5631 3152 5699 quod
3177 5629 3404 5700 peccavit

2290 5638 2386 5706 est,
2427 5639 2472 5679 et
2507 5632 2556 5680 in
2595 5640 2804 5697 peccato
2843 5645 2937 5682 suo
2963 5669 2977 5693 ,
3016 5632 3152 5699 quod
3177 5632 3404 5700 peccavit
3456 5646 3472 5682 ε
3523 5633 3575 5684 in
3615 5632 3739 5701 ipsis

2165 5707 2435 5750 ηιυισιριιιν.
