3912 6320
119 322 230 378 615

1008 310 1470 393 QUESTIONES
1508 324 1657 380 xxx
1695 320 1921 381 SUPER
1961 321 2207 379 LIBROS
2247 322 2512 387 nucum.

3274 327 3377 383 648

120 451 283 501 nem,
313 436 456 492 sicut
485 453 654 510 reges,
686 448 904 511 regant,
952 448 1008 494 et
1058 441 1112 495 in
1164 440 1258 495 illo
1290 441 1571 505 mundum,
1608 440 1699 512 qui
1728 438 1780 501 Α
1803 450 1941 500 mea.
1962 451 2079 505 qua:
2114 437 2358 506 ρητοερὶ,
2382 446 2440 490 αι
2472 437 2787 507 ollerrentur
2819 442 2873 494 in
2904 442 3111 514 templo,
3136 456 3184 497 ct
3212 446 3378 516 magis

117 536 349 599 pmpter
369 542 465 585 eos
485 528 621 601 ludit
644 530 981 601 sanguinem,
1004 531 1223 585 vincant
1249 528 1424 601 (Ibi.).

200 637 222 671 ι
268 619 339 673 Et
354 619 603 675 exultavit
629 637 791 676 cornu
810 618 1005 675 Christi
1026 622 1130 676 sui.
1147 620 1428 687 Quomodo
1453 618 1705 676 Christus

119 709 388 766 exultavit
416 726 584 766 cornu
613 696 818 767 Christi
845 712 965 767 sui?
1002 712 1078 767 De
1125 726 1234 782 quo
1261 711 1406 766 enim
1434 725 1598 781 supra
1624 709 1705 766 di-

121 808 275 854 ctum
306 807 389 854 est
416 817 429 852 :
456 800 712 855 Dominus
734 801 968 856 ascendit
992 802 1047 856 in
1084 800 1237 856 caelos
1260 842 1275 867 ,
1303 812 1359 857 et
1400 802 1705 857 intellectus

120 897 209 942 est
238 890 501 945 Dominus
529 890 798 957 Christus,
830 892 980 963 ipse,
1010 892 1151 947 sicut
1190 893 1281 948 hic
1318 894 1529 958 dicitur,
1558 893 1704 948 exal-

120 978 253 1033 tavit
283 995 446 1031 cornu
483 977 679 1033 Christi
703 980 804 1034 sui.
840 981 972 1048 Quis
998 996 1130 1053 ergo
1157 990 1242 1037 est
1270 981 1517 1037 Christus
1543 980 1701 1037 Chri-

120 1068 236 1122 sti?
270 1083 336 1122 an
388 1084 559 1123 cornu
591 1069 853 1125 exaltabit
901 1070 1319 1141 uniuscujusque
1364 1069 1538 1127 ﬁdelis
1572 1072 1655 1128 sui
1685 1090 1697 1125 :

120 1161 269 1214 sicut
291 1160 393 1215 ista
422 1160 538 1231 ipsa
570 1162 626 1216 in
654 1162 922 1233 principio
952 1162 1114 1232 hujus
1135 1164 1319 1234 hymni
1342 1164 1418 1218 ait
1454 1181 1467 1217 :
1499 1164 1703 1218 exalta-

116 1260 235 1303 tum
262 1258 339 1303 est
381 1266 543 1304 cornu
571 1267 743 1305 meum
781 1252 837 1305 in
890 1251 1000 1305 Deo
1058 1253 1219 1306 meo?
1256 1251 1460 1307 Omnes
1505 1253 1703 1323 quippe

120 1350 317 1396 unctos
359 1343 477 1412 ejus
514 1342 809 1398 chrismate
858 1351 1003 1398 recte
1041 1342 1286 1399 Christus
1310 1359 1597 1414 possumus
1622 1346 1700 1400 di-

119 1445 269 1485 cere.
304 1429 458 1497 Quod
504 1440 685 1486 tamen
713 1440 884 1487 totum
918 1448 1040 1487 cum
1089 1448 1187 1488 suo
1242 1435 1422 1503 capite
1466 1448 1697 1503 corpus,

119 1533 264 1573 unus
292 1527 379 1573 est
405 1519 673 1575 Christus.
699 1519 824 1576 Hinc
855 1520 1011 1576 Anna
1046 1523 1389 1591 prophetavit
1432 1523 1701 1580 Samuelis

120 1618 324 1675 mater,
355 1612 529 1667 sancti
580 1611 708 1677 viri,
738 1613 1074 1684 multumque
1096 1614 1317 1670 laudati.
1351 1615 1410 1670 In
1441 1631 1548 1687 quo
1575 1616 1698 1685 qui-

118 1701 245 1755 dem
281 1710 409 1756 tunc
437 1701 666 1773 ﬁgurata
688 1712 772 1759 est
798 1706 1026 1759 mutatio
1054 1707 1255 1761 veteris
1293 1706 1615 1771 sacerdotii,
1646 1716 1703 1762 et

1803 525 2075 581 honorasti
2102 527 2245 595 ﬁlios
2265 536 2402 592 tuos,
2430 545 2585 598 quam
2612 546 2710 597 me,
2746 543 2801 585 ut
2831 534 3165 589 comederetis
3192 544 3377 605 prims-

1804 616 1904 670 tias
1944 616 2114 670 omnis
2136 615 2384 685 sacriﬁcii
2416 616 2586 672 Israel
2612 619 2791 690 populi
2818 623 2919 676 mei
2936 622 2962 676 i’
3001 633 3274 695 prapterea
3302 627 3380 680 ait

1803 702 2059 758 Dominus
2078 703 2221 773 Deus
2248 702 2437 758 Israel.
2460 703 2696 775 Loquens
2724 707 2927 763 locutus
2947 727 3085 778 sum,
3116 721 3173 766 ut
3191 711 3381 767 domus

1802 801 1915 859 tua,
1947 803 1995 848 et
2019 794 2205 849 domus
2232 796 2398 866 patris
2427 797 2505 849 tui
2530 797 2848 853 ministraret
2868 801 2925 854 in
2946 812 3224 872 conspectu
3263 818 3382 858 meo

1803 902 1963 956 usque
1987 887 2041 940 in
2068 887 2455 956 sempiternum.
2494 887 2651 941 Nunc
2680 898 2855 943 autem
2904 892 3031 946 dicit
3076 893 3335 950 Dominus
3359 908 3379 947 .'

1802 974 1937 1028 absit
1962 993 1993 1028 a
2030 991 2111 1029 me
2131 975 2227 1028 hoc
2258 992 2270 1028 :
2301 976 2389 1029 sed
2418 978 2711 1047 quicunque
2738 977 3107 1048 gloriﬁcaverit
3135 999 3237 1049 me,
3267 983 3382 1055 glo-

1803 1064 2019 1133 riﬁcabo
2046 1081 2165 1119 eum
2187 1081 2205 1118 :
2234 1066 2323 1135 qui
2351 1076 2526 1119 autem
2551 1076 2885 1122 contemnunt
2918 1087 3021 1135 me,
3050 1082 3201 1127 erunt
3226 1074 3381 1145 igno-

1803 1153 1951 1207 biles.
1979 1153 2115 1209 Ecce
2152 1154 2263 1208 dies
2287 1156 2516 1219 veniunt,
2537 1164 2585 1208 et
2607 1158 2890 1224 praecidam
2917 1158 3184 1214 brachium
3209 1172 3377 1226 tuum,

1801 1254 1848 1297 et
1880 1245 2148 1298 brachium
2194 1244 2379 1297 domus
2406 1245 2571 1313 patris
2607 1246 2704 1310 tui,
2737 1257 2793 1299 ut
2850 1264 2955 1301 non
3007 1249 3074 1302 sit
3124 1266 3282 1304 senex-
3325 1252 3382 1306 in

1800 1333 1954 1387 domo
2006 1343 2119 1399 tua,
2166 1342 2214 1387 et
2268 1333 2462 1387 videbis
2520 1330 2788 1388 Christum
2839 1336 3086 1401 wmulum
3116 1348 3289 1405 tuum,
3324 1340 3382 1395 in

1800 1423 1989 1493 templo
2009 1424 2062 1477 in
2089 1425 2327 1479 omnibus
2368 1429 2627 1497 prosperis
2667 1428 2858 1494 Israel,
2887 1439 2934 1483 et
2962 1447 3065 1484 non
3093 1432 3190 1484 erit
3222 1447 3384 1486 senes:

1799 1511 1855 1564 in
1896 1512 2050 1567 domo
2096 1523 2187 1566 tua
2238 1514 2294 1567 in
2325 1517 2562 1570 omnibus
2600 1517 2801 1571 diebus.
2860 1515 3229 1574 Verumtamen
3272 1536 3379 1575 non

1800 1602 2039 1672 auferam
2075 1605 2280 1672 penitus
2307 1606 2477 1659 virum
2521 1623 2586 1660 eo:
2631 1617 2679 1661 te
2725 1608 2788 1661 ab
2834 1607 2991 1661 altari
3019 1625 3151 1675 meo,
3177 1608 3270 1663 sed
3325 1618 3381 1662 ut

1800 1690 2045 1759 aeﬁciant
2068 1692 2209 1746 oculi
2234 1694 2331 1760 tui,
2359 1703 2407 1748 et
2437 1694 2665 1749 tabescat
2693 1698 2870 1749 anima
2899 1705 3011 1760 tua,
3035 1706 3083 1750 et
3118 1713 3241 1768 pars
3268 1714 3383 1752 ma-

117 1809 267 1849 nunc
293 1793 511 1865 impleta
539 1796 795 1865 quoniam
824 1797 1095 1852 inﬁrmata
1140 1807 1251 1863 est,
1295 1813 1413 1869 qua:
1441 1800 1610 1854 multa
1642 1802 1699 1853 in

1805 1799 1904 1851 gna
1961 1783 2146 1839 domus
2175 1796 2281 1840 tua:
2324 1787 2595 1853 morietur,
2641 1805 2759 1841 cum
2804 1788 2873 1842 ad
2928 1788 3131 1843 virilem
3176 1798 3381 1844 (etatem

116 1882 247 1951 ﬁliis
277 1892 389 1937 erat
408 1925 423 1949 ,
447 1893 507 1939 ut
523 1899 721 1939 novum
753 1886 979 1941 haberet
1004 1888 1057 1940 in
1075 1885 1294 1943 Christo
1331 1889 1697 1944 sacerdotium

115 1974 337 2039 sterilis,
367 1991 483 2046 qua:
504 1976 701 2045 peperit
724 1986 934 2046 septem.
966 1976 1080 2033 Hoc
1107 1979 1378 2034 canticum
1400 1979 1557 2050 juxta
1579 1994 1701 2052 sep-

120 2063 366 2133 tuaginta
413 2064 769 2134 interpretum
820 2067 1232 2123 translationem
1266 2069 1507 2124 inserere
1548 2084 1699 2125 com-

116 2153 261 2223 pulsi
289 2169 477 2209 sumus
507 2167 557 2220 ι,
590 2163 702 2209 uta
726 2156 888 2211 beato
914 2156 1212 2229 Augustino
1236 2160 1544 2230 expositum
1574 2168 1659 2214 est
1683 2177 1697 2226 ;

116 2257 221 2313 pro
248 2258 315 2298 eo
342 2244 487 2313 quod
511 2245 565 2299 in
597 2245 712 2315 ipsa
758 2245 1114 2303 translatione
1142 2249 1490 2319 ampliorem,
1523 2258 1579 2306 et
1612 2266 1703 2307 ve-

119 2336 327 2389 riorem
356 2335 598 2391 continet
618 2337 906 2393 historiam
930 2339 980 2393 ι).
1000 2356 1019 2390 ι

196 2444 217 2479 ι
245 2427 458 2483 Interea
491 2428 644 2500 (Cap.
677 2430 731 2484 2.
765 2447 812 2484 o.
840 2430 954 2501 18.)
980 2429 1196 2487 Samuel
1255 2442 1368 2487 erat
1395 2434 1701 2489 ministram

115 2520 176 2572 in
236 2518 427 2589 templo
475 2519 574 2574 Dei
627 2522 890 2576 accinctus
938 2520 1109 2593 Ephot
1161 2521 1324 2593 (Cap.
1376 2524 1427 2578 1.
1473 2524 1560 2577 12.
1611 2524 1699 2579 15.

118 2624 310 2662 rursus
332 2608 443 2681 17).
472 2609 641 2665 Porro
664 2610 758 2665 ﬁlii
786 2611 901 2667 Heli
936 2612 1117 2667 divina
1146 2612 1411 2687 sacriﬁcia
1439 2621 1703 2668 temeran-

119 2708 204 2754 tes
251 2699 555 2769 peccabant
602 2715 788 2755 coram
818 2702 1078 2770 Domino;
1132 2711 1189 2757 et
1242 2702 1554 2758 deridebant
1606 2718 1704 2774 per

116 2805 215 2846 eos
270 2791 425 2845 multi
462 2791 788 2847 sacriﬁcium
825 2791 921 2847 Dei
959 2792 1084 2863 (Ibi.
1132 2809 1183 2847 υ.
1211 2792 1300 2855 27,
1325 2802 1373 2846 et
1409 2792 1612 2861 subseq.
1652 2804 1701 2847 et

119 2894 307 2933 rursus
334 2895 452 2948 cap.
480 2878 536 2932 2.
570 2897 616 2934 υ.
649 2880 734 2944 11,
758 2890 807 2935 et
829 2878 1079 2951 subseq.).
1112 2880 1260 2935 Unde
1305 2879 1420 2934 Heli
1449 2880 1703 2936 sacerdos

117 2984 221 3039 pro
246 2984 436 3025 eorum
466 2971 751 3040 iniquitate
780 2972 1066 3028 damnatus
1102 2981 1184 3026 est
1211 2971 1365 3043 (Cap.
1392 2972 1445 3026 2.
1488 2973 1606 3039 25.,
1650 2983 1701 3028 et

118 3058 377 3133 subseq.),
427 3062 569 3131 quod
607 3077 700 3117 eos
752 3070 1040 3132 peccantes
1095 3062 1275 3118 minus
1340 3076 1529 3118 severa
1585 3065 1701 3119 ani-

1800 1872 1993 1924 venerit
2019 1888 2038 1925 :
2061 1872 2157 1927 hoc
2180 1884 2352 1927 autem
2384 1876 2483 1928 erit
2525 1876 2617 1929 tibi
2658 1878 2888 1947 signum,
2918 1876 3058 1947 quod
3105 1888 3382 1933 venturum

1800 1968 1875 2013 est
1902 1960 2105 2016 duobus
2128 1962 2255 2031 ﬁliis
2281 1964 2385 2017 tuis
2412 1963 2556 2034 Ofni,
2583 1975 2630 2020 et
2654 1964 2865 2019 Finees.
2901 1966 2968 2020 In
2999 1966 3083 2021 die
3123 1983 3227 2021 uno
3272 1984 3384 2023 mo-

1801 2051 2003 2105 rientur
2021 2055 2196 2120 ambo,
2238 2064 2287 2109 et
2326 2056 2590 2111 suscitabo
2640 2058 2769 2111 mihi
2797 2059 3120 2113 sacerdotem
3146 2057 3378 2128 fidelem,

1800 2142 1890 2211 qui
1901 2141 2062 2210 juxta
2090 2160 2182 2197 cor
2202 2162 2395 2211 meum,
2421 2155 2470 2199 et
2499 2148 2733 2201 animam
2758 2164 2928 2202 meam
2947 2148 3131 2217 faciat.

1878 2249 1898 2282 ι
1936 2231 2051 2286 Non
2085 2242 2170 2288 est
2196 2243 2255 2288 ut
2275 2235 2486 2290 dicatur
2512 2237 2617 2291 ista
2639 2238 2946 2308 pr0phetia,
2973 2239 3066 2293 ubi
3088 2238 3382 2295 sacerdotii

1803 2324 2002 2378 veteris
2032 2333 2181 2379 tanta
2209 2325 2650 2383 manifestatione
2682 2329 3037 2399 praenuntiata
3071 2338 3156 2386 est
3200 2337 3381 2385 muta-

1804 2418 1898 2483 tio,
1932 2419 1986 2472 in
2014 2417 2265 2474 Samuele
2290 2418 2459 2479 fuisse
2494 2422 2761 2493 completa
2806 2441 2820 2476 :
2877 2436 3187 2493 quanquam
3234 2424 3383 2478 enim

1803 2516 1947 2562 esset
1971 2508 2036 2563 de
2060 2508 2162 2563 alia
2194 2510 2337 2565 tribu
2366 2510 2602 2577 Samuel,
2630 2528 2791 2582 quam
2814 2527 2933 2582 qua:
2961 2514 3253 2569 constituta
3268 2513 3386 2570 lue.

1810 2608 1895 2654 rat
1922 2614 1955 2653 a
1988 2599 2234 2667 Domino,
2269 2609 2329 2655 ut
2357 2602 2586 2657 serviret
2612 2602 2789 2667 altari,
2819 2611 2999 2657 tamen
3026 2617 3133 2657 non
3159 2610 3278 2658 erat
3317 2605 3386 2659 de

1806 2690 1931 2745 ﬁliis
1956 2688 2158 2755 Aaron,
2184 2690 2340 2759 cujus
2376 2693 2665 2762 progenies
2705 2692 2885 2747 fuerat
2916 2693 3193 2762 deputata,
3238 2693 3385 2748 unde

1805 2781 1998 2837 ﬁerent
2023 2782 2459 2839 sacerdotes..Ac
2487 2799 2583 2854 per
2608 2786 2711 2840 hoc
2740 2785 2796 2839 in
2816 2800 2879 2840 ea
2913 2799 3127 2856 quoque
3178 2800 3239 2841 re
3290 2800 3384 2857 ge—

1802 2881 1888 2928 sta
1917 2876 2105 2927 eadem
2148 2874 2395 2939 mutatio,
2424 2890 2543 2943 quae
2578 2890 2676 2945 per
2698 2874 2973 2931 Christum
2993 2876 3178 2932 Jesum
3202 2875 3383 2932 futura

1804 2962 2000 3028 fuerat,
2024 2964 2340 3018 adumbrata
2361 2975 2446 3019 est
2469 2979 2483 3019 :
2506 2974 2560 3021 et
2587 2967 2654 3020 ad
2679 2974 2833 3021 vetus
2858 2974 3239 3022 testamentum
3256 2982 3384 3037 pro-

1804 3051 1943 3121 prie,
1975 3051 2200 3121 ﬁgurate
2228 3067 2358 3108 vero
2382 3053 2690 3123 pertinebat
2724 3055 2792 3117 ad
2828 3070 3027 3109 novum
3055 3072 3067 3109 :
3101 3056 3382 3126 prophetia

119 3130 501 3203 madversione
519 3130 789 3219 plectebat
816 3163 862 3203 ο.
888 3152 954 3206 Et
974 3152 1191 3220 quidem
1214 3154 1475 3219 coercuit,
1511 3162 1565 3209 et
1589 3155 1704 3225 qui—

1805 3140 1932 3195 facti
1957 3142 2119 3195 etiam
2149 3143 2281 3212 ipsa,
2312 3159 2417 3198 non
2447 3144 2629 3209 verbi;
2684 3145 2736 3200 id
2763 3146 2971 3201 scilicet
2995 3145 3140 3201 iacto
3170 3146 3380 3216 signiﬁ-

120 3238 243 3293 dem
268 3238 553 3308 corripuit,
584 3240 679 3294 sed
700 3238 939 3305 lenitate,
975 3251 1030 3295 et
1055 3244 1466 3298 mansuetudine
1502 3245 1698 3313 patris,

118 3343 226 3383 non
271 3329 593 3393 severitate,
632 3336 689 3383 et
732 3331 1056 3386 auctoritate
1100 3331 1387 3401 pontiﬁcis.
1420 3332 1534 3399 Qua
1582 3349 1700 3391 sen-

118 3422 290 3477 tentia
330 3423 537 3477 discant
564 3424 873 3478 sacerdotes
910 3424 1181 3492 quomodo
1222 3433 1443 3494 propter
1470 3425 1701 3481 ﬁliorum

117 3511 310 3575 vitam,
363 3509 438 3581 (id
461 3518 544 3565 est
572 3520 793 3581 propter
843 3512 1047 3566 scelera
1106 3512 1309 3583 populi)
1359 3512 1698 3583 puniantur:

118 3600 325 3669 quique
344 3600 530 3664 etiam,
558 3601 804 3668 quamvis
829 3601 999 3656 sancti
1022 3602 1151 3667 sint,
1185 3602 1339 3671 culpa
1364 3615 1542 3658 tamen
1570 3605 1699 3659 sub-

119 3689 383 3752 ditorum,
414 3687 642 3755 eisdem,
674 3688 720 3744 si
762 3705 867 3744 non
891 3698 1199 3754 coerceant,
1234 3699 1516 3762 reputatur
1543 3691 1697 3763 (Cap.

119 3777 173 3830 2.
199 3794 248 3831 ις.
277 3776 373 3830 27.
402 3786 507 3831 εις.

194 3886 215 3919 ι
264 3866 373 3923 Sed
396 3869 499 3923 hoc
524 3868 549 3907 ἀ
576 3869 877 3924 evidentius
901 3871 969 3924 ad
999 3871 1175 3941 ipsum
1201 3869 1315 3924 Heli
1355 3870 1693 3925 sacerdotem

120 3959 324 4013 missus
366 3959 605 4029 loquitur
650 3962 811 4016 homo
866 3961 984 4026 Dei,
1040 3960 1192 4030 cujus
1238 3962 1453 4032 quidem
1504 3977 1697 4017 nomen

122 4056 356 4113 tacetur,
398 4050 491 4103 sed
521 4049 837 4120 intelligitur
883 4050 1079 4116 cilicio,
1130 4051 1539 4120 ministerioque
1580 4067 1697 4117 suo,

118 4140 240 4194 sine
266 4139 600 4195 dubitatione
642 4156 763 4197 esse
793 4143 1053 4213 propheta
1092 4161 1103 4196 :
1138 4142 1228 4198 Sic
1269 4144 1412 4197 enim
1440 4144 1699 4215 scriptum

119 4239 200 4284 est
243 4240 303 4279 ιε
332 4228 476 4284 Venit
502 4241 675 4285 autem
709 4233 790 4285 vir
822 4232 918 4287 Dei
941 4234 1010 4286 ad
1052 4231 1194 4299 Heli,
1233 4246 1280 4287 et
1310 4235 1382 4287 ait
1427 4235 1496 4287 ad
1519 4251 1637 4287 eum
1682 4250 1700 4288 :

120 4323 233 4375 lucc
275 4322 404 4375 dicit
447 4321 723 4376 Dominus.
776 4320 1031 4393 Nunquid
1071 4339 1174 4377 nou
1223 4332 1397 4391 aperte
1444 4322 1699 4377 revelatus

120 4431 238 4467 sum
262 4414 443 4467 domui
465 4416 629 4484 patris
661 4416 758 4479 tui,
789 4430 906 4468 cum
936 4425 1064 4468 esset
1095 4416 1149 4468 in
1178 4414 1409 4485 τεθυρῑο
1461 4415 1517 4468 in
1544 4414 1701 4469 domo

1802 3247 1950 3296 cans,
1976 3234 2120 3301 quod
2142 3235 2306 3289 verbo
2342 3236 2411 3290 ad
2437 3235 2550 3290 Heli
2581 3237 2920 3291 sacerdotem
2948 3236 3151 3292 dictum
3178 3244 3264 3292 est
3284 3251 3384 3308 per

1799 3323 2138 3391 prophetam.
2184 3322 2317 3378 Nam
2358 3323 2575 3379 luerunt
2616 3333 2800 3395 postea
2840 3326 3147 3379 sacerdotes
3171 3340 3240 3380 ex
3283 3340 3381 3396 ge-

1801 3428 1929 3467 nere
1956 3412 2139 3468 Aaron
2171 3431 2186 3470 :
2215 3416 2355 3470 sicut
2393 3416 2607 3471 Sadoch
2646 3415 2750 3487 (II.
2782 3415 2909 3485 Reg.
2943 3416 3031 3471 15.
3070 3415 3160 3469 21.
3192 3424 3283 3471 etc
3311 3417 3381 3489 .),

1799 3511 1855 3556 et
1875 3504 2139 3559 Abiathar
2161 3505 2213 3577 (Ι
2220 3544 2233 3559 .
2268 3505 2396 3577 Reg.
2439 3507 2529 3574 20,
2568 3518 2616 3561 et
2647 3508 2735 3562 22.
2769 3506 2975 3561 Rursus
3021 3506 3110 3561 22.
3136 3506 3190 3572 6,
3240 3517 3289 3562 et
3322 3510 3377 3565 9.

1800 3594 1889 3660 50,
1921 3595 1972 3648 7.
2002 3583 2088 3648 II.
2126 3596 2257 3667 Reg.
2304 3597 2389 3652 15.
2422 3598 2511 3651 21.
2537 3597 2665 3669 etc.)
2691 3607 2950 3668 regnante
2982 3598 3175 3665 David,
3204 3611 3256 3655 et
3290 3602 3381 3657 alii

1802 3686 2055 3757 deinceps
2077 3698 2366 3757 antequam
2395 3698 2604 3760 tempus
2624 3690 2849 3754 veniret,
2875 3704 2982 3759 quo
3003 3691 3126 3757 ista,
3171 3707 3291 3762 quae
3314 3692 3384 3748 de

1803 3782 2105 3836 sacerdotio
2141 3781 2398 3836 mutando
2425 3790 2574 3836 tanto
2619 3790 2743 3836 ante
2762 3783 3017 3852 praedicta
3045 3792 3195 3848 sunt,
3242 3783 3384 3841 elﬁci

1799 3885 1897 3939 per
1945 3870 2220 3926 Christum
2272 3873 2573 3941 oportebat.
2634 3872 2765 3940 Quis
2805 3882 2985 3927 autem
3040 3873 3184 3929 ﬁdeli
3236 3890 3382 3931 nunc

1800 3959 1955 4014 oculo
1986 3961 2099 4016 haec
2122 3962 2335 4015 intuens
2368 3977 2472 4015 non
2518 3962 2699 4016 videat
2740 3977 2861 4018 esse
2898 3964 3198 4033 completa?
3238 3963 3381 4033 Quo-

1804 4051 1950 4104 niam
1990 4052 2210 4121 quidem
2271 4052 2471 4106 nullum
2520 4053 2943 4120 tabernaculum,
2992 4056 3197 4111 nullum
3244 4065 3380 4112 tem-

1802 4142 1969 4212 plum,
2022 4143 2227 4198 nullum
2266 4144 2455 4209 altare,
2510 4144 2714 4199 nullum
2758 4146 3107 4212 sacriﬁcium,
3148 4156 3202 4202 et
3256 4148 3381 4204 ideo

1805 4250 1906 4289 nec
1936 4234 2077 4290 ullus
2108 4235 2361 4291 sacerdos
2408 4238 2902 4301 remansitJudaeis,
2948 4239 3161 4307 quibus,
3208 4247 3267 4294 ut
3312 4240 3380 4297 de

1803 4325 2011 4379 semine
2035 4324 2216 4379 Aaron
2254 4324 2615 4392 ordinaretur,
2654 4326 2708 4381 in
2736 4325 3045 4382 Dei.l‘uerat
3070 4327 3186 4399 lege
3229 4345 3382 4385 man-

1802 4416 2007 4470 datum.
2035 4413 2189 4481 Quod
2214 4424 2269 4470 et
2298 4417 2387 4471 hic
2411 4424 2890 4472 commemoratum
2913 4424 3011 4482 est,
3043 4417 3133 4473 illo
3167 4419 3381 4477 dicente

126 4504 445 4570 Pharaonis,
469 4513 518 4557 et
540 4503 669 4575 elegi
699 4520 813 4559 eum
839 4521 903 4559 ex
939 4506 1079 4569 omni
1101 4504 1272 4559 Israel
1294 4506 1421 4559 mihi
1440 4506 1496 4559 in
1523 4522 1696 4559 sacer-
1722 4504 1775 4564 D
1802 4504 2058 4573 propheta
2090 4501 2239 4575 (Cap.
2278 4504 2329 4557 2.
2362 4522 2407 4558 v.
2613 4504 2741 4559 Ha'c
2766 4505 2893 4558 dicit
2920 4504 3175 4560 Dominus
3193 4547 3207 4572 ,
3238 4506 3381 4565 Deus

123 4596 318 4659 dotem,
349 4603 405 4648 ut
430 4594 725 4648 ascenderet
746 4594 814 4647 ad
837 4593 1004 4648 altare
1034 4611 1223 4660 meum,
1246 4604 1292 4647 et
1320 4594 1550 4648 adoleret
1571 4594 1699 4647 mihi
1728 4631 1732 4635 ε

120 4688 418 4758 incensum,
448 4695 496 4740 et
520 4695 751 4755 portaret
780 4684 966 4755 Ephod
995 4703 1171 4739 coram
1194 4686 1313 4739 me?
1349 4685 1413 4739 Et
1442 4685 1562 4738 dedi
1592 4684 1701 4737 Do-

126 4776 233 4827 mui
284 4776 447 4844 patris
471 4776 570 4840 tui,
601 4776 776 4829 omnia
819 4775 883 4828 de
918 4775 1195 4843 sacriﬁciis
1223 4774 1455 4843 ﬁliorum
1488 4773 1705 4828 Israel?

129 4864 308 4928 Quare
361 4864 499 4918 calce
559 4865 822 4933 abjecistis
869 4864 1133 4918 victimam
1179 4880 1365 4928 meam,
1395 4874 1444 4917 et
1485 4880 1702 4918 munera

197 5032 223 5059 ι
258 5018 649 5090 EtCanticum
707 5019 904 5090 ipsum,
937 5027 995 5090 et
1033 5020 1423 5090 expositionem
1479 5021 1596 5090 ejus
1638 5021 1705 5075 ab

131 5087 757 5159 Augustinoﬂprolatam,
790 5088 955 5159 [quod
976 5087 1087 5156 jam
1119 5088 1252 5159 dixi]
1307 5088 1472 5159 habes
1510 5087 1703 5159 'Capite

133 5156 393 5213 IVILibri
425 5156 587 5211 XVII.
622 5159 688 5212 de
734 5156 985 5221 Ci'vitate,
1016 5158 1157 5226 quod
1179 5156 1431 5213 consulas
1478 5156 1637 5213 velim
1688 5177 1700 5211 :

133 5225 421 5298 exscripsit
445 5229 587 5298 enim
628 5226 883 5283 Claudius
911 5227 978 5298 ad
1005 5225 1255 5297 magnam
1302 5238 1533 5297 partem,
1586 5244 1705 5298 qua:

132 5296 464 5373 Augustinus
488 5296 606 5351 loco
636 5298 739 5351 hoc
762 5297 994 5373 edocuit.
1204 5363 1214 5373 ε

203 5365 234 5406 Β
263 5366 396 5433 Qua:
434 5374 730 5433 sequuntur
755 5366 822 5420 ad
845 5365 1095 5420 versiculi
1126 5365 1287 5434 hujus
1306 5366 1706 5434 interpretatio-

136 5450 257 5489 nem
294 5432 384 5489 ex
434 5432 639 5491 Isidoro
669 5434 745 5507 [in
788 5436 964 5491 locum
1013 5432 1205 5505 hunc}
1242 5432 1521 5504 desumpta
1582 5445 1707 5491 sunt

171 5519 375 5560 POPSIIS.

136 5520 495 5629 prgrsAud‘ditur
518 5574 699 5630 nescio
726 5580 824 5629 Cur
856 5593 868 5629 :
901 5591 981 5628 me
1006 5575 1276 5627 miserum.

202 5640 233 5685 ἀ
257 5644 325 5698 Et
347 5645 648 5698 versionem
677 5644 834 5706 banc,
862 5652 916 5698 et
944 5644 1083 5697 illius
1103 5643 1596 5711 interpretationem
1625 5654 1707 5699 to-

139 5721 244 5768 tam
290 5714 579 5785 exscripsit
616 5713 867 5769 Claudius
892 5731 957 5769 ex
990 5712 1323 5783 Augustino:
1358 5713 1506 5779 Vide,
1554 5717 1707 5771 obse-

1803 4593 1974 4646 Israel
2006 4592 2024 4631 τ
2056 4610 2069 4648 :
2102 4592 2337 4663 Loquens
2379 4594 2581 4648 locutus
2628 4611 2764 4658 sum,
2797 4604 2852 4649 ut
2872 4595 3055 4649 domus
3083 4596 3246 4667 patris
3302 4599 3381 4653 tui

1803 4684 2120 4737 ministraret
2142 4684 2197 4737 in
2226 4694 2499 4754 conspectu
2527 4701 2638 4739 meo
2656 4702 2817 4756 usque
2833 4685 2889 4739 in
2913 4695 3186 4740 aeternum.
3221 4687 3379 4742 Nunc

1805 4784 1979 4827 autem
2005 4774 2130 4827 dicit
2159 4773 2412 4827 Dominus
2438 4790 2455 4825 .'
2478 4775 2611 4829 absit
2639 4776 2734 4829 hoc
2755 4793 2785 4828 α
2810 4793 2890 4829 me
2920 4792 2938 4829 :
2967 4776 3059 4830 sed
3083 4777 3380 4848 quicunque

1805 4863 2172 4931 gloriﬁcaverit
2206 4880 2305 4929 me,
2329 4862 2633 4935 glori/icabo
2656 4882 2792 4918 eum.
2826 4866 2929 4930 Qui
2958 4876 3132 4919 autem
3156 4877 3380 4921 contem‘

1807 5029 1932 5090 cro,
1962 5012 2223 5090 Caput__V.
2257 5015 2404 5069 Libri
2423 5016 2566 5090 AXVI.
2617 5015 2959 5090 deuCivitate.
2994 5017 3169 5072 Verba
3184 5018 3379 5090 Augu-

1805 5085 1935 5137 stini
1989 5084 2572 5168 lineolis‘notavi,_nt
2619 5086 2823 5168 scilicet
2874 5095 3133 5168 agnoscat
3184 5084 3375 5155 lector,

1806 5162 2067 5222 quantum
2095 5169 2159 5206 ex
2212 5153 2499 5224 Augustini
2551 5154 2843 5225 profecerit
2871 5153 3144 5211 Claudius.
3362 5153 3368 5155 ’

1806 5291 1817 5294 _
1846 5291 1855 5294 _
1880 5233 1903 5260 ο
1936 5222 2009 5294 lbi
2032 5222 2257 5277 multum
2278 5236 2345 5277 ab
2367 5226 2668 5294 Augustini,
2703 5239 2862 5293 quem
2893 5224 3146 5279 Claudius
3172 5226 3377 5282 exscri-

1805 5291 1901 5365 bit,
1956 5292 2403 5365 interpretatione
2440 5291 2639 5365 i'diﬁ'ert
2676 5291 2757 5355 ea,
2808 5310 2969 5364 quam
3016 5295 3105 5349 hic
3136 5296 3379 5365 sequitur

1806 5361 1948 5415 idem
1977 5361 2250 5434 Claudius,
2278 5361 2572 5434 etyulgata
2603 5362 2715 5418 fere
2751 5361 2852 5417 est.
2890 5364 2971 5417 An
3007 5366 3060 5418 in
3084 5361 3377 5420 amanuen-

1807 5446 1943 5497 sem,
1973 5446 2040 5483 an
2063 5433 2239 5502 potius
2257 5433 2310 5485 in
2333 5432 2610 5487 Claudium
2632 5434 2807 5502 ipsum
2823 5434 2876 5488 id
2897 5441 2980 5488 est
2999 5433 3340 5488 referendum
3354 5434 3382 5488 ἲ

1808 5502 2046 5555 Aliorum
2092 5500 2355 5568 judicium
2390 5500 2662 5568 exspecto.

1886 5569 2099 5643 fﬂNum.
2133 5570 2220 5643 25.
2248 5571 2332 5643 12.
2368 5572 2454 5627 15.
2481 5569 2613 5625 Ecce
2640 5572 2704 5625 do
2727 5574 2775 5626 ei
2810 5571 3061 5643 [Phinees
3084 5572 3196 5627 ﬁlio
3222 5571 3379 5627 Elea-

1810 5638 1945 5721 zari]
1974 5655 2151 5718 pacem
2182 5640 2390 5708 [aderis
2424 5643 2571 5721 mei‘:
2609 5651 2657 5721 et
2698 5643 2795 5695 erit
2810 5638 2928 5721 :tam
2950 5643 3069 5711 ipsi,
3110 5656 3267 5715 quam
3294 5658 3375 5699 se-

1810 5708 1943 5764 mini
1976 5708 2111 5778 ejus,
2136 5720 2342 5779 pactum
2367 5710 2642 5765 sacerdotii
2669 5708 3053 5783 sempiternum.
