3912 6310
440 335 655 391 “Β4Ἱ

1621 333 1899 393 (τιΑυῡιι
1939 332 2402 391 TAURINENSIS
2441 335 2748 394 EPlSCOPl

3731 342 3827 397 6i8

547 460 679 505 nunt
714 464 817 509 me,
845 458 995 502 crunt
1023 447 1272 518 ignobiles
1295 460 1343 501 ι.
1389 449 1544 517 Quod
1567 451 1711 506 enim
1760 450 2003 505 nominat
2043 450 2136 505 ὁο-
2165 448 2449 514 ΑἸΊιθθι,
2497 447 2591 502 ﬁlii
2642 449 2806 514 Asir,
2860 449 2953 503 ﬁlii
2997 449 3292 519 Abiasaph,
3345 449 3441 504 ﬁlii
3485 448 3692 517 Cltore,
3742 451 3833 507 ﬁlii

548 554 696 594 mum
727 540 899 609 patris
929 539 1068 610 ejus,
1100 555 1208 594 non
1236 540 1301 595 de
1323 542 1578 610 proximo
1620 551 1778 612 patre
1802 541 2008 608 dicere,
2038 542 2136 597 sed

542 631 613 686 de
641 631 732 684 illo
756 634 960 696 Aaron,
995 632 1087 701 qui
1108 631 1319 701 primus
1346 633 1603 689 sacerdos
1630 642 1713 690 est
1737 634 2040 699 institutus,
2066 633 2137 689 de

539 722 697 791 cujus
722 724 981 795 progenie
1010 726 1193 779 caeteri
1222 733 1540 795 sequentur,
1572 725 1856 796 superiora
1906 724 2136 779 demon-

541 824 722 870 strant
765 815 858 869 ubi
918 814 994 869 ait
1047 814 1209 886 (Exn.
1243 816 1295 870 4.
1326 816 1418 871 28.
1465 832 1516 870 υ.
1559 816 1611 869 l.
1645 815 1778 886 etc.)
1809 832 1821 869 :
1857 813 2135 869 Revelatus

538 922 657 961 sum
686 906 869 960 domui
908 908 1074 978 patris
1101 908 1201 973 tui,
1238 924 1357 961 cum
1386 918 1515 961 esset
1546 907 1602 961 in
1630 905 1863 977 Aigypto
1894 906 1950 962 in
1978 905 2135 960 domo

544 996 844 1052 Pharaonis
876 997 1021 1069 (Leu.
1041 997 1133 1052 2i.
1163 998 1253 1052 22.
1284 1015 1430 1053 num.
1466 1000 1521 1054 3.
1556 996 1666 1070 10),
1700 1007 1749 1051 et
1771 996 1901 1068 elegi
1932 1014 2052 1052 eum
2069 1012 2136 1052 ex

534 1090 780 1143 omnibus
843 1090 1080 1144 tribubus
1133 1089 1305 1144 Israel
1353 1090 1483 1144 mihi
1508 1090 1565 1144 in
1609 1089 1951 1145 sacerdotem.
2000 1085 2133 1157 Quis

535 1188 693 1249 pater
724 1180 826 1235 fuit
854 1181 1015 1250 hujus
1056 1182 1110 1236 in
1142 1180 1399 1253 [Egyptia
1422 1183 1704 1248 servitute,
1745 1182 1889 1237 unde
1916 1196 2041 1238 cum
2068 1174 2134 1237 li-

537 1273 712 1328 berati
744 1283 949 1340 essent,
974 1276 1182 1331 electus
1205 1276 1374 1331 estad
1391 1276 1775 1341 sacerdotium,
1793 1275 1895 1330 nisi
1913 1275 2134 1330 Aaron?

535 1362 615 1418 De
635 1363 794 1433 hujus
825 1380 955 1436 ergo
984 1366 1175 1434 stirpe,
1208 1367 1311 1421 isto
1340 1366 1461 1421 loco
1503 1365 1638 1422 dixit
1672 1364 1913 1421 futurum
1940 1363 2127 1431 fuisse,

529 1454 724 1509 utnon
751 1463 935 1510 essent
955 1455 1182 1510 ulterius
1210 1456 1523 1512 sacerdotes
1548 1474 1561 1510 :
1591 1456 1734 1527 quod
1751 1456 1866 1526 jam
1886 1454 2133 1511 videmus

524 1541 838 1613 impletum.
870 1544 1067 1615 Vigilet
1095 1544 1464 1616 ﬁdes,'presto
1490 1554 1619 1601 sunt
1646 1560 1736 1602 res
1763 1565 1776 1600 :
1806 1556 2128 1612 cernuntur,

533 1645 815 1703 tenentur,
868 1646 925 1692 et
980 1638 1166 1693 videre
1222 1638 1521 1693 nolentium
1569 1637 1742 1694 oculis
1785 1638 2126 1710 ingeruntur.

531 1726 724 1797 (Num.
753 1727 844 1782 25.
872 1727 957 1791 15.
986 1726 1115 1801 etc.)
1142 1727 1293 1794 Ecce,
1318 1730 1510 1801 inquit,
1535 1730 1648 1784 dies
1674 1731 1903 1794 veniunt,
1926 1738 1972 1783 et
1998 1745 2130 1800 pra:-

2236 536 2405 603 lsaar,
2454 537 2547 592 ﬁlii
2590 537 2764 597 Caath
2791 581 2806 605 ,
2852 539 2946 594 ﬁlii
2986 540 3137 605 Levi,
3182 540 3276 594 lilii
3306 540 3498 604 lsrael,
3551 550 3614 596 ut
3672 542 3833 597 verba

2236 628 2446 683 dierum
2490 639 2738 685 narrant.
2789 629 2867 685 ita
2913 631 3182 685 mediator
3225 630 3361 696 Dei,
3405 640 3461 686 et
3510 631 3831 697 hominum,

2233 729 2297 776 ut
2331 728 2481 776 esset
2508 722 2668 777 nobis
2704 720 2979 789 Pontifex,
3012 737 3118 777 non
3162 723 3229 777 de
3275 722 3428 787 Levi,
3471 724 3567 779 sed
3612 723 3687 779 de
3733 726 3833 779 alia

2233 811 2423 881 utique
2463 810 2628 877 tribu,
2662 812 2717 868 id
2746 821 2833 868 est
2850 811 3009 879 Iuda,
3036 814 3223 868 carnis
3255 814 3527 884 originem
3553 819 3792 887 sumpsit
3818 833 3833 869 :

2235 904 2420 972 aliam,
2460 920 2625 976 quam
2648 906 2879 978 legalem
2910 905 3166 972 hostiam,
3194 907 3249 961 id
3288 913 3373 961 est
3396 908 3570 977 ipsam
3608 923 3833 963 carnem

2236 1012 2387 1055 suam
2418 998 2615 1054 obtulit
2658 1000 2799 1069 patri
2841 1016 2941 1071 pro
2982 999 3139 1055 nobis
3170 1016 3185 1054 :
3219 999 3373 1066 alios,
3419 1015 3585 1070 quam
3624 1001 3695 1056 de
3745 1017 3838 1071 ge-

2235 1105 2367 1148 nere
2412 1089 2595 1145 Aaron
2623 1086 2973 1161 pontificatus
3034 1092 3118 1146 sui
3170 1091 3393 1162 reliquit
3439 1092 3726 1157 hatredes,
3780 1094 3837 1148 ﬁ-

2234 1184 2336 1239 lios
2374 1181 2629 1238 videlicet
2663 1184 2854 1255 gratias
2882 1182 3018 1249 Novi
3064 1182 3399 1240 Testamenti
3456 1186 3523 1241 de
3568 1203 3835 1241 universa

2233 1272 2476 1345 gentium
2518 1273 2741 1329 natione
2778 1273 3058 1329 collectos.
3113 1273 3267 1341 Quod
3309 1290 3474 1338 vero.
3523 1279 3685 1347 quasi
3732 1280 3835 1332 hu-

2233 1381 2396 1420 mano
2424 1380 2576 1421 more
2604 1366 2864 1437 loquens,
2901 1365 3044 1431 Deus
3093 1366 3223 1421 dicit
3248 1365 3586 1438 (Ibid.,idest
3619 1386 3671 1423 v.
3696 1370 3791 1441 55)
3818 1390 3831 1423 :

2232 1456 2323 1524 qui
2359 1454 2521 1524 juxta
2564 1469 2656 1507 cor
2682 1466 2879 1520 meum,
2921 1462 2970 1507 et
3020 1454 3253 1507 animam
3296 1471 3466 1508 meam
3509 1456 3702 1524 faciat,
3770 1459 3833 1511 de

2234 1542 2486 1599 Samueie
2540 1544 2756 1612 quidem
2794 1552 2941 1598 recte
2986 1552 3165 1613 potest
3192 1546 3385 1613 accipi,
3423 1547 3565 1614 quod
3615 1546 3673 1599 in
3716 1562 3833 1600 om—

2233 1637 2391 1691 nibus
2425 1636 2541 1707 ejus
2578 1622 2840 1689 voluntati
2879 1636 3023 1690 sicut
3070 1636 3231 1691 homo
3264 1636 3377 1691 Deo
3427 1638 3697 1706 paruerit,
3742 1641 3831 1691 sed

2232 1730 2433 1781 rectius
2474 1728 2489 1767 ί
2523 1726 2789 1795 accipitur
2829 1726 2897 1781 de
2934 1726 3183 1791 Domino,
3213 1742 3279 1781 ac
3321 1727 3628 1794 Salvatore,
3688 1731 3831 1798 quod

529 1794 710 1871 citium
745 1817 1025 1871 brachium
1072 1794 1245 1885 tuum,
1270 1831 1318 1874 et
1369 1794 1639 1874 brachium
1684 1819 1872 1873 domus
1911 1794 2037 1883 ture,
2069 1827 2125 1871 ut
2158 1794 2202 1853 Β
2232 1818 2373 1873 sicut
2398 1817 2567 1873 Filius
2594 1794 2903 1887 unigenitus
2945 1816 2958 1867 i
2987 1825 3343 1886 paternorum
3373 1818 3445 1871 sit
3485 1819 3541 1872 in
3571 1794 3830 1873 omnibus

530 1918 636 1961 non
666 1908 733 1961 sit
764 1924 924 1962 senex
954 1910 1009 1962 in
1036 1909 1193 1963 domo
1220 1918 1336 1974 tua,
1358 1920 1407 1963 et
1436 1910 1631 1965 videbis
1665 1908 1933 1964 Christum
1962 1924 2129 1963 temu-

530 1994 642 2049 lum
671 2005 822 2050 tum
856 1998 911 2052 in
939 1998 1129 2069 templo
1160 1999 1213 2052 in
1231 1999 1487 2053 universis
1508 2000 1775 2070 prosperis
1800 2000 1857 2051 in
1878 1996 2052 2052 Israel
2073 1997 2123 2051 δ.

527 2085 672 2140 Ecce
698 2085 835 2151 dies,
864 2088 955 2158 qui
982 2088 1327 2157 prmnuntiati
1358 2096 1503 2153 sunt,
1528 2087 1641 2157 jam
1684 2094 1971 2143 venerunt.
2004 2085 2129 2140 Nul-

528 2177 615 2233 lus
643 2180 899 2235 sacerdos
927 2180 1228 2235 secundum
1271 2182 1521 2236 ordinem
1548 2181 1733 2236 Aaron
1771 2200 1783 2234 :
1820 2190 1875 2236 et
1903 2181 2128 2248 quicun-

520 2283 631 2339 que
656 2281 725 2325 ex
746 2272 863 2341 ejus
892 2286 1091 2342 genere
1119 2280 1205 2327 est
1233 2272 1420 2337 homo,
1456 2287 1582 2327 cum
1616 2273 1766 2328 videt
1794 2272 2127 2327 sacriﬁcium

520 2359 960 2417 Christianorum
984 2372 1099 2418 toto
1126 2364 1257 2418 orbe
1276 2362 1503 2433 pollere,
1528 2363 1630 2417 sibi
1653 2371 1837 2417 autem
1862 2361 2127 2416 honorem

526 2450 681 2505 illum
704 2467 829 2507 esse
850 2453 1217 2519 subtractum,
1247 2452 1509 2508 deﬁciunt
1534 2452 1675 2507 oculi
1704 2453 1841 2522 ejus,
1863 2460 1920 2506 et
1942 2450 2129 2507 deﬂuit

524 2541 708 2595 anima
736 2541 854 2612 ejus
883 2540 1008 2596 tabe
1050 2543 1323 2597 maeroris.
1353 2541 1579 2612 Proprie
1611 2550 1792 2595 autem
1849 2540 1917 2595 ad
1966 2539 2127 2611 hujus

523 2630 748 2684 domum
798 2630 937 2697 Heli,
971 2631 1059 2685 cui
1098 2632 1215 2686 haec
1268 2631 1612 2695 dicebantur,
1662 2631 1807 2701 quod
1858 2633 2122 2701 sequitur,

522 2723 801 2792 pertinet:
843 2721 913 2794 (υ.
944 2722 1031 2787 35,
1064 2732 1112 2777 et
1158 2722 1277 2795 54.)
1321 2722 1389 2782 Et
1417 2740 1542 2795 pars
1571 2739 1765 2794 magna
1801 2724 1990 2777 domus
2021 2732 2127 2778 tua:

522 2815 801 2879 morietur,
829 2816 1044 2868 cum“
1068 2814 1271 2869 virilem
1298 2823 1504 2870 (etatem
1521 2816 1755 2869 venerint
1782 2827 1801 2867 :
1832 2815 1928 2868 hoc
1948 2823 2124 2868 autem

516 2906 624 2957 erit
652 2905 749 2959 tibi
770 2906 997 2975 signum,
1025 2906 1165 2976 quod
1191 2915 1499 2961 eventurum
1524 2915 1603 2961 est
1640 2906 1844 2961 duobus
1870 2906 1997 2976 ﬁliis
2022 2908 2125 2961 tuis

520 2996 675 3066 Ofni,
706 3007 755 3051 et
785 2996 975 3053 Finees
1000 2999 1095 3053 fin
1116 2998 1202 3055 die
1230 3015 1334 3052 uno
1356 2998 1650 3053 morientur
1676 2997 1970 3053 ambo.Hoe
1996 3013 2127 3070 ergo

520 3085 737 3157 signum
758 3086 962 3145 factum
983 3095 1070 3142 est
1088 3086 1332 3142 mutandi
1354 3086 1644 3142 sacerdotii
1669 3085 1735 3141 de
1757 3086 1918 3155 domo
1937 3085 2116 3156 hujus,

519 3188 632 3244 quo
679 3177 836 3247 signo
866 3177 1230 3246 signiﬁcatum
1278 3184 1382 3244 est,
1422 3177 1745 3231 mutandum
1789 3176 2119 3231 sacriﬁcium

522 3276 551 3309 ο
591 3269 784 3324 domus
812 3269 1015 3325 Aaron.
1043 3270 1188 3325 Mors
1217 3269 1416 3340 quippe
1447 3268 1679 3324 ﬁliorum
1723 3267 1886 3339 hujus
1907 3267 2119 3339 signiﬁ-

518 3360 669 3418 cavit
698 3369 951 3418 mortem.
992 3377 1102 3416 non
1149 3360 1457 3426 hominum,
1488 3360 1584 3416 sed
1608 3350 1783 3429 ipsius
1826 3360 2117 3415 sacerdotii

518 3450 594 3506 de
619 3451 744 3505 ﬁliis
768 3450 973 3505 Aaron.

603 3584 620 3618 ι
666 3565 819 3633 Quod
851 3575 1036 3622 autem
1083 3567 1351 3636 sequitur,
1377 3566 1451 3621 ad
1500 3560 1647 3621 illum
1686 3565 1852 3622 etiam
1876 3565 2118 3636 pertinet

518 3659 885 3724 sacerdotem,
915 3657 1070 3727 cujus
1107 3658 1336 3730 ﬁguram
1356 3658 1526 3730 gessit
1545 3658 1595 3724 ά,
1624 3659 1751 3713 huic
1776 3658 2118 3713 succedendo

519 3748 765 3805 Samuel.
785 3748 1020 3805 Proinde
1040 3764 1163 3818 quae
1185 3758 1487 3819 sequuntur
1500 3750 1567 3805 de
1596 3748 1815 3805 Christo
1829 3748 1959 3804 Iesu
1980 3748 2117 3804 Novi

530 3828 859 3893 festameriti
882 3855 1014 3895 vero
1032 3838 1315 3894 sacerdote
1337 3839 1591 3894 dicuntur
1615 3839 1683 3911 (υ.
1700 3840 1813 3912 35).
1839 3838 2116 3894 Suscitabo

522 3930 652 3984 mihi
673 3929 997 3984 sacerdotem
1022 3928 1252 3995 ﬁdelem,
1290 3930 1379 4001 qui
1396 3931 1556 4001 juxta
1578 3946 1673 3985 cor
1704 3947 1877 3986 meum
1931 3940 1979 3984 et
1999 3930 2117 3984 ani-

524 4035 665 4075 mam
693 4036 863 4073 meam
888 4018 1070 4088 faciat.

597 4138 621 4167 ο
657 4147 676 4179 ε
730 4126 844 4183 Sub
892 4126 1064 4198 ﬁgura
1110 4126 1398 4194 Samuelis,
1446 4128 1514 4183 de
1558 4127 1789 4183 Domino
1829 4126 2117 4182 Salvatore

526 4234 736 4277 summo
763 4220 1036 4284 videlicet,
1075 4234 1141 4274 ac
1169 4234 1301 4274 vero
1323 4220 1581 4291 pontiﬁce
1626 4220 1790 4275 debet
1830 4218 2056 4290 intelligi
2098 4235 2111 4271 :

530 4308 548 4349 ί
587 4310 680 4378 qui
728 4310 1005 4370 nimirum,
1059 4311 1200 4365 sicut
1237 4309 1481 4376 Samuel,
1530 4309 1786 4365 defuncto
1830 4306 1971 4373 Heli,
1996 4323 2117 4363 suc-

462 4398 465 4401 ’
520 4400 690 4457 cessit
734 4400 787 4453 in
826 4401 1213 4463 sacerdotium,
1253 4416 1360 4457 non
1400 4402 1466 4457 de
1494 4401 1663 4470 stirpe
1684 4400 1888 4464 Aaron,
1915 4400 2011 4455 sed
2046 4400 2115 4456 de

2235 1907 2492 1963 conscius
2530 1922 2855 1962 arcanorum
2900 1924 2913 1959 :
2943 1906 3101 1976 juxta
3150 1907 3295 1975 quod
3344 1907 3409 1961 de
3447 1923 3505 1963 se
3554 1909 3675 1978 ipse
3717 1925 3830 1962 ma-

2229 1998 2426 2054 nifeste
2466 2007 2713 2064 testatur,
2760 1999 2946 2053 dicens
2976 1998 3086 2068 (Jo.
3124 1998 3179 2053 8.
3226 1997 3317 2068 28)
3354 2017 3366 2051 :
3400 1997 3469 2051 Et
3504 2017 3536 2052 a
3585 2016 3673 2052 me
3719 2001 3828 2069 ipso

2229 2090 2369 2159 facio
2406 2088 2561 2154 nihil,
2596 2089 2687 2143 sed
2736 2090 2872 2143 sicut
2922 2088 3096 2141 docuit
3140 2105 3220 2141 me
3255 2099 3426 2157 pater,
3462 2091 3574 2143 Iure
3614 2090 3823 2160 loquor.

2229 2178 2298 2235 Et
2346 2180 2436 2248 qui
2488 2194 2569 2231 me
2604 2179 2767 2242 misit,
2825 2193 3026 2231 mecum
3068 2187 3183 2242 est,
3224 2187 3272 2231 et
3325 2195 3430 2231 non
3478 2178 3694 2250 reliquit
3750 2198 3827 2233 me

2228 2269 2418 2336 solum,
2447 2270 2573 2341 quia
2598 2285 2715 2340 qua:
2742 2268 2938 2339 placita
2959 2277 3079 2323 sunt
3110 2269 3177 2334 ei,
3204 2269 3343 2337 facio
3365 2286 3590 2339 semper.

2303 2386 2329 2425 κ
2368 2403 2385 2436 ι
2428 2384 2485 2443 In
2516 2384 2619 2439 hoc
2641 2399 2771 2438 vero
2805 2383 2951 2453 quod
2987 2384 3066 2438 ait
3092 2382 3276 2438 Deus:
3324 2385 3448 2454 quia
3478 2387 3660 2439 omnia
3707 2404 3822 2456 qua:

2227 2480 2283 2533 in
2314 2478 2467 2532 corde
2495 2494 2629 2540 meo,
2660 2485 2707 2531 et
2734 2494 2851 2548 qua:
2879 2478 2935 2531 in
2961 2478 3137 2531 anima
3179 2494 3292 2531 mea
3314 2488 3454 2542 sunt,
3482 2479 3666 2547 facict,
3715 2497 3821 2534 non

2228 2571 2556 2624 arbitremur
2581 2567 2782 2623 habere
2802 2568 3037 2622 animam
3066 2567 3258 2634 Deum,
3292 2583 3417 2622 cum
3449 2568 3522 2623 sit
3542 2602 3545 2605 -
3568 2571 3823 2625 conditor

2228 2664 2452 2729 animae;
2482 2663 2577 2718 sed
2607 2663 2680 2717 ita
2702 2662 2770 2716 de
2806 2661 2919 2717 Deo
2949 2663 3175 2732 tropice,
3210 2669 3319 2717 non
3350 2663 3571 2732 proprie
3601 2664 3819 2726 dicitur,

2227 2756 2368 2811 sicut
2404 2770 2616 2821 manus,
2650 2768 2769 2823 pes,
2806 2762 2863 2808 et
2886 2754 2992 2808 alia
3038 2754 3286 2823 corporis
3336 2753 3621 2807 membra:
3654 2761 3713 2806 et
3758 2766 3823 2805 ne

2226 2846 2523 2903 secundum
2552 2845 2656 2900 hoc
2679 2844 2935 2898 credatur
2965 2843 3128 2897 homo
3167 2843 3221 2895 in
3279 2842 3462 2895 carnis
3498 2840 3658 2909 hujus
3710 2840 3820 2895 eili-

2226 2938 2313 3012 gie
2336 2936 2513 2993 laetus
2543 2936 2607 2990 ad
2630 2936 2922 3005 imaginem
2950 2934 3065 2997 Dei,
3093 2934 3387 2999 adduntur,
3427 2941 3483 2987 et
3529 2933 3652 2999 alae,
3684 2949 3820 3001 quas

2225 3028 2415 3099 utique
2451 3043 2557 3081 non
2601 3026 2754 3079 habet
2798 3025 2973 3081 homo.
3016 3024 3084 3077 Et
3116 3023 3316 3078 dicitur
3345 3022 3458 3077 Deo
3496 3022 3675 3093 (Psal.
3732 3024 3816 3077 16.

2147 3148 2195 3212 C
2226 3120 2280 3182 8)
2315 3136 2329 3174 ε
2362 3118 2458 3175 sub
2489 3116 2674 3180 umbra
2702 3114 2910 3169 alarum
2948 3124 3161 3170 tuarum
3190 3124 3400 3185 protege
3420 3131 3536 3170 me:
3568 3124 3630 3170 ut
3665 3116 3819 3170 intel—

2218 3211 2393 3282 ligant
2418 3206 2665 3263 homines
2690 3205 2757 3261 de
2786 3204 2875 3259 illa
2904 3202 3162 3286 ineﬁ‘abili
3186 3213 3381 3259 natura
3406 3214 3519 3258 neu
3557 3206 3814 3275 propriis,

2219 3302 2316 3362 sed
2341 3298 2618 3356 translatis
2642 3311 2829 3352 rerum
2853 3294 3129 3350 vocabulis
3156 3293 3261 3349 ista
3286 3294 3393 3349 diei
3428 3292 3471 3349 ι.
3508 3315 3529 3347 s

2298 3415 2368 3470 Et
2396 3409 2667 3481 edi/icabo
2686 3412 2737 3464 ei
2762 3408 2979 3462 domum
2993 3406 3227 3476 ﬁdelem,
3251 3417 3301 3461 et
3322 3407 3614 3463 ambulabit
3636 3426 3815 3463 coram

2219 3506 2429 3561 Christo
2480 3517 2594 3556 meo
2616 3500 2823 3554 cunctis
2848 3498 3051 3552 diebus.
3090 3516 3109 3550 ‹
3143 3498 3263 3567 Ipsa
3287 3506 3376 3554 est
3402 3500 3617 3565 domus,
3650 3516 3813 3570 quam

2217 3595 2453 3652 adiﬁeat
2479 3600 2651 3663 pater,
2686 3590 2755 3645 de
2799 3603 2905 3659 qua
2948 3588 3238 3659 Apostolus
3267 3588 3347 3643 ait
3377 3586 3568 3659 (Hebr.
3596 3591 3650 3645 5.
3686 3592 3767 3659 6.)
3799 3610 3811 3643 :

2216 3704 2335 3759 qua:
2361 3687 2547 3740 domus
2585 3696 2767 3735 sumus
2806 3696 2918 3743 nos,
2952 3680 2997 3734 si
3037 3680 3313 3749 ﬁduciam,
3354 3687 3404 3733 et
3437 3678 3664 3750 gloriam
3707 3683 3813 3751 spei

2216 3785 2380 3846 usque
2407 3774 2463 3827 in
2506 3770 2662 3840 ﬁnem
2698 3768 2906 3837 ﬁrmam
2957 3768 3296 3821 retineamus.
3336 3767 3407 3822 Et
3454 3770 3573 3823 hac
3623 3770 3813 3825 domus

2218 3866 2507 3923 ambulabit
2534 3879 2715 3918 coram
2744 3860 2954 3918 Christo
2980 3861 3118 3930 ejus,
3147 3861 3265 3931 ipso
3311 3860 3571 3917 videlicet
3602 3878 3810 3917 summo

2217 3956 2497 4013 Pontiﬁce.
2552 3953 2891 4018 Ambulabit,
2945 3951 3116 4018 dixit,
3178 3952 3231 4006 id
3260 3960 3347 4007 est
3367 3955 3804 4017 conversabitur,

2216 4048 2626 4117 sicut-superius
2650 4046 2864 4100 dixerat
2900 4044 2967 4099 de
3007 4044 3171 4097 domo
3197 4043 3379 4099 Aaron
3426 4044 3497 4115 (υ.
3532 4044 3667 4115 30):
3710 4044 3807 4098 Lo-

2216 4155 2379 4210 quens
2404 4137 2610 4191 locutus
2634 4151 2773 4199 sum,
2798 4144 2854 4187 ut
2882 4134 3069 4187 domus
3092 4142 3204 4197 tua,
3236 4143 3285 4187 et
3322 4133 3515 4188 domus
3540 4136 3709 4204 patris
3733 4136 3805 4187 tui

2216 4229 2542 4284 ministraret
2569 4227 2626 4279 in
2646 4234 2924 4294 conspectu
2948 4240 3080 4286 meo,
3126 4240 3287 4294 usque
3316 4224 3371 4277 in
3413 4225 3799 4292 sempiternum.

2218 4318 2379 4386 Quod
2398 4328 2578 4371 autem
2605 4317 2681 4371 ait
2708 4329 2722 4369 :
2764 4330 2943 4369 coram
2991 4312 3202 4368 Christo
3230 4330 3350 4368 meo
3378 4313 3690 4378 ambulabit,
3741 4314 3803 4368 de

2219 4412 2335 4482 ipsa
2363 4410 2526 4465 domo
2552 4410 2738 4478 utique
2770 4407 3178 4477 intelligendum
3207 4415 3309 4471 est,
3341 4422 3454 4460 non
3496 4407 3564 4461 de
3598 4406 3693 4461 illo
3714 4421 3798 4460 sa-

523 4492 631 4548 alia
671 4492 802 4550 Levi
843 4492 1045 4549 laniilia
1081 4494 1307 4549 electus.
1353 4493 1480 4549 Fuit
1511 4494 1657 4548 enim
1698 4496 1723 4534 ⁸
1752 4494 1840 4564 (ut
1877 4492 1995 4561 jam
2025 4510 2115 4549 su-
2140 4488 2193 4547 D
2214 4500 2459 4560 cerdote,
2491 4500 2583 4568 qui
2618 4507 2704 4553 est
2727 4497 2976 4552 Christus
3007 4497 3143 4566 ipse,
3170 4497 3461 4559 mediator,
3493 4505 3657 4564 atque
3694 4495 3801 4550 Sal-

521 4600 622 4655 pra
668 4585 1035 4655 meminimus)
1072 4586 1215 4641 ﬁlius
1262 4586 1538 4642 Helehana
1564 4626 1578 4651 ,
1617 4586 1713 4643 ﬁlii
1761 4586 2110 4651 Hieroboam,

522 4675 620 4732 lilii
661 4675 905 4735 Helihel.
948 4679 1041 4730 lilii
1084 4677 1274 4744 Thau,
1333 4678 1429 4732 lilii
1470 4679 1499 4718 δ
1542 4676 1687 4745 Sut,
1743 4677 1839 4733 ﬁlii
1882 4677 2116 4733 Heleha-

521 4781 635 4831 na,
678 4766 774 4821 ﬁlii
837 4766 1027 4832 Jobel,
1068 4767 1162 4822 ﬁlii
1210 4768 1441 4834 Azariae,
1494 4767 1590 4822 ﬁlii
1639 4768 1970 4838 Sophonite,
2017 4766 2111 4821 ﬁlii

799 4954 1013 5024 quoque
1058 4957 1126 5024 εξ
1156 4940 1379 5024 Vulgata
1408 4943 1689 5024 desumpta
1720 4952 1843 5024 sunt
1869 4960 1881 4995 :
1917 4952 2107 5024 contra

520 5004 1048 5091 ‘Augustinus.multo
1076 5004 1390 5067 dissimilem
1420 5004 1927 5081 interpretationem
1952 5013 2107 5066 exhi-

520 5074 637 5142 bet',
652 5078 810 5201 suod
842 5090 896 5132 et
924 5080 1177 5160 deinceps
1204 5091 1471 5136 servatur.
1564 5074 1583 5081 “

538 5215 555 5230 Α
594 5145 623 5186 δ
698 5147 981 5230 ._.5l..lloc
1007 5166 1059 5203 In
1098 5151 1218 5230 loco
1251 5166 1352 5206 nec
1391 5166 1614 5230 prorsus
1666 5152 1975 5230 vulgatam,
2009 5165 2109 5230 nec

521 5215 809 5292 Augustini
857 5218 1359 5292 interpretationem
1392 5215 1644 5292 sequitur
1694 5215 1969 5288 Claudius,
2014 5224 2107 5278 sed

522 5286 686 5361 aliam
726 5286 1057 5361 quampiam.

593 5363 619 5396 ε
655 5356 993 5429 Augustinus
1020 5362 1197 5417 editus
1220 5362 1590 5430 sacerdotium,
1619 5363 1713 5419 sed
1743 5362 1932 5419 eodem
1960 5371 2103 5417 utra-

520 5440 629 5498 que
656 5443 760 5482 vox
790 5438 1019 5500 spectat.

594 5498 621 5538 ἀ
652 5496 877 5553 Scilicet
901 5492 1018 5554 Heli

596 5578 623 5606 ο
652 5540 1222 5653 Ruﬁnianus.
1243 5573 1446 5653 notavi,
1472 5572 1531 5627 in
1548 5571 2105 5653 A_ugustino_esstan_t.

522 5632 655 5706 Qum
687 5632 985 5760 sequuntur
1021 5643 1286 5723 perquire
1316 5645 1371 5725 in
1414 5632 1711 5713 quaestione
1762 5644 1803 5700 Ι.
1848 5644 2006 5699 Beda:
2054 5645 2108 5700 in

528 5706 666 5765 libro
707 5708 741 5761 5
784 5748 797 5761 .
842 5719 1201 5769 qumstionum
1232 5728 1286 5766 in
1321 5714 1488 5769 libros
1522 5712 1742 5769 Renum.

606 5726 666 5760 ro
707 5726 797 5761 ou.
842 5726 1201 5779 qumsuonutn
1232 5728 1286 5766 in
1321 5726 1488 5769 libros
1522 5726 1742 5785 uagum.

604 5776 622 5816 ί
648 5776 837 5833 Editus
864 5780 1022 5851 quod.

2224 4598 2398 4643 vator.
2420 4589 2622 4643 Domus
2641 4602 2770 4656 ergo
2791 4584 2909 4654 eius
2939 4600 3125 4643 coram
3157 4586 3252 4639 illo
3274 4586 3595 4640 ambulabit.
3624 4585 3798 4639 Potest

2221 4689 2276 4736 et
2323 4679 2607 4734 ambulabit
2660 4680 2886 4750 intelligi
2914 4680 2979 4734 de
3009 4688 3186 4735 morte
3208 4679 3278 4732 ad
3310 4680 3499 4742 vitam,
3555 4680 3797 4733 omnibus

2218 4769 2409 4825 diebus
2430 4770 2625 4838 quibus
2648 4770 2927 4841 peragitur
2962 4784 3134 4839 usque
3154 4770 3209 4823 in
3238 4769 3403 4824 ﬁnem
3438 4769 3619 4824 saeculi
3647 4768 3796 4836 hujus

2294 4951 2319 4989 ε
2347 4947 2695 5004 Parenthesis
2721 4949 2837 5012 haec
2868 4949 2921 5003 in
2942 4949 3105 5005 editis
3133 4951 3299 5005 deest.

2286 5019 2311 5058 δ
2340 5018 2479 5089 Εᾼνῆι.
2522 5018 2690 5089 Suplt.

2292 5089 2308 5128 ί
2346 5086 2469 5163 Haec
2496 5086 2660 5163 verba
2687 5089 2889 5154 addidi,
2917 5098 2978 5145 ut
3017 5106 3235 5145 sensum
3280 5099 3680 5158 connecterem,
3706 5092 3789 5163 qui

2214 5158 2455 5226 alioquin
2494 5159 2693 5213 deﬁcit.

2290 5227 2304 5277 i
2346 5227 2403 5280 In
2448 5228 2643 5285 Codice
2674 5229 2868 5300 legitur
2891 5240 3255 5300 patronorum,
3299 5246 3399 5299 per
3456 5232 3789 5295 amanuensis

2214 5305 2479 5374 erratum,
2506 5306 2565 5352 ut
2600 5297 2850 5368 equidem
2876 5297 3091 5354 Censeo.
3121 5297 3261 5374 Deda
3290 5297 3457 5374 habet
3483 5304 3678 5374 patris.

2289 5367 2317 5406 ¹ι
2344 5367 2557 5452 Rursus
2571 5367 2690 5452 qua:
2715 5378 3026 5452 sequuntur.
3038 5370 3260 5452 tradidit
3280 5367 3615 5443 Augustinus
3643 5386 3782 5425 num.

2214 5436 2272 5491 5.
2304 5438 2499 5559 calfitis
2527 5436 2729 5496 ὕλη)τί
2756 5436 2840 5502 l7,
2862 5440 2927 5519 de
2967 5438 3116 5493 Civit.
3367 5436 3395 5443 ⁷
3600 5513 3614 5524 .
3876 5520 3877 5523 η

2296 5506 2313 5544 ι
2392 5519 2619 5588 actenus
2657 5509 3005 5588 Augustinus.
3053 5509 3183 5588 Qua:
3241 5520 3563 5588 sequuntur,
3600 5521 3784 5588 Iterum

2215 5577 2469 5652 perquire
2492 5578 2544 5630 in
2566 5578 2708 5652 Deda
2732 5577 3074 5652 [locqpuper
3099 5577 3349 5649 allegato,
3366 5583 3419 5636 id
3440 5592 3525 5638 est
3547 5582 3786 5652 quaestio-

2218 5642 2285 5720 ne
2318 5642 2366 5711 ἱ,
2402 5648 2543 5720 inter
2564 5648 2661 5720 50,
2684 5642 2959 5720 nonnullis
2979 5642 3169 5720 'tamen
3192 5642 3515 5720 immutatis,
3546 5642 3600 5707 et
3647 5649 3786 5705 addi—
3874 5642 3875 5667 ‘

2219 5716 2309 5783 tis,
2339 5732 2459 5787 quae
2483 5716 2705 5775 Claudio
2727 5718 2827 5789 ipsi
2854 5719 3081 5794 tribuo].
