3912 6374
126 337 261 396 649
796 360 815 388 ι

1052 339 1511 411 QUA‘ISTIONES
1551 339 1701 395 XXX
1743 339 1968 396 SUPER
2005 339 2249 397 LIBROS
2282 340 2543 398 RI-IGUM.

3294 346 3397 398 650

124 452 251 507 ista
296 451 643 507 mortalitas:
679 453 910 521 alioquin
932 453 1198 522 quomodo
1233 456 1298 508 de
1351 454 1597 509 Samuele
1633 470 1730 523 po-
1762 459 1809 517 Α
1836 451 2071 519 postulat
2122 452 2404 507 comedere
2440 452 2731 507 buccellam
2772 454 2946 523 panis,
2980 454 3173 521 quibus
3222 452 3399 517 verbis

121 554 255 597 test
288 544 491 613 accipi,
523 546 663 613 quod
686 546 945 600 aediﬁcata
968 546 1037 599 sit
1075 547 1124 598 ci
1174 548 1363 600 domus
1391 546 1580 610 ﬁdelis,
1610 562 1729 615 qua:

121 647 339 686 coram
371 632 585 688 Christo
628 633 837 687 Domini
867 634 942 705 (id
984 643 1089 700 est,
1138 637 1254 703 ipso
1289 634 1555 707 Samuele)
1601 652 1730 690 cun-

121 724 245 775 ctis
282 722 480 777 diebus
501 724 789 787 incederet,
821 740 943 793 cum
993 725 1230 794 legamus
1278 726 1329 778 in
1377 726 1727 793 sequentibus

122 810 305 882 (Cap.
339 814 397 867 8.
437 831 484 868 υ.
523 814 601 885 5),
633 814 773 884 quod
820 814 912 869 ﬁlii
950 816 1095 869 illius
1144 814 1387 887 (adversi)
1431 819 1607 871 aversi
1658 819 1724 874 de

1830 539 2003 606 ipsum
2043 541 2363 595 sacriﬁcium
2408 542 2821 597 christianorum
2869 543 3143 612 eleganter
3177 560 3386 616 expres

1828 642 1946 681 sum
1970 634 2076 693 est,
2107 628 2172 682 dc
2196 644 2303 697 quo
2331 630 2458 683 dicit
2480 631 2728 686 sacerdos
2776 631 2890 700 ipse
2917 650 2929 685 :
2970 632 3163 703 (Dabo)
3205 632 3394 699 Panis,

1824 732 1975 784 quem
2002 733 2094 786 ego
2122 716 2263 787 (Joa.
2291 717 2342 771 (ἶ.
2373 718 2461 788 52)
2484 720 2694 783 dedero,
2723 738 2843 776 caro
2865 739 2978 775 mea
3001 734 3074 777 est
3100 741 3195 794 pro
3212 732 3393 783 mutuli

1826 808 1949 859 vita.
1986 807 2164 876 Ipsum
2211 809 2407 879 quippe
2433 818 2516 863 est
2577 811 2902 866 sacriﬁcium
2941 829 3047 868 non
3097 818 3389 873 secundum

120 902 246 957 \iis
290 902 435 970 ejus,
468 912 589 974 post
613 906 894 959 avaritiam
918 905 1326 970 declinaverint,
1359 916 1413 961 et
1456 918 1710 977 perverte

1823 897 2065 951 ordinem
2087 898 2266 952 Aaron
2295 898 2477 970 (Hebr.
2505 899 2556 953 5.
2587 900 2638 954 6.
2670 910 2718 954 ει
2759 900 2809 953 7.
2855 903 2938 955 11.
2969 907 3116 974 etc.),
3172 908 3266 962 sed
3308 923 3394 962 se-

123 993 255 1047 rint
312 994 580 1062 judicium
620 1013 631 1047 :
682 995 787 1049 nisi
842 994 978 1048 forte
1027 995 1243 1049 domum
1290 997 1405 1066 ejus
1449 999 1550 1054 hoc
1604 1000 1722 1055 loco

120 1082 360 1151 plebem
390 1084 740 1139 lsraeliticam
762 1083 1138 1155 intelligamus,
1163 1100 1281 1154 qua:
1302 1088 1510 1141 cunctis
1535 1090 1721 1143 diebus

121 1175 438 1229 sacerdotii
468 1174 582 1242 ejus
600 1175 825 1229 Domino
867 1175 1134 1238 servierit,
1183 1176 1249 1229 de
1299 1190 1403 1243 qua
1458 1178 1719 1247 scriptum

120 1274 213 1319 cst
250 1265 409 1336 (Reg.
441 1283 479 1319 t.
507 1266 559 1336 7)
587 1284 600 1319 :
634 1265 702 1319 Et
731 1266 973 1336 requievit
998 1268 1164 1320 omnis
1203 1266 1373 1321 Israel
1404 1277 1518 1337 post
1540 1269 1720 1324 Domi-

121 1371 287 1407 num.
315 1355 558 1425 Etpaulo
582 1365 704 1426 post
726 1355 949 1425 (Ibid.v.
973 1353 1393 1422 4):Abstulerunt
1421 1358 1519 1426 ﬁlii
1550 1357 1719 1411 Israel

119 1442 378 1510 Baalim,
403 1445 729 1510 etAstarotlt,
754 1455 801 1499 et
825 1448 1107 1500 servierunt
1127 1446 1350 1501 Domino
1375 1446 1492 1501 soli.
1518 1459 1544 1487 ει
1567 1445 1719 1513 Quod

121 1548 267 1589 vero
308 1533 935 1604 adjungiturtFuturum
976 1544 1050 1590 est
1088 1544 1281 1600 autem,
1329 1544 1386 1588 ut
1428 1538 1718 1606 quicunque

120 1625 451 1678 remanserit
480 1626 535 1678 in
560 1628 713 1678 domo
737 1634 848 1689 tua,
880 1627 1071 1690 veniat,
1095 1635 1151 1679 ut
1181 1634 1358 1678 oretur
1376 1642 1469 1695 pro
1498 1642 1579 1691 eo,
1608 1641 1715 1680 non

118 1714 361 1782 proprie
383 1714 448 1768 de
474 1715 632 1769 domo
652 1715 848 1770 dicitur
876 1713 1034 1783 hujus
1062 1714 1203 1780 Heli,
1231 1715 1324 1769 sed
1347 1715 1487 1771 illius
1510 1714 1713 1783 Aaron,

1823 986 2054 1039 cundum
2084 989 2329 1042 ordinem
2359 988 2767 1045 Melchisedech.
2819 1008 2836 1043 υ

1898 1085 1920 1111 ε
1950 1072 2174 1127 Factum
2197 1086 2271 1129 est
2320 1086 2491 1129 autem
2532 1078 2586 1131 in
2632 1079 2716 1132 die
2743 1079 3140 1149 quodam,Heli
3178 1084 3389 1153 jacebat

1820 1163 1876 1215 in
1902 1162 2013 1216 loco
2034 1180 2149 1228 suo,
2184 1175 2232 1217 et
2272 1164 2411 1217 oculi
2452 1166 2566 1237 ejus
2612 1167 2988 1237 caligaverunt,
3043 1188 3134 1225 nec
3188 1182 3391 1242 poterat

1820 1255 1993 1308 uidere
2015 1254 2281 1309 lucernam
2311 1256 2407 1311 Dei
2433 1267 2708 1327 antequam
2747 1262 3178 1331 extingueretur.
3211 1265 3269 1319 In
3309 1274 3388 1319 ta-

1821 1343 2113 1400 bernaculo
2146 1345 2366 1402 fmderis
2407 1356 2525 1402 erat
2553 1350 2951 1417 candelabrum,
2984 1354 3075 1407 ubi
3106 1371 3135 1408 a
3164 1370 3389 1426 veSperc

1819 1451 1988 1504 usque
2012 1437 2377 1507 mane(E.rod.
2404 1438 2491 1492 27.
2519 1439 2606 1493 20.
2633 1440 2720 1494 2|.
2747 1440 2867 1495 Lev.
2893 1442 2982 1495 24.
3008 1444 3151 1513 5.8),
3176 1461 3388 1502 summo

1819 1525 2079 1580 Pontiﬁce
2100 1526 2345 1583 lucernas
2372 1544 2595 1599 vespere
2635 1531 3011 1597 concinnante,
3052 1534 3254 1605 jugiter
3293 1552 3387 1589 ex-

1820 1624 1901 1671 tra
1939 1616 2114 1672 velum
2158 1627 2470 1688 prteparataa
2507 1620 2785 1684 lucebaut,
2827 1622 3085 1680 Dominus
3132 1626 3387 1695 utjussc-

1820 1717 1905 1762 rat
1944 1708 2152 1779 (Ibid).
2197 1709 2303 1764 Isto
2331 1708 2590 1765 Pontiﬁce
2630 1712 2867 1767 intrante
2916 1715 2969 1768 in
3009 1715 3382 1782 tabernaculo,

119 1804 194 1857 de
230 1819 350 1872 qua
378 1820 546 1873 usque
567 1806 636 1859 ad
682 1805 970 1859 adventum
1016 1803 1141 1859 Jesu
1195 1804 1416 1869 Christi,
1467 1805 1713 1860 homines
1741 1789 1786 1845 Β
1807 1796 1918 1864 jam
1946 1798 2227 1868 grandznva
2250 1808 2527 1855 senectute
2555 1800 2820 1869 confecto,
2845 1804 2986 1859 oculi
3014 1804 3129 1873 ejus
3163 1807 3223 1861 in
3259 1815 3382 1862 tan-

120 1902 515 1949 remanserunt
539 1912 551 1947 :
583 1894 649 1948 de
680 1908 787 1963 quo
813 1907 1010 1963 genere
1037 1895 1200 1946 etiam
1223 1907 1366 1946 nunc
1412 1907 1580 1961 usque
1605 1906 1713 1946 non

118 1985 350 2039 desunt.
406 1983 537 2038 Nam
578 1985 643 2039 de
673 1983 763 2037 illa
811 1984 971 2037 domo
1019 1983 1134 2037 Heli
1171 1984 1348 2053 hujus,
1397 1981 1508 2051 jam
1553 1996 1711 2052 supra

119 2074 337 2128 dictum
368 2083 485 2129 erat
510 2075 538 2113 δ
576 2094 587 2127 :
624 2074 690 2126 Et
711 2074 878 2127 omnis
902 2074 990 2143 qui
1020 2074 1335 2141 superaverit
1378 2074 1562 2126 domus
1584 2082 1705 2137 tum,

118 2165 333 2217 decidet
364 2166 419 2217 in
446 2162 619 2232 gladio
668 2165 916 2216 virorum.
966 2151 1242 2228 Quomodo
1288 2177 1417 2232 ergo
1459 2163 1547 2217 hic
1582 2177 1708 2216 vere

118 2255 229 2309 dici
268 2255 469 2323 potuit,
499 2264 545 2307 et
588 2255 683 2307 erit
713 2253 802 2323 qui
835 2255 1137 2305 remanserit
1166 2253 1221 2305 in
1267 2252 1419 2305 domo
1462 2261 1574 2317 tua,
1631 2268 1708 2306 re—

119 2346 260 2410 niat,
308 2356 365 2398 ut
393 2356 568 2399 oretur
603 2362 695 2414 pro
730 2345 823 2398 eo?
854 2343 911 2398 Si
940 2344 1067 2397 illud
1089 2350 1173 2397 est
1202 2358 1410 2406 verum,
1436 2343 1577 2411 quod
1621 2344 1706 2396 ul-

121 2445 244 2488 tore
273 2435 450 2505 gladio
477 2449 632 2488 nemo
660 2435 783 2489 inde
802 2434 1085 2502 supererit,
1119 2434 1218 2487 nisi
1252 2432 1377 2503 quia
1406 2432 1524 2487 illos
1554 2432 1706 2487 intel-

122 2525 215 2595 ligi
250 2525 435 2589 voluit,
455 2525 543 2594 qui
566 2525 911 2595 pertinentad
934 2525 1157 2594 stirpem
1182 2524 1323 2578 illius
1349 2523 1509 2578 totius
1526 2538 1706 2577 sacer-

123 2617 260 2672 dotii
287 2618 580 2671 secundum
603 2617 846 2671 ordinem
872 2616 1076 2671 Aaron.
1107 2615 1249 2685 Ergo
1270 2616 1315 2670 si
1359 2615 1424 2671 de
1464 2614 1569 2670 illis
1620 2623 1707 2670 est

122 2706 523 2775 prtedestinatis
574 2707 834 2775 reliquiis,
887 2706 955 2759 de
1003 2706 1197 2774 quibus
1249 2705 1386 2760 alius
1436 2704 1701 2774 Propheta

125 2796 265 2849 dixit
292 2794 428 2866 (lsa.
465 2795 550 2848 10.
576 2794 638 2849 2i
669 2804 723 2850 et
747 2796 837 2849 22.
876 2794 1031 2848 Rom.
1065 2795 1116 2849 9.
1150 2794 1261 2865 27),
1308 2794 1539 2865 reliquid:
1588 2795 1698 2849 sal-

124 2900 203 2937 va:
220 2884 373 2952 ﬁent,
397 2884 538 2939 unde
566 2891 621 2939 et
644 2882 929 2953 Apostolus
962 2900 975 2935 :
1007 2881 1177 2954 (Rom.
1214 2883 1299 2935 11.
1328 2882 1381 2953 5)
1439 2882 1528 2937 Sic
1554 2899 1696 2952 ergo,

122 2983 169 3025 et
196 2974 250 3026 in
280 2974 378 3025 hoc
406 2983 628 3042 tempore
652 2972 881 3041 reliquie:
904 2986 994 3042 per
1023 2969 1319 3025 electionem
1342 2972 1526 3041 gratim
1540 2971 1698 3025 salva:

124 3064 279 3131 facta:
308 3073 451 3128 sunt,
480 3064 605 3131 quia
630 3064 696 3117 de
718 3063 913 3118 talibus
937 3063 1181 3133 reliquiis
1206 3064 1343 3117 bene
1384 3063 1697 3133 intelligitur

124 3167 263 3216 esse,
288 3153 354 3206 dc
383 3168 488 3221 quo
513 3154 711 3205 dictum
738 3161 838 3218 est,
863 3156 952 3223 qui
989 3154 1288 3207 remanserit
1314 3154 1369 3205 in
1390 3152 1543 3206 domo
1564 3162 1653 3206 tua
1676 3168 1694 3206 :

122 3242 365 3311 profecto
393 3243 564 3298 credit
592 3244 645 3297 in
666 3243 975 3297 Christum:
1015 3245 1152 3297 sicut
1189 3244 1514 3312 temporibus
1556 3244 1695 3313 Apo-

122 3333 381 3388 stolorum
406 3349 472 3387 ex
497 3334 608 3402 ipsa
645 3342 800 3402 gente
828 3333 1043 3403 plurimi
1072 3333 1416 3387 crediderunt
1452 3333 1588 3404 (Act.
1635 3334 1687 3388 2.

124 3424 209 3478 4i.
241 3424 394 3494 etc.).
448 3425 629 3493 Neque
667 3440 809 3478 nunc
859 3426 1053 3479 desunt
1099 3426 1189 3493 qui
1220 3425 1350 3477 licet
1389 3425 1687 3488 rarissime,

126 3526 301 3571 tamen
324 3515 561 3579 credant,
592 3522 645 3569 et
667 3516 914 3584 impletur
941 3516 992 3568 in
1016 3530 1100 3580 eo,
1131 3516 1271 3583 quod
1294 3516 1381 3570 hic
1404 3516 1505 3569 iste
1528 3516 1688 3569 homo

128 3606 218 3659 Dei
240 3606 497 3659 continuo
521 3612 735 3659 secutus
762 3604 1005 3673 adiunxit
1027 3616 1049 3643 ο
1075 3623 1087 3659 :
1118 3604 1184 3658 Et
1207 3605 1391 3674 offerat
1420 3621 1686 3658 nummum

127 3704 442 3765 argenteum,
471 3705 517 3748 et
549 3704 737 3747 tortam
782 3696 951 3765 panis,
1002 3695 1240 3764 dicatque
1283 3694 1530 3749 :dimitte
1582 3712 1684 3759 me,

125 3787 349 3850 obsecro,
383 3786 450 3839 ad
476 3803 633 3839 unam
653 3795 848 3855 partem
883 3785 1276 3849 sacerdotalem,
1322 3794 1378 3838 ut
1418 3787 1683 3840 comedam

128 3876 407 3929 buccellam
432 3876 765 3954 panis.'Quid
787 3893 883 3945 per
904 3891 1179 3929 nummum
1214 3885 1549 3946 argenteum,
1578 3877 1680 3930 nisi

126 3968 232 4021 oris
254 3965 510 4033 confessio
539 3966 847 4034 designatur
873 3963 1047 4033 (Rom.
1074 3963 1159 4016 10.
1200 3964 1318 4032 10),
1359 3980 1474 4033 qure
1489 3964 1550 4032 ﬁt
1576 3980 1683 4018 cre-

126 4055 361 4109 dentibus
383 4053 451 4106 ad
498 4052 759 4106 salutem?
807 4060 1087 4122 argentum
1124 4052 1266 4110 enim
1325 4067 1424 4120 pro
1469 4052 1680 4121 eloquio

124 4144 244 4214 poni
266 4141 407 4211 solet
434 4158 445 4193 :
470 4140 755 4194 Psalmista
792 4147 1041 4205 testante,
1080 4139 1170 4193 ubi
1209 4139 1465 4192 caniturd
1500 4158 1511 4192 :
1550 4139 1675 4193 Elo-

120 4234 241 4304 quia
254 4231 461 4285 Domini
476 4229 681 4300 eloquia
695 4238 860 4294 casta,
878 4238 1145 4299 argentum
1167 4230 1282 4298 igne
1299 4230 1675 4295 examinatum,

122 4322 387 4390 probatum
415 4330 587 4383 terrae,
631 4330 908 4390 purgatum
941 4318 1247 4388 septuplum.
1285 4318 1390 4373 Sed
1431 4319 1557 4387 quid
1601 4319 1677 4372 di-

124 4410 197 4466 cit
222 4411 320 4464 iste
354 4408 443 4476 qui
498 4408 914 4462 venit?dimitte
964 4423 1064 4470 me,
1111 4408 1339 4472 obsecro,
1391 4407 1460 4460 ad
1515 4424 1674 4463 unam

125 4509 314 4569 partem
358 4496 749 4560 sacerdotalem,
791 4504 846 4549 ut
887 4496 1151 4549 comedam
1200 4496 1479 4550 buccellam
1504 4498 1673 4565 panis.

128 4587 513 4643 Sacerdotalem
553 4592 762 4654 partem
802 4598 997 4652 corpus
1026 4584 1248 4649 Christi,
1286 4585 1339 4639 id
1369 4592 1450 4639 est
1494 4585 1677 4640 Eccle-

127 4678 253 4732 siam
274 4676 431 4739 dicit;
483 4672 631 4743 cujus
678 4674 845 4743 plebis
893 4674 980 4728 ille
1010 4675 1262 4729 sacerdos
1292 4683 1392 4739 est,
1416 4676 1677 4731 mediator

129 4768 237 4832 Dei,
268 4775 319 4822 et
343 4767 639 4829 hominum,
668 4766 829 4818 homo
860 4762 1110 4819 Christus
1153 4763 1343 4828 Jesus;
1399 4766 1487 4819 cui
1533 4765 1673 4834 plebi

129 4859 247 4913 dicit
271 4856 547 4926 Apostolus
588 4854 778 4909 Petrus
800 4854 846 4925 (Ι
882 4852 1025 4909 Petr.
1054 4854 1107 4908 2.
1143 4855 1195 4925 9)
1226 4873 1237 4906 :
1283 4855 1434 4909 Plebs
1473 4865 1670 4917 sancta,

132 4944 287 5015 regale
327 4944 685 4998 sacerdotium.
737 4941 796 4996 In
845 4944 984 4996 hanc
1030 4952 1237 5010 partem
1287 4942 1671 4997 sacerdotalem

196 5092 220 5121 ι
249 5078 368 5148 Cap.
399 5079 448 5131 1.
486 5096 533 5131 υ.
562 5077 649 5133 56.
677 5075 776 5148 Hic
802 5075 998 5129 iterum
1041 5076 1365 5148 exscribitur
1412 5076 1669 5148 Augusti-

134 5164 245 5213 nus,
278 5145 365 5203 sed
390 5147 826 5215 interpretatione
855 5148 1135 5215 scripturae
1163 5145 1387 5199 multum
1434 5145 1665 5201 diversa.

198 5220 223 5260 δ
248 5218 337 5273 Hic
364 5214 621 5286 allega’tur
644 5214 831 5286 iversio
862 5229 929 5269 ex
956 5214 1270 5283 Augustino.

200 5300 220 5329 ε
246 5288 361 5356 Cap.
391 5286 443 5339 2.
470 5282 580 5339 ⁷56.
613 5285 738 5340 Huic
767 5298 886 5356 quae
918 5282 1213 5351 sequuntur
1244 5296 1317 5356 ex
1345 5282 1663 5350 Augustino,

137 5351 356 5432 magnoin
380 5356 443 5408 ad
465 5364 693 5432 partem,
715 5351 982 5432 exscripta
1007 5360 1147 5415 sunt,
1170 5351 1259 5405 sed
1289 5368 1392 5432 non
1421 5367 1662 5432 prorsus.

134 5420 337 5482 Prorsus
365 5420 544 5477 tamen
568 5439 631 5477 ea
680 5423 843 5476 habet
874 5420 1129 5483 Isidorus,
1164 5435 1280 5489 cap.
1324 5420 1375 5476 2.
1420 5420 1471 5473 in
1503 5421 1594 5473 lib.
1650 5438 1666 5474 ι

135 5496 334 5566 Regum,
358 5508 529 5566 quem
562 5492 784 5566 proinde
810 5491 964 5566 plane
993 5491 1083 5543 hic
1110 5490 1367 5566 exscribit
1391 5489 1660 5566 Claudius.

193 5559 223 5606 ἆ
264 5559 447 5618 Psalm.
478 5559 641 5625 “,7.
690 5561 982 5615 Diversitas
1009 5559 1257 5612 nonnulla
1299 5560 1384 5612 hic
1414 5567 1517 5621 est,
1548 5560 1663 5612 edi-

136 5644 232 5690 tum
259 5637 386 5689 inter
427 5642 481 5685 et
508 5638 751 5685 nostrum
789 5629 1059 5683 Codicem.

199 5716 219 5743 ο
243 5704 259 5758 l
282 5703 402 5773 Reg.
438 5701 490 5755 5.
522 5701 576 5753 2.
613 5697 719 5751 Sed
756 5712 878 5751 cum
924 5698 1103 5766 aliquo
1144 5697 1471 5762 discrimine,
1520 5697 1658 5766 quod

532 5790 805 5850 Parum.
861 5786 1015 5845 CIV.

1771 5420 1923 5491 [capt
1938 5420 1990 5472 5.
2018 5421 2035 5472 l

1814 1897 1926 1942 tum
1950 1889 2335 1958 caligaverant,
2360 1901 2419 1943 ut
2442 1907 2541 1946 nec
2564 1892 2837 1947 incensam
2880 1892 3154 1949 lucernam
3178 1897 3383 1965 potuis-

1812 1987 1894 2033 set
1930 1980 2189 2048 aSpiccre,
2229 1988 2434 2049 quanto
2463 1984 2632 2051 magis
2658 1986 3015 2039 exstinCtam?
3058 1986 3383 2057 Figuraliter

1807 2082 1935 2121 vero
1965 2068 2183 2122 lucerna
2209 2069 2304 2123 Dei
2324 2069 2437 2124 Heli
2469 2070 2659 2136 fuerat,
2687 2076 2902 2143 quando
2925 2076 3186 2146 dignitate
3206 2094 3382 2134 sacer-

1808 2154 1972 2209 dotali
2012 2157 2219 2225 pollens
2250 2155 2475 2223 justitire
2503 2160 2746 2216 claritate
2771 2161 3026 2233 fulgebat.
3079 2166 3249 2233 Quam
3279 2184 3376 2223 ex-

1806 2245 2058 2298 stinctam
2089 2245 2359 2316 Propheta
2400 2248 2614 2314 asserit,
2648 2250 2772 2303 dum
2800 2252 2869 2306 ob
2895 2254 3096 2308 scelera
3120 2254 3379 2321 ﬁliorum,

1806 2334 2089 2387 sacerdotii
2112 2344 2454 2404 potestatem,
2478 2338 2901 2409 meritorumque
2936 2342 3119 2398 lumen
3172 2346 3372 2401 amisit.

1875 2422 2026 2493 (Cap.
2056 2426 2108 2477 5.
2146 2425 2257 2495 19.)
2305 2444 2321 2475 ι
2384 2425 2551 2481 Crevit
2598 2428 2616 2465 τ
2647 2438 2820 2484 autem
2850 2430 3084 2498 Samuel,
3115 2444 3163 2488 et
3195 2435 3367 2490 Damt"

1805 2531 1900 2567 nus
1922 2524 2032 2567 erat
2059 2530 2175 2566 cum
2201 2531 2279 2579 eo,
2308 2524 2357 2568 et
2385 2531 2488 2569 non
2508 2518 2690 2572 cecidit
2721 2536 2784 2573 ex
2806 2522 3042 2576 omnibus
3065 2523 3232 2578 verbis
3258 2525 3374 2595 ejus

1801 2606 1856 2658 in
1883 2616 2094 2659 terram.
2122 2605 2401 2676 Signiﬁcat
2423 2608 2547 2675 quia
2591 2609 2818 2665 nihilex
2846 2612 2952 2677 his,
2999 2629 3119 2685 qua:
3162 2614 3374 2684 locutus

1802 2704 1904 2759 est,
1930 2696 2137 2749 irritum
2170 2696 2290 2761 fuit,
2321 2698 2414 2751 sed
2435 2699 2614 2752 omnia
2637 2700 2774 2755 sicut
2801 2703 2961 2758 rebus
2988 2703 3206 2773 impleta
3253 2722 3372 2774 quae

1802 2785 1956 2839 dixit.
1984 2786 2192 2840 Cadunt
2218 2802 2449 2857 namque
2477 2788 2528 2841 in
2576 2796 2777 2843 terram
2809 2792 2971 2847 verba
3009 2809 3366 2864 supervacua,

1801 2892 1920 2945 quae
1963 2893 2061 2946 pro
2102 2877 2267 2932 nihilo
2295 2878 2537 2933 habenda
2561 2920 2574 2944 ,
2608 2889 2663 2934 et
2690 2882 3059 2939 universorum
3095 2894 3221 2941 sunt
3265 2887 3373 2940 cal-

1800 2968 1975 3022 canda
2002 2969 2440 3036 despectu,sieut
2469 2979 2525 3024 et
2552 2972 2740 3026 beatus
2786 2971 2886 3028 Job
2913 2975 3048 3029 dixit
3090 2976 3230 3047 (Job.
3274 2978 3365 3033 29.

1799 3057 1889 3128 24)
1919 3072 1931 3110 :
1962 3068 2007 3111 et
2035 3058 2127 3110 lux
2155 3059 2329 3113 uultus
2358 3061 2460 3112 mei
2494 3077 2595 3113 non
2622 3062 2835 3115 cadebat
2859 3064 2913 3117 in
2958 3074 3198 3132 terram;
3233 3070 3361 3139 quia

1802 3148 2057 3201 nimirum
2096 3149 2149 3201 in
2190 3158 2335 3202 tanta
2364 3150 2628 3219 gravitate
2657 3151 2861 3205 vultum
2891 3152 3104 3224 (tenere)
3130 3159 3366 3213 retinere

1801 3245 2174 3302 consueverat,
2201 3246 2259 3290 ut
2277 3253 2550 3307 nunquam
2582 3242 2966 3311 contemptibili
2985 3242 3167 3299 lretitia
3189 3248 3363 3302 resol-

1798 3334 2033 3381 veretur.
2068 3325 2172 3381 Sed
2222 3327 2643 3397 quotiescunque
2691 3329 2999 3386 hilariorem
3042 3348 3100 3387 se
3128 3351 3369 3404 prtesen-

1798 3419 1939 3474 tibus
1967 3421 2264 3485 exhiberet,
2290 3430 2495 3476 certam
2522 3438 2736 3493 semper
2762 3426 2831 3479 ob
2868 3441 3088 3482 causam
3116 3431 3366 3490 utilitatis

1796 3525 1981 3565 eorum
2014 3510 2249 3582 (faceret)
2278 3525 2479 3580 ageret.

1872 3618 1889 3650 ι
1931 3600 2100 3669 Igitur
2129 3603 2153 3639 ε
2174 3609 2456 3671 postquam
2483 3604 2596 3658 here
2630 3604 2684 3657 in
2714 3604 2883 3675 ﬁgura
2910 3610 3221 3665 mutationis
3256 3612 3360 3667 Vc-

1795 3690 1925 3744 tcris
1955 3690 2280 3744 Testamenti
2311 3706 2341 3744 a
2382 3690 2646 3760 Propheta
2695 3694 2786 3747 illo
2833 3698 3187 3763 praenuntiata
3232 3710 3359 3758 sunt

1792 3777 1857 3830 ad
1888 3776 2001 3830 Heli
2030 3795 2041 3828 :
2075 3776 2376 3832 oﬁ‘endente
2400 3780 2563 3835 Israel
2597 3780 2899 3845 Dominum,
2931 3785 2961 3823 ιι
2999 3785 3359 3842 instruxerunt

1790 3872 1952 3923 aciem
1985 3871 2243 3925 Philistwi
2265 3883 2444 3926 contra
2466 3891 2571 3939 eos,
2608 3884 2712 3929 etc.
2748 3877 2963 3932 Tollunt
2983 3888 3161 3934 autem
3184 3881 3355 3938 Israe-

1788 3956 1893 4012 lita:
1928 3973 2106 4012 arcam
2146 3960 2213 4013 ad
2261 3959 2573 4031 (tuitionem)
2618 3964 2899 4020 stationem
2946 3983 3098 4022 suam
3140 3988 3152 4022 :
3195 3982 3352 4040 capta

1785 4052 1867 4099 est
1889 4048 1956 4101 ab
1987 4047 2233 4102 hostibus
2257 4063 2404 4112 arca,
2434 4050 2641 4119 ipsique
2679 4068 2786 4106 non
2820 4054 2990 4109 solum
3043 4057 3172 4111 victi
3225 4069 3351 4115 sunt

1784 4145 1837 4190 et
1881 4138 1932 4189 in
1963 4137 2140 4207 fugam
2185 4139 2347 4198 versi,
2391 4140 2498 4193 imo
2532 4142 2691 4194 etiam
2720 4158 2911 4211 magna
2952 4153 3158 4217 strages
3205 4148 3347 4205 facta

1783 4232 1866 4279 est
1916 4226 2232 4279 occisorum.
2282 4226 2582 4297 (Nonnihil)
2632 4228 2894 4284 Nonnulla
2923 4241 3103 4287 tamen
3144 4234 3352 4292 futuro-

1781 4329 1900 4367 rum
1928 4314 2193 4384 signiﬁcat
2227 4329 2315 4369 res
2356 4325 2502 4385 gesta
2548 4318 2680 4371 hcec.
2728 4318 2784 4372 In
2837 4320 3168 4394 (praphetice)
3214 4341 3345 4395 pro-

1781 4403 1959 4471 phetia
1988 4404 2132 4457 enim
2169 4418 2294 4458 arca
2327 4403 2413 4457 illa
2440 4405 2507 4459 ab
2533 4406 2846 4475 alienigenis
2872 4419 3025 4477 capta
3072 4412 3343 4470 indicabat

1782 4500 2161 4547 testamentum
2199 4493 2295 4546 Dei
2341 4495 2689 4548 transiturum
2739 4498 2806 4551 ad
2854 4508 3063 4566 gentes.
3117 4502 3343 4568 Quando

1779 4584 1921 4638 enim
1968 4585 2269 4638 nuntiatum
2304 4595 2388 4639 est
2422 4584 2537 4639 Heli
2596 4589 2863 4642 sacerdoti
2917 4600 3127 4661 captam
3176 4592 3344 4650 fuisse

1779 4690 1961 4729 arcam
1990 4675 2219 4738 Domini,
2245 4676 2440 4730 cecidit
2462 4677 2527 4731 de
2552 4677 2702 4742 sella,
2732 4687 2784 4732 et
2803 4688 3046 4735 mortuus
3074 4692 3154 4737 est
3188 4684 3339 4755 (Cap.

1778 4762 1830 4814 4.
1865 4762 1947 4815 16.
1979 4764 2063 4814 17.
2101 4763 2210 4831 18).
2244 4763 2587 4819 Transeunte
2615 4780 2739 4819 arca
2768 4765 2979 4822 Domini
3027 4770 3094 4823 ad
3132 4782 3338 4841 gentes,

1786 4858 1799 4894 ί
1870 4855 2064 4925 periit,
2126 4862 2288 4924 atque
2344 4855 2549 4911 interiit
2604 4858 2957 4913 sacerdotium
3015 4858 3337 4917 Iudaeorum.

1780 4942 1928 5013 (Cap.
1962 4944 2016 5013 5)
2059 4945 2174 4998 Duo
2220 4959 2431 5014 quoque
2477 4944 2571 4999 ﬁlii
2618 4953 2954 5011 corruerunt,
3009 4948 3167 5003 unius
3206 4965 3340 5006 uxor

1774 5084 1828 5199 ﬁt
1880 5076 2078 5129 habent
2126 5074 2243 5129 alia:
2292 5074 2569 5128 editiones.
2618 5074 2749 5128 Vide
2792 5073 3000 5130 Calmet
3051 5078 3103 5131 in
3164 5079 3336 5135 locum

1813 5160 1933 5199 une.

1813 5160 1933 5199 unc.

1849 5214 1866 5252 ί
1898 5213 2196 5282 Explicatio
2222 5212 2377 5281 hujus
2401 5213 2505 5267 loci
2533 5226 2598 5269 ex
2626 5213 2921 5283 quaestione
2954 5212 2997 5266 Il
3034 5211 3192 5269 Beda:
3224 5225 3335 5271 tota

1772 5284 2048 5351 desumpta
2073 5290 2169 5336 est.

1842 5356 1866 5391 ε
1897 5350 2283 5419 subsequentia
2326 5365 2488 5419 porro
2535 5357 2719 5404 notata
2771 5350 2981 5407 lineolis
3026 5352 3093 5406 ab
3128 5353 3331 5409 Isidoro

2117 5420 2233 5489 eg.)
2248 5420 2547 5489 edocemur.

1838 5488 1871 5529 ιί
1893 5489 2020 5559 Cap.
2057 5489 2109 5541 4.
2141 5488 2248 5541 v.2
2280 5488 2566 5559 etsubseq.

1844 5560 1857 5598 ί
1893 5556 2066 5611 Verba
2094 5559 2207 5612 hzcc
2237 5558 2408 5626 periit,
2436 5565 2598 5626 atque
2631 5556 2823 5611 interiit
2854 5559 3197 5612 sacerdotium
3224 5558 3328 5613 Ju-

1766 5628 2017 5691 da'orum,
2048 5642 2152 5679 non
2174 5624 2251 5680 sic
2272 5625 2500 5696 accipias
2520 5624 2695 5696 velim,
2712 5635 2786 5696 fut
2806 5642 2991 5682 revera
3014 5636 3125 5680 tum
3150 5630 3326 5696 perie-

1766 5699 1868 5762 rit;
1900 5711 2023 5750 nam
2045 5710 2229 5751 revera
2254 5693 2511 5749 Abiathar
2538 5702 2589 5748 et
2620 5693 2850 5761 Sadoch,
2898 5698 3084 5764 paucis
3130 5693 3325 5769 elapsis

2856 5786 2925 5845 21
