3912 6376
466 311 532 364 6ΐὶ
545 311 562 366 Ι

1511 314 1791 373 CLAUDII
1831 315 2292 375 TAURINENSIS
2330 319 2634 377 EP'SCOPI

3621 320 3732 375 65!

451 432 682 484 viduata
713 446 732 484 :
767 425 914 502 et(s.
944 426 1034 499 il)
1063 442 1186 483 mox
1205 426 1260 482 in
1281 435 1439 497 partu
1479 437 1691 484 mortua
1719 439 1800 485 est
1823 429 1893 501 (tv.
1922 429 2038 500 20),
2070 434 2118 493 Α
2146 433 2214 506 (v.
2249 433 2336 503 i0)
2370 448 2597 502 quarum
2647 433 2787 489 alios
2818 432 3128 490 clauserunt
3160 433 3328 503 domi,
3353 443 3415 491 ut
3459 437 3734 507 scripturn

465 525 685 587 propter
703 513 946 570 eamdem
965 515 1446 586 perturbationem.
1463 516 1616 583 Quod
1637 517 1872 572 evidenti
1889 518 2043 587 signo

465 605 866 677 praefiguratum
880 614 981 670 est,
997 614 1117 676 post
1131 607 1455 661 exstinctum
1471 608 1826 662 sacerdotium
1842 605 2046 664 Iudaeo-

467 711 608 761 rum,
638 697 910 752 carnalem
940 698 1210 753 interiisse
1239 697 1582 771 Syuagogam
1635 700 1710 755 illi
1755 700 2046 755 carnaliter

468 788 858 855 adhaerentem,
893 797 1270 860 prostratoque
1320 791 1434 846 Heli
1488 790 1556 846 de
1587 790 1741 856 sella,
1781 803 1806 830 α
1839 791 2049 862 pontifi-

467 893 561 932 ces
609 875 917 934 Iudaeorum
962 881 1147 935 sedem
1174 878 1410 937 habuere
1442 897 1693 948 vacuam,
1721 890 1776 936 et
1820 882 2044 954 gloriam

467 968 777 1033 sacerdotii,
809 969 1067 1039 regnique
1099 969 1443 1026 exstinctam.

539 1057 692 1130 (Cap.
722 1057 775 1113 5.
806 1076 853 1113 ιν.
879 1060 916 1113 2
957 1069 1004 1113 et
1034 1061 1166 1132 seq.)
1213 1079 1231 1112 ‹
1290 1060 1394 1116 Sed
1426 1053 1553 1132 quid
1599 1070 1703 1126 est,
1745 1062 1890 1132 quod
1920 1062 2046 1116 dum

467 1150 778 1218 posuissent
806 1149 1098 1204 Pbilistiim
1123 1167 1305 1205 arcam
1335 1151 1548 1208 Domini
1585 1152 1639 1206 in
1665 1150 1863 1223 templo
1885 1153 2050 1224 Dago-

468 1241 554 1295 nis
575 1241 669 1294 Dei
691 1241 796 1304 sui,
824 1241 1158 1296 intraverunt
1180 1243 1460 1312 templum,
1478 1251 1530 1298 et
1547 1244 2047 1300 inveneruntDeum

469 1347 625 1386 suum
651 1341 1002 1402 prostratum,
1026 1341 1186 1404 atque
1209 1334 1562 1400 confractum,
1587 1346 1748 1408 caput
1767 1352 1896 1392 vero
1911 1335 2038 1404 ejus,

469 1420 708 1493 duasque
734 1437 927 1478 manus
953 1422 1253 1479 abscissas?
1277 1424 1475 1480 Statim
1501 1426 1643 1480 enim
1665 1435 1724 1480 ut
1752 1436 2045 1481 tes-tamen-

473 1521 586 1566 tum
611 1512 822 1567 Domini
849 1513 1172 1594 pervenitin
1204 1514 1483 1588 (gentibus)
1517 1525 1722 1587 gentes,
1766 1515 2049 1573 confestim

470 1599 636 1665 idola,
667 1614 789 1670 quae
821 1602 1102 1672 deceptum
1129 1596 1482 1673 possidebant
1529 1607 1738 1671 orbem,
1779 1607 2050 1662 destructa

474 1699 621 1755 sunt,
651 1691 934 1762 omnisque
958 1705 1114 1747 error
1136 1693 1546 1749 simulacrorum
1571 1697 1794 1761 corruit,
1816 1712 2050 1767 prmseu-

2143 531 2244 580 est.
2299 523 2368 590 (v.
2396 522 2483 591 12)
2515 521 2670 576 Ibant
2688 531 2857 576 autem
2882 524 2938 577 in
2961 524 3215 578 directum
3243 535 3416 578 vacca
3443 542 3538 596 per
3559 526 3735 585 uiam.

2141 629 2258 683 qua
2286 614 2430 676 ducit
2465 614 2765 669 Bethsames
2789 630 2807 669 :
2833 632 2937 670 uno
2962 617 3565 689 itinere-gradiebantur
3611 636 3737 688 per-

2144 712 2337 772 gentes,
2380 712 2427 756 et
2471 705 2775 773 mugientes,
2829 715 2878 758 et
2920 722 3024 761 non
3070 707 3403 762 declinabant
3445 727 3614 780 neque
3660 711 3737 764 ad

2145 791 2433 858 dexteram,
2465 809 2626 863 neque
2656 794 2723 845 ad
2744 795 3030 849 sinistram.
3065 806 3087 834 ο
3123 813 3143 846 ι
3177 795 3312 863 Quid
3335 798 3502 867 igitur
3522 813 3737 860 vacem.

2146 881 2247 936 nisi
2268 881 2451 938 fideles
2477 897 2718 952 quosque
2744 883 2797 936 in
2823 883 3064 939 Ecclesia
3083 883 3110 928 ά
3139 885 3582 956 significant,qui
3604 886 3741 941 dum

2147 973 2286 1027 sacri
2339 972 2536 1042 eloquii
2567 981 2833 1044 praecepta
2865 975 3233 1040 considerant,
3269 976 3422 1045 quasi
3461 978 3745 1047 superim-

2147 1064 2376 1133 positam
2399 1064 2612 1118 Domini
2665 1079 2846 1119 arcam
2873 1066 3126 1135 portant?
3153 1066 3218 1119 de
3238 1065 3431 1134 quibus
3483 1067 3591 1122 hoc
3653 1075 3746 1121 est

2148 1156 2309 1211 etiam
2357 1155 2684 1219 notandum,
2732 1157 2875 1224 quod
2919 1154 3087 1210 fuisse
3135 1154 3259 1209 fetae
3306 1166 3690 1233 memorantur
3723 1174 3741 1206 :

2149 1246 2274 1316 quia
2297 1254 2425 1300 sunt
2446 1246 2707 1316 plerique,
2736 1248 2828 1315 qui
2854 1247 2906 1300 in
2935 1248 3018 1300 via
3051 1246 3142 1300 Dei
3176 1246 3502 1302 intrinsecus
3542 1248 3738 1315 positi,

2149 1336 2609 1391 foris-carnalibus
2648 1335 2928 1391 aii‘ectibus
2973 1337 3249 1406 ligantur:
3279 1338 3374 1392 sed
3413 1353 3521 1392 non
3561 1337 3751 1392 dedi-

2151 1433 2285 1480 nant
2303 1439 2332 1479 a
2362 1434 2511 1480 recto
2534 1425 2726 1480 itinere
2757 1436 2780 1464 ο
2803 1426 2908 1496 qui
2930 1441 3112 1482 aream
3142 1427 3237 1482 Dei
3264 1436 3481 1496 portant
3503 1429 3557 1482 in
3587 1441 3752 1480 men-

2152 1525 2222 1570 te.
2253 1517 2390 1570 Ecce
2421 1517 2564 1571 enim
2597 1531 2774 1571 vaccae
2794 1517 3098 1572 Bethsamis
3135 1528 3383 1589 pergunt.
3428 1517 3751 1573 Betbsamia

2151 1605 2346 1675 quippe
2369 1606 2566 1660 dicitur
2588 1605 2788 1660 Domus
2809 1606 2954 1662 satis.
2987 1607 3055 1662 Et
3077 1610 3335 1678 propheta
3366 1610 3442 1662 ait
3471 1607 3744 1678 (Maluit.

2153 1697 2206 1751 ι.
2259 1698 2354 1769 2):
2396 1697 2553 1752 Vobis
2583 1691 2777 1764 autem,
2814 1700 2906 1768 qui
2931 1701 3126 1753 timetis
3170 1699 3361 1764 Deam,
3402 1701 3607 1753 orietur
3660 1698 3750 1753 sol

472 1781 605 1836 tiam
630 1781 725 1838 Dei
741 1781 892 1839 ‘i‘erre
917 1799 1023 1838 non
1046 1785 1335 1840 sustinens.
1360 1785 1495 1840 Nam
1519 1788 1571 1841 in
1600 1789 1847 1843 manibus
1871 1789 2054 1858 Dagon
2083 1779 2130 1838 B
2149 1789 2392 1858 justitia.
2419 1788 2476 1842 Si
2500 1788 2664 1860 igitur
2684 1787 2753 1842 ad
2794 1782 2979 1843 aeterni
3021 1790 3152 1844 solis
3177 1789 3566 1844 habitationem
3619 1798 3752 1844 ten-

476 1872 738 1941 prrecisis,
766 1889 901 1944 opus
923 1873 1237 1929 idololatria:
1257 1876 1697 1946 1tamputabatur.
1723 1879 1791 1933 Et
1811 1880 1862 1933 in
1879 1880 2052 1950 capite

473 1960 590 2030 ejus
617 1963 868 2032 superbia
894 1963 1090 2018 diaboli
1125 1965 1361 2019 abscissa
1401 1965 1839 2039 (signiﬁcabatur)
1889 1969 2055 2038 signi-

475 2053 690 2119 ficatur,
723 2071 752 2107 a
781 2070 885 2123 quo
917 2055 1128 2109 initium
1150 2056 1362 2125 peccati
1389 2055 1506 2110 fuit.
1533 2057 1686 2124 Quod
1721 2073 1851 2113 vero
1891 2060 1944 2112 in
1987 2059 2053 2113 li-

475 2145 642 2210 mine,
671 2154 955 2200 utcertum
976 2146 1201 2212 scilicet,
1229 2148 1664 2218 praefinitumque
1693 2166 1803 2204 sure
1835 2150 2056 2206 idolola-

474 2237 594 2292 triae
619 2236 782 2291 finem
817 2237 1133 2308 (agnoscere)
1160 2249 1553 2310 agnoscerent:
1577 2241 1734 2297 limes
1761 2243 1902 2296 enim
1925 2243 2060 2297 fines

476 2328 687 2383 itineris
726 2328 1012 2400 significat.
1038 2329 1213 2383 Etiam
1263 2330 1393 2384 illud
1430 2332 1496 2386 ad
1524 2348 1772 2402 magnam
1824 2334 2058 2402 pertinet

476 2421 943 2497 significationem,
979 2422 1032 2476 in
1074 2422 1191 2492 ipsa
1221 2424 1377 2478 ruina
1405 2424 1588 2492 Dagon
1619 2424 1712 2479 Dei
1758 2427 1863 2490 sui,
1896 2433 2059 2494 atque

477 2511 738 2576 fractura,
771 2513 914 2584 quod
943 2511 1319 2568 dorsumillius
1343 2513 1514 2568 solum
1537 2514 1876 2578 invenerunt,
1906 2513 1973 2586 (v.
2003 2515 2055 2585 5)

479 2603 667 2656 fractis
688 2604 803 2673 ejus
818 2603 1066 2657 omnibus
1090 2603 1347 2656 membris
1373 2617 1388 2655 :
1418 2603 1636 2658 dorsum
1658 2604 1857 2674 quippe
1879 2603 2059 2673 fugam

477 2694 765 2766 signiﬁcat.
801 2694 1117 2765 Quicunque
1159 2694 1303 2748 enim
1329 2690 1566 2764 fugiunt,
1612 2697 2061 2766 persequentibus

478 2787 701 2841 dorsum
727 2785 875 2855 dant.
903 2785 1053 2841 Unde
1074 2793 1130 2840 et
1148 2785 1408 2856 scriptum
1431 2793 1516 2840 est
1536 2785 1601 2840 de
1621 2787 1866 2841 hostibus
1888 2785 2057 2857 (Psat.

478 2879 569 2934 20.
611 2879 696 2951 l5)
725 2899 736 2932 :
776 2881 1022 2948 quoniam
1052 2897 1209 2949 pones
1237 2896 1323 2934 eos
1353 2879 1589 2933 dorsum.
1627 2880 1730 2935 Ubi
1769 2881 1912 2934 enim
1938 2887 2065 2934 sunt

480 2969 659 3024 idola?
689 2969 984 3038 perierunt.
1018 2968 1085 3022 Et
1130 2969 1174 3024 si
1209 2969 1384 3037 aliqua
1411 2978 1712 3034 remanent,
1748 2969 1815 3024 ab
1864 2969 2060 3039 aliqui-

2156 1879 2352 1942 dimus,
2396 1878 2615 1949 dignum
2641 1877 2886 1948 profecto
2915 1886 3020 1943 est,
3065 1888 3125 1932 ut
3156 1879 3221 1933 de
3252 1877 3346 1932 Dei
3392 1879 3590 1933 itinere
3639 1883 3750 1947 pro

2154 1968 2462 2022 carnalibus
2513 1968 2794 2023 affectibus
2843 1984 2954 2022 non
3005 1968 3352 2023 declinemus.
3412 1967 3547 2030 Tota
3588 1967 3751 2022 enim

2155 2061 2352 2115 virtute
2371 2059 2705 2129 pensandum
2734 2066 2837 2124 est,
2865 2061 3008 2128 quod
3034 2075 3212 2114 vaccae
3235 2059 3328 2115 Dei
3351 2060 3596 2131 plaustro
3619 2074 3753 2129 sup-

2155 2151 2341 2222 positae
2358 2157 2608 2220 pergunt,
2637 2158 2692 2204 et
2735 2151 2864 2204 dant
2904 2151 2971 2204 ab
3018 2147 3222 2205 intimis
3259 2152 3522 2220 mugitus,
3555 2159 3613 2204 et
3655 2159 3747 2202 ta-

2157 2256 2282 2296 men
2311 2241 2376 2295 de
2412 2240 2605 2294 itinere
2628 2255 2735 2295 non
2775 2240 3100 2309 detorquent
3127 2255 3381 2308 gressus:
3417 2238 3445 2276 ί-
3492 2252 3748 2292 amorem

2158 2332 2374 2403 quidem
2406 2345 2504 2399 per
2537 2331 2966 2399 compassionem
3008 2315 3264 2385 sentiunt.
3303 2328 3410 2384 Sed
3460 2329 3598 2384 colla
3651 2344 3754 2398 po—

2159 2422 2358 2477 sterius
2403 2435 2511 2476 non
2542 2421 2852 2476 deﬂectunt.
2904 2420 2996 2475 Sic
3047 2422 3302 2475 nimirum
3351 2420 3752 2492 praedicatores

2160 2515 2279 2579 Dei,
2301 2515 2380 2569 sic
2407 2513 2591 2569 fideles
2615 2514 2816 2584 quique
2845 2513 2988 2567 intra
3020 2521 3262 2567 sanctam
3285 2513 3584 2568 Ecclesiam
3611 2527 3749 2581 age-

2159 2621 2220 2662 re
2250 2606 2465 2681 debent,
2493 2614 2552 2660 ut
2573 2607 3061 2676 et'compatiantur
3091 2605 3348 2675 proximis
3380 2619 3482 2674 per
3503 2604 3752 2660 charita.

2159 2707 2294 2764 tem,
2326 2704 2383 2752 et
2418 2705 2596 2752 tamen
2624 2685 2689 2752 de
2724 2697 2812 2751 via
2848 2697 2943 2752 Dei
2988 2711 3095 2751 non
3120 2696 3429 2751 exorbitent
3451 2712 3554 2765 per
3592 2711 3751 2751 com-

2161 2786 2490 2857 passionem.
2555 2785 2696 2841 Area
2760 2787 2957 2856 quippe
3025 2787 3363 2856 superposita
3428 2785 3753 2841 Betbsames

2162 2891 2386 2946 pergere
2430 2882 2534 2941 est,
2574 2891 2696 2930 cum
2725 2890 2956 2945 superna
2978 2877 3202 2930 scientia
3235 2877 3302 2931 ad
3334 2877 3563 2932 interna
3609 2876 3754 2930 lucis

2163 2965 2529 3021 habitaculum
2553 2966 2956 3036 propinquare:
2983 2967 3076 3021 sed
3109 2975 3233 3020 tunc
3272 2981 3397 3021 vere
3428 2966 3753 3022 Bethsamea

481 3061 582 3115 bus
615 3059 1032 3123 absconduntur,
1051 3067 1106 3113 et
1131 3056 1396 3128 fugerunt.
1429 3058 1522 3130 (V.
1549 3059 1582 3114 6
1606 3069 1654 3113 et
1677 3057 1824 3113 Psal.
1853 3061 1940 3113 77.
1971 3059 2060 3130 66)
2165 3055 2458 3120 tendimus,
2487 3068 2610 3108 cum
2647 3056 2788 3108 viam
2819 3055 3160 3109 rectitudinis
3189 3055 3522 3126 gradientes,
3553 3058 3624 3132 ad
3668 3059 3750 3112 vi-

482 3144 636 3218 θυοδ
687 3158 866 3204 autem
893 3152 1127 3220 percussi
1155 3159 1278 3203 sunt
1327 3151 1380 3203 in
1429 3152 1718 3220 posteriora
1758 3148 1817 3216 ii,
1849 3151 1940 3220 qui
1973 3165 2064 3203 ar-
2092 3135 2137 3195 C
2169 3148 2289 3203 cina
2313 3145 2514 3202 erroris
2539 3145 2728 3213 latera,
2758 3160 2859 3203 nec
2881 3163 2980 3218 pro
3012 3147 3207 3203 aii‘ectu
3242 3149 3526 3220 pignorum
3578 3151 3752 3208 deeli-

482 3254 603 3293 eam
631 3239 726 3293 Dei
759 3239 1182 3308 captivaverunt.
1225 3239 1328 3292 hoc
1362 3253 1535 3308 pmnzc
1564 3239 1774 3310 signum
1808 3239 2022 3293 videtur
2054 3257 2065 3291 :

485 3331 634 3400 quia,
671 3330 842 3399 siqui
893 3329 1233 3399 susceperint
1283 3328 1638 3399 (susceperunt
1685 3346 1703 3382 :
1751 3327 2068 3398 dilexerunt)

485 3427 886 3481 testamentum,
915 3425 970 3471 et
1001 3418 1301 3487 posteriora
1325 3419 1446 3472 vitm
1487 3418 1793 3483 dilexerint,
1843 3434 1909 3473 ex
1938 3419 2070 3488 ipsis

482 3509 783 3579 iustissime
833 3509 1238 3572 cruciabuntur,
1294 3523 1415 3578 quae
1462 3509 1604 3564 sicut
1642 3508 1933 3579 Apostolus
1969 3511 2068 3574 ait,

487 3595 654 3667 (Phil.
681 3600 734 3653 3.
767 3599 822 3668 8)
849 3597 1159 3653 existimare
1187 3597 1487 3651 debuerant
1513 3599 1647 3652 sicut
1679 3608 1908 3653 stercora
1931 3616 1950 3652 :
1979 3602 2069 3668 qui

487 3690 632 3744 enim
665 3691 743 3745 sic
764 3699 1046 3745 assumunt
1084 3696 1469 3742 testamentum
1497 3687 1759 3753 divinum,
1783 3696 1844 3742 ut
1890 3697 2070 3758 poste-

490 3778 634 3833 riora
684 3777 1059 3854 respicientes,
1115 3775 1281 3830 veteri
1310 3791 1369 3831 se
1420 3777 1797 3831 vanitate'uon
1846 3781 2066 3843 exuant,

489 3867 694 3922 similes
746 3875 872 3920 sunt
923 3865 1168 3921 hostibus
1223 3865 1347 3930 illis,
1387 3866 1479 3935 qui
1526 3881 1709 3921 arcam
1761 3867 2070 3921 testamenti

493 3961 761 4030 captivam
801 3957 957 4027 juxta
1007 3957 1146 4012 idola
1173 3972 1271 4012 sua
1302 3965 1616 4026 posuerunt.
1660 3957 1726 4012 Et
1773 3957 1910 4029 (illa)
1965 3958 2069 4012 alia

494 4053 710 4121 quidem
735 4059 918 4105 vetera
951 4049 1115 4105 etiam
1145 4048 1455 4103 nolentibus
1489 4047 1691 4102 eadunt
1719 4065 1731 4100 :
1770 4049 1894 4119 quia
1926 4047 2066 4121 (ιω.

493 4144 583 4200 40.
621 4144 673 4215 6)
706 4144 872 4197 omnis
897 4157 1020 4196 caro
1052 4141 1250 4211 fenum,
1281 4149 1329 4193 et
1363 4139 1579 4193 claritas
1604 4137 1852 4205 hominis,
1889 4148 1950 4193 ut
1975 4141 2072 4209 ﬂos

495 4238 622 4308 feni,
662 4238 801 4290 aruit
836 4235 1031 4306 fenum,
1077 4242 1124 4289 et
1167 4233 1273 4302 ﬂos
1292 4229 1482 4284 decidit
1524 4246 1541 4284 :
1575 4245 1701 4285 arca
1732 4239 1921 4285 autem
1969 4231 2074 4286 Do-

495 4329 624 4384 mini
651 4334 823 4381 manet
847 4327 901 4379 in
929 4334 1220 4379 wternum:
1250 4329 1518 4377 secretum
1547 4320 1754 4375 scilicet
1775 4330 2070 4376 testamen-

497 4431 629 4482 tum,
692 4432 914 4486 regnum
953 4415 1237 4479 ctelorum,
1289 4413 1382 4467 ubi
1427 4419 1510 4467 est
1557 4419 1817 4466 aeternum
1864 4412 2073 4467 verbum

499 4511 614 4564 Dei.
663 4527 683 4562 θ

571 4596 644 4666 (6.
680 4597 730 4650 1.
761 4594 891 4664 etc.)
921 4593 1052 4649 Cum
1108 4605 1238 4657 vero
1286 4593 1350 4645 de
1395 4599 1545 4646 terra
1600 4590 1890 4646 Pbilistiim
1944 4605 2075 4647 arca

496 4687 711 4745 Domini
762 4686 830 4741 ad
883 4694 1082 4740 terram
1139 4682 1774 4749 lsraelitarumaediret,
1825 4681 1894 4756 (v.
1948 4683 1979 4737 7
2027 4691 2076 4737 et

496 4778 725 4850 aubseq.)
752 4776 990 4849 plaustro
1011 4773 1346 4844 superposita
1392 4782 1493 4838 est,
1528 4782 1582 4828 et
1610 4789 1790 4829 vaccae
1835 4774 2074 4844 plaustro

500 4873 796 4942 subjunctm
848 4877 1008 4932 sunt,
1076 4881 1197 4940 qua:
1257 4864 1378 4920 feta:
1436 4864 1602 4920 fuisse
1659 4872 2068 4932 memorantur;

497 5028 680 5089 anuis,
706 5020 1014 5089 sacerdotes
1057 5023 1448 5089 recensentur:
1482 5015 1573 5071 sed
1605 5015 1746 5089 quod
1783 5017 2068 5085 superstite

503 5085 874 5152 tantummodo
915 5088 1023 5143 filio
1070 5086 1328 5157 puellula,
1366 5085 1593 5157 ideoque
1641 5085 1843 5157 impete
1893 5099 2072 5157 anger.

500 5165 632 5221 dotii
659 5175 882 5219 manere
906 5154 1090 5229 iungi;
1118 5156 1412 5229 sacerdotis
1433 5165 1611 5229 partes
1626 5154 2063 5229 impleveritsg-

501 5234 663 5298 niuei,
713 5231 808 5300 qui
839 5221 1137 5300 propterea
1171 5221 1740 5300 solemnia'Asaerificia
1763 5221 1933 5280 etiam
1974 5224 2069 5279 ob-

497 5291 661 5359 tulit.
692 5291 882 5371 l'lteg.
915 5291 966 5353 τ.
996 5298 1048 5351 6.
1078 5294 1163 5349 to.
1197 5296 1251 5351 9.
1277 5293 1364 5349 ta
1399 5291 1483 5371 te.
1508 5292 1560 5371 ᾳ,
1587 5301 1690 5351 etc.

573 5385 598 5413 ι
629 5363 1158 5438 Ροηιίῥέἱεφηβδιτῃ
1187 5376 1367 5438 nostra
1403 5363 1580 5438 lectio.

574 5444 601 5481 δ
626 5433 992 5512 ᾼωριὶιειψὶι.
1019 5435 1076 5489 In
1109 5434 1373 5489 Eucherio
1403 5433 1548 5487 edito
1569 5433 1822 5512 nonnulla
1845 5435 2065 5512 desunt.

565 5523 596 5550 θ
628 5503 753 5565 ﬂare
777 5508 957 5564 omnia
983 5520 1102 5572 qua:
1137 5511 1436 5572 sequuntur
1462 5503 1672 5570 excepit
1700 5512 1884 5559 noster
1910 5503 2071 5558 Clau-

502 5583 624 5635 dius
659 5595 690 5632 a
713 5577 974 5648 Gregorio
1020 5572 1356 5648 magno,_qui
1385 5586 1450 5648 ea
1490 5572 1722 5648 attingit,
1756 5572 2071 5648 numero“

504 5650 626 5705 .ibri
659 5665 732 5703 vn
775 5639 1054 5702 llBralium
1093 5639 1145 5696 ἱῐι
1172 5639 1314 5696 Job':
1349 5639 1444 5695 sed
1468 5639 1879 5708 expressissima
1908 5642 2070 5696 habet

499 5734 653 5774 nuru.
705 5721 736 5773 3
780 5715 1011 5773 humili-.2
1057 5711 1123 5766 '57
1166 5712 1218 5765 in
1242 5710 1575 5782 Evangelia:
1620 5710 1732 5766 haec
1763 5720 2065 5781 propterea,

2169 3258 2381 3297 namus.
2415 3241 2508 3296 Sic
2528 3255 2760 3310 namque
2780 3242 2858 3297 sic
2881 3244 3102 3297 necesse
3125 3250 3227 3302 est,
3260 3252 3320 3297 ut
3352 3244 3606 3300 incedere
3649 3245 3749 3300 de-

2169 3331 2351 3396 beant,
2401 3331 2495 3400 qui
2552 3331 2852 3402 sacrilegiis
2899 3333 3161 3402 suppositi
3197 3332 3309 3400 jam
3335 3347 3435 3403 per
3473 3333 3750 3391 internata

2170 3420 2472 3484 scientiam,
2505 3419 2711 3474 Domini
2733 3436 2915 3475 arcam
2937 3429 3172 3490 portant,
3201 3429 3471 3491 quatenus
3499 3437 3601 3494 per
3645 3425 3752 3482 hoc

2170 3512 2313 3583 quod
2356 3511 2779 3582 propinquorum
2830 3511 3244 3566 necessitatibus
3289 3513 3580 3567 condolent
3603 3553 3620 3578 ,
3665 3528 3753 3569 ao

2169 3610 2325 3671 cepto
2373 3594 2712 3657 rectitudinis
2762 3602 2956 3657 itinere
3002 3588 3109 3657 non
3159 3601 3452 3657 declinent.
3507 3603 3752 3669 Quorum

2170 3692 2422 3746 nimirum
2461 3692 2632 3762 gratia
2657 3699 2893 3746 mentem
2922 3699 3162 3746 nostram
3205 3699 3392 3747 tenere
3431 3691 3612 3756 debet,
3654 3693 3752 3749 sed

2170 3779 2445 3836 reflectere
2487 3795 2595 3835 non
2620 3781 2803 3845 debet,
2852 3793 2918 3834 ne
2948 3781 3064 3835 haec
3089 3782 3280 3836 eadem
3328 3795 3506 3848 mens,
3556 3789 3655 3836 aut
3705 3784 3751 3837 si

2171 3865 2363 3922 aﬂ‘ectu
2385 3881 2492 3921 non
2519 3869 2778 3938 tangitur,
2808 3867 2942 3922 dura
2966 3867 3055 3934 sit,
3079 3876 3174 3923 aut
3194 3877 3360 3936 taeta,
3406 3869 3543 3939 plus,
3587 3870 3634 3926 si
3666 3871 3752 3926 h-

2170 3957 2421 4024 fiectitur,
2455 3961 2702 4014 remissa.
2736 3979 2754 4012 ι

2246 4051 2272 4090 ι
2302 4047 2568 4103 Percussit
2600 4057 2773 4103 autem
2798 4049 2863 4103 de
2886 4051 3015 4104 viris
3045 4048 3479 4118 Bethsamitibus,
3505 4067 3562 4106 eo
3607 4052 3754 4123 quod

2171 4139 2418 4193 vidissent
2475 4155 2654 4193 arcam
2681 4138 2896 4199 Domini
2918 4155 2938 4194 :
2966 4142 3225 4209 percussit
3250 4150 3423 4196 autem
3467 4144 3530 4197 de
3554 4143 3753 4214 popula

2171 4232 2500 4302 septuaginta
2519 4231 2677 4296 uiros,
2708 4238 2758 4284 et
2791 4231 3168 4302 quinquaginta
3197 4231 3366 4286 millia
3385 4232 3560 4303 plebis.
3595 4251 3617 4285 σ
3645 4233 3752 4290 Po-

2171 4325 2347 4395 pulus,
2397 4330 2454 4380 et
2482 4323 2635 4393 plebs
2657 4337 2759 4393 pro
2797 4337 2904 4377 una
2957 4323 3345 4392 eademquem
3381 4321 3753 4380 indiderenter

2174 4415 2453 4486 accipitur.
2507 4413 2640 4468 Nam
2684 4429 2750 4468 ex
2793 4413 2900 4468 uno
2925 4412 3114 4468 Graec
3151 4412 3293 4483 quod
3331 4421 3415 4469 est
3449 4414 3562 4474 λαός
3610 4411 3753 4468 solet

2174 4513 2463 4576 utrumque
2487 4505 2786 4561 transferri.
2827 4504 2932 4560 Sed
2959 4505 3013 4559 in
3040 4505 3146 4560 hoc
3163 4505 3377 4560 videtur
3405 4519 3522 4560 esse
3541 4505 3753 4560 distam-

2171 4599 2272 4664 tia,
2295 4597 2522 4668 quodin
2563 4597 2743 4667 priore
2794 4604 3062 4650 commate
3090 4595 3342 4651 versiculi
3379 4596 3616 4650 additum
3665 4603 3754 4650 est

2174 4689 2330 4741 uiros.
2386 4683 2535 4740 i’iros
2590 4686 2734 4740 enim
2791 4684 3024 4754 majores
3051 4693 3180 4738 natu
3225 4684 3511 4754 significat,
3557 4693 3618 4738 ut
3677 4685 3752 4740 ait

2172 4788 2381 4840 sensus,
2413 4776 2541 4844 quia
2575 4773 2642 4829 de
2680 4773 3026 4843 optimatibus
3050 4773 3230 4842 populi
3257 4774 3592 4845 septuaginta
3621 4782 3757 4828 sunt

2172 4863 2434 4934 percussi,
2449 4864 2514 4917 de
2538 4863 2654 4932 ipsa
2675 4862 2830 4916 turba
2860 4860 3067 4933 vulgari
3094 4862 3342 4917 homines
3361 4862 3750 4932 quinquaginta

2181 5025 2245 5102 ut
2292 5033 2340 5100 a.
2379 5016 2558 5073 verbis
2603 5014 2811 5072 Claudii
2861 5022 3112 5072 secernat
3159 5017 3351 5080 lector,
3399 5013 3606 5069 lineolis
3668 5015 3750 5070 di-

2180 5098 2364 5143 stinxi.

2249 5157 2275 5197 ιι
2303 5156 2449 5226 Editi
2481 5168 2500 5207 :
2539 5155 2856 5226 designent..

2255 5238 2278 5267 ο
2309 5224 2454 5294 Editi
2481 5239 2501 5276 :
2530 5226 2641 5294 qui.

2254 5295 2274 5335 ἲ
2309 5292 2699 5362 Subsequentia
2721 5295 2920 5363 partim
2941 5298 3006 5349 ex
3037 5293 3256 5363 homilia
3297 5293 3365 5347 57
3391 5293 3457 5363 in
3503 5292 3750 5363 Evange-

2175 5365 2309 5430 lia,~
2350 5359 2547 5432 partim
2595 5380 2662 5418 ex
2721 5359 2861 5419 libro
2913 5379 2988 5418 vn
3039 5361 3320 5416 Moralium
3385 5359 3442 5415 S.
3497 5359 3748 5431 Gregorii

2176 5436 2453 5504 desumpta
2505 5443 2649 5489 sunt.
2697 5433 2945 5489 Eacum
2993 5434 3155 5488 editis
3197 5441 3491 5501 comparet,
3539 5445 3748 5500 quaso,

2175 5505 2454 5641 iecswiiap.
2505 5571 2556 5624 6.
2599 5572 2681 5626 i9.
2712 5571 2853 5626 Beda
2897 5571 3057 5639 hujus
3106 5572 3208 5626 loci
3253 5569 3680 5641 explicationem
3716 5584 3746 5623 a

2175 5639 2686 5697 Claudio‘traditam
2720 5643 2876 5696 docet
2909 5659 2921 5694 :
2966 5642 3140 5710 capite
3185 5641 3394 5696 scilicet
3419 5641 3455 5694 3
3492 5639 3747 5706 (τρωθεῖσ-

2178 5728 2301 5766 num
2332 5712 2384 5765 in
2411 5712 2574 5765 libros
2599 5711 2820 5781 Regum.
