  <div class='ocr_page' id='page_1' title='image "/cluster/home/n/w/nwhite01/storage/ocr_20150623/104/uva.x000827061/334.png"; bbox 0 0 3912 6314; ppageno 0'>
   <div class='ocr_carea' id='block_1_1' title="bbox 175 351 282 407">
    <p class='ocr_par' dir='ltr' id='par_1_1' title="bbox 175 351 282 407">
     <span class='ocr_line' id='line_1_1' title="bbox 175 351 282 407; baseline 0.019 -2"><span class='ocrx_word' id='word_1_1' title='bbox 175 351 282 407; x_wconf 77' lang='lat'><strong>655</strong></span> 
     </span>
    </p>
   </div>
   <div class='ocr_carea' id='block_1_2' title="bbox 1070 350 2549 424">
    <p class='ocr_par' dir='ltr' id='par_1_2' title="bbox 1070 350 2549 424">
     <span class='ocr_line' id='line_1_2' title="bbox 1070 350 2549 424; baseline -0.001 -13"><span class='ocrx_word' id='word_1_2' title='bbox 1070 351 1526 424; x_wconf 69' lang='lat' dir='ltr'><strong>QU/ESTIONES</strong></span> <span class='ocrx_word' id='word_1_3' title='bbox 1565 351 1710 408; x_wconf 69' lang='lat' dir='ltr'><strong>XXX</strong></span> <span class='ocrx_word' id='word_1_4' title='bbox 1749 350 1976 406; x_wconf 76' lang='lat' dir='ltr'><strong>SL&#39;PER</strong></span> <span class='ocrx_word' id='word_1_5' title='bbox 2015 351 2256 408; x_wconf 80' lang='lat' dir='ltr'><strong>LIBROS</strong></span> <span class='ocrx_word' id='word_1_6' title='bbox 2299 353 2549 410; x_wconf 73' lang='lat' dir='ltr'><strong>REGUM.</strong></span> 
     </span>
    </p>
   </div>
   <div class='ocr_carea' id='block_1_3' title="bbox 3322 355 3429 411">
    <p class='ocr_par' dir='ltr' id='par_1_3' title="bbox 3322 355 3429 411">
     <span class='ocr_line' id='line_1_3' title="bbox 3322 355 3429 411; baseline 0.009 -1"><span class='ocrx_word' id='word_1_7' title='bbox 3322 355 3429 411; x_wconf 68' lang='lat'><strong>65‘</strong></span> 
     </span>
    </p>
   </div>
   <div class='ocr_carea' id='block_1_4' title="bbox 171 464 3437 538">
    <p class='ocr_par' dir='ltr' id='par_1_4' title="bbox 171 464 3437 538">
     <span class='ocr_line' id='line_1_4' title="bbox 171 464 3437 538; baseline 0.001 -16"><span class='ocrx_word' id='word_1_8' title='bbox 171 464 364 522; x_wconf 83' lang='lat' dir='ltr'><strong>millia.</strong></span> <span class='ocrx_word' id='word_1_9' title='bbox 383 465 538 532; x_wconf 83' lang='lat' dir='ltr'><strong>Quod</strong></span> <span class='ocrx_word' id='word_1_10' title='bbox 561 482 626 522; x_wconf 88' lang='lat' dir='ltr'><strong>ne</strong></span> <span class='ocrx_word' id='word_1_11' title='bbox 649 477 948 538; x_wconf 88' lang='lat' dir='ltr'><strong>pateretur,</strong></span> <span class='ocrx_word' id='word_1_12' title='bbox 968 469 1021 521; x_wconf 88' lang='lat' dir='ltr'><strong>in</strong></span> <span class='ocrx_word' id='word_1_13' title='bbox 1046 467 1515 538; x_wconf 70' lang='lat' dir='ltr'><strong>Exodo(Ea.-od.2)</strong></span> <span class='ocrx_word' id='word_1_14' title='bbox 1526 464 1746 536; x_wconf 84' lang='lat' dir='ltr'><strong>populus</strong></span> <span class='ocrx_word' id='word_1_15' title='bbox 1777 464 1822 521; x_wconf 82' lang='grc' dir='ltr'><strong>Λ</strong></span> <span class='ocrx_word' id='word_1_16' title='bbox 1851 473 1974 531; x_wconf 86' lang='lat' dir='ltr'><strong>post</strong></span> <span class='ocrx_word' id='word_1_17' title='bbox 1995 465 2300 529; x_wconf 90' lang='lat' dir='ltr'><strong>Dominum,</strong></span> <span class='ocrx_word' id='word_1_18' title='bbox 2333 465 2555 533; x_wconf 85' lang='lat' dir='ltr'><strong>abjectis</strong></span> <span class='ocrx_word' id='word_1_19' title='bbox 2582 465 2830 520; x_wconf 71' lang='lat' dir='ltr'><strong>videlicet</strong></span> <span class='ocrx_word' id='word_1_20' title='bbox 2862 467 3036 531; x_wconf 84' lang='lat' dir='ltr'><strong>idolis,</strong></span> <span class='ocrx_word' id='word_1_21' title='bbox 3063 466 3137 522; x_wconf 87' lang='lat' dir='ltr'><strong>illi</strong></span> <span class='ocrx_word' id='word_1_22' title='bbox 3167 468 3266 524; x_wconf 87' lang='lat' dir='ltr'><strong>soli</strong></span> <span class='ocrx_word' id='word_1_23' title='bbox 3313 485 3437 525; x_wconf 67' lang='lat' dir='ltr'><strong>sero</strong></span> 
     </span>
    </p>
   </div>
   <div class='ocr_carea' id='block_1_5' title="bbox 167 556 1746 629">
    <p class='ocr_par' dir='ltr' id='par_1_5' title="bbox 167 556 1746 629">
     <span class='ocr_line' id='line_1_5' title="bbox 167 556 1746 629; baseline 0.001 -23"><span class='ocrx_word' id='word_1_24' title='bbox 167 558 382 624; x_wconf 84' lang='lat' dir='ltr'><strong>alonge</strong></span> <span class='ocrx_word' id='word_1_25' title='bbox 419 556 608 622; x_wconf 82' lang='lat' dir='ltr'><strong><em>stabat,</em></strong></span> <span class='ocrx_word' id='word_1_26' title='bbox 650 567 698 612; x_wconf 84' lang='lat' dir='ltr'><strong>et</strong></span> <span class='ocrx_word' id='word_1_27' title='bbox 747 560 950 622; x_wconf 83' lang='lat' dir='ltr'><strong>orabat,</strong></span> <span class='ocrx_word' id='word_1_28' title='bbox 1001 557 1241 629; x_wconf 87' lang='lat' dir='ltr'><strong>solusque</strong></span> <span class='ocrx_word' id='word_1_29' title='bbox 1273 558 1461 611; x_wconf 81' lang='lat' dir='ltr'><strong>Moises</strong></span> <span class='ocrx_word' id='word_1_30' title='bbox 1514 556 1746 610; x_wconf 76' lang='lat' dir='ltr'><strong>ascendit</strong></span> 
     </span>
    </p>
   </div>
   <div class='ocr_carea' id='block_1_6' title="bbox 165 647 1746 719">
    <p class='ocr_par' dir='ltr' id='par_1_6' title="bbox 165 647 1746 719">
     <span class='ocr_line' id='line_1_6' title="bbox 165 647 1746 719; baseline 0.001 -19"><span class='ocrx_word' id='word_1_31' title='bbox 165 647 239 700; x_wconf 83' lang='lat' dir='ltr'><strong>ad</strong></span> <span class='ocrx_word' id='word_1_32' title='bbox 261 647 545 702; x_wconf 84' lang='lat' dir='ltr'><strong>Dominum</strong></span> <span class='ocrx_word' id='word_1_33' title='bbox 573 663 620 702; x_wconf 81' lang='grc' dir='ltr'><strong>ι.</strong></span> <span class='ocrx_word' id='word_1_34' title='bbox 655 649 750 704; x_wconf 87' lang='lat' dir='ltr'><strong>Isti</strong></span> <span class='ocrx_word' id='word_1_35' title='bbox 779 650 846 703; x_wconf 90' lang='lat' dir='ltr'><strong>ab</strong></span> <span class='ocrx_word' id='word_1_36' title='bbox 867 651 972 705; x_wconf 85' lang='lat' dir='ltr'><strong>hoc.</strong></span> <span class='ocrx_word' id='word_1_37' title='bbox 995 649 1262 719; x_wconf 85' lang='lat' dir='ltr'><strong>percussi,</strong></span> <span class='ocrx_word' id='word_1_38' title='bbox 1287 650 1413 717; x_wconf 87' lang='lat' dir='ltr'><strong>quia</strong></span> <span class='ocrx_word' id='word_1_39' title='bbox 1436 664 1542 703; x_wconf 90' lang='lat' dir='ltr'><strong>non</strong></span> <span class='ocrx_word' id='word_1_40' title='bbox 1574 648 1746 704; x_wconf 91' lang='lat' dir='ltr'><strong>solum</strong></span> 
     </span>
    </p>
   </div>
   <div class='ocr_carea' id='block_1_7' title="bbox 165 739 1744 812">
    <p class='ocr_par' dir='ltr' id='par_1_7' title="bbox 165 739 1744 812">
     <span class='ocr_line' id='line_1_7' title="bbox 165 739 1744 812; baseline 0 -20"><span class='ocrx_word' id='word_1_41' title='bbox 165 741 757 810; x_wconf 83' lang='lat' dir='ltr'><strong>appropinquaverunt,</strong></span> <span class='ocrx_word' id='word_1_42' title='bbox 788 742 881 797; x_wconf 89' lang='lat' dir='ltr'><strong>sed</strong></span> <span class='ocrx_word' id='word_1_43' title='bbox 906 742 1067 797; x_wconf 87' lang='lat' dir='ltr'><strong>etiam</strong></span> <span class='ocrx_word' id='word_1_44' title='bbox 1099 743 1180 812; x_wconf 90' lang='lat' dir='ltr'><strong>(ut</strong></span> <span class='ocrx_word' id='word_1_45' title='bbox 1213 741 1318 795; x_wconf 86' lang='lat' dir='ltr'><strong>alia</strong></span> <span class='ocrx_word' id='word_1_46' title='bbox 1347 739 1514 794; x_wconf 91' lang='lat' dir='ltr'><strong>refert</strong></span> <span class='ocrx_word' id='word_1_47' title='bbox 1561 747 1744 792; x_wconf 90' lang='lat' dir='ltr'><strong>trans—</strong></span> 
     </span>
    </p>
   </div>
   <div class='ocr_carea' id='block_1_8' title="bbox 164 827 1741 901">
    <p class='ocr_par' dir='ltr' id='par_1_8' title="bbox 164 827 1741 901">
     <span class='ocr_line' id='line_1_8' title="bbox 164 827 1741 901; baseline 0.001 -20"><span class='ocrx_word' id='word_1_48' title='bbox 164 827 322 901; x_wconf 91' lang='lat' dir='ltr'><strong>latio)</strong></span> <span class='ocrx_word' id='word_1_49' title='bbox 373 831 733 900; x_wconf 72' lang='lat' dir='ltr'><strong>despexerunt,</strong></span> <span class='ocrx_word' id='word_1_50' title='bbox 765 831 908 900; x_wconf 83' lang='lat' dir='ltr'><strong>quod</strong></span> <span class='ocrx_word' id='word_1_51' title='bbox 935 832 1132 886; x_wconf 80' lang='lat' dir='ltr'><strong>rationi</strong></span> <span class='ocrx_word' id='word_1_52' title='bbox 1156 831 1276 899; x_wconf 86' lang='lat' dir='ltr'><strong>plus</strong></span> <span class='ocrx_word' id='word_1_53' title='bbox 1305 846 1602 901; x_wconf 90' lang='lat' dir='ltr'><strong>congruum</strong></span> <span class='ocrx_word' id='word_1_54' title='bbox 1628 837 1741 884; x_wconf 89' lang='lat' dir='ltr'><strong>est:</strong></span> 
     </span>
    </p>
   </div>
   <div class='ocr_carea' id='block_1_9' title="bbox 161 920 1744 989">
    <p class='ocr_par' dir='ltr' id='par_1_9' title="bbox 161 920 1744 989">
     <span class='ocr_line' id='line_1_9' title="bbox 161 920 1744 989; baseline -0.001 -15"><span class='ocrx_word' id='word_1_55' title='bbox 161 936 292 974; x_wconf 85' lang='lat' dir='ltr'><strong>nam</strong></span> <span class='ocrx_word' id='word_1_56' title='bbox 322 922 374 975; x_wconf 94' lang='lat' dir='ltr'><strong>in</strong></span> <span class='ocrx_word' id='word_1_57' title='bbox 419 921 602 976; x_wconf 79' lang='lat' dir='ltr'><strong>Exodo</strong></span> <span class='ocrx_word' id='word_1_58' title='bbox 631 922 904 987; x_wconf 78' lang='lat' dir='ltr'><strong>videruiit,</strong></span> <span class='ocrx_word' id='word_1_59' title='bbox 935 931 990 975; x_wconf 89' lang='lat' dir='ltr'><strong>et</strong></span> <span class='ocrx_word' id='word_1_60' title='bbox 1019 922 1328 985; x_wconf 89' lang='lat' dir='ltr'><strong>audierunt,</strong></span> <span class='ocrx_word' id='word_1_61' title='bbox 1362 928 1416 974; x_wconf 91' lang='lat' dir='ltr'><strong>et</strong></span> <span class='ocrx_word' id='word_1_62' title='bbox 1465 920 1744 989; x_wconf 89' lang='lat' dir='ltr'><strong>perspicua</strong></span> 
     </span>
    </p>
   </div>
   <div class='ocr_carea' id='block_1_10' title="bbox 160 1009 1746 1082">
    <p class='ocr_par' dir='ltr' id='par_1_10' title="bbox 160 1009 1746 1082">
     <span class='ocr_line' id='line_1_10' title="bbox 160 1009 1746 1082; baseline 0 -18"><span class='ocrx_word' id='word_1_63' title='bbox 160 1009 363 1065; x_wconf 72' lang='lat' dir='ltr'><strong>divina:</strong></span> <span class='ocrx_word' id='word_1_64' title='bbox 389 1013 643 1080; x_wconf 65' lang='lat' dir='ltr'><strong>potentia:</strong></span> <span class='ocrx_word' id='word_1_65' title='bbox 673 1013 1044 1082; x_wconf 79' lang='lat' dir='ltr'><strong>inspexerunt,</strong></span> <span class='ocrx_word' id='word_1_66' title='bbox 1078 1027 1179 1066; x_wconf 89' lang='lat' dir='ltr'><strong>nec</strong></span> <span class='ocrx_word' id='word_1_67' title='bbox 1207 1011 1506 1079; x_wconf 86' lang='lat' dir='ltr'><strong>perierunt.</strong></span> <span class='ocrx_word' id='word_1_68' title='bbox 1533 1011 1600 1064; x_wconf 83' lang='lat' dir='ltr'><strong>Et</strong></span> <span class='ocrx_word' id='word_1_69' title='bbox 1625 1011 1746 1065; x_wconf 89' lang='lat' dir='ltr'><strong>ideo</strong></span> 
     </span>
    </p>
   </div>
   <div class='ocr_carea' id='block_1_11' title="bbox 161 1100 1744 1174">
    <p class='ocr_par' dir='ltr' id='par_1_11' title="bbox 161 1100 1744 1174">
     <span class='ocr_line' id='line_1_11' title="bbox 161 1100 1744 1174; baseline 0.004 -21"><span class='ocrx_word' id='word_1_70' title='bbox 161 1100 253 1155; x_wconf 91' lang='lat' dir='ltr'><strong>isti</strong></span> <span class='ocrx_word' id='word_1_71' title='bbox 289 1116 394 1156; x_wconf 81' lang='lat' dir='ltr'><strong>non</strong></span> <span class='ocrx_word' id='word_1_72' title='bbox 419 1102 484 1155; x_wconf 90' lang='lat' dir='ltr'><strong>de</strong></span> <span class='ocrx_word' id='word_1_73' title='bbox 507 1103 734 1170; x_wconf 86' lang='lat' dir='ltr'><strong>visione,</strong></span> <span class='ocrx_word' id='word_1_74' title='bbox 765 1104 859 1158; x_wconf 90' lang='lat' dir='ltr'><strong>sed</strong></span> <span class='ocrx_word' id='word_1_75' title='bbox 880 1104 945 1159; x_wconf 91' lang='lat' dir='ltr'><strong>de</strong></span> <span class='ocrx_word' id='word_1_76' title='bbox 971 1104 1338 1174; x_wconf 88' lang='lat' dir='ltr'><strong>despectione,</strong></span> <span class='ocrx_word' id='word_1_77' title='bbox 1363 1111 1418 1159; x_wconf 92' lang='lat' dir='ltr'><strong>et</strong></span> <span class='ocrx_word' id='word_1_78' title='bbox 1441 1104 1744 1159; x_wconf 81' lang='lat' dir='ltr'><strong>temeritate</strong></span> 
     </span>
    </p>
   </div>
   <div class='ocr_carea' id='block_1_12' title="bbox 161 1192 680 1248">
    <p class='ocr_par' dir='ltr' id='par_1_12' title="bbox 161 1192 680 1248">
     <span class='ocr_line' id='line_1_12' title="bbox 161 1192 680 1248; baseline 0.008 -4"><span class='ocrx_word' id='word_1_79' title='bbox 161 1192 408 1246; x_wconf 90' lang='lat' dir='ltr'><strong>muletati</strong></span> <span class='ocrx_word' id='word_1_80' title='bbox 439 1202 564 1248; x_wconf 83' lang='lat' dir='ltr'><strong>sum</strong></span> <span class='ocrx_word' id='word_1_81' title='bbox 588 1195 636 1247; x_wconf 72' lang='grc' dir='ltr'><strong>δ.</strong></span> <span class='ocrx_word' id='word_1_82' title='bbox 662 1215 680 1248; x_wconf 71' lang='grc' dir='ltr'><strong><em>ι</em></strong></span> 
     </span>
    </p>
   </div>
   <div class='ocr_carea' id='block_1_13' title="bbox 237 1283 1743 1358">
    <p class='ocr_par' dir='ltr' id='par_1_13' title="bbox 237 1283 1743 1358">
     <span class='ocr_line' id='line_1_13' title="bbox 237 1283 1743 1358; baseline 0.001 -20"><span class='ocrx_word' id='word_1_83' title='bbox 237 1283 384 1353; x_wconf 82' lang='lat' dir='ltr'><strong>(Cap.</strong></span> <span class='ocrx_word' id='word_1_84' title='bbox 405 1286 454 1338; x_wconf 87' lang='lat'><strong>7.</strong></span> <span class='ocrx_word' id='word_1_85' title='bbox 484 1285 562 1356; x_wconf 74' lang='grc'><strong>2.)</strong></span> <span class='ocrx_word' id='word_1_86' title='bbox 594 1286 660 1339; x_wconf 87' lang='lat' dir='ltr'><strong>Et</strong></span> <span class='ocrx_word' id='word_1_87' title='bbox 682 1287 878 1354; x_wconf 78' lang='lat' dir='ltr'><strong>factum</strong></span> <span class='ocrx_word' id='word_1_88' title='bbox 901 1296 974 1342; x_wconf 85' lang='lat' dir='ltr'><strong>est</strong></span> <span class='ocrx_word' id='word_1_89' title='bbox 998 1304 1061 1341; x_wconf 79' lang='lat' dir='ltr'><strong>ea:</strong></span> <span class='ocrx_word' id='word_1_90' title='bbox 1084 1305 1187 1358; x_wconf 86' lang='lat' dir='ltr'><strong>qua</strong></span> <span class='ocrx_word' id='word_1_91' title='bbox 1217 1288 1300 1341; x_wconf 85' lang='lat' dir='ltr'><strong>die</strong></span> <span class='ocrx_word' id='word_1_92' title='bbox 1321 1286 1511 1341; x_wconf 85' lang='lat' dir='ltr'><strong>mansit</strong></span> <span class='ocrx_word' id='word_1_93' title='bbox 1539 1303 1664 1340; x_wconf 87' lang='lat' dir='ltr'><strong>arca</strong></span> <span class='ocrx_word' id='word_1_94' title='bbox 1688 1288 1743 1340; x_wconf 86' lang='lat' dir='ltr'><strong>in</strong></span> 
     </span>
    </p>
   </div>
   <div class='ocr_carea' id='block_1_14' title="bbox 160 1371 1744 1447">
    <p class='ocr_par' dir='ltr' id='par_1_14' title="bbox 160 1371 1744 1447">
     <span class='ocr_line' id='line_1_14' title="bbox 160 1371 1744 1447; baseline 0.002 -21"><span class='ocrx_word' id='word_1_95' title='bbox 160 1371 560 1442; x_wconf 75' lang='lat' dir='ltr'><strong>Cariathiarim,</strong></span> <span class='ocrx_word' id='word_1_96' title='bbox 596 1378 927 1444; x_wconf 71' lang='lat' dir='ltr'><strong>multiplicati</strong></span> <span class='ocrx_word' id='word_1_97' title='bbox 961 1387 1082 1432; x_wconf 86' lang='lat' dir='ltr'><strong>sunt</strong></span> <span class='ocrx_word' id='word_1_98' title='bbox 1109 1379 1238 1431; x_wconf 87' lang='lat' dir='ltr'><strong>dies.</strong></span> <span class='ocrx_word' id='word_1_99' title='bbox 1268 1377 1402 1431; x_wconf 85' lang='lat' dir='ltr'><strong>Erat</strong></span> <span class='ocrx_word' id='word_1_100' title='bbox 1422 1378 1609 1447; x_wconf 80' lang='lat' dir='ltr'><strong>quippe</strong></span> <span class='ocrx_word' id='word_1_101' title='bbox 1647 1393 1744 1429; x_wconf 83' lang='lat' dir='ltr'><strong>an—</strong></span> 
     </span>
    </p>
   </div>
   <div class='ocr_carea' id='block_1_15' title="bbox 162 1457 1744 1539">
    <p class='ocr_par' dir='ltr' id='par_1_15' title="bbox 162 1457 1744 1539">
     <span class='ocr_line' id='line_1_15' title="bbox 162 1457 1744 1539; baseline 0.002 -20"><span class='ocrx_word' id='word_1_102' title='bbox 162 1482 263 1519; x_wconf 87' lang='lat' dir='ltr'><strong>nus</strong></span> <span class='ocrx_word' id='word_1_103' title='bbox 291 1457 584 1532; x_wconf 82' lang='lat' dir='ltr'><strong>vicesimus,</strong></span> <span class='ocrx_word' id='word_1_104' title='bbox 613 1477 660 1521; x_wconf 91' lang='lat' dir='ltr'><strong><em>et</em></strong></span> <span class='ocrx_word' id='word_1_105' title='bbox 690 1469 933 1538; x_wconf 80' lang='lat' dir='ltr'><strong><em>requievit</em></strong></span> <span class='ocrx_word' id='word_1_106' title='bbox 975 1471 1142 1523; x_wconf 84' lang='lat' dir='ltr'><strong>omnis</strong></span> <span class='ocrx_word' id='word_1_107' title='bbox 1190 1470 1373 1523; x_wconf 81' lang='lat' dir='ltr'><strong>domus</strong></span> <span class='ocrx_word' id='word_1_108' title='bbox 1421 1467 1594 1523; x_wconf 81' lang='lat' dir='ltr'><strong><em>Israel</em></strong></span> <span class='ocrx_word' id='word_1_109' title='bbox 1627 1477 1744 1539; x_wconf 86' lang='lat' dir='ltr'><strong>post</strong></span> 
     </span>
    </p>
   </div>
   <div class='ocr_carea' id='block_1_16' title="bbox 158 1554 1742 1629">
    <p class='ocr_par' dir='ltr' id='par_1_16' title="bbox 158 1554 1742 1629">
     <span class='ocr_line' id='line_1_16' title="bbox 158 1554 1742 1629; baseline 0.003 -19"><span class='ocrx_word' id='word_1_110' title='bbox 158 1554 467 1610; x_wconf 87' lang='lat' dir='ltr'><strong>Dominum.</strong></span> <span class='ocrx_word' id='word_1_111' title='bbox 513 1569 533 1597; x_wconf 75' lang='grc' dir='ltr'>ε</span> <span class='ocrx_word' id='word_1_112' title='bbox 575 1577 593 1609; x_wconf 75' lang='grc' dir='ltr'><strong><em>ι</em></strong></span> <span class='ocrx_word' id='word_1_113' title='bbox 629 1559 745 1613; x_wconf 85' lang='grc' dir='ltr'><strong>Νοη</strong></span> <span class='ocrx_word' id='word_1_114' title='bbox 783 1560 858 1614; x_wconf 86' lang='lat' dir='ltr'><strong>ita</strong></span> <span class='ocrx_word' id='word_1_115' title='bbox 899 1560 1308 1629; x_wconf 88' lang='lat' dir='ltr'><strong>intelligendum</strong></span> <span class='ocrx_word' id='word_1_116' title='bbox 1351 1568 1435 1614; x_wconf 89' lang='lat' dir='ltr'><strong>est</strong></span> <span class='ocrx_word' id='word_1_117' title='bbox 1478 1559 1632 1629; x_wconf 89' lang='lat' dir='ltr'><strong>quasi</strong></span> <span class='ocrx_word' id='word_1_118' title='bbox 1663 1559 1742 1614; x_wconf 82' lang='lat' dir='ltr'><strong>vi-</strong></span> 
     </span>
    </p>
   </div>
   <div class='ocr_carea' id='block_1_17' title="bbox 159 1648 1741 1722">
    <p class='ocr_par' dir='ltr' id='par_1_17' title="bbox 159 1648 1741 1722">
     <span class='ocr_line' id='line_1_17' title="bbox 159 1648 1741 1722; baseline 0.003 -22"><span class='ocrx_word' id='word_1_119' title='bbox 159 1648 298 1718; x_wconf 89' lang='lat' dir='ltr'><strong>ginti</strong></span> <span class='ocrx_word' id='word_1_120' title='bbox 327 1649 474 1713; x_wconf 85' lang='lat' dir='ltr'><strong>anni,</strong></span> <span class='ocrx_word' id='word_1_121' title='bbox 500 1648 698 1718; x_wconf 88' lang='lat' dir='ltr'><strong>quibus</strong></span> <span class='ocrx_word' id='word_1_122' title='bbox 720 1664 846 1705; x_wconf 89' lang='lat' dir='ltr'><strong>arca</strong></span> <span class='ocrx_word' id='word_1_123' title='bbox 880 1648 1153 1722; x_wconf 85' lang='lat' dir='ltr'><strong>(maneret)</strong></span> <span class='ocrx_word' id='word_1_124' title='bbox 1180 1651 1440 1705; x_wconf 82' lang='lat' dir='ltr'><strong><em>manserit</em></strong></span> <span class='ocrx_word' id='word_1_125' title='bbox 1471 1651 1525 1703; x_wconf 91' lang='lat' dir='ltr'><strong>in</strong></span> <span class='ocrx_word' id='word_1_126' title='bbox 1549 1649 1741 1704; x_wconf 82' lang='lat' dir='ltr'><strong>Caria-</strong></span> 
     </span>
    </p>
   </div>
   <div class='ocr_carea' id='block_1_18' title="bbox 158 1739 1735 1820">
    <p class='ocr_par' dir='ltr' id='par_1_18' title="bbox 158 1739 1735 1820">
     <span class='ocr_line' id='line_1_18' title="bbox 158 1739 1735 1820; baseline 0.003 -29"><span class='ocrx_word' id='word_1_127' title='bbox 158 1739 406 1804; x_wconf 79' lang='lat' dir='ltr'><strong>thiarim,</strong></span> <span class='ocrx_word' id='word_1_128' title='bbox 455 1741 522 1794; x_wconf 90' lang='lat' dir='ltr'><strong>ad</strong></span> <span class='ocrx_word' id='word_1_129' title='bbox 567 1750 816 1795; x_wconf 87' lang='lat' dir='ltr'><strong>octavum</strong></span> <span class='ocrx_word' id='word_1_130' title='bbox 870 1757 1041 1812; x_wconf 90' lang='lat' dir='ltr'><strong>usque</strong></span> <span class='ocrx_word' id='word_1_131' title='bbox 1088 1759 1287 1820; x_wconf 84' lang='lat' dir='ltr'><strong>annum</strong></span> <span class='ocrx_word' id='word_1_132' title='bbox 1341 1743 1492 1812; x_wconf 82' lang='lat' dir='ltr'><strong><em>regni</em></strong></span> <span class='ocrx_word' id='word_1_133' title='bbox 1544 1741 1735 1805; x_wconf 91' lang='lat' dir='ltr'><strong>David,</strong></span> 
     </span>
    </p>
   </div>
   <div class='ocr_carea' id='block_1_19' title="bbox 155 1803 1814 1903">
    <p class='ocr_par' dir='ltr' id='par_1_19' title="bbox 155 1803 1814 1903">
     <span class='ocr_line' id='line_1_19' title="bbox 155 1803 1814 1903; baseline 0.002 -22"><span class='ocrx_word' id='word_1_134' title='bbox 155 1829 378 1898; x_wconf 85' lang='lat' dir='ltr'><strong>quando</strong></span> <span class='ocrx_word' id='word_1_135' title='bbox 430 1845 548 1884; x_wconf 88' lang='lat' dir='ltr'><strong>eam</strong></span> <span class='ocrx_word' id='word_1_136' title='bbox 587 1842 910 1902; x_wconf 88' lang='lat' dir='ltr'><strong>congregata</strong></span> <span class='ocrx_word' id='word_1_137' title='bbox 951 1803 1139 1902; x_wconf 75' lang='lat' dir='ltr'><strong>pOpuli</strong></span> <span class='ocrx_word' id='word_1_138' title='bbox 1181 1803 1482 1903; x_wconf 60' lang='lat' dir='ltr'><strong>frequenlia</strong></span> <span class='ocrx_word' id='word_1_139' title='bbox 1516 1803 1739 1885; x_wconf 81' lang='lat' dir='ltr'><strong>adduxit</strong></span> <span class='ocrx_word' id='word_1_140' title='bbox 1767 1803 1814 1861; x_wconf 77' lang='grc' dir='ltr'><strong>Β</strong></span> 
     </span>
    </p>
   </div>
   <div class='ocr_carea' id='block_1_20' title="bbox 157 1919 1739 1992">
    <p class='ocr_par' dir='ltr' id='par_1_20' title="bbox 157 1919 1739 1992">
     <span class='ocr_line' id='line_1_20' title="bbox 157 1919 1739 1992; baseline 0.003 -20"><span class='ocrx_word' id='word_1_141' title='bbox 157 1919 210 1972; x_wconf 92' lang='lat' dir='ltr'><strong>in</strong></span> <span class='ocrx_word' id='word_1_142' title='bbox 242 1920 577 1975; x_wconf 82' lang='lat' dir='ltr'><strong>Hierusalem</strong></span> <span class='ocrx_word' id='word_1_143' title='bbox 607 1921 694 1992; x_wconf 85' lang='lat' dir='ltr'><strong>(II</strong></span> <span class='ocrx_word' id='word_1_144' title='bbox 721 1921 845 1992; x_wconf 83' lang='lat' dir='ltr'><strong><em>Reg.</em></strong></span> <span class='ocrx_word' id='word_1_145' title='bbox 880 1922 954 1991; x_wconf 88' lang='lat'><strong>6),</strong></span> <span class='ocrx_word' id='word_1_146' title='bbox 993 1923 1102 1976; x_wconf 89' lang='lat' dir='ltr'><strong>sint</strong></span> <span class='ocrx_word' id='word_1_147' title='bbox 1132 1923 1498 1992; x_wconf 82' lang='lat' dir='ltr'><strong>computandi.</strong></span> <span class='ocrx_word' id='word_1_148' title='bbox 1527 1922 1739 1978; x_wconf 83' lang='lat' dir='ltr'><strong>inveni-</strong></span> 
     </span>
    </p>
   </div>
   <div class='ocr_carea' id='block_1_21' title="bbox 156 2012 1736 2086">
    <p class='ocr_par' dir='ltr' id='par_1_21' title="bbox 156 2012 1736 2086">
     <span class='ocr_line' id='line_1_21' title="bbox 156 2012 1736 2086; baseline 0.004 -25"><span class='ocrx_word' id='word_1_149' title='bbox 156 2019 249 2062; x_wconf 88' lang='lat' dir='ltr'><strong>tur</strong></span> <span class='ocrx_word' id='word_1_150' title='bbox 279 2026 510 2081; x_wconf 87' lang='lat' dir='ltr'><strong>namque</strong></span> <span class='ocrx_word' id='word_1_151' title='bbox 536 2012 587 2066; x_wconf 91' lang='lat' dir='ltr'><strong>in</strong></span> <span class='ocrx_word' id='word_1_152' title='bbox 617 2013 988 2082; x_wconf 78' lang='lat' dir='ltr'><strong>sequentibus,</strong></span> <span class='ocrx_word' id='word_1_153' title='bbox 1011 2013 1061 2084; x_wconf 91' lang='lat' dir='ltr'><strong>(I</strong></span> <span class='ocrx_word' id='word_1_154' title='bbox 1076 2013 1198 2084; x_wconf 84' lang='lat' dir='ltr'><strong><em>Reg.</em></strong></span> <span class='ocrx_word' id='word_1_155' title='bbox 1219 2014 1300 2068; x_wconf 79' lang='lat' dir='ltr'><strong>M.</strong></span> <span class='ocrx_word' id='word_1_156' title='bbox 1330 2014 1405 2086; x_wconf 88' lang='lat'><strong>8),</strong></span> <span class='ocrx_word' id='word_1_157' title='bbox 1437 2015 1578 2084; x_wconf 87' lang='lat' dir='ltr'><strong>quod</strong></span> <span class='ocrx_word' id='word_1_158' title='bbox 1600 2023 1736 2069; x_wconf 86' lang='lat' dir='ltr'><strong>tem-</strong></span> 
     </span>
    </p>
   </div>
   <div class='ocr_carea' id='block_1_22' title="bbox 153 2101 1737 2168">
    <p class='ocr_par' dir='ltr' id='par_1_22' title="bbox 153 2101 1737 2168">
     <span class='ocr_line' id='line_1_22' title="bbox 153 2101 1737 2168; baseline 0.005 -16"><span class='ocrx_word' id='word_1_159' title='bbox 153 2101 382 2168; x_wconf 86' lang='lat' dir='ltr'><strong>poribus</strong></span> <span class='ocrx_word' id='word_1_160' title='bbox 413 2101 589 2157; x_wconf 81' lang='lat' dir='ltr'><strong>Saulis</strong></span> <span class='ocrx_word' id='word_1_161' title='bbox 618 2101 720 2156; x_wconf 89' lang='lat' dir='ltr'><strong>fuit</strong></span> <span class='ocrx_word' id='word_1_162' title='bbox 744 2103 770 2142; x_wconf 76' lang='grc' dir='ltr'>ἀ</span> <span class='ocrx_word' id='word_1_163' title='bbox 796 2103 972 2157; x_wconf 86' lang='lat' dir='ltr'><strong>delata</strong></span> <span class='ocrx_word' id='word_1_164' title='bbox 999 2103 1066 2158; x_wconf 92' lang='lat' dir='ltr'><strong>de</strong></span> <span class='ocrx_word' id='word_1_165' title='bbox 1088 2106 1190 2158; x_wconf 87' lang='lat' dir='ltr'><strong>hac</strong></span> <span class='ocrx_word' id='word_1_166' title='bbox 1219 2105 1459 2168; x_wconf 80' lang='lat' dir='ltr'><strong>civitate,</strong></span> <span class='ocrx_word' id='word_1_167' title='bbox 1494 2115 1547 2159; x_wconf 91' lang='lat' dir='ltr'><strong>et</strong></span> <span class='ocrx_word' id='word_1_168' title='bbox 1574 2106 1737 2160; x_wconf 87' lang='lat' dir='ltr'><strong>allata</strong></span> 
     </span>
    </p>
   </div>
   <div class='ocr_carea' id='block_1_23' title="bbox 151 2190 1737 2264">
    <p class='ocr_par' dir='ltr' id='par_1_23' title="bbox 151 2190 1737 2264">
     <span class='ocr_line' id='line_1_23' title="bbox 151 2190 1737 2264; baseline 0.004 -20"><span class='ocrx_word' id='word_1_169' title='bbox 151 2190 208 2244; x_wconf 88' lang='lat' dir='ltr'><strong>in</strong></span> <span class='ocrx_word' id='word_1_170' title='bbox 258 2201 461 2258; x_wconf 47' lang='lat' dir='ltr'><strong>castra,</strong></span> <span class='ocrx_word' id='word_1_171' title='bbox 509 2204 782 2264; x_wconf 80' lang='lat' dir='ltr'><strong>pugnante</strong></span> <span class='ocrx_word' id='word_1_172' title='bbox 831 2211 896 2251; x_wconf 90' lang='lat' dir='ltr'><strong>eo</strong></span> <span class='ocrx_word' id='word_1_173' title='bbox 948 2197 1206 2251; x_wconf 90' lang='lat' dir='ltr'><strong>adversus</strong></span> <span class='ocrx_word' id='word_1_174' title='bbox 1239 2197 1540 2251; x_wconf 71' lang='lat' dir='ltr'><strong>PliilistzeOS</strong></span> <span class='ocrx_word' id='word_1_175' title='bbox 1576 2217 1594 2250; x_wconf 74' lang='grc' dir='ltr'><strong><em>ι</em></strong></span> <span class='ocrx_word' id='word_1_176' title='bbox 1621 2216 1632 2250; x_wconf 88' lang='lat'><strong>:</strong></span> <span class='ocrx_word' id='word_1_177' title='bbox 1659 2199 1737 2252; x_wconf 91' lang='lat' dir='ltr'><strong>sic</strong></span> 
     </span>
    </p>
   </div>
   <div class='ocr_carea' id='block_1_24' title="bbox 151 2287 1735 2360">
    <p class='ocr_par' dir='ltr' id='par_1_24' title="bbox 151 2287 1735 2360">
     <span class='ocr_line' id='line_1_24' title="bbox 151 2287 1735 2360; baseline 0.001 -22"><span class='ocrx_word' id='word_1_178' title='bbox 151 2287 355 2339; x_wconf 88' lang='lat' dir='ltr'><strong>ctenim</strong></span> <span class='ocrx_word' id='word_1_179' title='bbox 379 2289 641 2358; x_wconf 85' lang='lat' dir='ltr'><strong>scriptum</strong></span> <span class='ocrx_word' id='word_1_180' title='bbox 666 2297 748 2343; x_wconf 89' lang='lat' dir='ltr'><strong>est</strong></span> <span class='ocrx_word' id='word_1_181' title='bbox 775 2309 785 2342; x_wconf 90' lang='lat'><strong>:</strong></span> <span class='ocrx_word' id='word_1_182' title='bbox 818 2288 1005 2360; x_wconf 85' lang='lat' dir='ltr'><strong>(Ibid.)</strong></span> <span class='ocrx_word' id='word_1_183' title='bbox 1031 2289 1098 2342; x_wconf 87' lang='lat' dir='ltr'><strong>Et</strong></span> <span class='ocrx_word' id='word_1_184' title='bbox 1125 2291 1198 2343; x_wconf 89' lang='lat' dir='ltr'><strong>ait</strong></span> <span class='ocrx_word' id='word_1_185' title='bbox 1223 2288 1352 2343; x_wconf 87' lang='lat' dir='ltr'><strong>Saul</strong></span> <span class='ocrx_word' id='word_1_186' title='bbox 1381 2290 1448 2342; x_wconf 86' lang='lat' dir='ltr'><strong>ad</strong></span> <span class='ocrx_word' id='word_1_187' title='bbox 1476 2289 1692 2342; x_wconf 78' lang='lat' dir='ltr'><strong>Acltiam</strong></span> <span class='ocrx_word' id='word_1_188' title='bbox 1717 2303 1735 2340; x_wconf 90' lang='lat'><strong><em>:</em></strong></span> 
     </span>
    </p>
   </div>
   <div class='ocr_carea' id='block_1_25' title="bbox 149 2377 1735 2445">
    <p class='ocr_par' dir='ltr' id='par_1_25' title="bbox 149 2377 1735 2445">
     <span class='ocr_line' id='line_1_25' title="bbox 149 2377 1735 2445; baseline 0.004 -19"><span class='ocrx_word' id='word_1_189' title='bbox 149 2377 361 2445; x_wconf 83' lang='lat' dir='ltr'><strong>applica</strong></span> <span class='ocrx_word' id='word_1_190' title='bbox 393 2396 570 2432; x_wconf 88' lang='lat' dir='ltr'><strong>arcam</strong></span> <span class='ocrx_word' id='word_1_191' title='bbox 599 2380 694 2432; x_wconf 88' lang='lat' dir='ltr'><strong><em>Dei</em></strong></span> <span class='ocrx_word' id='word_1_192' title='bbox 728 2394 744 2430; x_wconf 86' lang='lat'><strong><em>:</em></strong></span> <span class='ocrx_word' id='word_1_193' title='bbox 785 2390 896 2432; x_wconf 89' lang='lat' dir='ltr'><strong>erat</strong></span> <span class='ocrx_word' id='word_1_194' title='bbox 920 2380 1055 2432; x_wconf 87' lang='lat' dir='ltr'><strong>enim</strong></span> <span class='ocrx_word' id='word_1_195' title='bbox 1083 2380 1153 2432; x_wconf 89' lang='lat' dir='ltr'><strong>ibi</strong></span> <span class='ocrx_word' id='word_1_196' title='bbox 1175 2396 1300 2432; x_wconf 87' lang='lat' dir='ltr'><strong>arca</strong></span> <span class='ocrx_word' id='word_1_197' title='bbox 1331 2379 1428 2432; x_wconf 87' lang='lat' dir='ltr'><strong>Dei</strong></span> <span class='ocrx_word' id='word_1_198' title='bbox 1454 2381 1506 2432; x_wconf 88' lang='lat' dir='ltr'><strong><em>in</em></strong></span> <span class='ocrx_word' id='word_1_199' title='bbox 1533 2379 1616 2432; x_wconf 88' lang='lat' dir='ltr'><strong>die</strong></span> <span class='ocrx_word' id='word_1_200' title='bbox 1643 2378 1735 2432; x_wconf 89' lang='lat' dir='ltr'><strong>illa</strong></span> 
     </span>
    </p>
   </div>
   <div class='ocr_carea' id='block_1_26' title="bbox 149 2469 1735 2541">
    <p class='ocr_par' dir='ltr' id='par_1_26' title="bbox 149 2469 1735 2541">
     <span class='ocr_line' id='line_1_26' title="bbox 149 2469 1735 2541; baseline 0.005 -23"><span class='ocrx_word' id='word_1_201' title='bbox 149 2483 270 2520; x_wconf 83' lang='lat' dir='ltr'><strong>cum</strong></span> <span class='ocrx_word' id='word_1_202' title='bbox 301 2469 427 2537; x_wconf 84' lang='lat' dir='ltr'><strong>ﬁliis</strong></span> <span class='ocrx_word' id='word_1_203' title='bbox 452 2469 689 2524; x_wconf 80' lang='lat' dir='ltr'><strong>Israelis.</strong></span> <span class='ocrx_word' id='word_1_204' title='bbox 728 2471 794 2524; x_wconf 86' lang='lat' dir='ltr'><strong>Et</strong></span> <span class='ocrx_word' id='word_1_205' title='bbox 824 2472 952 2540; x_wconf 87' lang='lat' dir='ltr'><strong>quia</strong></span> <span class='ocrx_word' id='word_1_206' title='bbox 987 2479 1197 2525; x_wconf 87' lang='lat' dir='ltr'><strong>constat</strong></span> <span class='ocrx_word' id='word_1_207' title='bbox 1239 2470 1325 2541; x_wconf 88' lang='grc' dir='ltr'><strong>(ῘΙ</strong></span> <span class='ocrx_word' id='word_1_208' title='bbox 1357 2470 1477 2540; x_wconf 84' lang='lat' dir='ltr'><strong><em>Reg.</em></strong></span> <span class='ocrx_word' id='word_1_209' title='bbox 1509 2471 1560 2541; x_wconf 86' lang='lat'><strong>7)</strong></span> <span class='ocrx_word' id='word_1_210' title='bbox 1593 2472 1735 2541; x_wconf 86' lang='lat' dir='ltr'><strong>quod</strong></span> 
     </span>
    </p>
   </div>
   <div class='ocr_carea' id='block_1_27' title="bbox 150 2560 1734 2623">
    <p class='ocr_par' dir='ltr' id='par_1_27' title="bbox 150 2560 1734 2623">
     <span class='ocr_line' id='line_1_27' title="bbox 150 2560 1734 2623; baseline -0.002 -5"><span class='ocrx_word' id='word_1_211' title='bbox 150 2563 323 2618; x_wconf 86' lang='lat' dir='ltr'><strong>David</strong></span> <span class='ocrx_word' id='word_1_212' title='bbox 350 2577 469 2615; x_wconf 88' lang='lat' dir='ltr'><strong>eam</strong></span> <span class='ocrx_word' id='word_1_213' title='bbox 520 2563 572 2615; x_wconf 92' lang='lat' dir='ltr'><strong>in</strong></span> <span class='ocrx_word' id='word_1_214' title='bbox 613 2561 948 2616; x_wconf 79' lang='lat' dir='ltr'><strong>Hierusalem</strong></span> <span class='ocrx_word' id='word_1_215' title='bbox 997 2562 1303 2623; x_wconf 80' lang='lat' dir='ltr'><strong>adduxerit,</strong></span> <span class='ocrx_word' id='word_1_216' title='bbox 1356 2572 1377 2599; x_wconf 83' lang='grc' dir='ltr'>θ</span> <span class='ocrx_word' id='word_1_217' title='bbox 1435 2560 1623 2618; x_wconf 91' lang='lat' dir='ltr'><strong>tultam</strong></span> <span class='ocrx_word' id='word_1_218' title='bbox 1669 2561 1734 2615; x_wconf 90' lang='lat' dir='ltr'><strong>de</strong></span> 
     </span>
    </p>
   </div>
   <div class='ocr_carea' id='block_1_28' title="bbox 149 2651 1736 2720">
    <p class='ocr_par' dir='ltr' id='par_1_28' title="bbox 149 2651 1736 2720">
     <span class='ocr_line' id='line_1_28' title="bbox 149 2651 1736 2720; baseline -0.002 -14"><span class='ocrx_word' id='word_1_219' title='bbox 149 2654 316 2707; x_wconf 90' lang='lat' dir='ltr'><strong>domo</strong></span> <span class='ocrx_word' id='word_1_220' title='bbox 345 2652 672 2715; x_wconf 83' lang='lat' dir='ltr'><strong>Aminadab,</strong></span> <span class='ocrx_word' id='word_1_221' title='bbox 703 2652 754 2704; x_wconf 94' lang='lat' dir='ltr'><strong>in</strong></span> <span class='ocrx_word' id='word_1_222' title='bbox 787 2667 946 2720; x_wconf 88' lang='lat' dir='ltr'><strong>quam</strong></span> <span class='ocrx_word' id='word_1_223' title='bbox 982 2659 1108 2706; x_wconf 92' lang='lat' dir='ltr'><strong>tunc</strong></span> <span class='ocrx_word' id='word_1_224' title='bbox 1144 2652 1348 2705; x_wconf 90' lang='lat' dir='ltr'><strong>illatam</strong></span> <span class='ocrx_word' id='word_1_225' title='bbox 1378 2665 1499 2705; x_wconf 87' lang='lat' dir='ltr'><strong>esse</strong></span> <span class='ocrx_word' id='word_1_226' title='bbox 1554 2651 1736 2720; x_wconf 83' lang='lat' dir='ltr'><strong>perhi-</strong></span> 
     </span>
    </p>
   </div>
   <div class='ocr_carea' id='block_1_29' title="bbox 149 2741 1733 2811">
    <p class='ocr_par' dir='ltr' id='par_1_29' title="bbox 149 2741 1733 2811">
     <span class='ocr_line' id='line_1_29' title="bbox 149 2741 1733 2811; baseline 0 -15"><span class='ocrx_word' id='word_1_227' title='bbox 149 2744 336 2805; x_wconf 83' lang='lat' dir='ltr'><strong>betur,</strong></span> <span class='ocrx_word' id='word_1_228' title='bbox 371 2741 576 2795; x_wconf 71' lang='lat' dir='ltr'><strong>frestat</strong></span> <span class='ocrx_word' id='word_1_229' title='bbox 606 2741 848 2811; x_wconf 81' lang='lat' dir='ltr'><strong>intelligi,</strong></span> <span class='ocrx_word' id='word_1_230' title='bbox 883 2743 1024 2810; x_wconf 90' lang='lat' dir='ltr'><strong>quod</strong></span> <span class='ocrx_word' id='word_1_231' title='bbox 1056 2743 1108 2796; x_wconf 93' lang='lat' dir='ltr'><strong>in</strong></span> <span class='ocrx_word' id='word_1_232' title='bbox 1137 2743 1323 2797; x_wconf 90' lang='lat' dir='ltr'><strong>diebus</strong></span> <span class='ocrx_word' id='word_1_233' title='bbox 1354 2741 1532 2796; x_wconf 86' lang='lat' dir='ltr'><strong>Saulis</strong></span> <span class='ocrx_word' id='word_1_234' title='bbox 1564 2742 1733 2796; x_wconf 87' lang='lat' dir='ltr'><strong>relata</strong></span> 
     </span>
    </p>
   </div>
   <div class='ocr_carea' id='block_1_30' title="bbox 151 2831 1732 2900">
    <p class='ocr_par' dir='ltr' id='par_1_30' title="bbox 151 2831 1732 2900">
     <span class='ocr_line' id='line_1_30' title="bbox 151 2831 1732 2900; baseline 0 -14"><span class='ocrx_word' id='word_1_235' title='bbox 151 2833 220 2886; x_wconf 89' lang='lat' dir='ltr'><strong>de</strong></span> <span class='ocrx_word' id='word_1_236' title='bbox 251 2833 466 2894; x_wconf 84' lang='lat' dir='ltr'><strong>castris,</strong></span> <span class='ocrx_word' id='word_1_237' title='bbox 503 2839 556 2884; x_wconf 90' lang='lat' dir='ltr'><strong>et</strong></span> <span class='ocrx_word' id='word_1_238' title='bbox 584 2833 636 2885; x_wconf 94' lang='lat' dir='ltr'><strong>in</strong></span> <span class='ocrx_word' id='word_1_239' title='bbox 665 2831 942 2900; x_wconf 67' lang='lat' dir='ltr'><strong>praefatam</strong></span> <span class='ocrx_word' id='word_1_240' title='bbox 973 2833 1042 2886; x_wconf 90' lang='lat' dir='ltr'><strong>sit</strong></span> <span class='ocrx_word' id='word_1_241' title='bbox 1072 2832 1218 2886; x_wconf 87' lang='lat' dir='ltr'><strong>illata</strong></span> <span class='ocrx_word' id='word_1_242' title='bbox 1247 2833 1555 2896; x_wconf 89' lang='lat' dir='ltr'><strong>civitatem;</strong></span> <span class='ocrx_word' id='word_1_243' title='bbox 1594 2833 1732 2886; x_wconf 88' lang='lat' dir='ltr'><strong>unde</strong></span> 
     </span>
    </p>
   </div>
   <div class='ocr_carea' id='block_1_31' title="bbox 152 2921 1734 2992">
    <p class='ocr_par' dir='ltr' id='par_1_31' title="bbox 152 2921 1734 2992">
     <span class='ocr_line' id='line_1_31' title="bbox 152 2921 1734 2992; baseline -0.001 -16"><span class='ocrx_word' id='word_1_244' title='bbox 152 2923 332 2976; x_wconf 78' lang='lat' dir='ltr'><strong>demto</strong></span> <span class='ocrx_word' id='word_1_245' title='bbox 364 2930 622 2992; x_wconf 84' lang='lat' dir='ltr'><strong>regnante</strong></span> <span class='ocrx_word' id='word_1_246' title='bbox 648 2922 812 2976; x_wconf 83' lang='lat' dir='ltr'><strong>David</strong></span> <span class='ocrx_word' id='word_1_247' title='bbox 841 2921 1062 2976; x_wconf 83' lang='lat' dir='ltr'><strong>affertur</strong></span> <span class='ocrx_word' id='word_1_248' title='bbox 1089 2923 1142 2976; x_wconf 91' lang='lat' dir='ltr'><strong>in</strong></span> <span class='ocrx_word' id='word_1_249' title='bbox 1189 2921 1546 2976; x_wconf 81' lang='lat' dir='ltr'><strong>Hierusalem.</strong></span> <span class='ocrx_word' id='word_1_250' title='bbox 1581 2940 1598 2972; x_wconf 85' lang='grc'><strong>‹</strong></span> <span class='ocrx_word' id='word_1_251' title='bbox 1640 2921 1734 2975; x_wconf 87' lang='lat' dir='ltr'><strong>Est</strong></span> 
     </span>
    </p>
   </div>
   <div class='ocr_carea' id='block_1_32' title="bbox 151 3016 1731 3086">
    <p class='ocr_par' dir='ltr' id='par_1_32' title="bbox 151 3016 1731 3086">
     <span class='ocr_line' id='line_1_32' title="bbox 151 3016 1731 3086; baseline 0 -18"><span class='ocrx_word' id='word_1_252' title='bbox 151 3030 284 3086; x_wconf 78' lang='lat' dir='ltr'><strong>ergo</strong></span> <span class='ocrx_word' id='word_1_253' title='bbox 306 3031 495 3069; x_wconf 87' lang='lat' dir='ltr'><strong>sensus</strong></span> <span class='ocrx_word' id='word_1_254' title='bbox 526 3022 838 3070; x_wconf 73' lang='lat' dir='ltr'><strong>memorata:</strong></span> <span class='ocrx_word' id='word_1_255' title='bbox 869 3016 1168 3078; x_wconf 64' lang='lat' dir='ltr'><strong>sententias,</strong></span> <span class='ocrx_word' id='word_1_256' title='bbox 1199 3016 1326 3084; x_wconf 84' lang='lat' dir='ltr'><strong>quia</strong></span> <span class='ocrx_word' id='word_1_257' title='bbox 1354 3030 1419 3068; x_wconf 78' lang='lat' dir='ltr'><strong>ex</strong></span> <span class='ocrx_word' id='word_1_258' title='bbox 1445 3031 1551 3084; x_wconf 93' lang='lat' dir='ltr'><strong>quo</strong></span> <span class='ocrx_word' id='word_1_259' title='bbox 1583 3031 1731 3068; x_wconf 91' lang='lat' dir='ltr'><strong>man-</strong></span> 
     </span>
    </p>
   </div>
   <div class='ocr_carea' id='block_1_33' title="bbox 1852 548 3426 628">
    <p class='ocr_par' dir='ltr' id='par_1_33' title="bbox 1852 548 3426 628">
     <span class='ocr_line' id='line_1_33' title="bbox 1852 548 3426 628; baseline 0.005 -23"><span class='ocrx_word' id='word_1_260' title='bbox 1852 553 2034 618; x_wconf 83' lang='lat' dir='ltr'><strong>viens;</strong></span> <span class='ocrx_word' id='word_1_261' title='bbox 2092 555 2237 623; x_wconf 94' lang='lat' dir='ltr'><strong>quod</strong></span> <span class='ocrx_word' id='word_1_262' title='bbox 2263 571 2382 609; x_wconf 90' lang='lat' dir='ltr'><strong>eam</strong></span> <span class='ocrx_word' id='word_1_263' title='bbox 2413 555 2627 610; x_wconf 72' lang='lat' dir='ltr'><strong>.l‘ecisse</strong></span> <span class='ocrx_word' id='word_1_264' title='bbox 2666 565 2777 610; x_wconf 89' lang='lat' dir='ltr'><strong>toto</strong></span> <span class='ocrx_word' id='word_1_265' title='bbox 2811 548 3050 627; x_wconf 85' lang='lat' dir='ltr'><strong>tempore</strong></span> <span class='ocrx_word' id='word_1_266' title='bbox 3104 558 3426 628; x_wconf 68' lang='lat' dir='ltr'><strong>praesulatus</strong></span> 
     </span>
    </p>
   </div>
   <div class='ocr_carea' id='block_1_34' title="bbox 1852 642 3428 714">
    <p class='ocr_par' dir='ltr' id='par_1_34' title="bbox 1852 642 3428 714">
     <span class='ocr_line' id='line_1_34' title="bbox 1852 642 3428 714; baseline 0.005 -19"><span class='ocrx_word' id='word_1_267' title='bbox 1852 642 2138 708; x_wconf 86' lang='lat' dir='ltr'><strong>Samuelis,</strong></span> <span class='ocrx_word' id='word_1_268' title='bbox 2174 645 2200 684; x_wconf 74' lang='grc'><strong><em>⁸</em></strong></span> <span class='ocrx_word' id='word_1_269' title='bbox 2229 645 2320 714; x_wconf 91' lang='lat' dir='ltr'><strong>qui</strong></span> <span class='ocrx_word' id='word_1_270' title='bbox 2358 643 2592 714; x_wconf 87' lang='lat' dir='ltr'><strong>Josepho</strong></span> <span class='ocrx_word' id='word_1_271' title='bbox 2615 653 2752 699; x_wconf 85' lang='lat' dir='ltr'><strong>teste</strong></span> <span class='ocrx_word' id='word_1_272' title='bbox 2779 647 3063 700; x_wconf 88' lang='lat' dir='ltr'><strong>duodecim</strong></span> <span class='ocrx_word' id='word_1_273' title='bbox 3093 648 3250 702; x_wconf 90' lang='lat' dir='ltr'><strong>annis</strong></span> <span class='ocrx_word' id='word_1_274' title='bbox 3279 663 3397 703; x_wconf 90' lang='lat' dir='ltr'><strong>com</strong></span> <span class='ocrx_word' id='word_1_275' title='bbox 3416 679 3428 688; x_wconf 84' lang='lat'><strong>-</strong></span> 
     </span>
    </p>
   </div>
   <div class='ocr_carea' id='block_1_35' title="bbox 1848 734 3425 808">
    <p class='ocr_par' dir='ltr' id='par_1_35' title="bbox 1848 734 3425 808">
     <span class='ocr_line' id='line_1_35' title="bbox 1848 734 3425 808; baseline 0.004 -21"><span class='ocrx_word' id='word_1_276' title='bbox 1848 734 2022 803; x_wconf 91' lang='lat' dir='ltr'><strong>pletus</strong></span> <span class='ocrx_word' id='word_1_277' title='bbox 2068 743 2171 798; x_wconf 91' lang='lat' dir='ltr'><strong>est,</strong></span> <span class='ocrx_word' id='word_1_278' title='bbox 2229 743 2284 790; x_wconf 91' lang='lat' dir='ltr'><strong>et</strong></span> <span class='ocrx_word' id='word_1_279' title='bbox 2327 737 2502 806; x_wconf 91' lang='lat' dir='ltr'><strong>primo</strong></span> <span class='ocrx_word' id='word_1_280' title='bbox 2525 745 2766 805; x_wconf 70' lang='lat' dir='ltr'><strong>tampore</strong></span> <span class='ocrx_word' id='word_1_281' title='bbox 2788 737 2938 806; x_wconf 81' lang='lat' dir='ltr'><strong>regni</strong></span> <span class='ocrx_word' id='word_1_282' title='bbox 2980 736 3125 801; x_wconf 89' lang='lat' dir='ltr'><strong>Saul,</strong></span> <span class='ocrx_word' id='word_1_283' title='bbox 3180 739 3323 808; x_wconf 92' lang='lat' dir='ltr'><strong>quod</strong></span> <span class='ocrx_word' id='word_1_284' title='bbox 3377 741 3425 803; x_wconf 74' lang='grc' dir='ltr'>δ,</span> 
     </span>
    </p>
   </div>
   <div class='ocr_carea' id='block_1_36' title="bbox 1848 824 3426 896">
    <p class='ocr_par' dir='ltr' id='par_1_36' title="bbox 1848 824 3426 896">
     <span class='ocr_line' id='line_1_36' title="bbox 1848 824 3426 896; baseline 0.003 -18"><span class='ocrx_word' id='word_1_285' title='bbox 1848 824 2037 879; x_wconf 90' lang='lat' dir='ltr'><strong>eodem</strong></span> <span class='ocrx_word' id='word_1_286' title='bbox 2065 825 2325 881; x_wconf 85' lang='lat' dir='ltr'><strong>historico</strong></span> <span class='ocrx_word' id='word_1_287' title='bbox 2365 826 2666 880; x_wconf 84' lang='lat' dir='ltr'><strong>atlirmante</strong></span> <span class='ocrx_word' id='word_1_288' title='bbox 2701 827 2745 889; x_wconf 77' lang='grc' dir='ltr'><strong>ί,</strong></span> <span class='ocrx_word' id='word_1_289' title='bbox 2800 827 2989 896; x_wconf 81' lang='lat' dir='ltr'><strong>viginti</strong></span> <span class='ocrx_word' id='word_1_290' title='bbox 3021 829 3176 882; x_wconf 90' lang='lat' dir='ltr'><strong>annis</strong></span> <span class='ocrx_word' id='word_1_291' title='bbox 3231 830 3426 894; x_wconf 81' lang='lat' dir='ltr'><strong>tenuit,</strong></span> 
     </span>
    </p>
   </div>
   <div class='ocr_carea' id='block_1_37' title="bbox 1849 913 3428 990">
    <p class='ocr_par' dir='ltr' id='par_1_37' title="bbox 1849 913 3428 990">
     <span class='ocr_line' id='line_1_37' title="bbox 1849 913 3428 990; baseline 0.004 -24"><span class='ocrx_word' id='word_1_292' title='bbox 1849 913 2029 968; x_wconf 91' lang='lat' dir='ltr'><strong>nullus</strong></span> <span class='ocrx_word' id='word_1_293' title='bbox 2083 924 2281 970; x_wconf 69' lang='lat' dir='ltr'><strong>sanetae</strong></span> <span class='ocrx_word' id='word_1_294' title='bbox 2320 917 2562 971; x_wconf 72' lang='lat' dir='ltr'><strong>historia:</strong></span> <span class='ocrx_word' id='word_1_295' title='bbox 2592 916 2841 970; x_wconf 88' lang='lat' dir='ltr'><strong>curiosus</strong></span> <span class='ocrx_word' id='word_1_296' title='bbox 2897 917 3129 986; x_wconf 79' lang='lat' dir='ltr'><strong>ignorat.</strong></span> <span class='ocrx_word' id='word_1_297' title='bbox 3182 917 3428 990; x_wconf 84' lang='lat' dir='ltr'><strong>Namque</strong></span> 
     </span>
    </p>
   </div>
   <div class='ocr_carea' id='block_1_38' title="bbox 1847 1001 3426 1074">
    <p class='ocr_par' dir='ltr' id='par_1_38' title="bbox 1847 1001 3426 1074">
     <span class='ocr_line' id='line_1_38' title="bbox 1847 1001 3426 1074; baseline 0.004 -18"><span class='ocrx_word' id='word_1_298' title='bbox 1847 1001 2189 1071; x_wconf 88' lang='lat' dir='ltr'><strong>postmodum</strong></span> <span class='ocrx_word' id='word_1_299' title='bbox 2214 1002 2264 1071; x_wconf 89' lang='lat' dir='ltr'><strong>(I</strong></span> <span class='ocrx_word' id='word_1_300' title='bbox 2305 1002 2430 1073; x_wconf 86' lang='lat' dir='ltr'><strong><em>Reg.</em></strong></span> <span class='ocrx_word' id='word_1_301' title='bbox 2480 1003 2564 1058; x_wconf 90' lang='grc'><strong>16.</strong></span> <span class='ocrx_word' id='word_1_302' title='bbox 2597 1004 2685 1074; x_wconf 56' lang='lat' dir='ltr'><strong>id)</strong></span> <span class='ocrx_word' id='word_1_303' title='bbox 2714 1020 2839 1059; x_wconf 91' lang='lat' dir='ltr'><strong>cum</strong></span> <span class='ocrx_word' id='word_1_304' title='bbox 2861 1007 3178 1060; x_wconf 87' lang='lat' dir='ltr'><strong>recessisset</strong></span> <span class='ocrx_word' id='word_1_305' title='bbox 3203 1024 3230 1060; x_wconf 90' lang='lat' dir='ltr'><strong>a</strong></span> <span class='ocrx_word' id='word_1_306' title='bbox 3263 1008 3426 1063; x_wconf 76' lang='lat' dir='ltr'><strong>Saule</strong></span> 
     </span>
    </p>
   </div>
   <div class='ocr_carea' id='block_1_39' title="bbox 1847 1093 3422 1168">
    <p class='ocr_par' dir='ltr' id='par_1_39' title="bbox 1847 1093 3422 1168">
     <span class='ocr_line' id='line_1_39' title="bbox 1847 1093 3422 1168; baseline 0.003 -20"><span class='ocrx_word' id='word_1_307' title='bbox 1847 1093 2070 1163; x_wconf 88' lang='lat' dir='ltr'><strong>spiritus</strong></span> <span class='ocrx_word' id='word_1_308' title='bbox 2105 1093 2340 1157; x_wconf 92' lang='lat' dir='ltr'><strong>Domini,</strong></span> <span class='ocrx_word' id='word_1_309' title='bbox 2385 1103 2440 1148; x_wconf 79' lang='lat' dir='ltr'><strong>et</strong></span> <span class='ocrx_word' id='word_1_310' title='bbox 2467 1096 2699 1165; x_wconf 89' lang='lat' dir='ltr'><strong>agitaret</strong></span> <span class='ocrx_word' id='word_1_311' title='bbox 2727 1110 2850 1149; x_wconf 89' lang='lat' dir='ltr'><strong>eum</strong></span> <span class='ocrx_word' id='word_1_312' title='bbox 2897 1096 3117 1166; x_wconf 88' lang='lat' dir='ltr'><strong>spiritus</strong></span> <span class='ocrx_word' id='word_1_313' title='bbox 3168 1113 3422 1168; x_wconf 87' lang='lat' dir='ltr'><strong>nequam,</strong></span> 
     </span>
    </p>
   </div>
   <div class='ocr_carea' id='block_1_40' title="bbox 1848 1183 3422 1258">
    <p class='ocr_par' dir='ltr' id='par_1_40' title="bbox 1848 1183 3422 1258">
     <span class='ocr_line' id='line_1_40' title="bbox 1848 1183 3422 1258; baseline 0.004 -19"><span class='ocrx_word' id='word_1_314' title='bbox 1848 1187 2084 1240; x_wconf 76' lang='lat' dir='ltr'><strong>maxime</strong></span> <span class='ocrx_word' id='word_1_315' title='bbox 2112 1183 2263 1257; x_wconf 89' lang='lat' dir='ltr'><strong>(Cap.</strong></span> <span class='ocrx_word' id='word_1_316' title='bbox 2301 1187 2385 1240; x_wconf 92' lang='grc'><strong>18.</strong></span> <span class='ocrx_word' id='word_1_317' title='bbox 2420 1187 2504 1240; x_wconf 85' lang='grc'><strong>10.</strong></span> <span class='ocrx_word' id='word_1_318' title='bbox 2543 1187 2672 1258; x_wconf 88' lang='lat' dir='ltr'><strong>etc.)</strong></span> <span class='ocrx_word' id='word_1_319' title='bbox 2698 1187 2766 1242; x_wconf 88' lang='lat' dir='ltr'><strong>ad</strong></span> <span class='ocrx_word' id='word_1_320' title='bbox 2797 1190 3225 1258; x_wconf 71' lang='lat' dir='ltr'><strong>persequendum</strong></span> <span class='ocrx_word' id='word_1_321' title='bbox 3253 1189 3422 1245; x_wconf 82' lang='lat' dir='ltr'><strong>David</strong></span> 
     </span>
    </p>
   </div>
   <div class='ocr_carea' id='block_1_41' title="bbox 1847 1278 3423 1350">
    <p class='ocr_par' dir='ltr' id='par_1_41' title="bbox 1847 1278 3423 1350">
     <span class='ocr_line' id='line_1_41' title="bbox 1847 1278 3423 1350; baseline 0.003 -18"><span class='ocrx_word' id='word_1_322' title='bbox 1847 1279 2126 1333; x_wconf 82' lang='lat' dir='ltr'><strong>innoxium</strong></span> <span class='ocrx_word' id='word_1_323' title='bbox 2167 1288 2222 1333; x_wconf 89' lang='lat' dir='ltr'><strong>et</strong></span> <span class='ocrx_word' id='word_1_324' title='bbox 2269 1278 2499 1346; x_wconf 85' lang='lat' dir='ltr'><strong>justum,</strong></span> <span class='ocrx_word' id='word_1_325' title='bbox 2536 1295 2760 1335; x_wconf 88' lang='lat' dir='ltr'><strong>necesse</strong></span> <span class='ocrx_word' id='word_1_326' title='bbox 2802 1291 2920 1335; x_wconf 89' lang='lat' dir='ltr'><strong>erat</strong></span> <span class='ocrx_word' id='word_1_327' title='bbox 2963 1288 3171 1350; x_wconf 85' lang='lat' dir='ltr'><strong>partem</strong></span> <span class='ocrx_word' id='word_1_328' title='bbox 3215 1281 3423 1337; x_wconf 64' lang='lat' dir='ltr'><strong>militiai</strong></span> 
     </span>
    </p>
   </div>
   <div class='ocr_carea' id='block_1_42' title="bbox 1846 1369 3425 1442">
    <p class='ocr_par' dir='ltr' id='par_1_42' title="bbox 1846 1369 3425 1442">
     <span class='ocr_line' id='line_1_42' title="bbox 1846 1369 3425 1442; baseline 0.001 -17"><span class='ocrx_word' id='word_1_329' title='bbox 1846 1369 1967 1442; x_wconf 79' lang='lat' dir='ltr'><strong>(vel)</strong></span> <span class='ocrx_word' id='word_1_330' title='bbox 1986 1380 2040 1426; x_wconf 91' lang='lat' dir='ltr'><strong>et</strong></span> <span class='ocrx_word' id='word_1_331' title='bbox 2059 1371 2231 1440; x_wconf 89' lang='lat' dir='ltr'><strong>plebis</strong></span> <span class='ocrx_word' id='word_1_332' title='bbox 2254 1371 2371 1439; x_wconf 77' lang='lat' dir='ltr'><strong>ejus</strong></span> <span class='ocrx_word' id='word_1_333' title='bbox 2393 1371 2726 1435; x_wconf 80' lang='lat' dir='ltr'><strong>nonnullam,</strong></span> <span class='ocrx_word' id='word_1_334' title='bbox 2750 1371 2970 1426; x_wconf 78' lang='lat' dir='ltr'><strong>malitiae</strong></span> <span class='ocrx_word' id='word_1_335' title='bbox 2992 1371 3134 1426; x_wconf 90' lang='lat' dir='ltr'><strong>illius</strong></span> <span class='ocrx_word' id='word_1_336' title='bbox 3151 1371 3425 1427; x_wconf 79' lang='lat' dir='ltr'><strong>exstitisse</strong></span> 
     </span>
    </p>
   </div>
   <div class='ocr_carea' id='block_1_43' title="bbox 1845 1461 3424 1533">
    <p class='ocr_par' dir='ltr' id='par_1_43' title="bbox 1845 1461 3424 1533">
     <span class='ocr_line' id='line_1_43' title="bbox 1845 1461 3424 1533; baseline 0.002 -17"><span class='ocrx_word' id='word_1_337' title='bbox 1845 1462 2214 1531; x_wconf 66' lang='lat' dir='ltr'><strong>complicgm.»</strong></span> <span class='ocrx_word' id='word_1_338' title='bbox 2246 1461 2634 1517; x_wconf 90' lang='lat' dir='ltr'><strong>Cariathiarim</strong></span> <span class='ocrx_word' id='word_1_339' title='bbox 2657 1464 2774 1532; x_wconf 91' lang='lat' dir='ltr'><strong>ipsa</strong></span> <span class='ocrx_word' id='word_1_340' title='bbox 2796 1474 2899 1527; x_wconf 85' lang='lat' dir='ltr'><strong>est,</strong></span> <span class='ocrx_word' id='word_1_341' title='bbox 2929 1478 3047 1533; x_wconf 68' lang='lat' dir='ltr'><strong>quae</strong></span> <span class='ocrx_word' id='word_1_342' title='bbox 3077 1462 3183 1518; x_wconf 87' lang='lat' dir='ltr'><strong>alio</strong></span> <span class='ocrx_word' id='word_1_343' title='bbox 3206 1465 3424 1519; x_wconf 80' lang='lat' dir='ltr'><strong>nomine</strong></span> 
     </span>
    </p>
   </div>
   <div class='ocr_carea' id='block_1_44' title="bbox 1844 1551 3417 1624">
    <p class='ocr_par' dir='ltr' id='par_1_44' title="bbox 1844 1551 3417 1624">
     <span class='ocr_line' id='line_1_44' title="bbox 1844 1551 3417 1624; baseline 0.001 -18"><span class='ocrx_word' id='word_1_344' title='bbox 1844 1551 2065 1606; x_wconf 86' lang='lat' dir='ltr'><strong>Cariath</strong></span> <span class='ocrx_word' id='word_1_345' title='bbox 2095 1551 2220 1605; x_wconf 88' lang='lat' dir='ltr'><strong>Baal</strong></span> <span class='ocrx_word' id='word_1_346' title='bbox 2250 1561 2477 1606; x_wconf 87' lang='lat' dir='ltr'><strong>vocatur</strong></span> <span class='ocrx_word' id='word_1_347' title='bbox 2503 1554 2684 1608; x_wconf 86' lang='lat' dir='ltr'><strong>civitas</strong></span> <span class='ocrx_word' id='word_1_348' title='bbox 2716 1553 2947 1606; x_wconf 87' lang='lat' dir='ltr'><strong>saltuum</strong></span> <span class='ocrx_word' id='word_1_349' title='bbox 2979 1553 3164 1624; x_wconf 73' lang='lat' dir='ltr'><strong><em>(Iosue</em></strong></span> <span class='ocrx_word' id='word_1_350' title='bbox 3191 1555 3277 1609; x_wconf 71' lang='grc'><strong>15.</strong></span> <span class='ocrx_word' id='word_1_351' title='bbox 3330 1555 3417 1610; x_wconf 88' lang='grc'><strong>60.</strong></span> 
     </span>
    </p>
   </div>
   <div class='ocr_carea' id='block_1_45' title="bbox 1843 1640 3422 1711">
    <p class='ocr_par' dir='ltr' id='par_1_45' title="bbox 1843 1640 3422 1711">
     <span class='ocr_line' id='line_1_45' title="bbox 1843 1640 3422 1711; baseline 0.001 -17"><span class='ocrx_word' id='word_1_352' title='bbox 1843 1650 1890 1694; x_wconf 88' lang='lat' dir='ltr'><strong><em>et</em></strong></span> <span class='ocrx_word' id='word_1_353' title='bbox 1923 1642 2008 1697; x_wconf 87' lang='grc'><strong>18.</strong></span> <span class='ocrx_word' id='word_1_354' title='bbox 2042 1640 2129 1711; x_wconf 64' lang='lat' dir='ltr'><strong>il)</strong></span> <span class='ocrx_word' id='word_1_355' title='bbox 2163 1657 2269 1695; x_wconf 87' lang='lat' dir='ltr'><strong>una</strong></span> <span class='ocrx_word' id='word_1_356' title='bbox 2303 1643 2371 1696; x_wconf 90' lang='lat' dir='ltr'><strong>de</strong></span> <span class='ocrx_word' id='word_1_357' title='bbox 2408 1642 2633 1695; x_wconf 83' lang='lat' dir='ltr'><strong>urbibus</strong></span> <span class='ocrx_word' id='word_1_358' title='bbox 2674 1640 3096 1696; x_wconf 87' lang='lat' dir='ltr'><strong>Gabaonitarum</strong></span> <span class='ocrx_word' id='word_1_359' title='bbox 3143 1643 3422 1710; x_wconf 85' lang='lat' dir='ltr'><strong>pertinens</strong></span> 
     </span>
    </p>
   </div>
   <div class='ocr_carea' id='block_1_46' title="bbox 1844 1729 3420 1802">
    <p class='ocr_par' dir='ltr' id='par_1_46' title="bbox 1844 1729 3420 1802">
     <span class='ocr_line' id='line_1_46' title="bbox 1844 1729 3420 1802; baseline 0.001 -18"><span class='ocrx_word' id='word_1_360' title='bbox 1844 1730 1910 1784; x_wconf 93' lang='lat' dir='ltr'><strong>ad</strong></span> <span class='ocrx_word' id='word_1_361' title='bbox 1938 1730 2136 1785; x_wconf 90' lang='lat' dir='ltr'><strong>tribum</strong></span> <span class='ocrx_word' id='word_1_362' title='bbox 2168 1729 2321 1794; x_wconf 80' lang='lat' dir='ltr'><strong>Juda,</strong></span> <span class='ocrx_word' id='word_1_363' title='bbox 2351 1733 2604 1788; x_wconf 88' lang='lat' dir='ltr'><strong>euntibus</strong></span> <span class='ocrx_word' id='word_1_364' title='bbox 2637 1733 2704 1785; x_wconf 89' lang='lat' dir='ltr'><strong>ab</strong></span> <span class='ocrx_word' id='word_1_365' title='bbox 2742 1731 3077 1785; x_wconf 81' lang='lat' dir='ltr'><strong>Hierusalem</strong></span> <span class='ocrx_word' id='word_1_366' title='bbox 3126 1732 3420 1802; x_wconf 88' lang='lat' dir='ltr'><strong>Diospolim</strong></span> 
     </span>
    </p>
   </div>
   <div class='ocr_carea' id='block_1_47' title="bbox 1842 1824 3421 1894">
    <p class='ocr_par' dir='ltr' id='par_1_47' title="bbox 1842 1824 3421 1894">
     <span class='ocr_line' id='line_1_47' title="bbox 1842 1824 3421 1894; baseline 0.001 -16"><span class='ocrx_word' id='word_1_367' title='bbox 1842 1825 2096 1883; x_wconf 88' lang='lat' dir='ltr'><strong>milliaria</strong></span> <span class='ocrx_word' id='word_1_368' title='bbox 2153 1841 2314 1880; x_wconf 92' lang='lat' dir='ltr'><strong>nono.</strong></span> <span class='ocrx_word' id='word_1_369' title='bbox 2350 1825 2427 1880; x_wconf 93' lang='lat' dir='ltr'><strong>De</strong></span> <span class='ocrx_word' id='word_1_370' title='bbox 2454 1825 2554 1879; x_wconf 87' lang='lat' dir='ltr'><strong>hac</strong></span> <span class='ocrx_word' id='word_1_371' title='bbox 2581 1824 2683 1878; x_wconf 89' lang='lat' dir='ltr'><strong>fuit</strong></span> <span class='ocrx_word' id='word_1_372' title='bbox 2730 1824 2887 1879; x_wconf 90' lang='lat' dir='ltr'><strong>Urias</strong></span> <span class='ocrx_word' id='word_1_373' title='bbox 2932 1825 3217 1894; x_wconf 87' lang='lat' dir='ltr'><strong>propheta,</strong></span> <span class='ocrx_word' id='word_1_374' title='bbox 3258 1840 3421 1894; x_wconf 91' lang='lat' dir='ltr'><strong>quem</strong></span> 
     </span>
    </p>
   </div>
   <div class='ocr_carea' id='block_1_48' title="bbox 1841 1912 3421 1976">
    <p class='ocr_par' dir='ltr' id='par_1_48' title="bbox 1841 1912 3421 1976">
     <span class='ocr_line' id='line_1_48' title="bbox 1841 1912 3421 1976; baseline -0.003 -7"><span class='ocrx_word' id='word_1_375' title='bbox 1841 1913 2110 1970; x_wconf 88' lang='lat' dir='ltr'><strong>interfecit</strong></span> <span class='ocrx_word' id='word_1_376' title='bbox 2141 1914 2387 1970; x_wconf 84' lang='lat' dir='ltr'><strong>Joachim</strong></span> <span class='ocrx_word' id='word_1_377' title='bbox 2429 1915 2484 1968; x_wconf 90' lang='lat' dir='ltr'><strong>in</strong></span> <span class='ocrx_word' id='word_1_378' title='bbox 2513 1913 2872 1976; x_wconf 87' lang='lat' dir='ltr'><strong>Hierusalem,</strong></span> <span class='ocrx_word' id='word_1_379' title='bbox 2932 1913 3074 1968; x_wconf 87' lang='lat' dir='ltr'><strong>sicut</strong></span> <span class='ocrx_word' id='word_1_380' title='bbox 3118 1912 3421 1968; x_wconf 84' lang='lat' dir='ltr'><strong>Hieremias</strong></span> 
     </span>
    </p>
   </div>
   <div class='ocr_carea' id='block_1_49' title="bbox 1840 2003 2089 2061">
    <p class='ocr_par' dir='ltr' id='par_1_49' title="bbox 1840 2003 2089 2061">
     <span class='ocr_line' id='line_1_49' title="bbox 1840 2003 2089 2061; baseline 0 -1"><span class='ocrx_word' id='word_1_381' title='bbox 1840 2007 2029 2061; x_wconf 84' lang='lat' dir='ltr'><strong>scribit</strong></span> <span class='ocrx_word' id='word_1_382' title='bbox 2047 2003 2059 2055; x_wconf 84' lang='lat' dir='ltr'><strong>i</strong></span> <span class='ocrx_word' id='word_1_383' title='bbox 2077 2047 2089 2060; x_wconf 96' lang='lat'><strong>.</strong></span> 
     </span>
    </p>
   </div>
   <div class='ocr_carea' id='block_1_50' title="bbox 1914 2105 3416 2176">
    <p class='ocr_par' dir='ltr' id='par_1_50' title="bbox 1914 2105 3416 2176">
     <span class='ocr_line' id='line_1_50' title="bbox 1914 2105 3416 2176; baseline 0.003 -20"><span class='ocrx_word' id='word_1_384' title='bbox 1914 2124 1932 2156; x_wconf 72' lang='grc' dir='ltr'>ι</span> <span class='ocrx_word' id='word_1_385' title='bbox 1971 2105 2187 2161; x_wconf 84' lang='lat' dir='ltr'><strong>Samuel</strong></span> <span class='ocrx_word' id='word_1_386' title='bbox 2215 2115 2393 2161; x_wconf 90' lang='lat' dir='ltr'><strong>autem</strong></span> <span class='ocrx_word' id='word_1_387' title='bbox 2419 2115 2542 2176; x_wconf 93' lang='lat' dir='ltr'><strong>post</strong></span> <span class='ocrx_word' id='word_1_388' title='bbox 2565 2115 2792 2161; x_wconf 89' lang='lat' dir='ltr'><strong>mortem</strong></span> <span class='ocrx_word' id='word_1_389' title='bbox 2817 2106 2936 2160; x_wconf 86' lang='lat' dir='ltr'><strong>Heli</strong></span> <span class='ocrx_word' id='word_1_390' title='bbox 2974 2107 3195 2175; x_wconf 73' lang='lat' dir='ltr'><strong>reget-at</strong></span> <span class='ocrx_word' id='word_1_391' title='bbox 3239 2105 3416 2162; x_wconf 86' lang='lat' dir='ltr'><strong>Israe-</strong></span> 
     </span>
    </p>
   </div>
   <div class='ocr_carea' id='block_1_51' title="bbox 1838 2194 3418 2267">
    <p class='ocr_par' dir='ltr' id='par_1_51' title="bbox 1838 2194 3418 2267">
     <span class='ocr_line' id='line_1_51' title="bbox 1838 2194 3418 2267; baseline 0.002 -20"><span class='ocrx_word' id='word_1_392' title='bbox 1838 2194 1961 2249; x_wconf 89' lang='lat' dir='ltr'><strong>lem.</strong></span> <span class='ocrx_word' id='word_1_393' title='bbox 1993 2195 2043 2267; x_wconf 93' lang='lat' dir='ltr'><strong>(I</strong></span> <span class='ocrx_word' id='word_1_394' title='bbox 2075 2195 2203 2266; x_wconf 86' lang='lat' dir='ltr'><strong><em>Reg.</em></strong></span> <span class='ocrx_word' id='word_1_395' title='bbox 2227 2197 2280 2260; x_wconf 89' lang='lat'><strong>7,</strong></span> <span class='ocrx_word' id='word_1_396' title='bbox 2312 2195 2441 2267; x_wconf 88' lang='lat' dir='ltr'><strong>etc.)</strong></span> <span class='ocrx_word' id='word_1_397' title='bbox 2469 2194 2808 2265; x_wconf 88' lang='lat' dir='ltr'><strong>Congregato</strong></span> <span class='ocrx_word' id='word_1_398' title='bbox 2843 2203 3020 2248; x_wconf 91' lang='lat' dir='ltr'><strong>autem</strong></span> <span class='ocrx_word' id='word_1_399' title='bbox 3052 2196 3196 2248; x_wconf 90' lang='lat' dir='ltr'><strong>omni</strong></span> <span class='ocrx_word' id='word_1_400' title='bbox 3219 2197 3418 2266; x_wconf 90' lang='lat' dir='ltr'><strong>populo</strong></span> 
     </span>
    </p>
   </div>
   <div class='ocr_carea' id='block_1_52' title="bbox 1837 2285 3419 2356">
    <p class='ocr_par' dir='ltr' id='par_1_52' title="bbox 1837 2285 3419 2356">
     <span class='ocr_line' id='line_1_52' title="bbox 1837 2285 3419 2356; baseline -0.001 -16"><span class='ocrx_word' id='word_1_401' title='bbox 1837 2286 2160 2341; x_wconf 81' lang='lat' dir='ltr'><strong>exclamavit</strong></span> <span class='ocrx_word' id='word_1_402' title='bbox 2211 2287 2278 2340; x_wconf 90' lang='lat' dir='ltr'><strong>ad</strong></span> <span class='ocrx_word' id='word_1_403' title='bbox 2337 2286 2622 2340; x_wconf 90' lang='lat' dir='ltr'><strong>Dominum</strong></span> <span class='ocrx_word' id='word_1_404' title='bbox 2677 2301 2774 2356; x_wconf 93' lang='lat' dir='ltr'><strong>pro</strong></span> <span class='ocrx_word' id='word_1_405' title='bbox 2800 2285 2985 2350; x_wconf 84' lang='lat' dir='ltr'><strong>Israel,</strong></span> <span class='ocrx_word' id='word_1_406' title='bbox 3042 2295 3096 2339; x_wconf 89' lang='lat' dir='ltr'><strong>et</strong></span> <span class='ocrx_word' id='word_1_407' title='bbox 3142 2287 3419 2340; x_wconf 79' lang='lat' dir='ltr'><strong>exaudivit</strong></span> 
     </span>
    </p>
   </div>
   <div class='ocr_carea' id='block_1_53' title="bbox 1837 2373 3411 2447">
    <p class='ocr_par' dir='ltr' id='par_1_53' title="bbox 1837 2373 3411 2447">
     <span class='ocr_line' id='line_1_53' title="bbox 1837 2373 3411 2447; baseline -0.001 -18"><span class='ocrx_word' id='word_1_408' title='bbox 1837 2391 1982 2441; x_wconf 92' lang='lat' dir='ltr'><strong>eum,</strong></span> <span class='ocrx_word' id='word_1_409' title='bbox 2035 2376 2104 2447; x_wconf 91' lang='lat' dir='ltr'><strong>(v.</strong></span> <span class='ocrx_word' id='word_1_410' title='bbox 2142 2376 2172 2428; x_wconf 89' lang='lat'><strong>7</strong></span> <span class='ocrx_word' id='word_1_411' title='bbox 2204 2383 2252 2429; x_wconf 90' lang='lat' dir='ltr'><strong>et</strong></span> <span class='ocrx_word' id='word_1_412' title='bbox 2279 2374 2411 2446; x_wconf 78' lang='lat' dir='ltr'><strong>seq.)</strong></span> <span class='ocrx_word' id='word_1_413' title='bbox 2455 2382 2510 2430; x_wconf 91' lang='lat' dir='ltr'><strong>et</strong></span> <span class='ocrx_word' id='word_1_414' title='bbox 2553 2389 2678 2429; x_wconf 88' lang='lat' dir='ltr'><strong>cum</strong></span> <span class='ocrx_word' id='word_1_415' title='bbox 2739 2373 2956 2429; x_wconf 86' lang='lat' dir='ltr'><strong>ofl‘erret</strong></span> <span class='ocrx_word' id='word_1_416' title='bbox 2998 2373 3411 2440; x_wconf 86' lang='lat' dir='ltr'><strong>holocaustum;</strong></span> 
     </span>
    </p>
   </div>
   <div class='ocr_carea' id='block_1_54' title="bbox 1837 2463 3416 2535">
    <p class='ocr_par' dir='ltr' id='par_1_54' title="bbox 1837 2463 3416 2535">
     <span class='ocr_line' id='line_1_54' title="bbox 1837 2463 3416 2535; baseline -0.002 -16"><span class='ocrx_word' id='word_1_417' title='bbox 1837 2466 2214 2521; x_wconf 90' lang='lat' dir='ltr'><strong>accedentibus</strong></span> <span class='ocrx_word' id='word_1_418' title='bbox 2239 2465 2557 2535; x_wconf 83' lang='lat' dir='ltr'><strong>alienigenis</strong></span> <span class='ocrx_word' id='word_1_419' title='bbox 2584 2466 2649 2518; x_wconf 88' lang='lat' dir='ltr'><strong>ad</strong></span> <span class='ocrx_word' id='word_1_420' title='bbox 2676 2479 2910 2534; x_wconf 86' lang='lat' dir='ltr'><strong>pugnam</strong></span> <span class='ocrx_word' id='word_1_421' title='bbox 2940 2472 3128 2519; x_wconf 88' lang='lat' dir='ltr'><strong>contra</strong></span> <span class='ocrx_word' id='word_1_422' title='bbox 3161 2463 3416 2534; x_wconf 84' lang='lat' dir='ltr'><strong>populum</strong></span> 
     </span>
    </p>
   </div>
   <div class='ocr_carea' id='block_1_55' title="bbox 1836 2553 3411 2623">
    <p class='ocr_par' dir='ltr' id='par_1_55' title="bbox 1836 2553 3411 2623">
     <span class='ocr_line' id='line_1_55' title="bbox 1836 2553 3411 2623; baseline -0.002 -15"><span class='ocrx_word' id='word_1_423' title='bbox 1836 2553 1950 2618; x_wconf 93' lang='lat' dir='ltr'><strong>Dei,</strong></span> <span class='ocrx_word' id='word_1_424' title='bbox 1993 2556 2228 2610; x_wconf 89' lang='lat' dir='ltr'><strong>intonuit</strong></span> <span class='ocrx_word' id='word_1_425' title='bbox 2253 2556 2510 2610; x_wconf 91' lang='lat' dir='ltr'><strong>Dominus</strong></span> <span class='ocrx_word' id='word_1_426' title='bbox 2559 2570 2720 2623; x_wconf 89' lang='lat' dir='ltr'><strong>super</strong></span> <span class='ocrx_word' id='word_1_427' title='bbox 2747 2570 2866 2618; x_wconf 92' lang='lat' dir='ltr'><strong>eos,</strong></span> <span class='ocrx_word' id='word_1_428' title='bbox 2915 2561 2970 2608; x_wconf 92' lang='lat' dir='ltr'><strong>et</strong></span> <span class='ocrx_word' id='word_1_429' title='bbox 3019 2553 3227 2608; x_wconf 89' lang='lat' dir='ltr'><strong>confusi</strong></span> <span class='ocrx_word' id='word_1_430' title='bbox 3267 2564 3411 2607; x_wconf 91' lang='lat' dir='ltr'><strong>sunt.</strong></span> 
     </span>
    </p>
   </div>
   <div class='ocr_carea' id='block_1_56' title="bbox 1837 2643 3412 2714">
    <p class='ocr_par' dir='ltr' id='par_1_56' title="bbox 1837 2643 3412 2714">
     <span class='ocr_line' id='line_1_56' title="bbox 1837 2643 3412 2714; baseline -0.003 -14"><span class='ocrx_word' id='word_1_431' title='bbox 1837 2645 1902 2699; x_wconf 85' lang='lat' dir='ltr'><strong>Et</strong></span> <span class='ocrx_word' id='word_1_432' title='bbox 1955 2647 2269 2700; x_wconf 90' lang='lat' dir='ltr'><strong>ceciderunt</strong></span> <span class='ocrx_word' id='word_1_433' title='bbox 2315 2661 2497 2700; x_wconf 90' lang='lat' dir='ltr'><strong>coram</strong></span> <span class='ocrx_word' id='word_1_434' title='bbox 2543 2645 2729 2710; x_wconf 82' lang='lat' dir='ltr'><strong>Israel,</strong></span> <span class='ocrx_word' id='word_1_435' title='bbox 2780 2655 2940 2714; x_wconf 85' lang='lat' dir='ltr'><strong>atque</strong></span> <span class='ocrx_word' id='word_1_436' title='bbox 2985 2643 3222 2713; x_wconf 86' lang='lat' dir='ltr'><strong>superati</strong></span> <span class='ocrx_word' id='word_1_437' title='bbox 3267 2653 3412 2698; x_wconf 87' lang='lat' dir='ltr'><strong>sunt.</strong></span> 
     </span>
    </p>
   </div>
   <div class='ocr_carea' id='block_1_57' title="bbox 1803 2736 3416 2808">
    <p class='ocr_par' dir='ltr' id='par_1_57' title="bbox 1803 2736 3416 2808">
     <span class='ocr_line' id='line_1_57' title="bbox 1803 2736 3416 2808; baseline -0.002 -18"><span class='ocrx_word' id='word_1_438' title='bbox 1803 2737 1930 2806; x_wconf 37' lang='lat' dir='ltr'><strong>‘(V.</strong></span> <span class='ocrx_word' id='word_1_439' title='bbox 1963 2737 2049 2808; x_wconf 75' lang='grc'><strong>12)</strong></span> <span class='ocrx_word' id='word_1_440' title='bbox 2101 2737 2245 2791; x_wconf 82' lang='lat' dir='ltr'><strong>Tunc</strong></span> <span class='ocrx_word' id='word_1_441' title='bbox 2292 2738 2569 2807; x_wconf 80' lang='lat' dir='ltr'><strong>assumpsit</strong></span> <span class='ocrx_word' id='word_1_442' title='bbox 2601 2736 2816 2792; x_wconf 81' lang='lat' dir='ltr'><strong>Samuel</strong></span> <span class='ocrx_word' id='word_1_443' title='bbox 2873 2736 3098 2806; x_wconf 73' lang='lat' dir='ltr'><strong>lapidem</strong></span> <span class='ocrx_word' id='word_1_444' title='bbox 3143 2752 3327 2800; x_wconf 90' lang='lat' dir='ltr'><strong>unum,</strong></span> <span class='ocrx_word' id='word_1_445' title='bbox 3365 2745 3416 2789; x_wconf 85' lang='lat' dir='ltr'><strong><em>et</em></strong></span> 
     </span>
    </p>
   </div>
   <div class='ocr_carea' id='block_1_58' title="bbox 1835 2831 3412 2902">
    <p class='ocr_par' dir='ltr' id='par_1_58' title="bbox 1835 2831 3412 2902">
     <span class='ocr_line' id='line_1_58' title="bbox 1835 2831 3412 2902; baseline -0.001 -16"><span class='ocrx_word' id='word_1_446' title='bbox 1835 2833 2004 2898; x_wconf 84' lang='lat' dir='ltr'><strong>posuit</strong></span> <span class='ocrx_word' id='word_1_447' title='bbox 2035 2851 2151 2886; x_wconf 88' lang='lat' dir='ltr'><strong>eum</strong></span> <span class='ocrx_word' id='word_1_448' title='bbox 2199 2835 2335 2888; x_wconf 87' lang='lat' dir='ltr'><strong>inter</strong></span> <span class='ocrx_word' id='word_1_449' title='bbox 2357 2833 2602 2902; x_wconf 79' lang='lat' dir='ltr'><strong>Masphat</strong></span> <span class='ocrx_word' id='word_1_450' title='bbox 2647 2844 2693 2886; x_wconf 91' lang='lat' dir='ltr'><strong>et</strong></span> <span class='ocrx_word' id='word_1_451' title='bbox 2733 2831 2952 2900; x_wconf 79' lang='lat' dir='ltr'><strong>Sicelcg.</strong></span> <span class='ocrx_word' id='word_1_452' title='bbox 3005 2833 3028 2870; x_wconf 75' lang='grc' dir='ltr'><strong>¹ί</strong></span> <span class='ocrx_word' id='word_1_453' title='bbox 3060 2832 3128 2885; x_wconf 84' lang='lat' dir='ltr'><strong>Et</strong></span> <span class='ocrx_word' id='word_1_454' title='bbox 3158 2842 3216 2885; x_wconf 88' lang='lat' dir='ltr'><strong>ut</strong></span> <span class='ocrx_word' id='word_1_455' title='bbox 3246 2833 3412 2885; x_wconf 85' lang='lat' dir='ltr'><strong>inter-</strong></span> 
     </span>
    </p>
   </div>
   <div class='ocr_carea' id='block_1_59' title="bbox 1834 2923 3416 2998">
    <p class='ocr_par' dir='ltr' id='par_1_59' title="bbox 1834 2923 3416 2998">
     <span class='ocr_line' id='line_1_59' title="bbox 1834 2923 3416 2998; baseline -0.004 -17"><span class='ocrx_word' id='word_1_456' title='bbox 1834 2937 2018 2998; x_wconf 87' lang='lat' dir='ltr'><strong>pretes</strong></span> <span class='ocrx_word' id='word_1_457' title='bbox 2041 2927 2380 2996; x_wconf 84' lang='lat' dir='ltr'><strong>septuaginta</strong></span> <span class='ocrx_word' id='word_1_458' title='bbox 2415 2924 2806 2979; x_wconf 88' lang='lat' dir='ltr'><strong>transtulerunt</strong></span> <span class='ocrx_word' id='word_1_459' title='bbox 2831 2943 2844 2977; x_wconf 88' lang='lat'>:</span> <span class='ocrx_word' id='word_1_460' title='bbox 2873 2927 3009 2977; x_wconf 82' lang='lat' dir='ltr'><strong>inter</strong></span> <span class='ocrx_word' id='word_1_461' title='bbox 3039 2923 3284 2993; x_wconf 81' lang='lat' dir='ltr'><strong>Masphat</strong></span> <span class='ocrx_word' id='word_1_462' title='bbox 3315 2939 3416 2976; x_wconf 88' lang='lat' dir='ltr'><strong>no-</strong></span> 
     </span>
    </p>
   </div>
   <div class='ocr_carea' id='block_1_60' title="bbox 1835 3013 3414 3085">
    <p class='ocr_par' dir='ltr' id='par_1_60' title="bbox 1835 3013 3414 3085">
     <span class='ocr_line' id='line_1_60' title="bbox 1835 3013 3414 3085; baseline -0.003 -14"><span class='ocrx_word' id='word_1_463' title='bbox 1835 3035 1954 3072; x_wconf 86' lang='lat' dir='ltr'><strong>vam</strong></span> <span class='ocrx_word' id='word_1_464' title='bbox 1989 3027 2038 3071; x_wconf 90' lang='lat' dir='ltr'><strong>et</strong></span> <span class='ocrx_word' id='word_1_465' title='bbox 2075 3027 2310 3072; x_wconf 78' lang='lat' dir='ltr'><strong><em>veterem.</em></strong></span> <span class='ocrx_word' id='word_1_466' title='bbox 2347 3015 2660 3085; x_wconf 81' lang='lat' dir='ltr'><strong>Vocavitque</strong></span> <span class='ocrx_word' id='word_1_467' title='bbox 2693 3031 2876 3068; x_wconf 83' lang='lat' dir='ltr'><strong>nomen</strong></span> <span class='ocrx_word' id='word_1_468' title='bbox 2903 3013 3037 3083; x_wconf 87' lang='lat' dir='ltr'><strong><em>ejus,</em></strong></span> <span class='ocrx_word' id='word_1_469' title='bbox 3071 3013 3203 3082; x_wconf 87' lang='lat' dir='ltr'><strong>lapis</strong></span> <span class='ocrx_word' id='word_1_470' title='bbox 3252 3013 3414 3082; x_wconf 83' lang='lat' dir='ltr'><strong>adju-</strong></span> 
     </span>
    </p>
   </div>
   <div class='ocr_carea' id='block_1_61' title="bbox 152 3103 3412 3204">
    <p class='ocr_par' dir='ltr' id='par_1_61' title="bbox 152 3103 3412 3204">
     <span class='ocr_line' id='line_1_61' title="bbox 152 3103 3412 3204; baseline -0.001 -43"><span class='ocrx_word' id='word_1_471' title='bbox 152 3108 228 3161; x_wconf 93' lang='lat' dir='ltr'><strong>sit</strong></span> <span class='ocrx_word' id='word_1_472' title='bbox 282 3122 410 3161; x_wconf 86' lang='lat' dir='ltr'><strong>arca</strong></span> <span class='ocrx_word' id='word_1_473' title='bbox 466 3107 521 3161; x_wconf 91' lang='lat' dir='ltr'><strong>in</strong></span> <span class='ocrx_word' id='word_1_474' title='bbox 575 3106 978 3172; x_wconf 85' lang='lat' dir='ltr'><strong>Cariathiarim,</strong></span> <span class='ocrx_word' id='word_1_475' title='bbox 1033 3117 1149 3163; x_wconf 84' lang='lat' dir='ltr'><strong>erat</strong></span> <span class='ocrx_word' id='word_1_476' title='bbox 1203 3124 1375 3162; x_wconf 89' lang='lat' dir='ltr'><strong>annus</strong></span> <span class='ocrx_word' id='word_1_477' title='bbox 1420 3107 1729 3171; x_wconf 84' lang='lat' dir='ltr'><strong>vicesimus,</strong></span> <span class='ocrx_word' id='word_1_478' title='bbox 1761 3143 1803 3204; x_wconf 80' lang='lat' dir='ltr'><strong>C</strong></span> <span class='ocrx_word' id='word_1_479' title='bbox 1837 3110 1982 3176; x_wconf 91' lang='lat' dir='ltr'><strong><em>torii,</em></strong></span> <span class='ocrx_word' id='word_1_480' title='bbox 2005 3118 2052 3163; x_wconf 83' lang='lat' dir='ltr'><strong>et</strong></span> <span class='ocrx_word' id='word_1_481' title='bbox 2082 3109 2257 3162; x_wconf 76' lang='lat' dir='ltr'><strong>dixit:</strong></span> <span class='ocrx_word' id='word_1_482' title='bbox 2285 3124 2445 3178; x_wconf 87' lang='lat' dir='ltr'><strong>usque</strong></span> <span class='ocrx_word' id='word_1_483' title='bbox 2477 3106 2648 3160; x_wconf 83' lang='lat' dir='ltr'><strong>adhuc</strong></span> <span class='ocrx_word' id='word_1_484' title='bbox 2671 3104 2956 3159; x_wconf 72' lang='lat' dir='ltr'><strong>auxiliatus</strong></span> <span class='ocrx_word' id='word_1_485' title='bbox 2979 3113 3051 3157; x_wconf 86' lang='lat' dir='ltr'><strong>est</strong></span> <span class='ocrx_word' id='word_1_486' title='bbox 3075 3104 3219 3156; x_wconf 87' lang='lat' dir='ltr'><strong>nobis</strong></span> <span class='ocrx_word' id='word_1_487' title='bbox 3243 3103 3412 3157; x_wconf 82' lang='lat' dir='ltr'><strong><em>Deus.</em></strong></span> 
     </span>
    </p>
   </div>
   <div class='ocr_carea' id='block_1_62' title="bbox 153 3200 1730 3272">
    <p class='ocr_par' dir='ltr' id='par_1_62' title="bbox 153 3200 1730 3272">
     <span class='ocr_line' id='line_1_62' title="bbox 153 3200 1730 3272; baseline 0.003 -20"><span class='ocrx_word' id='word_1_488' title='bbox 153 3215 279 3253; x_wconf 89' lang='lat' dir='ltr'><strong>cum</strong></span> <span class='ocrx_word' id='word_1_489' title='bbox 340 3215 458 3253; x_wconf 89' lang='lat' dir='ltr'><strong>eam</strong></span> <span class='ocrx_word' id='word_1_490' title='bbox 516 3200 639 3254; x_wconf 89' lang='lat' dir='ltr'><strong>inde</strong></span> <span class='ocrx_word' id='word_1_491' title='bbox 687 3203 970 3255; x_wconf 83' lang='lat' dir='ltr'><strong>transferri</strong></span> <span class='ocrx_word' id='word_1_492' title='bbox 1033 3203 1367 3272; x_wconf 89' lang='lat' dir='ltr'><strong>temporibus</strong></span> <span class='ocrx_word' id='word_1_493' title='bbox 1409 3202 1536 3255; x_wconf 91' lang='lat' dir='ltr'><strong>Saul</strong></span> <span class='ocrx_word' id='word_1_494' title='bbox 1568 3217 1730 3257; x_wconf 90' lang='lat' dir='ltr'><strong>causa</strong></span> 
     </span>
    </p>
   </div>
   <div class='ocr_carea' id='block_1_63' title="bbox 152 3292 1734 3366">
    <p class='ocr_par' dir='ltr' id='par_1_63' title="bbox 152 3292 1734 3366">
     <span class='ocr_line' id='line_1_63' title="bbox 152 3292 1734 3366; baseline 0.002 -20"><span class='ocrx_word' id='word_1_495' title='bbox 152 3292 282 3346; x_wconf 85' lang='lat' dir='ltr'><strong>belli</strong></span> <span class='ocrx_word' id='word_1_496' title='bbox 345 3293 680 3366; x_wconf 88' lang='lat' dir='ltr'><strong>contingeret</strong></span> <span class='ocrx_word' id='word_1_497' title='bbox 736 3311 748 3346; x_wconf 92' lang='lat'><strong>:</strong></span> <span class='ocrx_word' id='word_1_498' title='bbox 813 3294 894 3347; x_wconf 85' lang='lat' dir='ltr'><strong>vel</strong></span> <span class='ocrx_word' id='word_1_499' title='bbox 937 3305 1082 3350; x_wconf 90' lang='lat' dir='ltr'><strong>certe</strong></span> <span class='ocrx_word' id='word_1_500' title='bbox 1133 3296 1420 3351; x_wconf 88' lang='lat' dir='ltr'><strong>vicesimus</strong></span> <span class='ocrx_word' id='word_1_501' title='bbox 1468 3305 1584 3350; x_wconf 91' lang='lat' dir='ltr'><strong>erat</strong></span> <span class='ocrx_word' id='word_1_502' title='bbox 1640 3312 1734 3350; x_wconf 86' lang='lat' dir='ltr'><strong>an-</strong></span> 
     </span>
    </p>
   </div>
   <div class='ocr_carea' id='block_1_64' title="bbox 152 3383 1732 3456">
    <p class='ocr_par' dir='ltr' id='par_1_64' title="bbox 152 3383 1732 3456">
     <span class='ocr_line' id='line_1_64' title="bbox 152 3383 1732 3456; baseline 0.003 -23"><span class='ocrx_word' id='word_1_503' title='bbox 152 3397 286 3442; x_wconf 89' lang='lat' dir='ltr'><strong>nus,</strong></span> <span class='ocrx_word' id='word_1_504' title='bbox 353 3398 474 3436; x_wconf 90' lang='lat' dir='ltr'><strong>eum</strong></span> <span class='ocrx_word' id='word_1_505' title='bbox 523 3383 697 3437; x_wconf 91' lang='lat' dir='ltr'><strong>adhuc</strong></span> <span class='ocrx_word' id='word_1_506' title='bbox 739 3385 916 3438; x_wconf 89' lang='lat' dir='ltr'><strong>omnis</strong></span> <span class='ocrx_word' id='word_1_507' title='bbox 964 3385 1156 3439; x_wconf 87' lang='lat' dir='ltr'><strong>domus</strong></span> <span class='ocrx_word' id='word_1_508' title='bbox 1202 3386 1417 3440; x_wconf 90' lang='lat' dir='ltr'><strong>lsraelis</strong></span> <span class='ocrx_word' id='word_1_509' title='bbox 1469 3386 1732 3456; x_wconf 86' lang='lat' dir='ltr'><strong>requievit</strong></span> 
     </span>
    </p>
   </div>
   <div class='ocr_carea' id='block_1_65' title="bbox 227 3511 1352 3577">
    <p class='ocr_par' dir='ltr' id='par_1_65' title="bbox 227 3511 1352 3577">
     <span class='ocr_line' id='line_1_65' title="bbox 227 3511 1352 3577; baseline 0.005 -15"><span class='ocrx_word' id='word_1_510' title='bbox 227 3524 254 3551; x_wconf 78' lang='grc' dir='ltr'>ι</span> <span class='ocrx_word' id='word_1_511' title='bbox 278 3511 409 3576; x_wconf 66' lang='lat' dir='ltr'><strong>Quae</strong></span> <span class='ocrx_word' id='word_1_512' title='bbox 441 3513 729 3577; x_wconf 89' lang='lat' dir='ltr'><strong>adduntur,</strong></span> <span class='ocrx_word' id='word_1_513' title='bbox 756 3520 807 3568; x_wconf 91' lang='lat' dir='ltr'><strong>in</strong></span> <span class='ocrx_word' id='word_1_514' title='bbox 848 3521 988 3568; x_wconf 74' lang='lat' dir='ltr'><strong>Beda</strong></span> <span class='ocrx_word' id='word_1_515' title='bbox 1020 3531 1123 3569; x_wconf 93' lang='lat' dir='ltr'><strong>non</strong></span> <span class='ocrx_word' id='word_1_516' title='bbox 1154 3522 1352 3569; x_wconf 77' lang='lat' dir='ltr'><strong>inveni.</strong></span> 
     </span>
    </p>
   </div>
   <div class='ocr_carea' id='block_1_66' title="bbox 224 3581 1728 3655">
    <p class='ocr_par' dir='ltr' id='par_1_66' title="bbox 224 3581 1728 3655">
     <span class='ocr_line' id='line_1_66' title="bbox 224 3581 1728 3655; baseline 0.003 -22"><span class='ocrx_word' id='word_1_517' title='bbox 224 3583 252 3620; x_wconf 72' lang='lat' dir='ltr'><strong>b</strong></span> <span class='ocrx_word' id='word_1_518' title='bbox 277 3581 634 3655; x_wconf 71' lang='lat' dir='ltr'><strong>interpretes,</strong></span> <span class='ocrx_word' id='word_1_519' title='bbox 663 3599 797 3655; x_wconf 88' lang='lat' dir='ltr'><strong>quos</strong></span> <span class='ocrx_word' id='word_1_520' title='bbox 827 3583 1317 3648; x_wconf 86' lang='lat' dir='ltr'><strong>Claudiusindicat,</strong></span> <span class='ocrx_word' id='word_1_521' title='bbox 1343 3585 1499 3654; x_wconf 75' lang='lat' dir='ltr'><strong>plane</strong></span> <span class='ocrx_word' id='word_1_522' title='bbox 1523 3585 1728 3655; x_wconf 87' lang='lat' dir='ltr'><strong>ignoro.</strong></span> 
     </span>
    </p>
   </div>
   <div class='ocr_carea' id='block_1_67' title="bbox 151 3650 1734 3722">
    <p class='ocr_par' dir='ltr' id='par_1_67' title="bbox 151 3650 1734 3722">
     <span class='ocr_line' id='line_1_67' title="bbox 151 3650 1734 3722; baseline 0.003 -18"><span class='ocrx_word' id='word_1_523' title='bbox 151 3650 292 3705; x_wconf 81' lang='lat' dir='ltr'><strong>Novi</strong></span> <span class='ocrx_word' id='word_1_524' title='bbox 338 3653 586 3719; x_wconf 87' lang='lat' dir='ltr'><strong>equidem</strong></span> <span class='ocrx_word' id='word_1_525' title='bbox 631 3650 720 3720; x_wconf 82' lang='lat' dir='ltr'><strong>qui</strong></span> <span class='ocrx_word' id='word_1_526' title='bbox 756 3655 1018 3707; x_wconf 87' lang='lat' dir='ltr'><strong>verterint</strong></span> <span class='ocrx_word' id='word_1_527' title='bbox 1053 3672 1066 3707; x_wconf 90' lang='lat'><strong>:</strong></span> <span class='ocrx_word' id='word_1_528' title='bbox 1107 3650 1466 3722; x_wconf 76' lang='lat' dir='ltr'><strong>dispexissent</strong></span> <span class='ocrx_word' id='word_1_529' title='bbox 1509 3650 1620 3707; x_wconf 48' lang='lat' dir='ltr'><strong>:‘id</strong></span> <span class='ocrx_word' id='word_1_530' title='bbox 1651 3662 1734 3708; x_wconf 88' lang='lat' dir='ltr'><strong>est</strong></span> 
     </span>
    </p>
   </div>
   <div class='ocr_carea' id='block_1_68' title="bbox 151 3722 1732 3789">
    <p class='ocr_par' dir='ltr' id='par_1_68' title="bbox 151 3722 1732 3789">
     <span class='ocr_line' id='line_1_68' title="bbox 151 3722 1732 3789; baseline 0.003 -16"><span class='ocrx_word' id='word_1_531' title='bbox 151 3723 393 3782; x_wconf 84' lang='lat' dir='ltr'><strong>curiose,</strong></span> <span class='ocrx_word' id='word_1_532' title='bbox 428 3729 482 3775; x_wconf 88' lang='lat' dir='ltr'><strong>et</strong></span> <span class='ocrx_word' id='word_1_533' title='bbox 507 3722 713 3776; x_wconf 89' lang='lat' dir='ltr'><strong>minute</strong></span> <span class='ocrx_word' id='word_1_534' title='bbox 742 3738 860 3776; x_wconf 86' lang='lat' dir='ltr'><strong>eam</strong></span> <span class='ocrx_word' id='word_1_535' title='bbox 891 3724 1069 3776; x_wconf 77' lang='lat' dir='ltr'><strong>intuiti</strong></span> <span class='ocrx_word' id='word_1_536' title='bbox 1102 3733 1256 3789; x_wconf 87' lang='lat' dir='ltr'><strong>sunt;</strong></span> <span class='ocrx_word' id='word_1_537' title='bbox 1283 3733 1375 3778; x_wconf 88' lang='lat' dir='ltr'><strong>aut</strong></span> <span class='ocrx_word' id='word_1_538' title='bbox 1399 3725 1442 3777; x_wconf 89' lang='lat' dir='ltr'><strong>si</strong></span> <span class='ocrx_word' id='word_1_539' title='bbox 1474 3724 1554 3778; x_wconf 89' lang='lat' dir='ltr'><strong>vis</strong></span> <span class='ocrx_word' id='word_1_540' title='bbox 1581 3739 1732 3778; x_wconf 88' lang='lat' dir='ltr'><strong>scru-</strong></span> 
     </span>
    </p>
   </div>
   <div class='ocr_carea' id='block_1_69' title="bbox 151 3791 1729 3860">
    <p class='ocr_par' dir='ltr' id='par_1_69' title="bbox 151 3791 1729 3860">
     <span class='ocr_line' id='line_1_69' title="bbox 151 3791 1729 3860; baseline 0.003 -18"><span class='ocrx_word' id='word_1_541' title='bbox 151 3793 253 3860; x_wconf 89' lang='lat' dir='ltr'><strong>tati</strong></span> <span class='ocrx_word' id='word_1_542' title='bbox 294 3800 440 3852; x_wconf 91' lang='lat' dir='ltr'><strong>sunt,</strong></span> <span class='ocrx_word' id='word_1_543' title='bbox 473 3807 590 3858; x_wconf 67' lang='lat' dir='ltr'><strong>quae</strong></span> <span class='ocrx_word' id='word_1_544' title='bbox 636 3791 688 3844; x_wconf 91' lang='lat' dir='ltr'><strong>in</strong></span> <span class='ocrx_word' id='word_1_545' title='bbox 718 3807 842 3846; x_wconf 87' lang='lat' dir='ltr'><strong>area</strong></span> <span class='ocrx_word' id='word_1_546' title='bbox 870 3793 1044 3860; x_wconf 89' lang='lat' dir='ltr'><strong>posita</strong></span> <span class='ocrx_word' id='word_1_547' title='bbox 1089 3804 1244 3847; x_wconf 90' lang='lat' dir='ltr'><strong>erant</strong></span> <span class='ocrx_word' id='word_1_548' title='bbox 1274 3813 1285 3846; x_wconf 92' lang='lat'>:</span> <span class='ocrx_word' id='word_1_549' title='bbox 1320 3794 1500 3848; x_wconf 84' lang='lat' dir='ltr'><strong>favere</strong></span> <span class='ocrx_word' id='word_1_550' title='bbox 1551 3803 1729 3846; x_wconf 87' lang='lat' dir='ltr'><strong>autem</strong></span> 
     </span>
    </p>
   </div>
   <div class='ocr_carea' id='block_1_70' title="bbox 152 3859 1731 3931">
    <p class='ocr_par' dir='ltr' id='par_1_70' title="bbox 152 3859 1731 3931">
     <span class='ocr_line' id='line_1_70' title="bbox 152 3859 1731 3931; baseline 0 -17"><span class='ocrx_word' id='word_1_551' title='bbox 152 3859 284 3914; x_wconf 84' lang='lat' dir='ltr'><strong>huic</strong></span> <span class='ocrx_word' id='word_1_552' title='bbox 334 3860 762 3931; x_wconf 73' lang='lat' dir='ltr'><strong>interpretationi</strong></span> <span class='ocrx_word' id='word_1_553' title='bbox 814 3859 1064 3914; x_wconf 76' lang='lat' dir='ltr'><strong>videntur</strong></span> <span class='ocrx_word' id='word_1_554' title='bbox 1110 3864 1363 3916; x_wconf 88' lang='lat' dir='ltr'><strong>bebraica</strong></span> <span class='ocrx_word' id='word_1_555' title='bbox 1416 3864 1530 3931; x_wconf 86' lang='lat' dir='ltr'><strong>ipsa</strong></span> <span class='ocrx_word' id='word_1_556' title='bbox 1568 3864 1731 3915; x_wconf 86' lang='lat' dir='ltr'><strong>verba</strong></span> 
     </span>
    </p>
   </div>
   <div class='ocr_carea' id='block_1_71' title="bbox 149 3923 1732 4010">
    <p class='ocr_par' dir='ltr' id='par_1_71' title="bbox 149 3923 1732 4010">
     <span class='ocr_line' id='line_1_71' title="bbox 149 3923 1732 4010; baseline -0.002 -17"><span class='ocrx_word' id='word_1_557' title='bbox 149 3945 364 4010; x_wconf 59' lang='grc' dir='ltr'><strong>τπγςωη</strong></span> <span class='ocrx_word' id='word_1_558' title='bbox 389 3923 564 4010; x_wconf 42' lang='lat' dir='ltr'><strong>nihl?</strong></span> <span class='ocrx_word' id='word_1_559' title='bbox 592 3953 713 4010; x_wconf 71' lang='lat' dir='ltr'><strong>qua:</strong></span> <span class='ocrx_word' id='word_1_560' title='bbox 735 3939 882 4010; x_wconf 86' lang='lat' dir='ltr'><strong>reddi</strong></span> <span class='ocrx_word' id='word_1_561' title='bbox 907 3941 1184 4010; x_wconf 75' lang='lat' dir='ltr'><strong>commode</strong></span> <span class='ocrx_word' id='word_1_562' title='bbox 1214 3923 1451 4010; x_wconf 69' lang='lat' dir='ltr'><strong>possunt</strong></span> <span class='ocrx_word' id='word_1_563' title='bbox 1474 3960 1491 3992; x_wconf 78' lang='lat'><strong>:-</strong></span> <span class='ocrx_word' id='word_1_564' title='bbox 1511 3957 1569 4010; x_wconf 86' lang='lat' dir='ltr'><strong>eo</strong></span> <span class='ocrx_word' id='word_1_565' title='bbox 1593 3939 1732 4010; x_wconf 80' lang='lat' dir='ltr'><strong>quod</strong></span> 
     </span>
    </p>
   </div>
   <div class='ocr_carea' id='block_1_72' title="bbox 150 4006 1736 4078">
    <p class='ocr_par' dir='ltr' id='par_1_72' title="bbox 150 4006 1736 4078">
     <span class='ocr_line' id='line_1_72' title="bbox 150 4006 1736 4078; baseline 0.003 -21"><span class='ocrx_word' id='word_1_566' title='bbox 150 4007 403 4078; x_wconf 62' lang='lat' dir='ltr'><strong><em>uidissent</em></strong></span> <span class='ocrx_word' id='word_1_567' title='bbox 429 4009 481 4058; x_wconf 91' lang='lat' dir='ltr'><strong><em>in</em></strong></span> <span class='ocrx_word' id='word_1_568' title='bbox 509 4023 632 4078; x_wconf 86' lang='lat' dir='ltr'><strong>arca</strong></span> <span class='ocrx_word' id='word_1_569' title='bbox 659 4006 888 4078; x_wconf 80' lang='lat' dir='ltr'><strong>Domini.</strong></span> <span class='ocrx_word' id='word_1_570' title='bbox 945 4007 1048 4061; x_wconf 89' lang='lat' dir='ltr'><strong>Sed</strong></span> <span class='ocrx_word' id='word_1_571' title='bbox 1090 4006 1227 4078; x_wconf 83' lang='lat' dir='ltr'><strong>quis</strong></span> <span class='ocrx_word' id='word_1_572' title='bbox 1262 4009 1466 4062; x_wconf 90' lang='lat' dir='ltr'><strong>nesciat</strong></span> <span class='ocrx_word' id='word_1_573' title='bbox 1507 4006 1736 4077; x_wconf 82' lang='lat' dir='ltr'><strong>ipsamet</strong></span> 
     </span>
    </p>
   </div>
   <div class='ocr_carea' id='block_1_73' title="bbox 150 4074 1730 4147">
    <p class='ocr_par' dir='ltr' id='par_1_73' title="bbox 150 4074 1730 4147">
     <span class='ocr_line' id='line_1_73' title="bbox 150 4074 1730 4147; baseline 0.001 -17"><span class='ocrx_word' id='word_1_574' title='bbox 150 4074 411 4130; x_wconf 82' lang='lat' dir='ltr'><strong>hebraica</strong></span> <span class='ocrx_word' id='word_1_575' title='bbox 437 4077 599 4147; x_wconf 69' lang='lat' dir='ltr'><strong>verba</strong></span> <span class='ocrx_word' id='word_1_576' title='bbox 619 4077 756 4147; x_wconf 79' lang='lat' dir='ltr'><strong>verti</strong></span> <span class='ocrx_word' id='word_1_577' title='bbox 785 4077 947 4130; x_wconf 90' lang='lat' dir='ltr'><strong>etiam</strong></span> <span class='ocrx_word' id='word_1_578' title='bbox 970 4093 1090 4132; x_wconf 90' lang='lat' dir='ltr'><strong>cum</strong></span> <span class='ocrx_word' id='word_1_579' title='bbox 1108 4074 1272 4131; x_wconf 75' lang='lat' dir='ltr'><strong>laude</strong></span> <span class='ocrx_word' id='word_1_580' title='bbox 1299 4093 1477 4147; x_wconf 89' lang='lat' dir='ltr'><strong>posse,</strong></span> <span class='ocrx_word' id='word_1_581' title='bbox 1518 4074 1594 4131; x_wconf 84' lang='lat' dir='ltr'><strong>uti</strong></span> <span class='ocrx_word' id='word_1_582' title='bbox 1642 4092 1730 4131; x_wconf 87' lang='lat' dir='ltr'><strong>re-</strong></span> 
     </span>
    </p>
   </div>
   <div class='ocr_carea' id='block_1_74' title="bbox 149 4144 1730 4215">
    <p class='ocr_par' dir='ltr' id='par_1_74' title="bbox 149 4144 1730 4215">
     <span class='ocr_line' id='line_1_74' title="bbox 149 4144 1730 4215; baseline 0.003 -19"><span class='ocrx_word' id='word_1_583' title='bbox 149 4160 282 4199; x_wconf 84' lang='lat' dir='ltr'><strong>vera</strong></span> <span class='ocrx_word' id='word_1_584' title='bbox 342 4145 506 4215; x_wconf 81' lang='lat' dir='ltr'><strong>vertit</strong></span> <span class='ocrx_word' id='word_1_585' title='bbox 541 4144 800 4215; x_wconf 81' lang='lat' dir='ltr'><strong>Vulgata:</strong></span> <span class='ocrx_word' id='word_1_586' title='bbox 838 4162 896 4198; x_wconf 89' lang='lat' dir='ltr'><strong>eo</strong></span> <span class='ocrx_word' id='word_1_587' title='bbox 937 4146 1074 4215; x_wconf 84' lang='lat' dir='ltr'><strong>quod</strong></span> <span class='ocrx_word' id='word_1_588' title='bbox 1101 4144 1341 4200; x_wconf 77' lang='lat' dir='ltr'><strong>vidissent</strong></span> <span class='ocrx_word' id='word_1_589' title='bbox 1389 4149 1604 4200; x_wconf 86' lang='lat' dir='ltr'><strong>arcam?</strong></span> <span class='ocrx_word' id='word_1_590' title='bbox 1649 4148 1730 4200; x_wconf 84' lang='lat' dir='ltr'><strong>An</strong></span> 
     </span>
    </p>
   </div>
   <div class='ocr_carea' id='block_1_75' title="bbox 147 4214 1730 4290">
    <p class='ocr_par' dir='ltr' id='par_1_75' title="bbox 147 4214 1730 4290">
     <span class='ocr_line' id='line_1_75' title="bbox 147 4214 1730 4290; baseline 0.003 -24"><span class='ocrx_word' id='word_1_591' title='bbox 147 4214 544 4290; x_wconf 81' lang='lat' dir='ltr'><strong>quinquaginta</strong></span> <span class='ocrx_word' id='word_1_592' title='bbox 576 4214 739 4267; x_wconf 87' lang='lat' dir='ltr'><strong>millia</strong></span> <span class='ocrx_word' id='word_1_593' title='bbox 761 4214 1128 4290; x_wconf 78' lang='lat' dir='ltr'><strong>plebis[nullo</strong></span> <span class='ocrx_word' id='word_1_594' title='bbox 1151 4217 1358 4290; x_wconf 77' lang='lat' dir='ltr'><strong>scilicet</strong></span> <span class='ocrx_word' id='word_1_595' title='bbox 1383 4217 1730 4290; x_wconf 80' lang='lat' dir='ltr'><strong>reprimente]</strong></span> 
     </span>
    </p>
   </div>
   <div class='ocr_carea' id='block_1_76' title="bbox 146 4284 1731 4356">
    <p class='ocr_par' dir='ltr' id='par_1_76' title="bbox 146 4284 1731 4356">
     <span class='ocr_line' id='line_1_76' title="bbox 146 4284 1731 4356; baseline 0.004 -21"><span class='ocrx_word' id='word_1_596' title='bbox 146 4284 484 4356; x_wconf 86' lang='lat' dir='ltr'><strong>perscrutari</strong></span> <span class='ocrx_word' id='word_1_597' title='bbox 529 4285 807 4356; x_wconf 83' lang='lat' dir='ltr'><strong>commode</strong></span> <span class='ocrx_word' id='word_1_598' title='bbox 856 4284 1156 4356; x_wconf 79' lang='lat' dir='ltr'><strong>potuissent</strong></span> <span class='ocrx_word' id='word_1_599' title='bbox 1197 4284 1457 4356; x_wconf 90' lang='lat' dir='ltr'><strong>quidquid</strong></span> <span class='ocrx_word' id='word_1_600' title='bbox 1499 4287 1552 4340; x_wconf 91' lang='lat' dir='ltr'><strong>in</strong></span> <span class='ocrx_word' id='word_1_601' title='bbox 1604 4284 1731 4341; x_wconf 78' lang='lat' dir='ltr'><strong>arca</strong></span> 
     </span>
    </p>
   </div>
   <div class='ocr_carea' id='block_1_77' title="bbox 183 4354 1734 4415">
    <p class='ocr_par' dir='ltr' id='par_1_77' title="bbox 183 4354 1734 4415">
     <span class='ocr_line' id='line_1_77' title="bbox 183 4354 1734 4415; baseline 0.001 -9"><span class='ocrx_word' id='word_1_602' title='bbox 183 4355 386 4406; x_wconf 90' lang='lat' dir='ltr'><strong>ositum</strong></span> <span class='ocrx_word' id='word_1_603' title='bbox 410 4361 544 4415; x_wconf 88' lang='lat' dir='ltr'><strong>erat,</strong></span> <span class='ocrx_word' id='word_1_604' title='bbox 577 4360 633 4407; x_wconf 85' lang='lat' dir='ltr'><strong>et</strong></span> <span class='ocrx_word' id='word_1_605' title='bbox 652 4354 1114 4407; x_wconf 89' lang='lat' dir='ltr'><strong>circumstantium</strong></span> <span class='ocrx_word' id='word_1_606' title='bbox 1141 4354 1324 4410; x_wconf 84' lang='lat' dir='ltr'><strong>oculos</strong></span> <span class='ocrx_word' id='word_1_607' title='bbox 1350 4354 1734 4410; x_wconf 84' lang='lat' dir='ltr'><strong>delitescebat?</strong></span> 
     </span>
    </p>
   </div>
   <div class='ocr_carea' id='block_1_78' title="bbox 171 4422 1726 4490">
    <p class='ocr_par' dir='ltr' id='par_1_78' title="bbox 171 4422 1726 4490">
     <span class='ocr_line' id='line_1_78' title="bbox 171 4422 1726 4490; baseline 0.003 -15"><span class='ocrx_word' id='word_1_608' title='bbox 171 4432 481 4490; x_wconf 90' lang='lat' dir='ltr'><strong>nterpretes</strong></span> <span class='ocrx_word' id='word_1_609' title='bbox 509 4437 669 4489; x_wconf 89' lang='lat' dir='ltr'><strong>porro</strong></span> <span class='ocrx_word' id='word_1_610' title='bbox 716 4422 866 4474; x_wconf 90' lang='lat' dir='ltr'><strong>valde</strong></span> <span class='ocrx_word' id='word_1_611' title='bbox 902 4423 1207 4490; x_wconf 86' lang='lat' dir='ltr'><strong>probabiles</strong></span> <span class='ocrx_word' id='word_1_612' title='bbox 1239 4440 1429 4478; x_wconf 89' lang='lat' dir='ltr'><strong>causas</strong></span> <span class='ocrx_word' id='word_1_613' title='bbox 1475 4424 1726 4488; x_wconf 69' lang='lat' dir='ltr'><strong>aﬂ‘erunt,</strong></span> 
     </span>
    </p>
   </div>
   <div class='ocr_carea' id='block_1_79' title="bbox 144 4507 246 4547">
    <p class='ocr_par' dir='ltr' id='par_1_79' title="bbox 144 4507 246 4547">
     <span class='ocr_line' id='line_1_79' title="bbox 144 4507 246 4547; baseline -0.029 -1"><span class='ocrx_word' id='word_1_614' title='bbox 144 4507 246 4547; x_wconf 81' lang='lat' dir='ltr'><strong>cur</strong></span> 
     </span>
    </p>
   </div>
   <div class='ocr_carea' id='block_1_80' title="bbox 145 4560 1726 4633">
    <p class='ocr_par' dir='ltr' id='par_1_80' title="bbox 145 4560 1726 4633">
     <span class='ocr_line' id='line_1_80' title="bbox 145 4560 1726 4633; baseline 0.003 -18"><span class='ocrx_word' id='word_1_615' title='bbox 145 4561 406 4633; x_wconf 84' lang='lat' dir='ltr'><strong>punierit.</strong></span> <span class='ocrx_word' id='word_1_616' title='bbox 443 4560 595 4633; x_wconf 89' lang='lat' dir='ltr'><strong>Quod</strong></span> <span class='ocrx_word' id='word_1_617' title='bbox 637 4561 682 4633; x_wconf 79' lang='lat' dir='ltr'><strong>si</strong></span> <span class='ocrx_word' id='word_1_618' title='bbox 712 4561 938 4633; x_wconf 82' lang='lat' dir='ltr'><strong>liberum</strong></span> <span class='ocrx_word' id='word_1_619' title='bbox 965 4563 1109 4616; x_wconf 91' lang='lat' dir='ltr'><strong>hunc</strong></span> <span class='ocrx_word' id='word_1_620' title='bbox 1139 4563 1390 4618; x_wconf 88' lang='lat' dir='ltr'><strong>intuitum</strong></span> <span class='ocrx_word' id='word_1_621' title='bbox 1422 4565 1726 4619; x_wconf 87' lang='lat' dir='ltr'><strong>irreveren-</strong></span> 
     </span>
    </p>
   </div>
   <div class='ocr_carea' id='block_1_81' title="bbox 143 4630 1723 4702">
    <p class='ocr_par' dir='ltr' id='par_1_81' title="bbox 143 4630 1723 4702">
     <span class='ocr_line' id='line_1_81' title="bbox 143 4630 1723 4702; baseline 0.002 -17"><span class='ocrx_word' id='word_1_622' title='bbox 143 4630 281 4686; x_wconf 76' lang='lat' dir='ltr'><strong>tiam</strong></span> <span class='ocrx_word' id='word_1_623' title='bbox 307 4631 617 4702; x_wconf 84' lang='lat' dir='ltr'><strong>quamdam,</strong></span> <span class='ocrx_word' id='word_1_624' title='bbox 636 4630 859 4702; x_wconf 85' lang='lat' dir='ltr'><strong>ideoque</strong></span> <span class='ocrx_word' id='word_1_625' title='bbox 873 4630 1336 4702; x_wconf 86' lang='lat' dir='ltr'><strong>interpretativum</strong></span> <span class='ocrx_word' id='word_1_626' title='bbox 1359 4642 1723 4702; x_wconf 89' lang='lat' dir='ltr'><strong>contemptum</strong></span> 
     </span>
    </p>
   </div>
   <div class='ocr_carea' id='block_1_82' title="bbox 143 4699 1721 4770">
    <p class='ocr_par' dir='ltr' id='par_1_82' title="bbox 143 4699 1721 4770">
     <span class='ocr_line' id='line_1_82' title="bbox 143 4699 1721 4770; baseline 0.001 -15"><span class='ocrx_word' id='word_1_627' title='bbox 143 4713 270 4756; x_wconf 86' lang='lat' dir='ltr'><strong>esse</strong></span> <span class='ocrx_word' id='word_1_628' title='bbox 322 4701 606 4770; x_wconf 90' lang='lat' dir='ltr'><strong>quisquam</strong></span> <span class='ocrx_word' id='word_1_629' title='bbox 654 4699 1219 4770; x_wconf 56' lang='lat' dir='ltr'><strong>velit&#39;despectionem,</strong></span> <span class='ocrx_word' id='word_1_630' title='bbox 1262 4711 1316 4756; x_wconf 89' lang='lat' dir='ltr'><strong>et</strong></span> <span class='ocrx_word' id='word_1_631' title='bbox 1344 4699 1721 4768; x_wconf 75' lang='lat' dir='ltr'><strong>temeritatem,</strong></span> 
     </span>
    </p>
   </div>
   <div class='ocr_carea' id='block_1_83' title="bbox 145 4769 1722 4839">
    <p class='ocr_par' dir='ltr' id='par_1_83' title="bbox 145 4769 1722 4839">
     <span class='ocr_line' id='line_1_83' title="bbox 145 4769 1722 4839; baseline 0.002 -17"><span class='ocrx_word' id='word_1_632' title='bbox 145 4785 315 4839; x_wconf 87' lang='lat' dir='ltr'><strong>quam</strong></span> <span class='ocrx_word' id='word_1_633' title='bbox 337 4769 425 4823; x_wconf 82' lang='lat' dir='ltr'><strong>hic</strong></span> <span class='ocrx_word' id='word_1_634' title='bbox 449 4778 836 4828; x_wconf 83' lang='lat' dir='ltr'><strong>commemorat</strong></span> <span class='ocrx_word' id='word_1_635' title='bbox 879 4769 1155 4834; x_wconf 84' lang='lat' dir='ltr'><strong>Claudius,</strong></span> <span class='ocrx_word' id='word_1_636' title='bbox 1201 4772 1487 4827; x_wconf 80' lang='lat' dir='ltr'><strong>admittere</strong></span> <span class='ocrx_word' id='word_1_637' title='bbox 1530 4773 1581 4826; x_wconf 92' lang='lat' dir='ltr'><strong>id</strong></span> <span class='ocrx_word' id='word_1_638' title='bbox 1612 4775 1722 4826; x_wconf 84' lang='lat' dir='ltr'><strong>uti-</strong></span> 
     </span>
    </p>
   </div>
   <div class='ocr_carea' id='block_1_84' title="bbox 145 4854 587 4960">
    <p class='ocr_par' dir='ltr' id='par_1_84' title="bbox 145 4854 587 4960">
     <span class='ocr_line' id='line_1_84' title="bbox 145 4854 587 4960; baseline -0.005 -68"><span class='ocrx_word' id='word_1_639' title='bbox 145 4854 253 4907; x_wconf 87' lang='lat' dir='ltr'><strong>que</strong></span> <span class='ocrx_word' id='word_1_640' title='bbox 277 4854 587 4960; x_wconf 60' lang='lat' dir='ltr'><strong>Rossumus.</strong></span> 
     </span>
     <span class='ocr_line' id='line_1_85' title="bbox 218 4909 587 4960; baseline 0 0"><span class='ocrx_word' id='word_1_641' title='bbox 218 4919 240 4946; x_wconf 74' lang='grc' dir='ltr'><strong>ο</strong></span> <span class='ocrx_word' id='word_1_642' title='bbox 331 4923 489 4960; x_wconf 91' lang='lat' dir='ltr'><strong>ursus</strong></span> <span class='ocrx_word' id='word_1_643' title='bbox 506 4909 587 4960; x_wconf 69' lang='lat' dir='ltr'><strong>ba:</strong></span> 
     </span>
    </p>
   </div>
   <div class='ocr_carea' id='block_1_85' title="bbox 218 4907 1342 4976">
    <p class='ocr_par' dir='ltr' id='par_1_85' title="bbox 218 4907 1342 4976">
     <span class='ocr_line' id='line_1_86' title="bbox 218 4907 1342 4976; baseline 0.004 -16"><span class='ocrx_word' id='word_1_644' title='bbox 218 4919 240 4946; x_wconf 76' lang='grc' dir='ltr'><em>ε</em></span> <span class='ocrx_word' id='word_1_645' title='bbox 277 4907 489 4962; x_wconf 83' lang='lat' dir='ltr'><strong>Rursus</strong></span> <span class='ocrx_word' id='word_1_646' title='bbox 506 4909 621 4962; x_wconf 68' lang='lat' dir='ltr'><strong>haec</strong></span> <span class='ocrx_word' id='word_1_647' title='bbox 648 4915 830 4976; x_wconf 89' lang='lat' dir='ltr'><strong>repete</strong></span> <span class='ocrx_word' id='word_1_648' title='bbox 851 4908 914 4962; x_wconf 81' lang='lat' dir='ltr'><strong>ex</strong></span> <span class='ocrx_word' id='word_1_649' title='bbox 937 4907 1078 4962; x_wconf 88' lang='lat' dir='ltr'><strong>Beda</strong></span> <span class='ocrx_word' id='word_1_650' title='bbox 1111 4925 1256 4964; x_wconf 92' lang='lat' dir='ltr'><strong>num.</strong></span> <span class='ocrx_word' id='word_1_651' title='bbox 1291 4910 1342 4964; x_wconf 77' lang='grc'><strong>4.</strong></span> 
     </span>
    </p>
   </div>
   <div class='ocr_carea' id='block_1_86' title="bbox 210 4976 1184 5033">
    <p class='ocr_par' dir='ltr' id='par_1_86' title="bbox 210 4976 1184 5033">
     <span class='ocr_line' id='line_1_87' title="bbox 210 4976 1184 5033; baseline 0.003 -5"><span class='ocrx_word' id='word_1_652' title='bbox 210 4976 238 5016; x_wconf 71' lang='grc' dir='ltr'><em>δ</em></span> <span class='ocrx_word' id='word_1_653' title='bbox 273 4976 513 5031; x_wconf 80' lang='lat' dir='ltr'><strong>Ablatus.</strong></span> <span class='ocrx_word' id='word_1_654' title='bbox 539 4977 766 5033; x_wconf 65' lang='lat' dir='ltr'><strong>Prsestat</strong></span> <span class='ocrx_word' id='word_1_655' title='bbox 796 4985 979 5032; x_wconf 89' lang='lat' dir='ltr'><strong>nostra</strong></span> <span class='ocrx_word' id='word_1_656' title='bbox 1006 4978 1184 5033; x_wconf 84' lang='lat' dir='ltr'><strong>lectio.</strong></span> 
     </span>
    </p>
   </div>
   <div class='ocr_carea' id='block_1_87' title="bbox 211 5040 1722 5106">
    <p class='ocr_par' dir='ltr' id='par_1_87' title="bbox 211 5040 1722 5106">
     <span class='ocr_line' id='line_1_88' title="bbox 211 5040 1722 5106; baseline 0.005 -8"><span class='ocrx_word' id='word_1_657' title='bbox 211 5058 241 5086; x_wconf 74' lang='grc' dir='ltr'>ι</span> <span class='ocrx_word' id='word_1_658' title='bbox 275 5040 390 5099; x_wconf 83' lang='lat' dir='ltr'><strong>Nisi</strong></span> <span class='ocrx_word' id='word_1_659' title='bbox 418 5047 470 5100; x_wconf 90' lang='lat' dir='ltr'><strong>in</strong></span> <span class='ocrx_word' id='word_1_660' title='bbox 498 5055 766 5102; x_wconf 78' lang='lat' dir='ltr'><strong>errantem</strong></span> <span class='ocrx_word' id='word_1_661' title='bbox 808 5061 1192 5102; x_wconf 82' lang='lat' dir='ltr'><strong>amanuensem</strong></span> <span class='ocrx_word' id='word_1_662' title='bbox 1223 5051 1362 5105; x_wconf 82' lang='lat' dir='ltr'><strong>hanc</strong></span> <span class='ocrx_word' id='word_1_663' title='bbox 1407 5066 1594 5106; x_wconf 87' lang='lat' dir='ltr'><strong>vocem</strong></span> <span class='ocrx_word' id='word_1_664' title='bbox 1639 5066 1722 5106; x_wconf 85' lang='lat' dir='ltr'><strong>re-</strong></span> 
     </span>
    </p>
   </div>
   <div class='ocr_carea' id='block_1_88' title="bbox 145 5113 1719 5194">
    <p class='ocr_par' dir='ltr' id='par_1_88' title="bbox 145 5113 1719 5194">
     <span class='ocr_line' id='line_1_89' title="bbox 145 5113 1719 5194; baseline 0.005 -25"><span class='ocrx_word' id='word_1_665' title='bbox 145 5116 294 5194; x_wconf 76' lang='lat' dir='ltr'><strong>feras</strong></span> <span class='ocrx_word' id='word_1_666' title='bbox 337 5113 486 5194; x_wconf 75' lang='lat' dir='ltr'><strong>[nam</strong></span> <span class='ocrx_word' id='word_1_667' title='bbox 525 5117 702 5194; x_wconf 83' lang='lat' dir='ltr'><strong>editus</strong></span> <span class='ocrx_word' id='word_1_668' title='bbox 734 5116 890 5171; x_wconf 70' lang='lat' dir='ltr'><strong>Beda:</strong></span> <span class='ocrx_word' id='word_1_669' title='bbox 918 5116 1068 5194; x_wconf 76' lang='lat' dir='ltr'><strong>locus</strong></span> <span class='ocrx_word' id='word_1_670' title='bbox 1098 5117 1291 5194; x_wconf 79' lang='lat' dir='ltr'><strong>habet:</strong></span> <span class='ocrx_word' id='word_1_671' title='bbox 1320 5120 1580 5194; x_wconf 78' lang='lat' dir='ltr'><strong><em>tulitque].</em></strong></span> <span class='ocrx_word' id='word_1_672' title='bbox 1605 5122 1719 5194; x_wconf 26' lang='lat' dir='ltr'><strong>Vo‘x</strong></span> 
     </span>
    </p>
   </div>
   <div class='ocr_carea' id='block_1_89' title="bbox 142 5185 1722 5256">
    <p class='ocr_par' dir='ltr' id='par_1_89' title="bbox 142 5185 1722 5256">
     <span class='ocr_line' id='line_1_90' title="bbox 142 5185 1722 5256; baseline 0.002 -16"><span class='ocrx_word' id='word_1_673' title='bbox 142 5186 262 5240; x_wconf 63' lang='lat' dir='ltr'><strong>haec</strong></span> <span class='ocrx_word' id='word_1_674' title='bbox 316 5185 380 5256; x_wconf 70' lang='lat' dir='ltr'><strong>ei:</strong></span> <span class='ocrx_word' id='word_1_675' title='bbox 422 5185 490 5240; x_wconf 92' lang='lat' dir='ltr'><strong>iis</strong></span> <span class='ocrx_word' id='word_1_676' title='bbox 533 5187 659 5250; x_wconf 90' lang='lat' dir='ltr'><strong>erit,</strong></span> <span class='ocrx_word' id='word_1_677' title='bbox 701 5201 820 5256; x_wconf 68' lang='lat' dir='ltr'><strong>qua:</strong></span> <span class='ocrx_word' id='word_1_678' title='bbox 857 5201 888 5239; x_wconf 88' lang='lat' dir='ltr'><strong>a</strong></span> <span class='ocrx_word' id='word_1_679' title='bbox 913 5185 1184 5242; x_wconf 84' lang='lat' dir='ltr'><strong>latinitate</strong></span> <span class='ocrx_word' id='word_1_680' title='bbox 1227 5185 1576 5256; x_wconf 75' lang='lat' dir='ltr'><strong>declinantes,</strong></span> <span class='ocrx_word' id='word_1_681' title='bbox 1607 5191 1722 5245; x_wconf 78' lang='lat' dir='ltr'><strong>vul-</strong></span> 
     </span>
    </p>
   </div>
   <div class='ocr_carea' id='block_1_90' title="bbox 142 5253 1718 5324">
    <p class='ocr_par' dir='ltr' id='par_1_90' title="bbox 142 5253 1718 5324">
     <span class='ocr_line' id='line_1_91' title="bbox 142 5253 1718 5324; baseline 0.004 -16"><span class='ocrx_word' id='word_1_682' title='bbox 142 5269 308 5324; x_wconf 79' lang='lat' dir='ltr'><strong>gares</strong></span> <span class='ocrx_word' id='word_1_683' title='bbox 330 5253 562 5324; x_wconf 88' lang='lat' dir='ltr'><strong>linguas,</strong></span> <span class='ocrx_word' id='word_1_684' title='bbox 608 5264 702 5310; x_wconf 87' lang='lat' dir='ltr'><strong>aut</strong></span> <span class='ocrx_word' id='word_1_685' title='bbox 719 5253 1097 5319; x_wconf 73' lang='lat' dir='ltr'><strong>eﬂ‘ormaruut,</strong></span> <span class='ocrx_word' id='word_1_686' title='bbox 1139 5266 1233 5313; x_wconf 90' lang='lat' dir='ltr'><strong>aut</strong></span> <span class='ocrx_word' id='word_1_687' title='bbox 1262 5253 1571 5314; x_wconf 44' lang='lat' dir='ltr'><strong>auxerunt</strong></span> <span class='ocrx_word' id='word_1_688' title='bbox 1602 5261 1718 5315; x_wconf 86' lang='lat' dir='ltr'><strong>Itali</strong></span> 
     </span>
    </p>
   </div>
   <div class='ocr_carea' id='block_1_91' title="bbox 143 5322 1719 5393">
    <p class='ocr_par' dir='ltr' id='par_1_91' title="bbox 143 5322 1719 5393">
     <span class='ocr_line' id='line_1_92' title="bbox 143 5322 1719 5393; baseline 0.004 -17"><span class='ocrx_word' id='word_1_689' title='bbox 143 5322 274 5376; x_wconf 71' lang='lat' dir='ltr'><strong>iolto</strong></span> <span class='ocrx_word' id='word_1_690' title='bbox 319 5331 374 5377; x_wconf 87' lang='lat' dir='ltr'><strong>et</strong></span> <span class='ocrx_word' id='word_1_691' title='bbox 415 5322 549 5377; x_wconf 75' lang='lat' dir='ltr'><strong>tolta</strong></span> <span class='ocrx_word' id='word_1_692' title='bbox 593 5325 800 5389; x_wconf 87' lang='lat' dir='ltr'><strong>dicunt,</strong></span> <span class='ocrx_word' id='word_1_693' title='bbox 829 5326 978 5393; x_wconf 84' lang='lat' dir='ltr'><strong>quod</strong></span> <span class='ocrx_word' id='word_1_694' title='bbox 998 5324 1175 5380; x_wconf 86' lang='lat' dir='ltr'><strong>Latini</strong></span> <span class='ocrx_word' id='word_1_695' title='bbox 1204 5327 1438 5382; x_wconf 86' lang='lat' dir='ltr'><strong>ablatum</strong></span> <span class='ocrx_word' id='word_1_696' title='bbox 1474 5341 1530 5384; x_wconf 87' lang='lat' dir='ltr'><strong>et</strong></span> <span class='ocrx_word' id='word_1_697' title='bbox 1573 5329 1719 5383; x_wconf 86' lang='lat' dir='ltr'><strong>abla-</strong></span> 
     </span>
    </p>
   </div>
   <div class='ocr_carea' id='block_1_92' title="bbox 141 5401 273 5449">
    <p class='ocr_par' dir='ltr' id='par_1_92' title="bbox 141 5401 273 5449">
     <span class='ocr_line' id='line_1_93' title="bbox 141 5401 273 5449; baseline -0.008 -2"><span class='ocrx_word' id='word_1_698' title='bbox 141 5401 273 5449; x_wconf 77' lang='lat' dir='ltr'><strong><em>tam.</em></strong></span> 
     </span>
    </p>
   </div>
   <div class='ocr_carea' id='block_1_93' title="bbox 220 5461 1716 5522">
    <p class='ocr_par' dir='ltr' id='par_1_93' title="bbox 220 5461 1716 5522">
     <span class='ocr_line' id='line_1_94' title="bbox 220 5461 1716 5522; baseline 0.001 -4"><span class='ocrx_word' id='word_1_699' title='bbox 220 5461 241 5500; x_wconf 67' lang='grc' dir='ltr'><em>ί</em></span> <span class='ocrx_word' id='word_1_700' title='bbox 266 5464 443 5518; x_wconf 84' lang='lat' dir='ltr'><strong>Antea</strong></span> <span class='ocrx_word' id='word_1_701' title='bbox 469 5463 696 5518; x_wconf 86' lang='lat' dir='ltr'><strong>etiamin</strong></span> <span class='ocrx_word' id='word_1_702' title='bbox 721 5465 923 5519; x_wconf 66' lang='lat' dir='ltr'><strong>(edibus</strong></span> <span class='ocrx_word' id='word_1_703' title='bbox 942 5464 1240 5520; x_wconf 79' lang='lat' dir='ltr'><strong>Abinadam</strong></span> <span class='ocrx_word' id='word_1_704' title='bbox 1276 5465 1328 5520; x_wconf 91' lang='lat' dir='ltr'><strong>in</strong></span> <span class='ocrx_word' id='word_1_705' title='bbox 1345 5466 1527 5522; x_wconf 87' lang='lat' dir='ltr'><strong>Gabaa</strong></span> <span class='ocrx_word' id='word_1_706' title='bbox 1550 5467 1716 5522; x_wconf 86' lang='lat' dir='ltr'><strong>fuisse</strong></span> 
     </span>
    </p>
   </div>
   <div class='ocr_carea' id='block_1_94' title="bbox 142 5533 1386 5606">
    <p class='ocr_par' dir='ltr' id='par_1_94' title="bbox 142 5533 1386 5606">
     <span class='ocr_line' id='line_1_95' title="bbox 142 5533 1386 5606; baseline 0.001 -18"><span class='ocrx_word' id='word_1_707' title='bbox 142 5533 380 5606; x_wconf 72' lang='lat' dir='ltr'><strong>positam</strong></span> <span class='ocrx_word' id='word_1_708' title='bbox 419 5533 675 5606; x_wconf 83' lang='lat' dir='ltr'><strong>discimus</strong></span> <span class='ocrx_word' id='word_1_709' title='bbox 706 5549 770 5606; x_wconf 69' lang='lat' dir='ltr'><strong>ei;</strong></span> <span class='ocrx_word' id='word_1_710' title='bbox 798 5535 972 5606; x_wconf 85' lang='lat' dir='ltr'><strong>capite</strong></span> <span class='ocrx_word' id='word_1_711' title='bbox 1000 5534 1033 5589; x_wconf 90' lang='lat'>8</span> <span class='ocrx_word' id='word_1_712' title='bbox 1060 5535 1228 5606; x_wconf 79' lang='lat' dir='ltr'><strong>librii</strong></span> <span class='ocrx_word' id='word_1_713' title='bbox 1253 5535 1386 5606; x_wconf 85' lang='lat' dir='ltr'><strong>Reg.</strong></span> 
     </span>
    </p>
   </div>
   <div class='ocr_carea' id='block_1_95' title="bbox 217 5551 1710 5678">
    <p class='ocr_par' dir='ltr' id='par_1_95' title="bbox 217 5551 1710 5678">
     <span class='ocr_line' id='line_1_96' title="bbox 217 5551 1386 5606; baseline 0.003 -20"><span class='ocrx_word' id='word_1_714' title='bbox 217 5551 380 5588; x_wconf 79' lang='lat' dir='ltr'><strong>suam</strong></span> <span class='ocrx_word' id='word_1_715' title='bbox 419 5551 675 5594; x_wconf 83' lang='lat' dir='ltr'><strong>uisetmus</strong></span> <span class='ocrx_word' id='word_1_716' title='bbox 706 5551 770 5587; x_wconf 82' lang='lat' dir='ltr'><strong>ex</strong></span> <span class='ocrx_word' id='word_1_717' title='bbox 798 5551 859 5588; x_wconf 86' lang='lat' dir='ltr'><strong>ca</strong></span> <span class='ocrx_word' id='word_1_718' title='bbox 901 5551 972 5588; x_wconf 86' lang='lat' dir='ltr'><strong>tte</strong></span> <span class='ocrx_word' id='word_1_719' title='bbox 1000 5551 1033 5589; x_wconf 79' lang='grc' dir='ltr'>δ</span> <span class='ocrx_word' id='word_1_720' title='bbox 1061 5551 1181 5589; x_wconf 84' lang='lat' dir='ltr'><strong>ttort</strong></span> <span class='ocrx_word' id='word_1_721' title='bbox 1213 5551 1386 5606; x_wconf 76' lang='lat' dir='ltr'><strong>tneg.</strong></span> 
     </span>
     <span class='ocr_line' id='line_1_97' title="bbox 217 5551 1710 5678; baseline 0.001 -22"><span class='ocrx_word' id='word_1_722' title='bbox 217 5604 242 5641; x_wconf 75' lang='grc'>⁸</span> <span class='ocrx_word' id='word_1_723' title='bbox 280 5601 548 5678; x_wconf 67' lang='lat' dir='ltr'><strong>Josepltus</strong></span> <span class='ocrx_word' id='word_1_724' title='bbox 581 5617 717 5678; x_wconf 47' lang='lat' dir='ltr'><strong>cap;</strong></span> <span class='ocrx_word' id='word_1_725' title='bbox 747 5603 814 5657; x_wconf 81' lang='grc'><strong>15</strong></span> <span class='ocrx_word' id='word_1_726' title='bbox 863 5551 956 5658; x_wconf 67' lang='lat' dir='ltr'><strong>rib.</strong></span> <span class='ocrx_word' id='word_1_727' title='bbox 994 5616 1045 5678; x_wconf 66' lang='lat' dir='ltr'><strong>vi</strong></span> <span class='ocrx_word' id='word_1_728' title='bbox 1078 5605 1458 5678; x_wconf 76' lang='lat' dir='ltr'><strong>_An_tiquita_tunt</strong></span> <span class='ocrx_word' id='word_1_729' title='bbox 1506 5605 1583 5678; x_wconf 92' lang='lat' dir='ltr'><strong>[n.</strong></span> <span class='ocrx_word' id='word_1_730' title='bbox 1632 5605 1710 5677; x_wconf 81' lang='lat'><strong>9.]</strong></span> 
     </span>
    </p>
   </div>
   <div class='ocr_carea' id='block_1_96' title="bbox 141 5669 1710 5742">
    <p class='ocr_par' dir='ltr' id='par_1_96' title="bbox 141 5669 1710 5742">
     <span class='ocr_line' id='line_1_98' title="bbox 141 5669 1710 5742; baseline 0.002 -17"><span class='ocrx_word' id='word_1_731' title='bbox 141 5669 259 5742; x_wconf 54' lang='lat' dir='ltr'><strong>iure</strong></span> <span class='ocrx_word' id='word_1_732' title='bbox 310 5673 362 5725; x_wconf 88' lang='lat' dir='ltr'><strong>in</strong></span> <span class='ocrx_word' id='word_1_733' title='bbox 401 5669 1045 5742; x_wconf 28' lang='lat' dir='ltr'><strong>editione’Havercampii</strong></span> <span class='ocrx_word' id='word_1_734' title='bbox 1079 5669 1259 5728; x_wconf 84' lang='lat' dir='ltr'><strong>habet.</strong></span> <span class='ocrx_word' id='word_1_735' title='bbox 1319 5675 1427 5730; x_wconf 85' lang='lat' dir='ltr'><strong>Sub</strong></span> <span class='ocrx_word' id='word_1_736' title='bbox 1481 5669 1598 5739; x_wconf 73' lang='lat' dir='ltr'><strong>Iioc,</strong></span> <span class='ocrx_word' id='word_1_737' title='bbox 1662 5669 1710 5728; x_wconf 75' lang='lat' dir='ltr'><strong>ei</strong></span> 
     </span>
    </p>
   </div>
   <div class='ocr_carea' id='block_1_97' title="bbox 143 5736 1706 5814">
    <p class='ocr_par' dir='ltr' id='par_1_97' title="bbox 143 5736 1706 5814">
     <span class='ocr_line' id='line_1_99' title="bbox 143 5736 1706 5814; baseline 0.003 -20"><span class='ocrx_word' id='word_1_738' title='bbox 143 5736 420 5796; x_wconf 80' lang='lat' dir='ltr'><strong>Samuelus</strong></span> <span class='ocrx_word' id='word_1_739' title='bbox 442 5741 689 5811; x_wconf 65' lang='lat' dir='ltr'><strong>propheta</strong></span> <span class='ocrx_word' id='word_1_740' title='bbox 717 5744 817 5795; x_wconf 77' lang='lat' dir='ltr'><strong>vita</strong></span> <span class='ocrx_word' id='word_1_741' title='bbox 844 5736 1122 5796; x_wconf 61' lang='lat' dir='ltr'><strong>decessit...</strong></span> <span class='ocrx_word' id='word_1_742' title='bbox 1158 5743 1442 5814; x_wconf 76' lang='lat' dir='ltr'><strong>imperat-it,</strong></span> <span class='ocrx_word' id='word_1_743' title='bbox 1485 5736 1706 5812; x_wconf 76' lang='lat' dir='ltr'><strong>populo-</strong></span> 
     </span>
    </p>
   </div>
   <div class='ocr_carea' id='block_1_98' title="bbox 1837 3192 3407 3271">
    <p class='ocr_par' dir='ltr' id='par_1_98' title="bbox 1837 3192 3407 3271">
     <span class='ocr_line' id='line_1_100' title="bbox 1837 3192 3407 3271; baseline -0.005 -16"><span class='ocrx_word' id='word_1_744' title='bbox 1837 3201 2080 3271; x_wconf 80' lang='lat' dir='ltr'><strong>Maspbat</strong></span> <span class='ocrx_word' id='word_1_745' title='bbox 2109 3201 2497 3268; x_wconf 87' lang='lat' dir='ltr'><strong>interpretatur</strong></span> <span class='ocrx_word' id='word_1_746' title='bbox 2522 3197 2739 3250; x_wconf 86' lang='lat' dir='ltr'><strong><em>intentio</em></strong></span> <span class='ocrx_word' id='word_1_747' title='bbox 2767 3210 2780 3247; x_wconf 87' lang='lat'><strong>:</strong></span> <span class='ocrx_word' id='word_1_748' title='bbox 2809 3194 2971 3262; x_wconf 87' lang='lat' dir='ltr'><strong>Lapis</strong></span> <span class='ocrx_word' id='word_1_749' title='bbox 3008 3194 3096 3247; x_wconf 92' lang='lat' dir='ltr'><strong>ille</strong></span> <span class='ocrx_word' id='word_1_750' title='bbox 3128 3192 3407 3261; x_wconf 83' lang='lat' dir='ltr'><strong>adjutorii,</strong></span> 
     </span>
    </p>
   </div>
   <div class='ocr_carea' id='block_1_99' title="bbox 1836 3285 3412 3358">
    <p class='ocr_par' dir='ltr' id='par_1_99' title="bbox 1836 3285 3412 3358">
     <span class='ocr_line' id='line_1_101' title="bbox 1836 3285 3412 3358; baseline -0.006 -11"><span class='ocrx_word' id='word_1_751' title='bbox 1836 3293 2096 3347; x_wconf 88' lang='lat' dir='ltr'><strong>medietas</strong></span> <span class='ocrx_word' id='word_1_752' title='bbox 2124 3300 2206 3345; x_wconf 91' lang='lat' dir='ltr'><strong>est</strong></span> <span class='ocrx_word' id='word_1_753' title='bbox 2226 3289 2551 3353; x_wconf 86' lang='lat' dir='ltr'><strong>Salvatoris;</strong></span> <span class='ocrx_word' id='word_1_754' title='bbox 2581 3303 2678 3357; x_wconf 90' lang='lat' dir='ltr'><strong>per</strong></span> <span class='ocrx_word' id='word_1_755' title='bbox 2715 3285 2908 3358; x_wconf 83' lang='lat' dir='ltr'><strong>(quem)</strong></span> <span class='ocrx_word' id='word_1_756' title='bbox 2943 3301 3102 3354; x_wconf 90' lang='lat' dir='ltr'><strong>quam</strong></span> <span class='ocrx_word' id='word_1_757' title='bbox 3127 3295 3412 3340; x_wconf 88' lang='lat' dir='ltr'><strong>transeun-</strong></span> 
     </span>
    </p>
   </div>
   <div class='ocr_carea' id='block_1_100' title="bbox 1834 3377 3416 3452">
    <p class='ocr_par' dir='ltr' id='par_1_100' title="bbox 1834 3377 3416 3452">
     <span class='ocr_line' id='line_1_102' title="bbox 1834 3377 3416 3452; baseline -0.006 -12"><span class='ocrx_word' id='word_1_758' title='bbox 1834 3386 1961 3442; x_wconf 87' lang='lat' dir='ltr'><strong>dum</strong></span> <span class='ocrx_word' id='word_1_759' title='bbox 1995 3393 2078 3439; x_wconf 88' lang='lat' dir='ltr'><strong>est</strong></span> <span class='ocrx_word' id='word_1_760' title='bbox 2098 3400 2128 3439; x_wconf 89' lang='lat' dir='ltr'><strong>a</strong></span> <span class='ocrx_word' id='word_1_761' title='bbox 2151 3383 2396 3452; x_wconf 81' lang='lat' dir='ltr'><strong>Maspliat</strong></span> <span class='ocrx_word' id='word_1_762' title='bbox 2422 3389 2606 3436; x_wconf 85' lang='lat' dir='ltr'><strong>vetere</strong></span> <span class='ocrx_word' id='word_1_763' title='bbox 2630 3379 2696 3434; x_wconf 90' lang='lat' dir='ltr'><strong>ad</strong></span> <span class='ocrx_word' id='word_1_764' title='bbox 2723 3394 2938 3443; x_wconf 90' lang='lat' dir='ltr'><strong>novam,</strong></span> <span class='ocrx_word' id='word_1_765' title='bbox 2964 3377 3017 3431; x_wconf 91' lang='lat' dir='ltr'><strong>id</strong></span> <span class='ocrx_word' id='word_1_766' title='bbox 3040 3386 3124 3431; x_wconf 92' lang='lat' dir='ltr'><strong>est</strong></span> <span class='ocrx_word' id='word_1_767' title='bbox 3151 3378 3218 3430; x_wconf 90' lang='lat' dir='ltr'><strong>ab</strong></span> <span class='ocrx_word' id='word_1_768' title='bbox 3241 3377 3416 3431; x_wconf 85' lang='lat' dir='ltr'><strong>inten-</strong></span> 
     </span>
    </p>
   </div>
   <div class='ocr_carea' id='block_1_101' title="bbox 1832 3507 3416 3587">
    <p class='ocr_par' dir='ltr' id='par_1_101' title="bbox 1832 3507 3416 3587">
     <span class='ocr_line' id='line_1_103' title="bbox 1832 3507 3416 3587; baseline -0.007 -17"><span class='ocrx_word' id='word_1_769' title='bbox 1832 3533 1930 3587; x_wconf 84' lang='lat' dir='ltr'><strong>que</strong></span> <span class='ocrx_word' id='word_1_770' title='bbox 1949 3517 2182 3587; x_wconf 66' lang='lat' dir='ltr'><strong>prirfuit</strong></span> <span class='ocrx_word' id='word_1_771' title='bbox 2208 3513 2583 3587; x_wconf 74' lang='lat' dir='ltr'><strong>solusquidem</strong></span> <span class='ocrx_word' id='word_1_772' title='bbox 2615 3519 2728 3587; x_wconf 58' lang='lat' dir='ltr'><strong>post</strong></span> <span class='ocrx_word' id='word_1_773' title='bbox 2771 3522 2986 3587; x_wconf 71' lang='lat' dir='ltr'><strong>mortem</strong></span> <span class='ocrx_word' id='word_1_774' title='bbox 3029 3513 3148 3561; x_wconf 76' lang='lat' dir='ltr'><strong><em>neti</em></strong></span> <span class='ocrx_word' id='word_1_775' title='bbox 3196 3507 3416 3587; x_wconf 53' lang='lat' dir='ltr'><strong>pontiﬁ-</strong></span> 
     </span>
    </p>
   </div>
   <div class='ocr_carea' id='block_1_102' title="bbox 1834 3577 3407 3648">
    <p class='ocr_par' dir='ltr' id='par_1_102' title="bbox 1834 3577 3407 3648">
     <span class='ocr_line' id='line_1_104' title="bbox 1834 3577 3407 3648; baseline -0.005 -10"><span class='ocrx_word' id='word_1_776' title='bbox 1834 3577 1908 3639; x_wconf 73' lang='lat' dir='ltr'><strong>cis</strong></span> <span class='ocrx_word' id='word_1_777' title='bbox 1947 3577 2097 3639; x_wconf 74' lang='lat' dir='ltr'><strong>annis</strong></span> <span class='ocrx_word' id='word_1_778' title='bbox 2151 3577 2444 3648; x_wconf 73' lang='lat' dir='ltr'><strong>duodecim,</strong></span> <span class='ocrx_word' id='word_1_779' title='bbox 2502 3577 2622 3633; x_wconf 81' lang='lat' dir='ltr'><strong>cum</strong></span> <span class='ocrx_word' id='word_1_780' title='bbox 2670 3579 2835 3633; x_wconf 88' lang='lat' dir='ltr'><strong>Saulo</strong></span> <span class='ocrx_word' id='word_1_781' title='bbox 2877 3594 2996 3631; x_wconf 81' lang='lat' dir='ltr'><strong>vero</strong></span> <span class='ocrx_word' id='word_1_782' title='bbox 3043 3593 3159 3647; x_wconf 87' lang='lat' dir='ltr'><strong>rege</strong></span> <span class='ocrx_word' id='word_1_783' title='bbox 3207 3577 3407 3630; x_wconf 85' lang='lat' dir='ltr'><strong>duode-</strong></span> 
     </span>
    </p>
   </div>
   <div class='ocr_carea' id='block_1_103' title="bbox 1836 3656 2032 3710">
    <p class='ocr_par' dir='ltr' id='par_1_103' title="bbox 1836 3656 2032 3710">
     <span class='ocr_line' id='line_1_105' title="bbox 1836 3656 2032 3710; baseline -0.026 0"><span class='ocrx_word' id='word_1_784' title='bbox 1836 3656 2032 3710; x_wconf 75' lang='lat' dir='ltr'><strong>riainti.</strong></span> 
     </span>
    </p>
   </div>
   <div class='ocr_carea' id='block_1_104' title="bbox 1883 3673 2907 3793">
    <p class='ocr_par' dir='ltr' id='par_1_104' title="bbox 1883 3673 2907 3793">
     <span class='ocr_line' id='line_1_106' title="bbox 1883 3673 2907 3793; baseline -0.006 -17"><span class='ocrx_word' id='word_1_785' title='bbox 1883 3673 2220 3793; x_wconf 50' lang='lat' dir='ltr'><strong>ggnliquidem</strong></span> <span class='ocrx_word' id='word_1_786' title='bbox 2241 3725 2460 3776; x_wconf 74' lang='lat' dir='ltr'><strong>historia</strong></span> <span class='ocrx_word' id='word_1_787' title='bbox 2491 3736 2508 3774; x_wconf 90' lang='lat'><em>:</em></span> <span class='ocrx_word' id='word_1_788' title='bbox 2544 3731 2684 3776; x_wconf 83' lang='lat' dir='ltr'><strong>male</strong></span> <span class='ocrx_word' id='word_1_789' title='bbox 2705 3732 2907 3788; x_wconf 81' lang='lat' dir='ltr'><strong>Utique.</strong></span> 
     </span>
    </p>
   </div>
   <div class='ocr_carea' id='block_1_105' title="bbox 1913 3795 3408 3872">
    <p class='ocr_par' dir='ltr' id='par_1_105' title="bbox 1913 3795 3408 3872">
     <span class='ocr_line' id='line_1_107' title="bbox 1913 3795 3408 3872; baseline -0.004 -17"><span class='ocrx_word' id='word_1_790' title='bbox 1913 3806 1926 3844; x_wconf 82' lang='lat' dir='ltr'><strong>i</strong></span> <span class='ocrx_word' id='word_1_791' title='bbox 1960 3803 2092 3872; x_wconf 87' lang='lat' dir='ltr'><strong>Cap.</strong></span> <span class='ocrx_word' id='word_1_792' title='bbox 2136 3802 2200 3855; x_wconf 75' lang='lat' dir='ltr'><strong>M</strong></span> <span class='ocrx_word' id='word_1_793' title='bbox 2233 3819 2325 3856; x_wconf 90' lang='lat' dir='ltr'><strong>seu</strong></span> <span class='ocrx_word' id='word_1_794' title='bbox 2366 3812 2638 3872; x_wconf 87' lang='lat' dir='ltr'><strong>postremo</strong></span> <span class='ocrx_word' id='word_1_795' title='bbox 2685 3801 2924 3872; x_wconf 79' lang='lat' dir='ltr'><strong>ejusdem</strong></span> <span class='ocrx_word' id='word_1_796' title='bbox 2956 3798 3078 3852; x_wconf 82' lang='lat' dir='ltr'><strong>libri</strong></span> <span class='ocrx_word' id='word_1_797' title='bbox 3109 3812 3161 3851; x_wconf 83' lang='lat' dir='ltr'><strong>vr</strong></span> <span class='ocrx_word' id='word_1_798' title='bbox 3179 3795 3408 3872; x_wconf 28' lang='lat' dir='ltr'><strong>‘Josephi</strong></span> 
     </span>
    </p>
   </div>
   <div class='ocr_carea' id='block_1_106' title="bbox 1837 3866 3408 3994">
    <p class='ocr_par' dir='ltr' id='par_1_106' title="bbox 1837 3866 3408 3994">
     <span class='ocr_line' id='line_1_108' title="bbox 1837 3866 3408 3994; baseline -0.006 -67"><span class='ocrx_word' id='word_1_799' title='bbox 1837 3874 1912 3945; x_wconf 91' lang='lat' dir='ltr'><strong>[n.</strong></span> <span class='ocrx_word' id='word_1_800' title='bbox 1939 3873 2004 3994; x_wconf 51' lang='lat'><strong>9)</strong></span> <span class='ocrx_word' id='word_1_801' title='bbox 2030 3866 2053 3925; x_wconf 70' lang='grc' dir='ltr'><strong>ι’</strong></span> <span class='ocrx_word' id='word_1_802' title='bbox 2072 3875 2185 3928; x_wconf 69' lang='lat' dir='ltr'><strong>luce</strong></span> <span class='ocrx_word' id='word_1_803' title='bbox 2217 3875 2269 3926; x_wconf 91' lang='lat' dir='ltr'><strong>in</strong></span> <span class='ocrx_word' id='word_1_804' title='bbox 2307 3866 2543 3928; x_wconf 79' lang='lat' dir='ltr'><strong>editione</strong></span> <span class='ocrx_word' id='word_1_805' title='bbox 2572 3866 2810 3939; x_wconf 81' lang='lat' dir='ltr'><strong>ejusdem</strong></span> <span class='ocrx_word' id='word_1_806' title='bbox 2841 3867 3193 3945; x_wconf 84' lang='lat' dir='ltr'><strong>Havercampi</strong></span> <span class='ocrx_word' id='word_1_807' title='bbox 3222 3866 3408 3935; x_wconf 85' lang='lat' dir='ltr'><strong>legun-</strong></span> 
     </span>
     <span class='ocr_line' id='line_1_109' title="bbox 1837 3937 3408 3994; baseline -0.005 0"><span class='ocrx_word' id='word_1_808' title='bbox 1837 3954 1940 3994; x_wconf 85' lang='lat' dir='ltr'><strong>tur.</strong></span> <span class='ocrx_word' id='word_1_809' title='bbox 2004 3943 2134 3994; x_wconf 87' lang='lat' dir='ltr'><strong>Iunc</strong></span> <span class='ocrx_word' id='word_1_810' title='bbox 2172 3942 2368 3994; x_wconf 85' lang='lat' dir='ltr'><strong><em>Saulus</em></strong></span> <span class='ocrx_word' id='word_1_811' title='bbox 2403 3943 2576 3994; x_wconf 80' lang='lat' dir='ltr'><strong>‘ﬁnem</strong></span> <span class='ocrx_word' id='word_1_812' title='bbox 2629 3939 2877 3993; x_wconf 85' lang='lat' dir='ltr'><strong>habuit...</strong></span> <span class='ocrx_word' id='word_1_813' title='bbox 2941 3937 3190 3994; x_wconf 77' lang='lat' dir='ltr'><strong>Reanavtt</strong></span> <span class='ocrx_word' id='word_1_814' title='bbox 3236 3945 3408 3988; x_wconf 81' lang='lat' dir='ltr'><strong>autem</strong></span> 
     </span>
    </p>
   </div>
   <div class='ocr_carea' id='block_1_107' title="bbox 1835 3937 3411 4010">
    <p class='ocr_par' dir='ltr' id='par_1_107' title="bbox 1835 3937 3411 4010">
     <span class='ocr_line' id='line_1_110' title="bbox 1835 3937 3411 4010; baseline -0.006 -14"><span class='ocrx_word' id='word_1_815' title='bbox 1835 3937 1940 3996; x_wconf 71' lang='lat' dir='ltr'><strong>iur.</strong></span> <span class='ocrx_word' id='word_1_816' title='bbox 1979 3937 2134 3996; x_wconf 75' lang='lat' dir='ltr'><strong>Hunc</strong></span> <span class='ocrx_word' id='word_1_817' title='bbox 2172 3942 2368 3997; x_wconf 85' lang='lat' dir='ltr'><strong>Saulus</strong></span> <span class='ocrx_word' id='word_1_818' title='bbox 2403 3953 2408 3956; x_wconf 83' lang='lat'>&#39;</span> <span class='ocrx_word' id='word_1_819' title='bbox 2420 3943 2576 4010; x_wconf 85' lang='lat' dir='ltr'><strong>ﬁnem</strong></span> <span class='ocrx_word' id='word_1_820' title='bbox 2602 3937 2877 4010; x_wconf 43' lang='lat' dir='ltr'><strong>&#39;habuit...</strong></span> <span class='ocrx_word' id='word_1_821' title='bbox 2941 3937 3190 4006; x_wconf 78' lang='lat' dir='ltr'><strong>Regnavit</strong></span> <span class='ocrx_word' id='word_1_822' title='bbox 3236 3945 3411 3988; x_wconf 83' lang='lat' dir='ltr'><strong>autem</strong></span> 
     </span>
    </p>
   </div>
   <div class='ocr_carea' id='block_1_108' title="bbox 1834 4009 3408 4076">
    <p class='ocr_par' dir='ltr' id='par_1_108' title="bbox 1834 4009 3408 4076">
     <span class='ocr_line' id='line_1_111' title="bbox 1834 4009 3408 4076; baseline -0.006 -11"><span class='ocrx_word' id='word_1_823' title='bbox 1834 4014 2027 4065; x_wconf 85' lang='lat' dir='ltr'><strong>vivente</strong></span> <span class='ocrx_word' id='word_1_824' title='bbox 2058 4011 2305 4065; x_wconf 88' lang='lat' dir='ltr'><strong>Samuelo</strong></span> <span class='ocrx_word' id='word_1_825' title='bbox 2359 4009 2510 4064; x_wconf 85' lang='lat' dir='ltr'><strong>annis</strong></span> <span class='ocrx_word' id='word_1_826' title='bbox 2536 4009 2850 4063; x_wconf 84' lang='lat' dir='ltr'><strong>octodecim:</strong></span> <span class='ocrx_word' id='word_1_827' title='bbox 2880 4016 2993 4076; x_wconf 87' lang='lat' dir='ltr'><strong>post</strong></span> <span class='ocrx_word' id='word_1_828' title='bbox 3023 4015 3238 4076; x_wconf 66' lang='lat' dir='ltr'><strong>mortem</strong></span> <span class='ocrx_word' id='word_1_829' title='bbox 3289 4021 3408 4076; x_wconf 68' lang='lat' dir='ltr'><strong>vero</strong></span> 
     </span>
    </p>
   </div>
   <div class='ocr_carea' id='block_1_109' title="bbox 1834 4072 3408 4154">
    <p class='ocr_par' dir='ltr' id='par_1_109' title="bbox 1834 4072 3408 4154">
     <span class='ocr_line' id='line_1_112' title="bbox 1834 4072 3408 4154; baseline -0.004 -21"><span class='ocrx_word' id='word_1_830' title='bbox 1834 4082 1945 4154; x_wconf 74' lang='lat' dir='ltr'><strong>ejus</strong></span> <span class='ocrx_word' id='word_1_831' title='bbox 1976 4083 2127 4154; x_wconf 76' lang='lat' dir='ltr'><strong>annis</strong></span> <span class='ocrx_word' id='word_1_832' title='bbox 2142 4080 2403 4154; x_wconf 38' lang='lat' dir='ltr'><strong>_duobusA</strong></span> <span class='ocrx_word' id='word_1_833' title='bbox 2421 4089 2469 4134; x_wconf 92' lang='lat' dir='ltr'><strong><em>et</em></strong></span> <span class='ocrx_word' id='word_1_834' title='bbox 2507 4079 2706 4148; x_wconf 82' lang='lat' dir='ltr'><strong><em>viginti.</em></strong></span> <span class='ocrx_word' id='word_1_835' title='bbox 2755 4072 2922 4154; x_wconf 74' lang='lat' dir='ltr'><strong>Quem</strong></span> <span class='ocrx_word' id='word_1_836' title='bbox 2977 4085 3154 4154; x_wconf 80' lang='lat' dir='ltr'><strong>tamen</strong></span> <span class='ocrx_word' id='word_1_837' title='bbox 3188 4072 3408 4154; x_wconf 63' lang='lat' dir='ltr'><strong>:losepbi</strong></span> 
     </span>
    </p>
   </div>
   <div class='ocr_carea' id='block_1_110' title="bbox 1834 4143 3406 4215">
    <p class='ocr_par' dir='ltr' id='par_1_110' title="bbox 1834 4143 3406 4215">
     <span class='ocr_line' id='line_1_113' title="bbox 1834 4143 3406 4215; baseline -0.005 -13"><span class='ocrx_word' id='word_1_838' title='bbox 1834 4143 2010 4204; x_wconf 79' lang='lat' dir='ltr'><strong>locum</strong></span> <span class='ocrx_word' id='word_1_839' title='bbox 2041 4150 2114 4203; x_wconf 89' lang='lat' dir='ltr'><strong>ita</strong></span> <span class='ocrx_word' id='word_1_840' title='bbox 2142 4150 2336 4204; x_wconf 87' lang='lat' dir='ltr'><strong>Petrus</strong></span> <span class='ocrx_word' id='word_1_841' title='bbox 2365 4143 2647 4203; x_wconf 74' lang='lat' dir='ltr'><strong>Comestor</strong></span> <span class='ocrx_word' id='word_1_842' title='bbox 2672 4146 2926 4215; x_wconf 77' lang='lat' dir='ltr'><strong>explicat,</strong></span> <span class='ocrx_word' id='word_1_843' title='bbox 2946 4153 3021 4215; x_wconf 3' lang='lat' dir='ltr'><strong>qut</strong></span> <span class='ocrx_word' id='word_1_844' title='bbox 3042 4143 3202 4198; x_wconf 84' lang='lat' dir='ltr'><strong>simul</strong></span> <span class='ocrx_word' id='word_1_845' title='bbox 3228 4143 3406 4210; x_wconf 84' lang='lat' dir='ltr'><strong>juncti</strong></span> 
     </span>
    </p>
   </div>
   <div class='ocr_carea' id='block_1_111' title="bbox 1836 4213 3405 4288">
    <p class='ocr_par' dir='ltr' id='par_1_111' title="bbox 1836 4213 3405 4288">
     <span class='ocr_line' id='line_1_114' title="bbox 1836 4213 3405 4288; baseline -0.004 -15"><span class='ocrx_word' id='word_1_846' title='bbox 1836 4221 1980 4277; x_wconf 83' lang='lat' dir='ltr'><strong>anni.</strong></span> <span class='ocrx_word' id='word_1_847' title='bbox 2020 4220 2216 4288; x_wconf 86' lang='lat' dir='ltr'><strong>quibus</strong></span> <span class='ocrx_word' id='word_1_848' title='bbox 2235 4217 2364 4272; x_wconf 87' lang='lat' dir='ltr'><strong>Saul</strong></span> <span class='ocrx_word' id='word_1_849' title='bbox 2393 4217 2654 4288; x_wconf 82' lang='lat' dir='ltr'><strong>regnavit,</strong></span> <span class='ocrx_word' id='word_1_850' title='bbox 2685 4213 2874 4288; x_wconf 70' lang='lat' dir='ltr'><strong>viginti</strong></span> <span class='ocrx_word' id='word_1_851' title='bbox 2898 4213 3255 4288; x_wconf 34' lang='lat' dir='ltr'><strong>etlicianttut</strong></span> <span class='ocrx_word' id='word_1_852' title='bbox 3303 4229 3405 4288; x_wconf 82' lang='lat' dir='ltr'><strong>no-</strong></span> 
     </span>
    </p>
   </div>
   <div class='ocr_carea' id='block_1_112' title="bbox 1836 4279 3408 4357">
    <p class='ocr_par' dir='ltr' id='par_1_112' title="bbox 1836 4279 3408 4357">
     <span class='ocr_line' id='line_1_115' title="bbox 1836 4279 3408 4357; baseline -0.007 -13"><span class='ocrx_word' id='word_1_853' title='bbox 1836 4298 1950 4344; x_wconf 89' lang='lat' dir='ltr'><strong>ster</strong></span> <span class='ocrx_word' id='word_1_854' title='bbox 1975 4279 2206 4357; x_wconf 72' lang='lat' dir='ltr'><strong>sci&#39;iptor</strong></span> <span class='ocrx_word' id='word_1_855' title='bbox 2232 4288 2414 4343; x_wconf 87' lang='lat' dir='ltr'><strong>habet.</strong></span> <span class='ocrx_word' id='word_1_856' title='bbox 2439 4279 2507 4340; x_wconf 82' lang='lat' dir='ltr'><strong>Et</strong></span> <span class='ocrx_word' id='word_1_857' title='bbox 2526 4279 2769 4357; x_wconf 58' lang='lat' dir='ltr'><strong>regnavit&#39;</strong></span> <span class='ocrx_word' id='word_1_858' title='bbox 2783 4283 2916 4357; x_wconf 81' lang='lat' dir='ltr'><strong>Saul</strong></span> <span class='ocrx_word' id='word_1_859' title='bbox 2939 4285 3136 4357; x_wconf 68' lang='lat' dir='ltr'><strong>vivente</strong></span> <span class='ocrx_word' id='word_1_860' title='bbox 3162 4279 3408 4335; x_wconf 82' lang='lat' dir='ltr'><strong>Samuele</strong></span> 
     </span>
    </p>
   </div>
   <div class='ocr_carea' id='block_1_113' title="bbox 1837 4352 3402 4421">
    <p class='ocr_par' dir='ltr' id='par_1_113' title="bbox 1837 4352 3402 4421">
     <span class='ocr_line' id='line_1_116' title="bbox 1837 4352 3402 4421; baseline -0.004 -10"><span class='ocrx_word' id='word_1_861' title='bbox 1837 4361 1903 4414; x_wconf 91' lang='grc'><strong>18</strong></span> <span class='ocrx_word' id='word_1_862' title='bbox 1929 4352 2103 4421; x_wconf 67' lang='lat' dir='ltr'><strong>annis,</strong></span> <span class='ocrx_word' id='word_1_863' title='bbox 2133 4366 2275 4413; x_wconf 81' lang='lat' dir='ltr'><strong>eteo</strong></span> <span class='ocrx_word' id='word_1_864' title='bbox 2303 4367 2506 4411; x_wconf 91' lang='lat' dir='ltr'><strong>mortuo</strong></span> <span class='ocrx_word' id='word_1_865' title='bbox 2539 4352 2740 4409; x_wconf 81' lang='lat' dir='ltr'><strong>duobus</strong></span> <span class='ocrx_word' id='word_1_866' title='bbox 2792 4355 2964 4406; x_wconf 90' lang='lat' dir='ltr'><strong><em>annis.</em></strong></span> <span class='ocrx_word' id='word_1_867' title='bbox 3020 4352 3162 4406; x_wconf 88' lang='lat' dir='ltr'><strong>Citat</strong></span> <span class='ocrx_word' id='word_1_868' title='bbox 3224 4359 3402 4404; x_wconf 87' lang='lat' dir='ltr'><strong>autem</strong></span> 
     </span>
    </p>
   </div>
   <div class='ocr_carea' id='block_1_114' title="bbox 1838 4421 3408 4495">
    <p class='ocr_par' dir='ltr' id='par_1_114' title="bbox 1838 4421 3408 4495">
     <span class='ocr_line' id='line_1_117' title="bbox 1838 4421 3408 4495; baseline -0.005 -13"><span class='ocrx_word' id='word_1_869' title='bbox 1838 4429 2235 4495; x_wconf 91' lang='lat' dir='ltr'><strong>Havercampus</strong></span> <span class='ocrx_word' id='word_1_870' title='bbox 2259 4427 2589 4480; x_wconf 87' lang='lat' dir='ltr'><strong>Clementem</strong></span> <span class='ocrx_word' id='word_1_871' title='bbox 2625 4433 2685 4495; x_wconf 86' lang='lat' dir='ltr'><strong>et</strong></span> <span class='ocrx_word' id='word_1_872' title='bbox 2703 4423 3052 4495; x_wconf 78' lang='lat' dir='ltr'><strong>Eutycbium,</strong></span> <span class='ocrx_word' id='word_1_873' title='bbox 3087 4421 3408 4495; x_wconf 79' lang='lat' dir='ltr'><strong>Alexandri-</strong></span> 
     </span>
    </p>
   </div>
   <div class='ocr_carea' id='block_1_115' title="bbox 351 4476 3405 4577">
    <p class='ocr_par' dir='ltr' id='par_1_115' title="bbox 351 4476 3405 4577">
     <span class='ocr_line' id='line_1_118' title="bbox 351 4476 3405 4577; baseline -0.001 -31"><span class='ocrx_word' id='word_1_874' title='bbox 351 4507 412 4577; x_wconf 47' lang='grc' dir='ltr'><strong>με</strong></span> <span class='ocrx_word' id='word_1_875' title='bbox 446 4476 777 4577; x_wconf 47' lang='lat' dir='ltr'><strong>yémgmitas</strong></span> <span class='ocrx_word' id='word_1_876' title='bbox 820 4476 986 4577; x_wconf 71' lang='lat' dir='ltr'><strong>libere</strong></span> <span class='ocrx_word' id='word_1_877' title='bbox 1025 4476 1205 4574; x_wconf 76' lang='lat' dir='ltr'><strong>arcam</strong></span> <span class='ocrx_word' id='word_1_878' title='bbox 1237 4476 1728 4575; x_wconf 72' lang='lat' dir='ltr'><strong>intuentesmorte</strong></span> <span class='ocrx_word' id='word_1_879' title='bbox 1755 4476 1807 4535; x_wconf 83' lang='grc' dir='ltr'><strong>Ῑ)</strong></span> <span class='ocrx_word' id='word_1_880' title='bbox 1833 4476 2529 4577; x_wconf 37' lang='lat' dir='ltr'><strong>illis‘ibgéﬁiifs&#39;eéﬁiaéég&#39;</strong></span> <span class='ocrx_word' id='word_1_881' title='bbox 2543 4476 2637 4577; x_wconf 77' lang='lat' dir='ltr'><strong>qui</strong></span> <span class='ocrx_word' id='word_1_882' title='bbox 2664 4476 2855 4577; x_wconf 53' lang='lat' dir='ltr'><strong>viginli</strong></span> <span class='ocrx_word' id='word_1_883' title='bbox 2881 4493 3023 4560; x_wconf 92' lang='lat' dir='ltr'><strong>ipsos</strong></span> <span class='ocrx_word' id='word_1_884' title='bbox 3040 4476 3405 4577; x_wconf 49' lang='lat' dir='ltr'><strong>&#39;regninannos</strong></span> 
     </span>
    </p>
   </div>
   <div class='ocr_carea' id='block_1_116' title="bbox 1835 4557 3402 4632">
    <p class='ocr_par' dir='ltr' id='par_1_116' title="bbox 1835 4557 3402 4632">
     <span class='ocr_line' id='line_1_119' title="bbox 1835 4557 3402 4632; baseline -0.005 -10"><span class='ocrx_word' id='word_1_885' title='bbox 1835 4567 1981 4622; x_wconf 90' lang='lat' dir='ltr'><strong>Sauli</strong></span> <span class='ocrx_word' id='word_1_886' title='bbox 2031 4557 2273 4620; x_wconf 88' lang='lat' dir='ltr'><strong>tribuunt</strong></span> <span class='ocrx_word' id='word_1_887' title='bbox 2308 4584 2321 4618; x_wconf 87' lang='lat'><strong>:</strong></span> <span class='ocrx_word' id='word_1_888' title='bbox 2373 4557 2532 4632; x_wconf 89' lang='lat' dir='ltr'><strong>atque</strong></span> <span class='ocrx_word' id='word_1_889' title='bbox 2563 4557 2680 4619; x_wconf 62' lang='lat' dir='ltr'><strong>bare</strong></span> <span class='ocrx_word' id='word_1_890' title='bbox 2711 4557 2928 4631; x_wconf 83' lang='lat' dir='ltr'><strong>quidem</strong></span> <span class='ocrx_word' id='word_1_891' title='bbox 2975 4557 3156 4632; x_wconf 83' lang='lat' dir='ltr'><strong>opinio</strong></span> <span class='ocrx_word' id='word_1_892' title='bbox 3195 4557 3402 4614; x_wconf 89' lang='lat' dir='ltr'><strong>Claudii</strong></span> 
     </span>
    </p>
   </div>
   <div class='ocr_carea' id='block_1_117' title="bbox 1830 4630 3416 4704">
    <p class='ocr_par' dir='ltr' id='par_1_117' title="bbox 1830 4630 3416 4704">
     <span class='ocr_line' id='line_1_120' title="bbox 1830 4630 3416 4704; baseline -0.004 -14"><span class='ocrx_word' id='word_1_893' title='bbox 1830 4637 1998 4690; x_wconf 89' lang='lat' dir='ltr'><strong>nostri</strong></span> <span class='ocrx_word' id='word_1_894' title='bbox 2032 4637 2356 4690; x_wconf 90' lang='lat' dir='ltr'><strong>auctoritate</strong></span> <span class='ocrx_word' id='word_1_895' title='bbox 2385 4630 2977 4704; x_wconf 39' lang='lat' dir='ltr'><strong>repugnante&#39;zonara,</strong></span> <span class='ocrx_word' id='word_1_896' title='bbox 3001 4631 3110 4704; x_wconf 85' lang='lat' dir='ltr'><strong>_qui</strong></span> <span class='ocrx_word' id='word_1_897' title='bbox 3127 4630 3253 4704; x_wconf 63' lang='lat' dir='ltr'><strong>&#39;hajc</strong></span> <span class='ocrx_word' id='word_1_898' title='bbox 3274 4637 3416 4704; x_wconf 44' lang='lat' dir='ltr'><strong>htra-f</strong></span> 
     </span>
    </p>
   </div>
   <div class='ocr_carea' id='block_1_118' title="bbox 1828 4696 3398 4778">
    <p class='ocr_par' dir='ltr' id='par_1_118' title="bbox 1828 4696 3398 4778">
     <span class='ocr_line' id='line_1_121' title="bbox 1828 4696 3398 4778; baseline -0.006 -19"><span class='ocrx_word' id='word_1_899' title='bbox 1828 4707 1905 4760; x_wconf 88' lang='lat' dir='ltr'><strong>dit</strong></span> <span class='ocrx_word' id='word_1_900' title='bbox 1934 4706 2012 4778; x_wconf 84' lang='lat' dir='ltr'><strong>[in</strong></span> <span class='ocrx_word' id='word_1_901' title='bbox 2036 4708 2140 4778; x_wconf 77' lang='lat' dir='ltr'><strong>line</strong></span> <span class='ocrx_word' id='word_1_902' title='bbox 2171 4705 2285 4778; x_wconf 85' lang='lat' dir='ltr'><strong>ipso</strong></span> <span class='ocrx_word' id='word_1_903' title='bbox 2306 4696 2605 4778; x_wconf 64' lang='lat' dir='ltr'><strong>libripriini</strong></span> <span class='ocrx_word' id='word_1_904' title='bbox 2628 4700 2936 4772; x_wconf 82' lang='lat' dir='ltr'><strong>Annalium]</strong></span> <span class='ocrx_word' id='word_1_905' title='bbox 2960 4696 3244 4778; x_wconf 33' lang='lat' dir='ltr'><strong>:‘Regnauit</strong></span> <span class='ocrx_word' id='word_1_906' title='bbox 3267 4696 3398 4778; x_wconf 59' lang='lat' dir='ltr'><strong>Saul</strong></span> 
     </span>
    </p>
   </div>
   <div class='ocr_carea' id='block_1_119' title="bbox 1826 4767 3400 4846">
    <p class='ocr_par' dir='ltr' id='par_1_119' title="bbox 1826 4767 3400 4846">
     <span class='ocr_line' id='line_1_122' title="bbox 1826 4767 3400 4846; baseline -0.004 -17"><span class='ocrx_word' id='word_1_907' title='bbox 1826 4767 2125 4846; x_wconf 69' lang='lat' dir='ltr'><strong>superstite</strong></span> <span class='ocrx_word' id='word_1_908' title='bbox 2153 4767 2323 4846; x_wconf 70' lang='lat' dir='ltr'><strong>adhuc</strong></span> <span class='ocrx_word' id='word_1_909' title='bbox 2355 4767 2627 4846; x_wconf 69' lang='lat' dir='ltr'><strong>Samuele,</strong></span> <span class='ocrx_word' id='word_1_910' title='bbox 2650 4787 2814 4846; x_wconf 70' lang='lat' dir='ltr'><strong>annos</strong></span> <span class='ocrx_word' id='word_1_911' title='bbox 2843 4767 3126 4846; x_wconf 65' lang='lat' dir='ltr'><strong>octodecim</strong></span> <span class='ocrx_word' id='word_1_912' title='bbox 3153 4783 3169 4820; x_wconf 90' lang='lat'><strong><em>:</em></strong></span> <span class='ocrx_word' id='word_1_913' title='bbox 3200 4784 3262 4846; x_wconf 85' lang='lat' dir='ltr'><strong>eo</strong></span> <span class='ocrx_word' id='word_1_914' title='bbox 3307 4767 3400 4846; x_wconf 82' lang='lat' dir='ltr'><strong>de-</strong></span> 
     </span>
    </p>
   </div>
   <div class='ocr_carea' id='block_1_120' title="bbox 1829 4839 3397 4914">
    <p class='ocr_par' dir='ltr' id='par_1_120' title="bbox 1829 4839 3397 4914">
     <span class='ocr_line' id='line_1_123' title="bbox 1829 4839 3397 4914; baseline -0.005 -16"><span class='ocrx_word' id='word_1_915' title='bbox 1829 4839 2026 4912; x_wconf 71' lang='lat' dir='ltr'><strong>functo,</strong></span> <span class='ocrx_word' id='word_1_916' title='bbox 2080 4845 2429 4914; x_wconf 77' lang='lat' dir='ltr'><strong>uigintitluos.</strong></span> <span class='ocrx_word' id='word_1_917' title='bbox 2482 4839 3134 4914; x_wconf 80' lang='lat' dir='ltr'><strong>Conﬁrmari_rectissime</strong></span> <span class='ocrx_word' id='word_1_918' title='bbox 3177 4845 3397 4906; x_wconf 89' lang='lat' dir='ltr'><strong>potest:</strong></span> 
     </span>
    </p>
   </div>
   <div class='ocr_carea' id='block_1_121' title="bbox 1826 4907 3396 4985">
    <p class='ocr_par' dir='ltr' id='par_1_121' title="bbox 1826 4907 3396 4985">
     <span class='ocr_line' id='line_1_124' title="bbox 1826 4907 3396 4985; baseline -0.004 -17"><span class='ocrx_word' id='word_1_919' title='bbox 1826 4907 1988 4985; x_wconf 85' lang='lat' dir='ltr'><strong>atque</strong></span> <span class='ocrx_word' id='word_1_920' title='bbox 2015 4907 2248 4985; x_wconf 76' lang='lat' dir='ltr'><strong>idipsum</strong></span> <span class='ocrx_word' id='word_1_921' title='bbox 2277 4914 2433 4985; x_wconf 84' lang='lat' dir='ltr'><strong>docet</strong></span> <span class='ocrx_word' id='word_1_922' title='bbox 2466 4919 2676 4985; x_wconf 74' lang='lat' dir='ltr'><strong>vetusta</strong></span> <span class='ocrx_word' id='word_1_923' title='bbox 2715 4924 2777 4964; x_wconf 87' lang='lat' dir='ltr'><strong>ea</strong></span> <span class='ocrx_word' id='word_1_924' title='bbox 2807 4907 3042 4985; x_wconf 60' lang='lat' dir='ltr'><strong>Iosephi</strong></span> <span class='ocrx_word' id='word_1_925' title='bbox 3075 4908 3396 4985; x_wconf 72' lang='lat' dir='ltr'><strong>interpreta-</strong></span> 
     </span>
    </p>
   </div>
   <div class='ocr_carea' id='block_1_122' title="bbox 1825 4977 3398 5054">
    <p class='ocr_par' dir='ltr' id='par_1_122' title="bbox 1825 4977 3398 5054">
     <span class='ocr_line' id='line_1_125' title="bbox 1825 4977 3398 5054; baseline -0.007 -17"><span class='ocrx_word' id='word_1_926' title='bbox 1825 4977 1921 5048; x_wconf 58' lang='lat' dir='ltr'><strong>tio&#39;,</strong></span> <span class='ocrx_word' id='word_1_927' title='bbox 1955 5001 2072 5054; x_wconf 71' lang='lat' dir='ltr'><strong>qua:</strong></span> <span class='ocrx_word' id='word_1_928' title='bbox 2095 4977 2296 5054; x_wconf 67' lang='lat' dir='ltr'><strong>Rufino</strong></span> <span class='ocrx_word' id='word_1_929' title='bbox 2323 4982 2616 5054; x_wconf 69' lang='lat' dir='ltr'><strong>tribuitur;</strong></span> <span class='ocrx_word' id='word_1_930' title='bbox 2643 4981 2758 5034; x_wconf 75' lang='lat' dir='ltr'><strong>hrec</strong></span> <span class='ocrx_word' id='word_1_931' title='bbox 2781 4977 3121 5054; x_wconf 15' lang='lat' dir='ltr'><strong>enimihabet</strong></span> <span class='ocrx_word' id='word_1_932' title='bbox 3152 4995 3163 5028; x_wconf 92' lang='lat'>:</span> <span class='ocrx_word' id='word_1_933' title='bbox 3198 4977 3398 5044; x_wconf 79' lang='lat' dir='ltr'><strong>Regna-</strong></span> 
     </span>
    </p>
   </div>
   <div class='ocr_carea' id='block_1_123' title="bbox 1823 5048 3395 5126">
    <p class='ocr_par' dir='ltr' id='par_1_123' title="bbox 1823 5048 3395 5126">
     <span class='ocr_line' id='line_1_126' title="bbox 1823 5048 3395 5126; baseline -0.007 -19"><span class='ocrx_word' id='word_1_934' title='bbox 1823 5055 1891 5107; x_wconf 70' lang='lat' dir='ltr'><strong>vit</strong></span> <span class='ocrx_word' id='word_1_935' title='bbox 1918 5048 2092 5126; x_wconf 74' lang='lat' dir='ltr'><strong>itaque</strong></span> <span class='ocrx_word' id='word_1_936' title='bbox 2116 5052 2266 5115; x_wconf 89' lang='lat' dir='ltr'><strong>Saul,</strong></span> <span class='ocrx_word' id='word_1_937' title='bbox 2310 5050 2522 5126; x_wconf 67' lang='lat' dir='ltr'><strong>Samuel</strong></span> <span class='ocrx_word' id='word_1_938' title='bbox 2559 5051 2774 5126; x_wconf 66' lang='lat' dir='ltr'><strong>vivente,</strong></span> <span class='ocrx_word' id='word_1_939' title='bbox 2806 5049 2957 5102; x_wconf 80' lang='lat' dir='ltr'><strong>annis</strong></span> <span class='ocrx_word' id='word_1_940' title='bbox 2979 5048 3151 5126; x_wconf 75' lang='lat' dir='ltr'><strong>decem</strong></span> <span class='ocrx_word' id='word_1_941' title='bbox 3171 5055 3219 5101; x_wconf 82' lang='lat' dir='ltr'><strong><em>et</em></strong></span> <span class='ocrx_word' id='word_1_942' title='bbox 3244 5054 3358 5124; x_wconf 75' lang='lat' dir='ltr'><strong>octo</strong></span> <span class='ocrx_word' id='word_1_943' title='bbox 3377 5061 3395 5097; x_wconf 87' lang='lat'><strong><em>:</em></strong></span> 
     </span>
    </p>
   </div>
   <div class='ocr_carea' id='block_1_124' title="bbox 1823 5117 3394 5178">
    <p class='ocr_par' dir='ltr' id='par_1_124' title="bbox 1823 5117 3394 5178">
     <span class='ocr_line' id='line_1_127' title="bbox 1823 5117 3394 5178; baseline -0.006 -2"><span class='ocrx_word' id='word_1_944' title='bbox 1823 5117 2074 5178; x_wconf 74' lang='lat' dir='ltr'><strong>moriente</strong></span> <span class='ocrx_word' id='word_1_945' title='bbox 2105 5131 2276 5174; x_wconf 86' lang='lat' dir='ltr'><strong>autem</strong></span> <span class='ocrx_word' id='word_1_946' title='bbox 2305 5121 2435 5174; x_wconf 85' lang='lat' dir='ltr'><strong>alios</strong></span> <span class='ocrx_word' id='word_1_947' title='bbox 2465 5120 2616 5173; x_wconf 83' lang='lat' dir='ltr'><strong>duos.</strong></span> <span class='ocrx_word' id='word_1_948' title='bbox 2649 5119 2780 5173; x_wconf 83' lang='lat' dir='ltr'><strong>Vide</strong></span> <span class='ocrx_word' id='word_1_949' title='bbox 2807 5128 3006 5177; x_wconf 87' lang='lat' dir='ltr'><strong>tamen,</strong></span> <span class='ocrx_word' id='word_1_950' title='bbox 3034 5117 3284 5174; x_wconf 75' lang='lat' dir='ltr'><strong>obsecro,</strong></span> <span class='ocrx_word' id='word_1_951' title='bbox 3313 5117 3394 5167; x_wconf 87' lang='lat' dir='ltr'><strong>in-</strong></span> 
     </span>
    </p>
   </div>
   <div class='ocr_carea' id='block_1_125' title="bbox 1822 5183 3390 5263">
    <p class='ocr_par' dir='ltr' id='par_1_125' title="bbox 1822 5183 3390 5263">
     <span class='ocr_line' id='line_1_128' title="bbox 1822 5183 3390 5263; baseline -0.007 -18"><span class='ocrx_word' id='word_1_952' title='bbox 1822 5201 2088 5263; x_wconf 75' lang='lat' dir='ltr'><strong>terpretes</strong></span> <span class='ocrx_word' id='word_1_953' title='bbox 2116 5192 2180 5244; x_wconf 88' lang='lat' dir='ltr'><strong>ad</strong></span> <span class='ocrx_word' id='word_1_954' title='bbox 2204 5191 2518 5263; x_wconf 10' lang='lat' dir='ltr'><strong>duosghosce</strong></span> <span class='ocrx_word' id='word_1_955' title='bbox 2541 5189 2834 5263; x_wconf 69' lang='lat' dir='ltr'><strong>Scriptum</strong></span> <span class='ocrx_word' id='word_1_956' title='bbox 2860 5186 3043 5242; x_wconf 90' lang='lat' dir='ltr'><strong>locosl</strong></span> <span class='ocrx_word' id='word_1_957' title='bbox 3069 5184 3200 5254; x_wconf 84' lang='lat' dir='ltr'><strong>Reg.</strong></span> <span class='ocrx_word' id='word_1_958' title='bbox 3223 5183 3309 5263; x_wconf 77' lang='lat' dir='ltr'><strong>t_3.</strong></span> <span class='ocrx_word' id='word_1_959' title='bbox 3340 5183 3390 5263; x_wconf 89' lang='lat'><strong><em>.</em></strong></span> 
     </span>
    </p>
   </div>
   <div class='ocr_carea' id='block_1_126' title="bbox 1823 5258 3388 5327">
    <p class='ocr_par' dir='ltr' id='par_1_126' title="bbox 1823 5258 3388 5327">
     <span class='ocr_line' id='line_1_129' title="bbox 1823 5258 3388 5327; baseline -0.006 -14"><span class='ocrx_word' id='word_1_960' title='bbox 1823 5258 1994 5316; x_wconf 75' lang='lat' dir='ltr'><strong>Filius</strong></span> <span class='ocrx_word' id='word_1_961' title='bbox 2041 5263 2196 5314; x_wconf 86' lang='lat' dir='ltr'><strong><em>unius</em></strong></span> <span class='ocrx_word' id='word_1_962' title='bbox 2229 5261 2354 5313; x_wconf 88' lang='lat' dir='ltr'><strong>anni</strong></span> <span class='ocrx_word' id='word_1_963' title='bbox 2398 5269 2509 5316; x_wconf 83' lang='lat' dir='ltr'><strong><em>erat</em></strong></span> <span class='ocrx_word' id='word_1_964' title='bbox 2539 5258 2693 5320; x_wconf 90' lang='lat' dir='ltr'><strong>Saul,</strong></span> <span class='ocrx_word' id='word_1_965' title='bbox 2727 5273 2843 5310; x_wconf 88' lang='lat' dir='ltr'><strong>cum</strong></span> <span class='ocrx_word' id='word_1_966' title='bbox 2868 5258 3388 5327; x_wconf 9' lang='lat' dir='ltr'><strong>gregnare_ccepissle_t,</strong></span> 
     </span>
    </p>
   </div>
   <div class='ocr_carea' id='block_1_127' title="bbox 1820 5320 3388 5397">
    <p class='ocr_par' dir='ltr' id='par_1_127' title="bbox 1820 5320 3388 5397">
     <span class='ocr_line' id='line_1_130' title="bbox 1820 5320 3388 5397; baseline -0.008 -13"><span class='ocrx_word' id='word_1_967' title='bbox 1820 5340 1866 5383; x_wconf 89' lang='lat' dir='ltr'><strong><em>et</em></strong></span> <span class='ocrx_word' id='word_1_968' title='bbox 1886 5331 2086 5384; x_wconf 85' lang='lat' dir='ltr'><strong>duobus</strong></span> <span class='ocrx_word' id='word_1_969' title='bbox 2113 5329 2263 5397; x_wconf 78' lang='lat' dir='ltr'><strong>annis</strong></span> <span class='ocrx_word' id='word_1_970' title='bbox 2302 5328 2556 5397; x_wconf 80' lang='lat' dir='ltr'><strong>regnavit.</strong></span> <span class='ocrx_word' id='word_1_971' title='bbox 2584 5328 2651 5380; x_wconf 82' lang='lat' dir='ltr'><strong>Et</strong></span> <span class='ocrx_word' id='word_1_972' title='bbox 2669 5327 2823 5397; x_wconf 73' lang='lat' dir='ltr'><strong>Acto_.</strong></span> <span class='ocrx_word' id='word_1_973' title='bbox 2859 5320 3067 5397; x_wconf 18' lang='lat'><strong>13:241.</strong></span> <span class='ocrx_word' id='word_1_974' title='bbox 3100 5320 3256 5397; x_wconf 70' lang='lat' dir='ltr'><strong>Dedit</strong></span> <span class='ocrx_word' id='word_1_975' title='bbox 3283 5320 3388 5373; x_wconf 82' lang='lat' dir='ltr'><strong>illis</strong></span> 
     </span>
    </p>
   </div>
   <div class='ocr_carea' id='block_1_128' title="bbox 1821 5391 3392 5468">
    <p class='ocr_par' dir='ltr' id='par_1_128' title="bbox 1821 5391 3392 5468">
     <span class='ocr_line' id='line_1_131' title="bbox 1821 5391 3392 5468; baseline -0.008 -14"><span class='ocrx_word' id='word_1_976' title='bbox 1821 5398 1956 5454; x_wconf 90' lang='lat' dir='ltr'><strong>Saul</strong></span> <span class='ocrx_word' id='word_1_977' title='bbox 1987 5399 2156 5468; x_wconf 78' lang='lat' dir='ltr'><strong>ﬁlium</strong></span> <span class='ocrx_word' id='word_1_978' title='bbox 2201 5395 2307 5459; x_wconf 84' lang='lat' dir='ltr'><strong>Cis,</strong></span> <span class='ocrx_word' id='word_1_979' title='bbox 2337 5391 2499 5451; x_wconf 75' lang='lat' dir='ltr'><strong>virum</strong></span> <span class='ocrx_word' id='word_1_980' title='bbox 2524 5396 2587 5449; x_wconf 87' lang='lat' dir='ltr'><strong>de</strong></span> <span class='ocrx_word' id='word_1_981' title='bbox 2615 5395 2752 5449; x_wconf 86' lang='lat' dir='ltr'><strong>tribu</strong></span> <span class='ocrx_word' id='word_1_982' title='bbox 2779 5395 3057 5466; x_wconf 85' lang='lat' dir='ltr'><strong>Benjamin</strong></span> <span class='ocrx_word' id='word_1_983' title='bbox 3086 5391 3236 5445; x_wconf 80' lang='lat' dir='ltr'><strong>annis</strong></span> <span class='ocrx_word' id='word_1_984' title='bbox 3260 5407 3392 5460; x_wconf 78' lang='lat' dir='ltr'><strong>qua-</strong></span> 
     </span>
    </p>
   </div>
   <div class='ocr_carea' id='block_1_129' title="bbox 1817 5469 2083 5522">
    <p class='ocr_par' dir='ltr' id='par_1_129' title="bbox 1817 5469 2083 5522">
     <span class='ocr_line' id='line_1_132' title="bbox 1817 5469 2083 5522; baseline 0 -2"><span class='ocrx_word' id='word_1_985' title='bbox 1817 5469 2083 5522; x_wconf 87' lang='lat' dir='ltr'><strong>draainta.</strong></span> 
     </span>
    </p>
   </div>
   <div class='ocr_carea' id='block_1_130' title="bbox 1892 5485 3385 5604">
    <p class='ocr_par' dir='ltr' id='par_1_130' title="bbox 1892 5485 3385 5604">
     <span class='ocr_line' id='line_1_133' title="bbox 1892 5485 3385 5604; baseline -0.003 -18"><span class='ocrx_word' id='word_1_986' title='bbox 1892 5485 2146 5592; x_wconf 52' lang='grc' dir='ltr'><strong>ῗθέἕαέο.</strong></span> <span class='ocrx_word' id='word_1_987' title='bbox 2179 5535 2268 5590; x_wconf 61' lang='grc' dir='ltr'><strong>ει.</strong></span> <span class='ocrx_word' id='word_1_988' title='bbox 2309 5535 2432 5591; x_wconf 73' lang='lat' dir='ltr'><strong>Haec</strong></span> <span class='ocrx_word' id='word_1_989' title='bbox 2461 5535 2682 5590; x_wconf 85' lang='lat' dir='ltr'><strong>tradidit</strong></span> <span class='ocrx_word' id='word_1_990' title='bbox 2727 5529 3164 5604; x_wconf 67' lang='lat' dir='ltr'><strong>lsidoruscap.4</strong></span> <span class='ocrx_word' id='word_1_991' title='bbox 3197 5531 3249 5584; x_wconf 94' lang='lat' dir='ltr'><strong>in</strong></span> <span class='ocrx_word' id='word_1_992' title='bbox 3288 5527 3385 5583; x_wconf 86' lang='lat' dir='ltr'><strong>lib.</strong></span> 
     </span>
    </p>
   </div>
   <div class='ocr_carea' id='block_1_131' title="bbox 1820 5607 3389 5757">
    <p class='ocr_par' dir='ltr' id='par_1_131' title="bbox 1820 5607 3389 5757">
     <span class='ocr_line' id='line_1_134' title="bbox 1820 5607 3389 5757; baseline -0.004 -29"><span class='ocrx_word' id='word_1_993' title='bbox 1820 5607 2166 5757; x_wconf 39' lang='lat' dir='ltr'><strong>iﬁig&#39;ulgata</strong></span> <span class='ocrx_word' id='word_1_994' title='bbox 2195 5697 2205 5730; x_wconf 85' lang='lat'><strong>:</strong></span> <span class='ocrx_word' id='word_1_995' title='bbox 2237 5678 2369 5731; x_wconf 80' lang='lat' dir='ltr'><strong>inter</strong></span> <span class='ocrx_word' id='word_1_996' title='bbox 2412 5675 2553 5744; x_wconf 86' lang='lat' dir='ltr'><strong>Sen;</strong></span> <span class='ocrx_word' id='word_1_997' title='bbox 2602 5675 2702 5728; x_wconf 79' lang='lat' dir='ltr'><strong>Alii</strong></span> <span class='ocrx_word' id='word_1_998' title='bbox 2744 5674 2956 5728; x_wconf 85' lang='lat' dir='ltr'><strong><em>Dentem</em></strong></span> <span class='ocrx_word' id='word_1_999' title='bbox 2978 5689 2994 5738; x_wconf 86' lang='lat'><strong><em>;</em></strong></span> <span class='ocrx_word' id='word_1_1000' title='bbox 3040 5669 3218 5725; x_wconf 85' lang='lat' dir='ltr'><strong>editus</strong></span> <span class='ocrx_word' id='word_1_1001' title='bbox 3251 5671 3389 5722; x_wconf 74' lang='lat' dir='ltr'><strong>Beda</strong></span> 
     </span>
    </p>
   </div>
   <div class='ocr_carea' id='block_1_132' title="bbox 1809 5741 2182 5802">
    <p class='ocr_par' dir='ltr' id='par_1_132' title="bbox 1809 5741 2182 5802">
     <span class='ocr_line' id='line_1_135' title="bbox 1809 5741 2182 5802; baseline 0.005 -3"><span class='ocrx_word' id='word_1_1002' title='bbox 1809 5741 1838 5799; x_wconf 88' lang='grc' dir='ltr'><strong><em>Ι</em></strong></span> <span class='ocrx_word' id='word_1_1003' title='bbox 1847 5760 1877 5799; x_wconf 80' lang='grc' dir='ltr'><em>η</em></span> <span class='ocrx_word' id='word_1_1004' title='bbox 1909 5741 2182 5802; x_wconf 66' lang='lat' dir='ltr'><strong>Sicliileck.</strong></span> 
     </span>
    </p>
   </div>
  </div>
