3912 6332
441 374 545 430 655

1494 378 1777 438 CLAUDII
1816 368 2282 437 TAURINENSIS
2322 376 2626 435 EPISCOPI

3608 378 3722 435 636

438 488 609 553 tione,
631 500 753 558 qua“.
772 488 1186 559 exspectabatur
1211 490 1267 547 in
1287 490 1493 548 carnali
1516 506 1704 565 regno,
1732 491 1875 562 quod
1901 500 2023 548 erat
2048 501 2100 561 Α
2124 491 2260 561 prie,
2308 490 2403 547 sed
2444 492 2619 547 vicine
2644 508 2656 545 :
2684 499 2858 545 tamen
2900 504 3019 545 cum
3061 489 3122 545 fit
3154 490 3355 545 mentis
3400 489 3667 543 alienatio
3692 506 3726 544 a

436 577 717 637 beatitudo
766 576 923 646 falsa,
967 580 1039 635 ad
1087 578 1464 649 intentionem,
1514 597 1634 652 quae
1666 597 1771 652 per
1820 596 2017 636 novum

435 677 822 726 testamentum
849 678 1199 741 exspectatur
1224 673 1279 727 in
1310 688 1476 747 regno
1508 672 1791 738 caelorum,
1815 673 1909 729 ubi
1937 681 2022 728 est

434 758 714 815 beatitudo
748 758 1036 817 verissim
1069 772 1096 802 ι
1135 775 1150 814 :
1187 761 1315 830 quia
1351 760 1532 833 (qua),
1579 763 1837 831 quoniam
1887 761 2022 823 nihil

432 857 519 907 est
550 849 766 917 melius,
800 866 977 921 usque
1008 850 1116 912 huc
1150 851 1446 906 auxiliatur
1474 852 1625 913 Deus
1652 849 1805 923 (Cap.
1832 850 1919 907 Ω.
1953 851 2020 906 17

430 952 481 997 et
525 942 637 1016 18),
686 942 794 1001 iste
850 941 1071 1001 Samuel
1126 942 1401 999 invocavit
1452 958 1654 1001 nomen
1701 942 1936 1008 Domini,
1963 950 2024 1009 et

431 1030 711 1085 exaudivit
750 1044 873 1085 eum
923 1030 1091 1095 Deus,
1121 1038 1178 1085 et
1209 1032 1267 1086 in
1286 1040 1542 1102 tempore
1569 1032 1763 1087 messis
1786 1032 2023 1102 pluviam

433 1116 767 1187 impetravit.
808 1116 996 1174 Pluvia
1022 1118 1167 1175 enim
1194 1119 1251 1176 in
1283 1120 1488 1176 sanctis
1514 1118 1810 1189 Scriptor-is
1854 1121 2023 1177 verba

426 1216 559 1266 sunt
590 1207 891 1280 Evangelii,
922 1211 1041 1269 sive
1065 1212 1222 1283 legis,
1253 1214 1397 1270 sicut
1432 1212 1631 1269 Moises
1650 1214 1782 1269 dicit
1809 1213 1836 1255 δ
1866 1230 1879 1267 :
1913 1213 2025 1269 Ex.-

432 1306 691 1367 spectetur
715 1300 853 1356 sicut
874 1299 1054 1371 pluvia
1081 1300 1351 1373 eloquium
1374 1320 1547 1361 meum
1560 1321 1582 1371 ί
1625 1312 1685 1357 et
1701 1303 2022 1359 descendant

432 1386 568 1444 sicut
608 1404 698 1443 ros
749 1388 906 1446 verba
964 1406 1104 1447 mea.
1163 1389 1316 1447 Hanc
1376 1392 1542 1463 igitur
1595 1391 1831 1461 pluviam
1877 1390 2027 1447 dedit

432 1478 635 1535 mundo
680 1476 933 1537 Christus
972 1482 1028 1537 in
1059 1490 1303 1556 tempore
1347 1485 1559 1549 messis,
1609 1485 1664 1541 id
1693 1494 1776 1541 est
1808 1483 2025 1555 quando

430 1577 621 1640 gentes
640 1571 821 1645 colligi
850 1574 1139 1644 oportebat
1176 1592 1190 1629 :
1225 1574 1331 1647 (ut)
1381 1578 1526 1632 unde
1560 1575 1779 1648 (Matth.
1823 1575 1878 1633 ὅ.
1933 1572 2023 1647 l2)

430 1660 571 1721 Sicut
586 1661 923 1731 frumentum
949 1665 1010 1721 in
1031 1667 1264 1736 horreis,
1292 1669 1375 1724 sic
1394 1668 1540 1725 inter
1564 1668 1825 1726 Ecclesia
1844 1669 2025 1724 sinum

430 1765 849 1827 congregemur.

2121 584 2391 647 sensibus,
2422 592 2483 638 ut
2508 584 2729 654 spiritus
2770 584 3004 640 hominis
3050 583 3229 641 divino
3262 582 3452 653 spiritu
3495 597 3728 637 assum-

2121 680 2267 743 ptus,
2321 672 2598 745 capiendis
2642 681 2802 743 atque
2846 673 3117 730 intuendis
3154 672 3479 742 imaginibus
3523 679 3726 736 vacet.

2121 764 2261 820 sicut
2284 763 2489 818 Danieli
2512 765 2937 819 demonstratum
2952 774 3035 819 est
3047 764 3190 834 quod
3202 779 3309 821 non
3336 763 3693 836 intelligebat
3706 803 3725 829 ,

2119 860 2175 907 et
2202 852 2365 909 Petro
2395 852 2525 908 illud
2550 867 2643 907 vas
2665 854 3015 909 summissum
3045 860 3127 910 est
3172 853 3238 909 de
3282 855 3420 911 coelo
3471 862 3727 925 quatuor

2121 940 2280 997 lineis
2306 961 2320 996 :
2382 942 2403 981 ί
2456 957 2588 997 nam
2606 951 2659 998 et
2685 943 2822 1014 ipse,
2845 944 2973 1014 quid
2998 944 3085 998 illa
3112 944 3496 999 demonstratio
3512 942 3728 1013 (igura-

2122 1040 2229 1103 ret,
2248 1042 2433 1103 postea
2455 1035 2724 1104 cognovit.
2746 1035 2851 1089 Per
2891 1038 3126 1090 fructum
3177 1044 3355 1093 autem
3403 1036 3611 1090 mentis
3654 1035 3728 1088 ad

2124 1122 2532 1195 intelligentiam
2555 1140 2662 1179 uno
2692 1126 2849 1181 modo
2879 1141 3000 1181 cum
3032 1126 3147 1180 hmo
3181 1126 3319 1194 ipsa,
3344 1140 3460 1194 qua:
3486 1126 3729 1183 demon-

2124 1219 2367 1267 strantur
2392 1213 2447 1266 in
2476 1214 2821 1283 imaginibus,
2844 1216 2971 1284 quid
3002 1215 3334 1286 signiﬁcent,
3370 1228 3422 1270 et
3446 1232 3552 1287 quo
3586 1232 3728 1286 per-

2126 1303 2334 1360 tineant
2388 1305 2412 1343 3
2442 1342 2457 1370 ,
2483 1304 2810 1370 revelantur,
2844 1320 2965 1374 quae
3004 1307 3205 1363 certior
3246 1307 3530 1375 prophetia
3583 1316 3685 1361 est
3709 1348 3723 1359 .

2125 1391 2259 1447 Nam
2292 1394 2465 1464 magis
2496 1394 2675 1464 ipsam
2694 1405 2855 1453 vocat
2874 1395 3231 1469 Apostolus(!
3255 1395 3378 1455 Cor.
3407 1413 3488 1461 ut,
3515 1396 3728 1468 ἣρως

2123 1483 2373 1553 phetiam,
2398 1485 2539 1540 sicut
2564 1486 2761 1556 loseph
2784 1488 2981 1545 meruit
3008 1487 3327 1557 intelligere,
3345 1490 3484 1558 quod
3497 1488 3730 1545 Pharao

2124 1576 2339 1632 nonnisi
2369 1565 2552 1632 videre
2594 1594 2611 1642 ;
2633 1586 2689 1635 et
2708 1578 2895 1633 Daniel
2914 1580 3137 1647 exponit
3163 1578 3299 1647 regi,
3315 1579 3457 1647 quod
3480 1577 3569 1635 ille
3589 1592 3727 1633 cer—

2125 1664 2206 1721 nit
2244 1677 2301 1720 et
2338 1667 2529 1721 nescit.
2560 1664 2695 1722 Cum
2724 1682 2853 1723 vero
2891 1668 2965 1723 ita
3016 1683 3170 1723 mens
3211 1666 3461 1733 afﬁcitur,
3492 1677 3551 1723 ut
3602 1683 3727 1725 non

2124 1769 2306 1809 rerum
2333 1754 2595 1827 imagines
2630 1755 2977 1826 coniecturali
3007 1755 3728 1828 examinationeintelligat,

522 1858 544 1885 ο
588 1865 607 1901 ‹
628 1846 899 1907 Ιιιάίοαιθὶι
943 1861 1119 1907 autem
1158 1850 1375 1908 Samuel
1400 1852 1823 1911 Israelomnibut
1841 1853 2024 1908 diebus
2052 1854 2100 1912 Β
2128 1847 2219 1903 sed
2243 1860 2329 1900 res
2360 1846 2503 1916 ipsas
2534 1847 2829 1915 intueatur,
2880 1844 3019 1902 sicut
3060 1845 3377 1916 intelligitur
3424 1849 3726 1916 sapientia,

426 1938 546 1992 vita:
567 1954 702 2005 sua,
724 1937 1055 2012 fueruntque
1084 1956 1257 2012 usque
1287 1943 1354 1999 ad
1382 1958 1505 1998 eum
1528 1944 1740 2014 iudices
1777 1950 1832 1997 et
1867 1942 2019 2013 prin-

426 2029 574 2099 cipes
600 2044 759 2098 super
786 2030 970 2086 Israel.
990 2030 1204 2103 (vut,5)
1224 2030 1392 2086 Porro
1416 2032 1517 2102 ﬁlii
1549 2030 1763 2087 Samuel
1789 2031 2023 2085 declina-

426 2131 608 2178 verunt
632 2130 749 2191 post
775 2124 1074 2187 avaritiam,
1114 2133 1162 2178 et
1198 2123 1520 2194 accipiebant
1557 2140 1777 2178 munera
1806 2122 1874 2203 (υ.
1903 2121 1938 2175 4
1973 2132 2023 2176 et

425 2207 658 2281 subseq.)
684 2227 697 2266 :
723 2218 778 2266 et
801 2219 915 2269 tam
937 2212 1108 2281 iniqui
1125 2210 1339 2283 iudices
1358 2212 1705 2277 exstiterunt,
1723 2220 2024 2281 utpoputus

427 2312 768 2371 nequaquam
792 2298 998 2367 ferens,
1026 2316 1208 2373 regem
1236 2302 1339 2359 sibi
1363 2302 1416 2356 in
1440 2300 1849 2359 similitudinem
1865 2308 2026 2355 caete-

428 2405 616 2446 rarum
671 2391 914 2463 gentium
958 2392 1279 2461 postularet.
1329 2390 1537 2458 Quibus
1582 2388 1727 2445 dedit
1767 2390 2025 2445 Dominus

432 2479 564 2537 Saul
582 2495 761 2553 regem
796 2500 808 2535 :
841 2500 859 2533 ›
894 2478 1047 2554 (Cap.
1076 2498 1133 2536 ix
1166 2491 1216 2535 et
1259 2479 1312 2552 ι)
1338 2482 1429 2551 qui
1455 2496 1578 2536 cum
1602 2490 1870 2549 quaereret
1912 2480 2021 2536 asi—

430 2586 532 2627 nas
549 2572 724 2646 patris
743 2571 848 2639 sui,
870 2580 927 2627 et
945 2572 1155 2627 veniret
1182 2572 1250 2628 ad
1282 2570 1501 2628 Samuel
1535 2572 1589 2627 in
1618 2570 1905 2634 Ramatha,
1936 2570 2025 2623 in—

431 2671 517 2717 ter
544 2670 765 2728 cetera,
792 2677 921 2732 qua:
946 2662 1113 2718 locuti
1145 2671 1272 2736 sunt
1304 2662 1485 2728 simul,
1513 2662 1768 2733 praedixit
1796 2662 1844 2717 ei
1870 2662 2026 2732 signa

429 2752 671 2821 Samuel,
685 2769 810 2826 quas
841 2762 1066 2811 ventura
1096 2762 1251 2811 erant
1281 2745 1346 2809 ei‘
1364 2768 1431 2812 eo
1459 2754 1568 2819 die,
1597 2768 1717 2808 cum
1748 2752 2025 2808 recederet

432 2844 502 2905 ab
533 2860 622 2901 eo.

501 2932 655 3007 (Cap.
695 2952 746 2998 χ,
790 2954 836 2991 υ.
873 2935 906 2991 5
932 2947 981 2991 et
1020 2936 1127 3009 l0.)
1150 2936 1393 3007 Cumque
1434 2936 1503 2990 ab
1550 2927 1641 2990 illo
1686 2933 2021 2997 recessisset,

430 3027 567 3079 venit
592 3025 663 3079 ad
689 3026 876 3080 collem
900 3026 1137 3094 Domini,
1166 3026 1256 3081 ubi
1279 3036 1389 3082 erat
1421 3025 1576 3081 statio
1596 3021 2021 3078 Philistinorum.

429 3114 552 3171 Jam
572 3116 815 3187 primum
844 3116 1057 3185 signum
1085 3124 1390 3186 peractum,
1433 3115 1575 3170 sicut
1605 3112 1819 3168 locutus
1845 3103 2026 3167 fuerat

2126 1945 2183 1992 et
2204 1934 2436 2005 iustitia,
2462 1937 2747 2006 omnisque
2789 1936 3268 2001 incommutabilis,
3296 1944 3351 1991 et
3382 1937 3559 1991 divina
3585 1951 3729 2005 spe-

2124 2028 2259 2092 cies,
2286 2028 2354 2081 ad
2381 2027 2738 2096 prophetiam,
2770 2027 2836 2081 de
2861 2042 2963 2095 qua
2996 2042 3140 2082 nunc
3173 2026 3404 2097 agimus,
3434 2041 3542 2080 non
3585 2041 3726 2095 per-

2126 2117 2279 2171 tinet.
2306 2114 2545 2184 Utroque
2579 2124 2758 2170 autem
2791 2130 3013 2170 munere
3042 2116 3340 2186 prophetia:
3368 2116 3725 2179 donanturii,

2124 2208 2285 2277 quiet
2307 2192 2487 2261 rerum
2520 2208 2782 2275 imagines
2814 2208 2868 2261 in
2907 2208 3101 2278 spiritu
3126 2208 3329 2273 vident,
3361 2216 3415 2262 et
3452 2208 3581 2277 quid
3624 2224 3731 2261 va—

2124 2300 2291 2363 leant,
2321 2297 2481 2352 simul
2506 2298 2827 2368 intelligunt,
2860 2307 2955 2353 aut
2978 2306 3125 2353 certe
3155 2297 3457 2352 manifestis
3487 2297 3731 2353 locutio-

2126 2391 2285 2444 nibus
2320 2390 2373 2443 in
2407 2389 2523 2458 ipsa
2545 2388 3006 2447 demonstratione
3053 2387 3432 2452 informantur,
3468 2389 3609 2442 sicut
3668 2388 3728 2442 in

2123 2480 2442 2552 Apocalypsi
2489 2478 2733 2549 quaedam
2775 2480 3139 2551 cxponuntUr.
3166 2478 3481 2533 Nescientes
3530 2485 3729 2532 autem

2126 2565 2292 2627 aﬂieit
2341 2572 2638 2642 prophetiae
2670 2571 2909 2640 spiritus,
2958 2570 3100 2625 sicut
3129 2569 3237 2641 (Jo.
3263 2585 3339 2631 ιι,
3368 2569 3457 2638 49)
3485 2568 3732 2639 Caiplias

2123 2679 2250 2721 cum
2284 2673 2414 2718 esset
2444 2662 2681 2735 pontifex
2706 2662 3027 2733 prophetavit
3070 2661 3137 2715 de
3161 2661 3413 2725 Domino,
3461 2661 3601 2730 quod
3632 2675 3731 2713 ex-

2125 2752 2323 2822 pediret
2354 2769 2516 2806 unum
2545 2752 2678 2805 mori
2700 2768 2794 2820 pro
2822 2760 2928 2805 tota
2949 2760 3116 2821 gente,
3142 2766 3265 2805 cum
3286 2747 3433 2804 aliud
3456 2750 3511 2803 in
3542 2749 3733 2804 verbis

2124 2863 2244 2917 qua:
2273 2847 2505 2912 dicebat,
2532 2844 2855 2911 attenderet,
2886 2861 3005 2915 quae
3031 2862 3137 2901 non
3168 2862 3227 2901 se
3254 2863 3284 2901 a
3322 2847 3504 2916 seipso
3537 2848 3731 2902 dicere

2126 2938 2424 2993 nesciebat.
2492 2935 2782 2992 Abundant
2842 2936 2895 2991 in
2960 2937 3165 2992 sanctis
3231 2936 3385 2991 libris
3451 2936 3726 3005 exempla.

2126 3028 2153 3066 ιι
2192 3026 2305 3081 Hoc
2341 3034 2519 3081 autem
2554 3029 2740 3091 verbo,
2768 3026 2909 3095 quod
2939 3028 3172 3097 positum
3188 3027 3587 3091 est,imituitin
3602 3045 3730 3082 eum

2126 3119 2358 3188 spiritus,
2398 3128 2655 3189 tanquam
2684 3132 2750 3172 cx
2793 3118 2974 3173 abdito
3020 3118 3315 3174 divinitatis
3363 3128 3595 3185 secreto,
3627 3133 3727 3175 re-

430 3209 592 3264 homo
625 3209 759 3265 Dei:
786 3217 833 3262 et
854 3225 969 3262 ecce
1011 3224 1206 3263 cuneus
1253 3204 1641 3277 Prophetarum
1673 3202 1849 3257 obvius
1876 3202 1957 3267 ei;
1979 3212 2027 3259 et
2055 3192 2099 3255 C
2130 3207 2386 3275 pentinus
2414 3206 2751 3277 significatur
2765 3204 3398 3278 amatusﬂorumigitur
3411 3211 3727 3274 modorum,

429 3295 633 3353 insiluit
655 3313 812 3367 super
853 3313 973 3351 eum
1021 3296 1237 3367 spiritus
1261 3295 1381 3361 Dei,
1408 3304 1455 3349 et
1475 3294 1799 3365 prophetavit
1826 3292 1881 3345 in
1918 3308 2024 3345 me-

2127 3312 2360 3368 quonam
2392 3298 2567 3367 potius
2591 3296 2840 3351 a'ﬂ‘ectum
2875 3312 2994 3352 esse
3024 3297 3385 3368 intelligamus
3409 3297 3560 3364 Saul,
3592 3299 3730 3355 satis

428 3387 516 3441 dio
548 3402 749 3441 eorum.
790 3385 885 3458 (V.
926 3386 1014 3451 lt,
1040 3386 1174 3456 etc.)
1208 3384 1455 3440 Videutes
1486 3394 1660 3438 autem
1696 3400 1893 3448 omnes,
1935 3382 2025 3454 qui
2128 3394 2351 3459 apparet
2381 3401 2446 3441 ex
2476 3402 2540 3441 eo
2575 3386 2717 3456 quod
2745 3386 2819 3440 ibi
2862 3387 3121 3455 scriptum
3161 3396 3246 3442 est
3267 3398 3283 3441 ἐ
3311 3386 3363 3459 (Ι
3401 3387 3529 3459 Reg.
3557 3405 3613 3453 ι,
3668 3388 3727 3449 9)

429 3484 678 3531 noverant
710 3492 828 3529 eum
853 3476 987 3541 lteri,
1017 3485 1065 3530 et
1096 3475 1289 3529 nudius
1328 3477 1535 3540 tertius,
1571 3472 1709 3544 quod
1748 3482 1878 3527 esset
1906 3488 2024 3526 cum
2125 3480 2386 3536 Convertit
2407 3479 2547 3533 Deus
2574 3480 2629 3532 in
2653 3477 2787 3533 Saul
2812 3494 2902 3531 σον
2928 3476 3093 3531 aliud,
3116 3474 3206 3531 Sic
3229 3478 3374 3531 enim
3408 3477 3567 3533 aliam
3596 3493 3725 3531 ςοιι.

426 3565 714 3637 prophetis,
741 3566 1164 3636 etprophetaret,
1208 3564 1543 3619 dixerunt“
1570 3564 1787 3617 invicem
1814 3576 1831 3613 ἔ
1862 3561 2023 3628 Ωαω-
2127 3568 2211 3624 dis
2255 3569 2526 3639 signiﬁcat
2569 3568 2926 3634 affectionem,
2969 3583 3132 3638 quam
3176 3568 3545 3623 convertenda
3593 3566 3731 3624 fecit

429 3672 553 3710 nam
582 3672 663 3710 res
694 3656 888 3710 accidit
905 3654 1017 3724 filio
1041 3652 1169 3709 Cia?
1198 3654 1343 3709 Num
1366 3664 1415 3709 et
1443 3652 1576 3708 Saul
1608 3655 1663 3707 in
1700 3650 2027 3722 Prophetis.’
2126 3656 2289 3723 Deus,
2317 3668 2375 3711 ut
2396 3658 2689 3728 imaginum
2720 3658 3159 3727 significantium,
3177 3666 3229 3712 et
3254 3657 3727 3727 pmﬂgurantium

428 3747 455 3785 ὀ
497 3766 515 3798 ι
560 3746 630 3802 Et
664 3747 767 3801 hoc
802 3746 1019 3815 quidem
1073 3761 1181 3800 non
1222 3746 1599 3816 putohabere
1638 3742 1841 3812 aliquid
1887 3756 2028 3811 quae-
2126 3761 2299 3817 capax
2318 3747 2477 3807 ﬁeret
2493 3750 2557 3803 ad
2571 3748 2941 3819 propheticum
2965 3748 3373 3803 divinationem.
3405 3752 3420 3788 ί
3450 3748 3729 3815 Quantum

429 3836 654 3892 stionis:
684 3824 905 3906 (10.311.
928 3836 983 3907 8)
1000 3832 1231 3905 Spiritus
1255 3834 1414 3900 enim,
1442 3833 1530 3888 ubi
1573 3831 1700 3897 υιιΙι,
1743 3832 1928 3902 8P5“!!-
1960 3830 2027 3885 Εῑ
2127 3850 2308 3894 autem
2325 3838 2492 3894 distat
2511 3842 2794 3910 prophetia
2818 3838 2985 3894 Saula
3001 3840 3314 3908 prophetis?
3330 3848 3540 3893 tantum
3561 3841 3729 3894 distat

428 3926 678 3996 spiritum
699 3926 997 3996 prophetiae
1031 3926 1299 3983 nullarum
1336 3926 1642 3979 animarum
1676 3931 1857 3993 potest
1904 3937 2023 3977 ma-
2128 3927 2273 3981 inter
2301 3928 2640 3996 prophetiam
2665 3929 3073 3998 prophetarum,
3110 3929 3249 3982 sicut
3270 3928 3460 3993 Isaias,
3484 3930 3627 3982 sicut
3646 3928 3728 3984 Je-

431 4012 614 4070 colare
628 4024 929 4083 contactus,
948 4014 1203 4089 (Sap.vu,
1218 4014 1311 4087 24)
1326 4015 1530 4085 attingit
1542 4015 1692 4069 enim
1713 4012 2028 4084 ubiquepw-
2127 4019 2349 4085 remias,
2363 4018 3192 4088 etcmterihujusmodifuerunt,
3207 4028 3368 4089 atque
3381 4021 3536 4073 istam
3554 4031 3729 4074 trans-

430 4114 545 4175 pter
570 4121 722 4161 suam
759 4105 1110 4173 munditiam;
1136 4103 1303 4160 allicit
1330 4112 1513 4160 autem
1535 4118 1725 4159 omnes
1770 4116 1881 4157 non
1931 4115 2025 4155 eo-
2128 4107 2368 4172 itoriam,
2402 4124 2521 4177 quae
2550 4109 2603 4162 in
2635 4107 2763 4161 Saul
2789 4108 3061 4177 apparuit,
3090 4119 3352 4176 quantum
3381 4110 3544 4163 distat
3585 4110 3728 4162 inter

434 4198 559 4253 dem
614 4200 797 4267 mudo,
847 4200 945 4255 sed
992 4198 1129 4254 alios
1156 4213 1262 4269 per
1304 4193 1739 4254 informationem
1804 4193 2027 4264 spiritus
2126 4196 2396 4267 loquelam
2432 4199 2723 4253 humanam
2751 4210 2873 4253 cum
2894 4198 3187 4266 loquuntur
3212 4198 3480 4261 homines,
3511 4208 3566 4252 et
3604 4213 3725 4253 cum

432 4284 743 4347 eorumdem
820 4290 1122 4355 hominum,
1175 4288 1267 4343 ubi
1336 4302 1517 4343 rerum
1587 4286 2026 4341 demonstrantur
2128 4289 2315 4343 eadem
2349 4285 2560 4355 loquela
2597 4295 2818 4356 propter
2851 4287 3214 4340 necessarium
3247 4286 3549 4356 prodigium
3571 4288 3725 4342 asina

434 4385 730 4455 imagines;
789 4380 922 4435 alios
972 4394 1070 4452 per
1128 4376 1369 4436 fructum
1431 4375 1631 4433 mentis
1699 4373 1768 4427 ad
1824 4371 2025 4427 intelli-
2127 4375 2303 4429 locuta
2358 4382 2461 4439 est,
2490 4374 2677 4447 (Nam.
2704 4390 2793 4438 xx,
2818 4374 2912 4443 28)
2957 4376 3011 4430 in
3068 4390 3175 4443 qua
3231 4374 3453 4430 sedebat
3505 4373 3725 4429 Baalam

434 4474 689 4547 gentiam,
745 4469 880 4528 alios
926 4464 1157 4536 utraque
1220 4465 1597 4537 inspiratione,
1654 4463 1791 4521 alios
1838 4470 2023 4518 autem
2052 4466 2390 4547 1‘propheta
2424 4481 2440 4520 :
2478 4467 2686 4537 accepit
2723 4466 2868 4525 enim
2904 4466 3008 4521 hoc
3065 4466 3133 4521 ad
3196 4475 3409 4535 tempus
3453 4466 3587 4520 illud
3641 4467 3727 4535 ju-

434 4526 758 4620 t'icscientes.
828 4561 934 4616 Per
996 4526 1431 4613 informationem
1511 4555 1753 4625 spiritus,
1818 4552 2028 4607 duobus
2052 4526 2105 4587 D
2129 4526 2401 4619 mentum,
2440 4564 2498 4609 ut
2526 4526 2667 4609 Deus
2692 4555 2835 4625 quod
2866 4563 3147 4617 statuerat,
3182 4526 3613 4610 demonstraret:
3634 4526 3727 4610 un-

434 4654 630 4720 modis,
682 4660 775 4707 aut
829 4665 928 4721 per
990 4649 1223 4713 somnia,
1283 4646 1424 4701 sicut
1495 4660 1603 4699 non
1684 4643 1859 4697 solum
1915 4642 2029 4712 ple-

435 4747 591 4814 rique
615 4743 813 4808 sancti,
838 4741 933 4796 sed
959 4748 1013 4797 et
1039 4738 1191 4811 (Gen.
1211 4752 1335 4801 ην,
1362 4734 1417 4807 2)
1447 4734 1682 4799 Pharao,
1700 4740 1755 4787 et
1782 4732 1943 4805 (Dan.
1960 4748 2025 4795 ll,

436 4838 488 4901 t,
522 4847 569 4890 et
598 4851 675 4900 tv,
716 4834 769 4905 l)
797 4832 1298 4888 Nabuchodonosor
1323 4843 1421 4884 rex
1470 4827 1627 4892 vidit,
1672 4825 1815 4895 quod
1869 4840 2027 4881 nemo

433 4940 621 4982 eorum
648 4924 946 4997 intelligere
974 4922 1161 4988 valuit,
1184 4918 1278 4977 sed
1306 4929 1486 4975 tamen
1511 4918 1695 4973 videre
1732 4916 2028 4986 utiquepo-

435 5026 806 5078 tuerantzaut
848 5014 1311 5073 demonstratione
1336 5014 1391 5068 in
1422 5012 1619 5077 extasi,
1674 5011 1818 5079 quod
1846 5008 2026 5065 Latini

432 5107 675 5163 nonnulli
726 5119 751 5147 ο
802 5121 1046 5175 paverent
1074 5106 1521 5173 interpretantur.
1568 5100 1764 5159 Mirum
1812 5100 1859 5155 si
1898 5114 2026 5168 pro-

503 5305 528 5334 ι
550 5289 783 5361 Additur:
811 5284 1128 5361 spiritantia.
1371 5351 1381 5361 ,
1494 5350 1504 5361 ,
1779 5350 1785 5360 ,
2015 5349 2027 5361 .

501 5362 529 5403 h
555 5362 688 5415 Deu.
720 5357 809 5419 52,
837 5351 928 5420 Ἠ,
966 5358 1099 5427 ﬂuat
1136 5362 1193 5411 ut
1225 5368 1310 5407 ros
1335 5351 1595 5418 eloquium
1628 5351 1800 5402 meum
1823 5364 1845 5414 ;
1873 5351 2030 5421 quasi

429 5434 591 5499 imber
616 5444 773 5499 super
796 5427 1031 5499 herbam,
1057 5432 1166 5499 etc,

500 5513 522 5540 ο
549 5497 600 5554 7.
631 5493 716 5553 ιδ.
744 5496 1097 5565 Prosequitur
1121 5493 1285 5565 Beda.

496 5572 523 5611 ἀ
546 5572 693 5633 llaec,
727 5583 846 5639 quae
878 5557 1201 5639 sequuntur,
1222 5560 1526 5639 desumpsit
1543 5557 1801 5639 Qiaudius
1816 5570 1894 5611 ἐι
1916 5559 2028 5611 Au-

424 5643 641 5713 gustino
676 5628 813 5693 libro
836 5653 889 5713 ἰι
921 5628 1285 5713 Q'utestionuin
1312 5631 1379 5713 ad
1409 5628 1842 5697 Simplicianum,
1873 5642 2022 5699 qlia:-

426 5705 603 5769 stione
626 5714 740 5781 ipsa
768 5708 939 5777 prima
972 5707 1090 5781 haec
1118 5705 1383 5781 tradente;

496 5796 527 5823 ⁸
556 5769 888 5854 Augustinus
919 5776 1095 5831 editus
1130 5789 1158 5827 a
1186 5773 1244 5826 P.
1275 5771 1333 5824 P.
1360 5770 1416 5825 S.
1442 5769 1637 5832 Mauri,
1666 5776 1945 5837 stuporem.

2138 4645 2205 4700 de
2230 4660 2336 4700 non
2368 4646 2553 4702 habitu
2580 4654 2840 4716 perpetuo
2879 4645 3021 4698 inter
3057 4646 3303 4699 homines
3339 4644 3513 4699 bestia
3538 4644 3725 4715 loque-

2137 4746 2323 4792 retur:
2352 4746 2445 4792 aut
2486 4737 2530 4791 si
2569 4737 2671 4791 hoc
2707 4736 3010 4806 exemplum
3050 4734 3259 4809 majore
3294 4735 3601 4790 differentia
3643 4749 3725 4790 re-

2136 4837 2339 4882 motum
2370 4835 2473 4892 est,
2502 4826 2671 4881 multo
2698 4827 2879 4880 minus
2918 4826 3226 4880 mirandum
3271 4833 3355 4880 est
3398 4825 3607 4879 homini
3644 4840 3725 4878 re-

2134 4918 2304 4986 probo
2339 4918 2518 4971 datam
2556 4915 2722 4969 fuisse
2757 4915 2824 4969 ad
2853 4922 3183 4989 momentum
3217 4914 3495 4982 temporis,
3529 4911 3723 4967 affectu

2138 5008 2452 5062 transitorio
2508 5007 2867 5075 prophetiam,
2898 5006 3155 5075 quoniam
3215 5004 3304 5060 ille
3349 5006 3593 5070 dederat,
3631 5004 3721 5074 qui

2133 5106 2187 5151 et
2222 5098 2451 5164 asinam,
2486 5113 2610 5153 cum
2645 5096 2834 5163 voluit,
2861 5096 3008 5166 loqui
3040 5094 3190 5151 fecit.
3239 5094 3411 5166 Magis
3456 5096 3606 5152 enim
3644 5094 3724 5149 di-

2209 5276 2233 5316 τ
2265 5277 2421 5331 Acta.
2460 5274 2545 5345 10.
2573 5276 2658 5330 Η.
2691 5275 2783 5329 sed
2806 5274 3031 5345 Vulgata
3057 5273 3187 5344 legit
3206 5274 3399 5345 initiis.

2208 5350 2232 5387 ⁸
2256 5343 2586 5417 Augustinus
2619 5345 2792 5401 editus
2817 5362 2830 5397 ε
2878 5342 3156 5407 repetatur,
3187 5343 3283 5399 sed
3303 5342 3478 5399 nostri
3502 5342 3724 5405 Codicis

2130 5415 2414 5471 lectionem
2441 5415 2688 5483 praefero.

2200 5489 2228 5526 ιι
2254 5486 2352 5540 llic
2376 5482 2483 5539 alia
2504 5484 2784 5539 interserit
2802 5483 3155 5552 Augustinus,
3170 5498 3288 5553 quae
3304 5482 3561 5539 Claudius
3574 5498 3720 5554 pra-

2129 5558 2273 5611 terit.

2207 5631 2221 5670 i
2256 5626 2426 5680 Verba
2455 5628 2601 5697 haec:
2635 5625 3067 5697 quantutngdittal
3096 5623 3367 5694 prophetia
3384 5621 3519 5677 Saul
3539 5642 3571 5680 α
3598 5643 3723 5697 pro.

2128 5698 2293 5763 phetis
2320 5710 2337 5747 .·
2364 5698 2419 5751 in
2448 5696 2592 5751 edito
2622 5694 2902 5763 Augustini
2930 5694 3067 5752 libro
3098 5709 3201 5749 non
3229 5702 3464 5747 exstant.
