3912 6356
224 422 333 477 657

1097 416 1558 485 QUALSTIONES
1596 415 1744 469 XXX
1784 414 2008 471 SUPER
2047 412 2291 470 LIBROS
2329 414 2589 471 REGUM.

3357 414 3465 472 633

226 543 353 599 stas
372 548 537 605 pecus
561 532 629 588 ab
656 528 893 592 homine,
917 543 1079 597 quam
1107 529 1268 583 homo
1294 526 1553 596 reprobus
1578 525 1647 579 ab
1688 525 1798 579 ele-
1827 533 1878 590 Α
1904 524 2061 579 domo
2074 524 2264 579 sedens
2278 522 2632 578 dissimulavit
2656 539 2711 579 se
2744 538 2863 579 esse
2895 534 3103 596 regem.
3124 522 3173 596 (l
3186 522 3327 594 ‘Reg.
3346 544 3461 589 xm.

226 626 339 681 etis
372 624 537 680 etiam
575 620 909 682 hominibus;
940 632 1044 674 non
1084 617 1297 672 enimsi
1332 617 1618 685 quisquam
1651 615 1803 669 dixe-

227 717 307 771 rit
336 709 561 784 aliquid,
600 711 744 781 quod
794 709 861 764 ad
898 707 1214 777 sapientiam
1252 706 1504 775 pertinet,
1550 704 1803 759 continuo

228 807 448 877 sapiens
479 800 866 857 existimandus
896 804 999 852 est.
1022 796 1115 850 Sic
1147 810 1246 849 nec
1287 794 1573 863 quisquam
1619 794 1666 847 si
1710 793 1805 846 ali—

231 895 453 965 quando
474 889 896 961 prophetaverit,
912 888 1023 957 jam
1051 888 1189 941 inter
1230 886 1521 955 prophetas
1553 898 1808 942 numeras

228 984 401 1049 bitur,
426 998 545 1037 cum
575 990 629 1036 et
662 981 918 1035 Dominus
938 977 1150 1049 (Matth.
1184 993 1302 1041 xm,
1326 977 1417 1047 20)
1440 977 1493 1031 in
1517 976 1808 1046 Evangelio

230 1076 382 1129 dicat
408 1092 419 1125 :
441 1072 701 1141 quosdam
728 1085 849 1125 cum
880 1069 1073 1139 gaudio
1106 1069 1333 1121 verbum
1356 1068 1627 1135 exripere,
1656 1074 1708 1121 et
1724 1082 1808 1119 ra-

232 1163 376 1217 dicis
406 1161 744 1216 altitudinem
787 1174 893 1213 non
930 1157 1150 1221 habere,
1181 1156 1274 1210 sed
1315 1171 1431 1211 esse
1462 1154 1803 1225 temporales.

231 1253 489 1323 ideoque,
527 1252 668 1305 sicut
691 1262 1027 1318 consequens
1064 1246 1268 1301 indicat
1304 1246 1482 1312 lectio,
1507 1246 1707 1301 factum
1725 1252 1809 1301 est

232 1344 291 1397 in
321 1341 632 1413 parabolam
657 1360 669 1394 :
696 1340 745 1411 (ι
794 1338 921 1409 Reg.
949 1355 1002 1403 x,
1032 1337 1118 1409 12)
1132 1346 1178 1391 et
1201 1336 1335 1392 Saul
1357 1337 1490 1391 inter
1509 1336 1804 1406 pmphetas.

234 1432 355 1487 Hoc
377 1432 539 1502 igitur
565 1431 752 1484 mirari
775 1430 1105 1491 desinamus,
1132 1442 1255 1483 cum
1276 1426 1330 1481 in
1366 1426 1673 1481 hominibus
1717 1441 1809 1495 ap-

231 1528 393 1589 paret
440 1518 691 1572 divinitus
736 1516 959 1586 aliquid,
1000 1530 1230 1585 quorum
1284 1515 1369 1569 vel
1415 1515 1686 1579 meritum,
1727 1511 1811 1568 vel

230 1609 481 1664 habitum
510 1606 744 1670 excedit,
772 1619 893 1659 cum
924 1604 1061 1659 forte
1088 1602 1204 1658 vult
1238 1604 1379 1659 Deus
1417 1602 1691 1671 cujusdam
1726 1603 1811 1657 si-

232 1696 595 1770 gnificationis
623 1695 796 1766 gratia
836 1694 942 1747 tale
980 1693 1181 1763 aliquid
1209 1694 1586 1749 demonstrari.
1632 1692 1689 1748 Si
1718 1708 1813 1746 au-

234 1795 347 1841 tem
383 1786 485 1853 hoc
520 1792 719 1847 movet,
767 1783 913 1853 quod
932 1791 1125 1851 postea
1162 1782 1291 1836 Saul
1319 1782 1461 1836 malo
1494 1782 1686 1851 spiritu
1724 1781 1814 1835 in-

1902 611 1956 680 l)
1988 611 2208 680 reliquis
2240 611 2447 666 duobus
2483 612 2639 667 annis
2684 613 2898 683 publice
2940 613 3207 681 judicavit
3250 629 3465 669 omnem

1902 706 2086 770 Israel,
2120 714 2306 760 tenens
2330 706 2690 761 obedientiam
2731 722 2853 761 cum
2904 707 3243 763 humilitate:
3271 716 3325 761 et
3366 708 3470 761 hoc

1905 794 2004 849 fuit
2024 794 2151 849 illud
2171 803 2403 865 tempus,
2422 803 2708 864 antequam
2732 797 3040 851 mandatum
3070 798 3277 853 Domini
3296 806 3473 854 trans-

1904 885 2217 954 grederetur
2245 885 2300 939 in
2332 884 2589 940 Amalech
2615 900 2628 938 :
2660 885 2866 955 reliquo
2898 901 3029 941 vero
3065 895 3327 957 tempore,
3367 904 3473 957 quo

1903 968 2056 1030 vixit,
2094 976 2148 1023 et
2188 968 2489 1038 imperavit,
2546 976 2912 1040 transgressor
2965 972 3201 1026 mandati
3258 968 3473 1028 Domini

1905 1058 2129 1113 exstitit.
2164 1057 2218 1128 (Ι
2243 1057 2366 1128 Reg.
2394 1075 2449 1121 x,
2473 1058 2562 1124 εδ,
2586 1068 2634 1112 et
2656 1076 2769 1129 cap.
2787 1060 2865 1131 x1)
2890 1059 3017 1115 Post
3036 1062 3138 1116 hoc
3156 1071 3474 1134 exspectans

1908 1149 2037 1203 Saul
2068 1149 2371 1205 Samuclem
2414 1151 2465 1203 in
2513 1151 2748 1221 Galgala,
2794 1152 2981 1207 videns
3028 1153 3171 1221 quod
3213 1155 3470 1219 tardaret,

1907 1238 2099 1292 obtulit
2122 1237 2509 1305 holocaustum,
2532 1240 2857 1309 veniensque
2883 1240 3098 1295 Samuel
3121 1242 3260 1297 inter
3279 1250 3473 1298 uetera

1908 1327 1983 1379 ait
2002 1327 2068 1381 ad
2098 1325 2226 1381 Saul
2251 1345 2263 1381 :
2289 1326 2339 1399 (Ι
2368 1326 2495 1397 Reg.
2523 1344 2591 1381 xv
2611 1337 2659 1381 et
2686 1330 2795 1399 xv1)
2818 1328 2987 1384 Stulte
3009 1332 3176 1400 egisti,
3210 1348 3298 1385 nec
3311 1342 3481 1385 custo-

1907 1416 2295 1470 distimandata
2316 1417 2526 1471 Domini
2545 1417 2642 1472 Dei
2663 1420 2761 1483 tui,
2787 1436 2903 1493 quae
2925 1422 3167 1491 praecepit
3193 1420 3303 1473 tibi.
3326 1421 3477 1486 Quod

1908 1508 1955 1561 si
1997 1524 2099 1561 non
2140 1509 2367 1577 fecisses,
2399 1509 2515 1578 jam
2558 1525 2694 1563 nunc
2731 1521 3074 1581 prteparasset
3110 1512 3363 1567 Dominus
3400 1530 3480 1567 rc-

1909 1613 2067 1667 gnum
2093 1606 2238 1651 tuum
2261 1614 2416 1668 super
2441 1597 2610 1652 Israel
2638 1600 2693 1653 in
2717 1600 3084 1669 sempiternum
3110 1618 3124 1652 :
3150 1600 3239 1655 sed
3281 1618 3477 1671 nequa-

1908 1705 2063 1760 quam
2090 1705 2303 1759 regnum
2323 1699 2471 1759 tuum
2499 1688 2639 1743 ultra
2665 1700 2955 1761 consurget.
2981 1690 3227 1755 Quazsivit
3249 1693 3345 1747 sibi
3367 1693 3479 1747 Do-

1911 1779 2082 1832 minus
2109 1779 2276 1832 virum
2296 1779 2455 1848 juxta
2480 1795 2571 1833 cor
2590 1796 2760 1843 suum,
2792 1789 2841 1833 et
2863 1781 3105 1849 praecepit
3128 1780 3176 1835 ei
3201 1780 3481 1845 Dominus,

230 1877 463 1931 vadente
498 1872 907 1943 prmfocabatur,
936 1871 988 1943 (Ι
1031 1871 1159 1942 Reg.
1195 1888 1304 1936 xvi,
1336 1872 1421 1944 l4)
1456 1873 1545 1942 qui
1579 1870 1811 1941 prophe—
1839 1867 1886 1925 B
1912 1879 1969 1922 ut
2000 1878 2130 1924 esset
2151 1870 2263 1923 dua:
2290 1886 2446 1940 super
2473 1872 2719 1940 populum
2743 1887 2897 1924 suum
2924 1911 2938 1936 ,
2966 1887 3025 1925 eo
3049 1871 3190 1942 quod
3232 1889 3335 1926 non
3368 1889 3479 1926 ser-

235 1965 327 2019 tize
358 1964 601 2035 spiritum
637 1963 787 2032 prius
827 1968 1127 2031 acceperat,
1160 1976 1332 2031 neque
1370 1962 1474 2017 hoc
1504 1962 1814 2016 mirandum

233 2065 342 2109 est.
372 2054 503 2109 lllud
527 2054 671 2108 enim
707 2052 910 2109 factum
956 2061 1042 2108 est
1067 2067 1133 2106 ex
1161 2053 1557 2122 dispensatione
1612 2052 1813 2121 aliquid

236 2130 602 2215 significandi,
636 2143 739 2198 hoc
775 2151 859 2198 est
882 2158 949 2197 ex
979 2144 1173 2197 merito
1190 2143 1484 2213 judicandi.
1536 2142 1646 2198 Nec
1693 2158 1813 2197 mo-

234 2248 370 2295 vere
392 2248 488 2288 nes
523 2233 719 2289 debent
758 2234 872 2289 haec
899 2233 1221 2288 alternantia
1269 2235 1322 2288 in
1352 2234 1531 2290 animo
1554 2235 1810 2299 humano,

238 2322 348 2379 hoc
376 2329 457 2378 est
478 2324 533 2377 in
561 2330 809 2377 creatura
836 2323 1101 2389 mutabili,
1122 2325 1424 2394 praesertim
1459 2325 1647 2380 eodem
1674 2334 1811 2379 tem,-

235 2424 392 2483 pore,
422 2427 528 2483 quo
550 2427 679 2467 caro
724 2413 1112 2483 corruptibilis,
1159 2414 1509 2483 mortalisque
1544 2420 1813 2483 portatur.

235 2503 350 2558 Aut
372 2517 479 2557 non
512 2503 754 2558 videmus
800 2503 855 2556 in
908 2503 1022 2572 ipso
1064 2502 1245 2567 Petro,
1294 2512 1555 2571 quantum
1612 2504 1814 2557 indicat

242 2592 612 2663 Evangelium,
639 2592 911 2647 exstitisse
938 2600 1145 2646 tantam
1178 2592 1591 2656 confessionem,
1632 2600 1693 2645 ut
1719 2607 1815 2646 au-

240 2683 361 2737 dire
390 2684 666 2747 meruerit,
695 2682 907 2753 (Matth.
934 2698 1045 2746 xvi,
1065 2682 1151 2753 17)
1175 2682 1371 2736 Beatus
1388 2699 1443 2736 es
1467 2682 1651 2755 Simon
1680 2682 1815 2735 Bar-

226 2771 393 2841 jona,
414 2771 535 2840 quia
569 2786 672 2823 non
694 2770 786 2822 tibi
816 2768 1051 2823 reuelauit
1077 2785 1199 2823 caro
1222 2778 1271 2822 et
1295 2771 1528 2839 sanguis,
1553 2769 1642 2823 sed
1665 2778 1817 2839 puter

234 2874 409 2924 meus,
454 2860 543 2928 qui
578 2859 631 2912 in
668 2856 807 2912 caelis
854 2859 972 2911 est?
1012 2857 1082 2912 Et
1129 2857 1287 2927 paulo
1335 2865 1457 2927 post
1503 2856 1665 2929 (Ibid.
1698 2857 1811 2928 23)

233 2953 356 3000 tam
383 2947 671 3001 carnaliter
693 2960 819 3001 eum
852 2946 917 3001 de
944 2946 1154 3002 Domini
1184 2947 1435 3016 passione
1468 2947 1725 3011 sensisse,
1754 2956 1815 3002 ut

235 3036 429 3091 statim
471 3036 682 3093 audiret
722 3055 735 3090 :
768 3034 912 3091 Vade
958 3046 1074 3107 post
1114 3054 1214 3103 me,
1249 3036 1475 3104 Satana,
1503 3039 1814 3094 scandalum

235 3124 371 3179 mihi
394 3143 467 3192 es,
502 3144 603 3180 non
626 3128 762 3182 enim
782 3128 923 3197 sapis
947 3145 1062 3195 qua:
1080 3128 1180 3184 Dei
1203 3138 1342 3194 sunt,
1365 3131 1455 3184 sed
1494 3146 1611 3201 qua
1639 3131 1811 3184 homi-

1914 1958 2111 2014 vaveris
2132 1976 2249 2030 qua:
2260 1961 2503 2031 prwcepit
2524 1960 2799 2015 Dominus.
2816 1960 2925 2016 Nec
2938 1960 3017 2016 sic
3038 1962 3091 2016 id
3111 1962 3481 2032 accipiendum

1913 2061 2016 2117 est,
2043 2068 2107 2107 ac
2131 2054 2176 2107 si
2208 2053 2381 2123 ipsum
2406 2052 2621 2107 Saulem
2656 2052 2797 2107 Deus
2825 2053 2879 2107 in
2908 2063 3169 2107 aeternum
3212 2069 3482 2124 prmpara-

1912 2145 2053 2199 verit
2077 2152 2443 2215 regnaturum,
2459 2151 2515 2198 et
2540 2142 2643 2198 hoc
2670 2151 2858 2212 postea
2876 2143 3110 2198 noluerit
3126 2158 3341 2199 servare
3366 2158 3487 2214 pec-

1913 2234 2054 2288 canti
2081 2248 2095 2286 :
2122 2248 2299 2302 neque
2314 2234 2458 2288 enim
2488 2241 2834 2302 peccaturum
2880 2232 3193 2287 nesciebat:
3226 2232 3319 2289 sed
3348 2248 3487 2317 pra:-

1913 2327 2186 2396 paraverit
2212 2340 2436 2396 regnum
2476 2325 2613 2394 ejus,
2657 2325 2710 2379 in
2757 2340 2864 2395 quo
2916 2323 3084 2393 ﬁgura
3142 2331 3285 2379 esset
3335 2326 3487 2395 regni

1913 2417 2129 2471 aeterni.
2171 2416 2296 2470 Ideo
2350 2416 2554 2477 addidit
2585 2434 2596 2468 :
2627 2414 2679 2485 (1
2711 2414 2836 2485 Reg.
2870 2430 2989 2481 xm,
3014 2414 3102 2485 15)
3124 2425 3170 2468 et
3233 2430 3369 2468 nunc
3406 2431 3487 2467 re—

1912 2521 2069 2574 gnum
2093 2513 2239 2557 tuum
2262 2520 2363 2558 non
2379 2503 2535 2557 stabit
2556 2503 2667 2556 tibi.
2685 2501 2847 2557 Stetit
2858 2517 3010 2574 ergo,
3024 2513 3079 2557 et
3092 2502 3256 2557 stabit
3267 2502 3408 2571 quod
3432 2504 3486 2556 in

1914 2594 2005 2649 illo
2030 2593 2389 2664 signiﬁcatum
2412 2601 2517 2658 est,
2545 2594 2639 2648 sed
2660 2609 2767 2648 non
2797 2594 2924 2648 huic
2947 2611 2960 2645 :
2991 2594 3118 2663 quia
3144 2594 3317 2648 nonin
3330 2602 3491 2649 teter--

1914 2700 2042 2741 num
2086 2686 2201 2755 ipse
2252 2684 2427 2739 fuerat
2489 2688 2765 2755 regnatas,
2797 2698 2897 2739 nec
2944 2686 3227 2756 progenies
3259 2684 3397 2754 ejus,
3428 2694 3489 2739 ut

1914 2772 2094 2833 saltim
2113 2793 2210 2848 per
2236 2786 2481 2847 posteros
2501 2778 2730 2833 alterum
2762 2779 2915 2833 alteri
2950 2780 3323 2846 succedentes,
3335 2780 3483 2835 vide-

1913 2876 2062 2923 retur
2083 2867 2309 2938 impleri,
2341 2858 2483 2935 quod
2508 2866 2708 2922 dicfum
2730 2877 2813 2923 est
2839 2870 2893 2923 in
2941 2878 3233 2926 mternum-
3253 2870 3306 2942 (1
3353 2870 3484 2941 Reg.

1915 2972 1977 3020 ιι,
2028 2954 2117 3026 id)
2160 2955 2231 3009 Et
2271 2964 2497 3025 quaeret,
2536 2956 2726 3026 inquit,
2769 2957 2867 3011 sibi
2910 2957 3164 3012 Dominus
3204 2958 3485 3019 hominem,

1911 3045 2197 3098 secundum
2221 3061 2311 3098 cor
2331 3062 2504 3111 suum,
2530 3047 2642 3100 sive
2670 3047 2854 3111 David,
2879 3047 2990 3101 sive
3019 3048 3194 3118 ipsum
3228 3048 3490 3105 mediato-

1916 3149 2029 3191 rem
2055 3136 2363 3207 signiﬁcans
2384 3138 2690 3193 testamenti
2720 3139 2861 3203 novi,
2910 3140 3001 3209 qui
3042 3140 3487 3212 prteﬂgurabatur

236 3232 388 3269 num.
423 3215 488 3269 Et
528 3216 757 3271 fortasse
793 3218 1066 3287 aliquanto
1121 3221 1345 3276 interius
1394 3222 1812 3291 intelligentihus
1839 3204 1881 3265 (ἶ
1914 3226 1967 3279 in
1994 3204 2285 3281 chrismate
2332 3224 2512 3289 etiam,
2544 3242 2649 3295 quo
2682 3237 2877 3282 unctus
2924 3204 3009 3284 est
3043 3204 3167 3300 ipse
3192 3204 3398 3296 'David,
3431 3241 3491 3286 et

235 3312 453 3359 tantum
477 3305 618 3359 valet
639 3307 704 3361 ad
726 3308 839 3362 visa
868 3308 959 3362 illa
989 3310 1203 3375 mentis,
1229 3310 1343 3365 haec
1367 3310 1811 3383 dili‘erentia,qua

235 3394 438 3450 Petrus
464 3397 638 3464 primo
668 3398 950 3463 intellexit,
991 3399 1101 3454 Deo
1142 3409 1295 3469 patre
1334 3401 1627 3467 revelante,
1670 3404 1813 3471 quod

234 3481 388 3549 ﬁlius
417 3482 512 3536 Dei
540 3494 669 3538 esset
696 3481 951 3549 Christus,
974 3494 1033 3540 et
1058 3496 1266 3556 postea,
1290 3504 1357 3543 ne
1383 3498 1707 3555 moreretur,
1723 3506 1811 3545 ex-

235 3572 446 3637 timuit,
469 3580 728 3639 quantum
758 3574 897 3627 valet
927 3575 993 3627 ad
1016 3576 1388 3647 distinguenda
1425 3579 1559 3644 visa,
1598 3595 1717 3649 qua:
1759 3580 1810 3635 in

232 3660 435 3730 spiritu
459 3660 691 3717 hominis
720 3662 949 3718 alienata
977 3674 1155 3719 mente
1179 3667 1492 3738 imaginarie
1532 3668 1688 3734 ﬁunt,
1729 3685 1814 3725 re-

232 3750 439 3805 velatio
487 3752 798 3823 prophetiae,
842 3770 946 3824 qua
989 3758 1163 3824 primo
1208 3747 1416 3814 adlatus
1455 3767 1538 3814 est
1576 3759 1727 3825 Saul,
1760 3768 1817 3816 et

232 3842 554 3897 commixtio
588 3845 799 3915 spiritus
851 3848 997 3912 mali,
1031 3866 1131 3918 quo
1171 3861 1350 3920 postea
1397 3852 1725 3921 premebatur
1761 3864 1812 3905 II.

321 3946 342 3979 ς
380 3928 603 3999 Ungitur
634 3942 756 4002 post
794 3935 897 3989 hoc
936 3935 1157 4004 jubente
1200 3936 1425 3993 Domino
1478 3956 1573 3994 rex
1598 3941 1747 4011 prior
1779 3957 1809 3995 a

230 4020 509 4089 Propheta
542 4022 594 4075 in
631 4039 875 4093 regnum,
904 4027 995 4095 qui
1030 4036 1085 4081 et
1114 4029 1227 4098 ipse
1261 4031 1571 4099 quidem,in
1598 4032 1651 4086 id
1670 4031 1813 4100 quod

230 4118 438 4164 unctus
462 4119 563 4175 est,
594 4112 880 4181 imaginem
910 4114 1109 4170 Christi
1135 4106 1370 4185 portavit
1394 4133 1409 4171 :
1433 4118 1573 4174 unde
1595 4129 1649 4175 et
1685 4120 1832 4176 Βθδοι

233 4207 332 4251 tus
382 4198 570 4263 David,
594 4209 649 4253 et
682 4200 794 4270 ipse
820 4201 1053 4257 Christus
1082 4214 1439 4274 nuncupatus,
1469 4208 1545 4261 ait
1581 4208 1647 4262 ad
1668 4225 1811 4276 eum,

230 4290 332 4359 qui
371 4302 429 4341 se
450 4288 911 4346 finxeratSaulem
946 4294 1234 4360 occidisse;
1269 4294 1354 4364 (II
1377 4296 1503 4365 Reg.
1530 4296 1815 4367 t,li)quo-

230 4378 395 4431 modo
423 4395 525 4431 non
558 4380 774 4434 timuisti
805 4382 1019 4450 injicere
1052 4401 1261 4436 manum
1303 4367 1447 4439 tuam
1471 4387 1525 4438 in
1548 4385 1812 4440 Christum

230 4465 494 4520 Domini?
531 4467 583 4537 (Ι
626 4467 919 4539 Reg.1x,2)
944 4471 1068 4524 hinc
1119 4480 1220 4537 est,
1280 4473 1417 4541 quod
1481 4473 1547 4525 ab
1594 4474 1809 4528 humero

230 4570 448 4610 sursum
471 4557 878 4625 supereminebat
907 4560 1142 4613 omnibus
1158 4578 1177 4625 ;
1205 4562 1329 4631 quia
1360 4570 1522 4632 caput
1558 4572 1805 4619 nostrum

229 4658 453 4699 sursum
492 4653 573 4699 est
594 4660 757 4714 super
780 4662 896 4713 nos,
926 4649 1018 4718 qui
1054 4658 1137 4703 est
1160 4649 1409 4705 Christus
1432 4669 1444 4704 :
1469 4652 1523 4706 in
1548 4652 1602 4706 id
1624 4662 1807 4709 autem

231 4733 382 4802 quod
409 4735 720 4802 reprobatus
736 4744 943 4806 postea,
973 4745 1028 4792 et
1065 4738 1297 4806 rejectus
1339 4747 1442 4803 est,
1487 4742 1809 4799 succedente

232 4824 290 4877 in
316 4825 545 4893 regnum
598 4824 781 4887 David,
824 4827 1026 4896 populi,
1065 4836 1126 4882 ut
1164 4830 1477 4897 praedictum
1514 4838 1614 4897 est,
1646 4830 1810 4890 Israel

229 4926 541 4983 personam,
567 4916 837 4985 gestavit:
882 4918 975 4987 qui
1011 4919 1237 4988 populus
1289 4935 1511 4991 regnum
1559 4922 1807 4992 adeptum

230 4999 415 5055 fuerat
452 5002 766 5065 amissurus,
804 5002 1018 5061 Christo
1043 5006 1269 5061 Domino
1290 5016 1473 5062 nostro
1494 5024 1591 5079 per
1613 5025 1811 5066 novum

233 5098 619 5150 testamentum
649 5110 754 5149 non
792 5096 1101 5163 carnaliter,
1120 5098 1211 5153 sed
1242 5098 1598 5167 spiritualiter
1626 5116 1818 5172 regna-

234 5192 380 5236 turo.
396 5202 412 5232 ι

312 5272 484 5325 Filius
514 5275 669 5328 unius
698 5274 831 5329 anni
844 5285 956 5329 erat
986 5273 1119 5331 Saul
1146 5292 1506 5347 cumJegnare
1538 5279 1772 5348 cmpisset
1797 5293 1815 5331 :

232 5362 438 5415 duobus
467 5373 641 5416 autem
666 5366 817 5418 annis
848 5367 1249 5435 regnaritsuper
1278 5365 1465 5420 Israel.
1501 5367 1620 5424 Uno
1664 5384 1806 5423 anno

235 5460 519 5521 postquam
546 5467 638 5505 rex
664 5452 865 5507 electus
892 5462 973 5509 est
1020 5470 1051 5509 a
1104 5454 1368 5517 Samuele,
1418 5456 1472 5511 in
1510 5455 1801 5511 domtica

304 5618 329 5648 ι
358 5607 626 5661 Hactenus
656 5607 933 5728 Augustini
965 5608 1144 5662 verba.
1175 5608 1300 5673 Quae
1321 5613 1616 5676 sequuntur
1642 5606 1805 5659 tradi-

304 5688 312 5728 ‘.
341 5677 575 5728 Isidorus
608 5691 721 5728 can.
770 5677 854 5728 'in
882 5678 969 5727 lib.
1010 5693 1023 5728 ι
1056 5678 1183 5728 Reiz.

235 5678 312 5730 dit
341 5677 575 5745 Isidorus
608 5691 721 5743 cap.
748 5677 779 5728 5
804 5677 854 5728 in
882 5678 969 5727 lib.
1010 5693 1023 5728 ι
1056 5678 1183 5745 Reg.

306 5748 330 5784 ι’
368 5745 478 5797 Νη
504 5743 671 5798 minor
692 5757 760 5798 rs!
785 5743 1375 5813 virtus,quantgua'rerc
1396 5744 1795 5813 portatueriﬁn»

1911 3318 2191 3387 progenies
2213 3316 2349 3385 ejus.
2402 3316 2525 3371 Non
2574 3326 2753 3371 autem
2809 3319 2960 3387 quasi
3022 3320 3226 3375 nesciat
3262 3312 3353 3375 ubi
3393 3322 3485 3385 sit.

1912 3411 1988 3463 ita
2035 3409 2137 3463 sibi
2182 3410 2454 3464 hominem
2509 3410 2649 3463 Deus
2695 3410 2910 3479 quaerit,
2948 3412 3043 3467 sed
3077 3426 3176 3481 per
3209 3413 3483 3466 hominem

1912 3514 2062 3554 more
2106 3500 2379 3553 hominum
2439 3499 2693 3567 loquitur,
2751 3502 2877 3569 quia
2934 3502 3011 3556 sic
3068 3502 3333 3571 loquendo
3388 3518 3486 3556 uos

1913 3590 2105 3660 quaerit
2130 3609 2141 3643 :
2170 3606 2274 3645 non
2306 3590 2475 3643 solum
2503 3590 2647 3643 enim
2677 3589 2786 3644 Deo
2810 3590 2973 3656 Patri,
3006 3604 3193 3645 verum
3229 3592 3329 3661 ipsi
3352 3606 3481 3660 quo—

1913 3695 2017 3749 que
2054 3678 2342 3750 Unigenito
2389 3680 2526 3753 ejus,
2576 3679 2668 3747 qui
2715 3680 2863 3733 venit
2908 3695 3149 3749 quaerere
3188 3680 3332 3749 quod
3385 3696 3481 3748 pe-

1913 3768 2097 3831 rierat,
2125 3781 2293 3837 usque
2328 3767 2461 3821 adeo
2490 3764 2601 3834 jam
2633 3782 2847 3821 eramus
2874 3768 3006 3831 noti,
3033 3776 3093 3821 ut
3116 3768 3168 3821 in
3197 3769 3309 3837 ipso
3336 3784 3484 3823 esse-

1913 3873 2033 3915 mus
2055 3857 2203 3911 electi
2234 3866 2354 3910 ante
2398 3857 2581 3909 mundi
2625 3857 3062 3910 constitutionem.
3116 3857 3330 3922 Quaeret
3380 3859 3481 3912 sibi

1913 3960 2042 4017 ergo
2063 3945 2199 4001 dixit
2222 3960 2236 3998 :
2264 3946 2317 3999 id
2331 3955 2405 3999 est
2425 3962 2579 3999 suum
2607 3946 2828 4000 habebit.
2847 3945 2998 4001 Unde
3027 3948 3081 4001 in
3113 3947 3281 4000 latina
3304 3946 3484 4016 lingua

1912 4037 2017 4090 hoc
2036 4036 2260 4091 verbum
2282 4036 2477 4106 accipit
2496 4037 2945 4105 praepositionem,
2962 4045 3018 4090 et
3037 4037 3245 4106 adquiri
3266 4037 3481 4096 dicitur,

1914 4142 2021 4196 quo
2048 4128 2180 4182 satis
2208 4135 2451 4197 apertum
2497 4137 2579 4182 est
2608 4128 2736 4196 quid
2765 4128 3050 4199 signiticet,
3079 4143 3384 4198 quanquam
3417 4139 3480 4184 et

1914 4218 2031 4273 sine
2052 4218 2416 4273 additamento
2438 4218 2832 4287 praepositionis
2865 4233 3108 4288 qumrere
3147 4218 3483 4288 intelligatur

1914 4307 2221 4377 adquirere,
2249 4322 2316 4360 ex
2342 4321 2449 4376 quo
2480 4306 2629 4361 lucra
2656 4313 2937 4371 vocantur,
2965 4314 3019 4361 et
3047 4315 3287 4376 quaestus
3310 4305 3480 4376 (Eph.

1913 4413 1951 4463 1,
1987 4397 2074 4469 4).

1834 4534 1887 4595 D
1981 4527 2011 4569 δ
2034 4527 2205 4582 Porro
2238 4526 2385 4595 faber
2410 4526 2663 4595 ferrarius
2708 4541 2808 4579 non
2846 4524 3201 4579 inveniebatur
3244 4526 3299 4577 in
3340 4525 3483 4577 omni

1909 4639 2049 4683 terra
2072 4626 2263 4682 Israel.
2291 4626 2545 4681 Caverant
2576 4628 2709 4680 enim
2756 4624 3061 4691 Philistiim,
3086 4641 3149 4679 ne
3178 4624 3309 4695 forte
3337 4625 3479 4694 face-

1910 4728 2020 4772 rent
2058 4718 2267 4773 Hebra'i
2313 4717 2568 4787 gladium,
2610 4728 2701 4772 aut
2739 4717 2997 4783 lanceam,
3042 4726 3093 4772 et
3129 4734 3191 4772 ne
3236 4717 3482 4771 haberent

1912 4810 2088 4878 fabros
2111 4809 2383 4879 ferrarios,
2412 4808 2501 4876 qui
2523 4825 2672 4861 arma
2698 4809 2766 4861 ad
2781 4808 3186 4878 repugnandum
3229 4808 3477 4876 facerent.

1912 4897 2063 4977 (Cap.
2090 4922 2192 4960 xm
2244 4904 2381 4974 l9)t
2414 4904 2491 4959 lta
2532 4904 2766 4960 Chaldaei
2811 4906 3082 4960 destructa
3123 4890 3476 4967 Hierusalem,

1914 5003 1967 5048 et
1990 5002 2197 5049 vastata
2218 4995 2364 5049 omni
2406 5002 2545 5051 terra
2586 4994 2959 5064 promissionis
2999 5001 3336 5065 satagerunt;
3369 5007 3389 5033 ε
3422 5008 3481 5048 ut

1913 5084 2090 5137 nullus
2117 5085 2172 5137 in
2202 5099 2265 5138 ca
2302 5090 2603 5137 remaneret
2650 5082 2864 5147 artifex,
2905 5082 3081 5149 nullus
3126 5083 3354 5146 clausor,
3388 5085 3478 5152 qui

1913 5173 1995 5226 vel
2028 5171 2225 5227 ftedata
2246 5172 2391 5226 urbis
2419 5172 2616 5224 mania
2656 5186 3002 5240 componere,
3049 5171 3132 5225 vel
3174 5180 3353 5239 posset
3397 5187 3480 5225 re-

1914 5261 2119 5317 sarcire
2143 5262 2377 5328 dirupta.
2404 5260 2540 5326 Quin
2568 5260 2749 5330 potius
2784 5260 3043 5330 quidquid
3084 5260 3223 5328 apud
3264 5266 3477 5327 gentem

1914 5359 2319 5415 exterminatam
2346 5358 2479 5411 artis
2510 5359 2844 5424 invenerant,
2868 5366 3037 5412 totum
3051 5358 3105 5412 in
3139 5355 3476 5430 Babyloniam

1913 5448 2257 5513 transferunt,
2289 5457 2349 5501 ut
2378 5448 2459 5503 vel
2492 5448 2557 5503 ad
2583 5447 2805 5503 nihilum
2832 5448 3007 5504 valeat
3034 5448 3195 5512 ultra,
3224 5447 3309 5501 vel
3338 5447 3479 5502 illius

1910 5604 2616 5795 1:“?agiagi-sequentia
2648 5670 2786 5726 Beda
2821 5670 3197 5741 quastione“
3221 5672 3274 5728 in
3310 5671 3476 5728 libros

1961 5759 2133 5795 ρρυῐη.

1961 5759 2133 5813 rgum.
