3912 6332
457 385 560 441 659

1525 379 1802 444 CLAUDII
1843 384 2308 447 TAURINENSIS
2343 385 2648 447 EPISCOPI

3631 389 3726 446 660

453 499 695 556 civitatis
717 497 1039 554 utilitatibus
1077 499 1339 568 proliciat.
1375 508 1399 536 α
1425 498 1590 552 Arma
1621 499 1816 569 quibus
1849 509 2039 556 contra
2067 516 2117 574 Α
2144 503 2390 570 poenitet,
2415 502 2568 571 cujus
2583 511 2667 556 est
2692 503 2758 557 de
2783 503 3030 558 omnibus
3054 501 3275 560 omnino
3301 507 3465 562 rebus
3493 515 3605 561 tam
3629 505 3731 563 nn

453 588 729 646 diabolum
764 598 1126 659 repugnantes
1160 588 1463 643 libertatem
1487 603 1517 641 a
1543 588 1654 644 Deo
1676 591 1834 645 nobis
1877 590 2042 646 dona-

451 692 566 736 tam
590 679 964 746 defendamus,
993 681 1122 750 quid
1146 688 1272 734 sunt
1305 679 1431 743 alia,
1455 678 1557 732 nisi
1589 680 1798 750 eloquia
1814 684 2044 752 scriptu-

452 785 659 836 rarum,
690 770 744 825 in
769 771 966 840 quibus
989 779 1044 825 et
1071 771 1239 839 ipsius
1269 771 1499 835 Domini,
1523 780 1576 825 et
1600 784 1906 828 sanctorum
1927 771 2044 840 ejus

451 863 734 934 exemplis,
786 877 895 932 quo
937 863 1127 917 ordine
1175 863 1313 917 bella
1360 866 1618 920 vitiorum
1665 867 1907 935 superari
1946 867 2042 920 de-

450 959 638 1019 beant,
690 955 808 1011 luce
853 955 1051 1010 clarius
1105 957 1398 1011 discimus?
1445 956 1553 1011 Sed
1597 956 1853 1011 Pbilistmi
1905 957 2045 1011 ﬁlios

448 1045 615 1103 Israel
637 1045 806 1099 labris
826 1061 1102 1100 armorum
1143 1047 1377 1116 privant,
1403 1063 1526 1102 cum
1557 1047 1777 1117 maligni
1821 1046 2044 1116 spiritus

448 1139 661 1192 animos
691 1137 927 1192 ﬁdelium
955 1152 984 1189 a
1006 1138 1352 1192 meditatione
1381 1153 1548 1192 sacrae
1582 1137 1852 1200 lectionis,
1875 1151 2045 1192 saecu—

448 1228 586 1282 laria
618 1227 723 1282 illis
759 1227 971 1297 negotia
1015 1228 1330 1291 inserendo,
1363 1229 1663 1291 retardant,
1717 1241 1785 1281 ne
1826 1227 1908 1280 vel
1942 1227 2043 1296 ipsi

447 1331 548 1388 per
578 1319 738 1387 hujus
764 1318 1084 1372 exercitium
1113 1318 1402 1372 resistendi
1426 1317 1675 1372 fiduciam
1702 1325 1940 1381 sumant,
1961 1317 2043 1371 vel

449 1407 588 1462 alios
618 1407 758 1461 forte
780 1408 870 1475 qui
897 1407 1078 1476 legere
1105 1408 1372 1472 nesciunt,
1402 1406 1467 1460 ad
1493 1407 1852 1460 resistendum
1873 1406 2039 1471 vitiis,

449 1497 809 1560 exhortando,
867 1505 959 1551 aut
1007 1497 1350 1564 corripiendo
1391 1497 1417 1536 δ
1456 1496 1773 1550 accendant.
1828 1495 2044 1550 Tollunt

449 1588 637 1642 fabros
664 1604 970 1653 armorum,
988 1604 1110 1642 cum
1127 1603 1241 1653 eos,
1274 1588 1366 1657 qui
1396 1603 1552 1642 sacra
1580 1587 1793 1656 eloquia
1819 1596 2040 1664 norunt,

449 1685 504 1738 in
544 1684 714 1738 tantis
750 1683 1050 1739 sceleribus
1087 1683 1337 1746 obruunt,
1379 1692 1437 1737 ut
1483 1684 1664 1739 dicere
1711 1685 1868 1741 bona.
1923 1699 2042 1736 ηιιαξ

449 1776 774 1839 didicerant,
809 1790 1029 1843 prorsus
1064 1777 1409 1829 erubescant.

526 1875 548 1902 ο
589 1863 759 1918 (Saul
796 1871 976 1916 autem
1009 1871 1131 1932 post
1166 1863 1299 1925 bzcc,
1355 1865 1481 1918 dum
1516 1873 1768 1934 pergeret
1811 1866 2039 1919 dimica—

447 1967 605 2008 turus
629 1954 888 2009 adversus
915 1952 1230 2017 Philistiim,
1264 1953 1465 2020 indixit
1489 1953 1516 1992 ἀ
1552 1962 1749 2008 cuncto
1777 1954 2036 2009 exercitui

444 2043 730 2117 jejunium,
767 2059 1047 2113 quousque
1096 2051 1498 2098 reverterentur
1534 2059 1563 2096 a
1598 2045 1803 2112 proelio.
1853 2043 1945 2113 (V.
1970 2045 2040 2098 25

446 2145 494 2187 et
521 2133 743 2204 27)Sed
771 2131 1039 2187 Jonatlian
1070 2131 1210 2186 ﬁlius
1235 2131 1354 2200 ejus
1400 2132 1587 2186 videns
1635 2148 1797 2202 super
1844 2131 2038 2187 faelem

447 2225 564 2295 agri
604 2222 732 2288 mel,
759 2221 990 2276 extendit
1011 2222 1361 2274 summitatem
1409 2222 1588 2290 tvirgtc,
1638 2231 1684 2273 et
1733 2222 1946 2274 intinxit
1983 2223 2038 2274 in

445 2317 626 2386 [auum
654 2314 844 2378 mellis,
867 2323 913 2367 et
945 2314 1168 2384 gustavit
1192 2324 1240 2366 et
1270 2314 1556 2367 illuminati
1585 2324 1705 2367 sunt
1734 2313 2034 2389 oculi‘ejus.

446 2403 566 2480 Non
598 2403 787 2473 utique
825 2404 892 2457 ad
921 2403 1211 2456 videndum
1246 2403 1552 2467 illuminati,
1601 2404 1726 2470 quia
1768 2411 1925 2456 antea
1961 2404 2038 2456 vi-

445 2493 630 2560 debat,
658 2494 753 2548 sed
789 2492 856 2546 ad
883 2485 1320 2557 discernendum,
1363 2493 1489 2561 quia
1541 2494 1709 2548 vetita
1761 2494 2031 2562 tetigerat.

445 2587 598 2641 Tunc
631 2586 772 2640 enim
803 2599 962 2640 casus
993 2583 1102 2648 ille,
1135 2584 1276 2638 sicut
1301 2592 1354 2637 et
1379 2583 1552 2637 Adam
1589 2582 1717 2638 fecit
1761 2583 1910 2638 illum
1957 2593 2039 2638 ate

445 2689 675 2743 tentum,
720 2677 1057 2745 reddiditque
1105 2675 1410 2731 confusum.
1466 2675 1584 2743 Quo
1623 2675 1779 2730 tracto
1827 2690 2038 2730 ammo-

446 2783 660 2831 nemur,
687 2767 1193 2823 omnes-illecebras
1221 2765 1556 2836 voluptatum
1601 2766 1660 2820 in
1707 2767 1903 2820 smculo
1945 2768 2037 2822 de-

443 2861 575 2915 bere
601 2869 950 2915 contemnere
974 2857 1071 2927 qui
1099 2856 1210 2911 Deo
1247 2857 1436 2910 nititur
1468 2857 1722 2911 militare.
1752 2857 1868 2912 Non
1893 2859 2037 2912 enim

442 2955 626 3017 potest
658 2955 847 3003 contra
878 2945 1161 3015 allophilus
1201 2945 1532 3015 spirituales,
1566 2945 1618 2999 id
1647 2953 1728 3000 est
1778 2947 2036 3000 adversus

444 3020 718 3108 principes
763 3037 1130 3101 tenebrarum,
1174 3035 1418 3088 virilibus
1457 3034 1653 3089 animis
1686 3047 2034 3099 concurrere,

444 3129 536 3196 qui
556 3126 903 3196 adhucbujus
927 3127 1111 3180 mundi
1133 3125 1357 3196 negligit
1379 3123 1716 3179 dulcedinem
1738 3123 2031 3177 declinare.

2147 591 2436 655 sententia,
2454 607 2616 660 quam
2640 601 2786 646 certa
2803 593 3160 662 prascientia.
3183 593 3465 661 Quomodo
3476 612 3609 668 ergo
3625 613 3735 668 pa:-

2144 682 2279 735 nitet
2306 682 2508 751 aliquid
2533 681 2836 748 Dominum,
2867 684 2920 736 in
2945 699 3050 752 quo
3063 693 3148 738 est
3166 686 3735 755 omnisprzescientia?

2216 775 2243 812 δ
2274 791 2291 823 ‹
2314 772 2424 827 Nos
2446 787 2578 826 vero
2601 788 2723 827 cum
2753 774 2858 828 hoc
2885 773 2950 829 de
2980 775 3091 829 Deo
3115 777 3169 829 in
3197 778 3392 832 divinis
3431 778 3736 849 Scripturis

2145 865 2410 929 audimus,
2445 864 2719 934 indignum
2752 866 3081 920 arbitramur
3111 868 3214 921 hoc
3250 871 3314 923 de
3359 870 3448 925 illo
3501 874 3733 925 sentire.

2146 952 2251 1008 Sed
2280 969 2500 1008 necesse
2523 963 2625 1019 est,
2659 964 2720 1008 ut
2743 956 2947 1024 aliquid
3001 957 3233 1022 dicatur,
3289 976 3386 1028 per
3427 963 3572 1030 quod
3631 963 3736 1016 hoc

2145 1045 2325 1114 aliquo
2361 1047 2524 1100 modo
2553 1047 2974 1100 demonstretur.
3005 1047 3139 1102 Cum
3173 1065 3301 1104 vero
3325 1052 3484 1106 verba
3521 1054 3732 1117 omnia,

2145 1135 2340 1204 quibus
2386 1137 2621 1190 humana
2672 1136 2938 1206 colloquia
2979 1148 3356 1204 conseruntur,
3404 1142 3546 1197 illius
3594 1158 3737 1196 scm-

2143 1229 2353 1297 piterna
2375 1229 2568 1293 virtus,
2597 1237 2652 1283 et
2679 1229 2935 1283 divinitas
2963 1230 3302 1293 mirabiliter,
3340 1241 3499 1300 atque
3544 1235 3739 1287 iucuno

2143 1327 2354 1374 ctanter
2382 1320 2629 1385 excedat,
2659 1321 2919 1390 quidquid
2946 1322 3011 1376 de
3041 1322 3131 1375 illo
3159 1323 3463 1378 humaniter
3501 1327 3736 1389 dicitur,

2143 1414 2287 1481 quod
2336 1413 2499 1467 etiam
2553 1413 2865 1473 hominibus
2915 1414 3254 1483 aspernabile
3307 1416 3565 1481 videatur,
3617 1418 3738 1485 ipsa

2141 1501 2380 1557 humana
2409 1510 2749 1556 ammonetur
2773 1502 3083 1567 infirmitas,
3107 1505 3270 1558 etiam
3306 1506 3394 1558 illa
3433 1521 3551 1574 quae
3604 1522 3740 1561 con-

2143 1600 2402 1662 gruenter
2432 1593 2486 1644 in
2524 1590 2824 1661 Scripturis
2861 1595 3066 1648 sanctis
3097 1595 3161 1649 de
3184 1595 3303 1664 Deo.
3340 1595 3479 1650 dicta
3533 1598 3738 1650 existi-

2141 1686 2274 1748 mat,
2307 1683 2557 1737 humana:
2581 1682 2870 1750 capacitati
2901 1684 3111 1752 aptiora
3137 1699 3275 1748 esse,
3317 1700 3476 1753 quam
3531 1685 3740 1739 divina:

2141 1775 2502 1831 sublimitati:
2538 1771 2615 1828 Ac
2645 1789 2740 1842 per
2765 1775 2870 1828 hoc
2902 1774 3066 1828 etiam
3118 1774 3232 1841 ipsa
3277 1789 3398 1828 eSse
3452 1784 3741 1829 transcen-

2068 1863 2357 1932 B_denda:
2393 1869 2476 1916 est
2497 1861 2700 1914 saniori
2727 1861 2753 1900 ιι
2789 1859 3084 1926 intellectu,
3120 1862 3261 1914 sicut
3285 1861 3388 1915 ista
3413 1862 3740 1930 qualiacun-

2142 1965 2246 2021 que
2273 1951 2702 2021 transcende‘uda
2732 1960 2876 2005 sunt.
2922 1950 3054 2016 Quis
3100 1959 3184 2004 est
3231 1952 3376 2005 enim
3427 1952 3736 2012 hominum,

2141 2044 2228 2098 cui
2261 2058 2366 2097 non
2390 2052 2643 2096 occurrat
2682 2044 2734 2096 in
2764 2043 2873 2096 Deo
2899 2051 3092 2097 cuncta
3123 2044 3438 2112 praesciente
3470 2046 3740 2113 poeniten-

2142 2134 2272 2187 tiam
2299 2148 2420 2187 esse
2444 2149 2549 2186 non
2575 2133 2771 2202 posse?
2801 2133 2868 2186 Et
2898 2141 3047 2188 certe
3073 2141 3253 2187 tamen
3284 2135 3398 2188 haec
3425 2135 3530 2188 duo
3567 2135 3740 2188 verba

2141 2232 2288 2288 sunt,
2321 2224 2639 2292 paenitentia
2666 2231 2721 2277 et
2743 2223 3104 2292 praescientia,
3134 2238 3366 2291 quorum
3399 2225 3524 2292 quia
3559 2239 3738 2278 unum

2141 2327 2437 2383 congruere
2478 2313 2747 2368 credimus
2788 2312 2918 2376 Deo,
2968 2313 3021 2367 id
3051 2321 3136 2366 est
3161 2315 3578 2381 praescientiam,
3641 2331 3740 2369 ne-

2139 2416 2328 2469 gamus
2354 2402 2408 2454 iu
2438 2417 2502 2456 eo
2539 2414 2658 2456 esse
2677 2402 3070 2471 pmnitentiam.
3097 2401 3228 2456 Cum
3250 2419 3379 2457 vero
3402 2404 3539 2457 alius
3571 2405 3738 2473 liqui-

2140 2489 2288 2544 diore
2313 2490 2860 2545 considerationeista
2886 2482 3245 2561 pertractans,
3265 2495 3542 2561 qumsicrit
3566 2509 3735 2564 quem

2139 2579 2206 2632 ad
2236 2579 2454 2634 modum
2484 2579 2569 2634 vel
2592 2580 2705 2649 ipsa
2731 2581 3068 2650 praescientia
3095 2580 3204 2635 Deo
3235 2591 3516 2653 congruat,
3556 2593 3610 2638 et
3654 2585 3736 2637 in-

2137 2670 2349 2724 venerit
2385 2669 2543 2739 hujus
2568 2671 2730 2724 etiam
2761 2671 2909 2724 verbi
2953 2671 3227 2724 notionem
3271 2671 3415 2726 illius
3465 2673 3732 2728 ineﬂ‘abili

2139 2758 2418 2813 divinitate
2476 2759 2648 2829 longe,
2700 2759 2913 2828 lateque
2982 2761 3250 2828 superari,
3316 2776 3423 2814 non
3501 2763 3731 2818 miratur

2138 2858 2426 2921 utrumque
2441 2850 2506 2906 de
2524 2852 2612 2905 illo
2625 2859 2843 2920 propter
2863 2851 3108 2906 homines
3122 2851 3226 2905 dici
3249 2853 3510 2921 potuisse,
3538 2855 3603 2909 de
3623 2870 3735 2924 quo

2141 2953 2429 3015 utrumque
2482 2955 2703 3015 pr0pter
2731 2947 2906 3014 ipsum
2953 2947 3246 3014 incongrue
3270 2947 3561 3000 diceretur.
3590 2945 3732 3012 Quid

2139 3043 2221 3090 est
2255 3037 2398 3090 enim
2417 3036 2781 3105 .prmscientia,
2814 3035 2915 3090 nisi
2942 3035 3176 3090 scientia
3205 3034 3549 3089 futurorum?
3590 3035 3731 3101 Quid

2140 3135 2320 3180 autem
2347 3124 2587 3179 futurum
2617 3133 2701 3181 est
2730 3126 2859 3190 Deo,
2905 3127 2994 3194 qui
3024 3125 3204 3179 omnia
3249 3134 3492 3193 tempora
3531 3141 3728 3195 super-

444 3218 632 3288 (Prov.
659 3235 714 3285 v,
734 3217 789 3288 5)
816 3217 919 3270 Mel
953 3219 1089 3270 enim
1128 3215 1388 3270 distillant
1415 3215 1554 3269 labia
1570 3216 2034 3284 meretricis,quod
2062 3205 2104 3265 C
2137 3217 2410 3288 greditur?
2440 3214 2497 3269 Si
2528 3217 2672 3270 enim
2699 3215 2922 3270 scientia
2945 3215 3037 3268 Dei
3072 3230 3159 3268 res
3194 3215 3338 3283 ipsas
3389 3215 3576 3278 habet,
3622 3231 3730 3269 non

443 3320 529 3365 est
556 3309 842 3365 delectatio
887 3309 1178 3379 voluptatis
1226 3298 1481 3372 carnalis,
1535 3309 1601 3362 de
1644 3323 1751 3377 quo
1810 3318 2033 3378 putatur

441 3401 596 3471 juxta
636 3400 894 3470 mysticus
917 3399 1222 3454 intellectus
1244 3400 1386 3452 hunc
1412 3398 1713 3452 comedisse
1737 3398 2030 3463 Jonathan,

446 3503 502 3548 et
517 3507 663 3549 sorte
685 3495 1080 3563 deprehensum
1105 3493 1190 3547 vix
1205 3493 1457 3562 precibus
1470 3491 1650 3561 p0puli
1675 3491 1979 3546 liberatum.
2009 3511 2026 3543 ι

518 3585 578 3657 (1
601 3585 730 3655 Reg.
754 3584 914 3650 xv,7.
941 3587 958 3657 )
1007 3585 1136 3638 Iniit
1162 3594 1336 3638 autem
1363 3583 1494 3638 Saul
1523 3582 1763 3653 praelium
1787 3583 2034 3636 adversus

445 3677 694 3732 Amalech
720 3677 1106 3746 interfectisque
1142 3677 1343 3729 cunctis
1375 3675 1608 3728 hostibus
1635 3675 1700 3726 ab
1730 3673 1883 3727 Evila
1942 3691 2031 3726 us-

443 3785 544 3838 que
571 3765 693 3821 Sur.
725 3767 820 3821 Est
847 3783 952 3820 una
987 3767 1133 3836 regio
1159 3767 1392 3830 Evilath,
1416 3781 1581 3835 quam
1606 3764 1803 3820 circuit
1841 3762 2040 3818 ﬂuvius

444 3857 647 3912 Phison
678 3854 840 3927 (Gen.
871 3873 929 3920 ll,
954 3856 1052 3929 41)
1079 3857 1264 3910 exiens
1302 3858 1367 3909 de
1395 3855 1666 3924 paradiso,
1714 3869 1833 3923 qua:
1875 3854 2035 3908 hodie

445 3951 594 4004 India
627 3957 871 4003 vocatur.
896 3948 1047 4001 Dicta
1079 3954 1258 4000 autem
1287 3945 1495 3998 Evilath
1521 3961 1551 3998 a
1579 3945 1811 4013 quodam
1839 3951 2032 4011 nepote

447 4042 579 4096 Noe.
609 4042 706 4095 Est
726 4049 780 4095 et
807 4040 908 4093 alia
931 4039 1079 4093 Evila
1103 4037 1333 4093 solitudo
1355 4047 1543 4092 contra
1568 4034 1758 4088 faciem
1782 4033 2026 4103 ZEgypti:

449 4133 565 4186 lucc
593 4131 737 4185 enim
767 4130 938 4192 Evila,
965 4129 1052 4182 illa
1090 4127 1299 4181 Evilath
1352 4127 1511 4180 debet
1557 4124 1874 4192 nuncupari.
1925 4122 2033 4178 Sur

447 4234 662 4289 quoque
691 4227 774 4272 est
803 4218 1034 4272 solitudo
1067 4219 1206 4270 inter
1226 4214 1398 4270 Cades
1423 4222 1478 4268 ct
1501 4210 2032 4276 Barath,extendens

448 4313 723 4364 desertum
749 4323 919 4377 usque
944 4306 1009 4361 ad
1029 4320 1176 4359 mare
1197 4304 1439 4358 Rubrum
1465 4319 1531 4357 ex
1554 4301 1767 4372 Egypti
1800 4300 2033 4354 conlinio

450 4395 744 4467 (σηιξη,
771 4396 800 4447 7
823 4395 862 4467 ).

523 4483 744 4557 (Rursus
773 4502 862 4550 xx,
888 4485 911 4538 l
933 4500 1092 4548 ;xxv,
1117 4484 1200 4538 l8.
1219 4477 1390 4537 Exod.
1412 4498 1499 4548 xv,
1519 4481 1620 4546 2‘2;
1646 4480 1675 4533 I
1700 4479 2020 4550 Reg/Jun,

2138 3313 2264 3360 sunt
2286 3307 2335 3360 ei
2359 3305 2571 3370 futura),
2608 3306 2701 3360 sed
2746 3314 3076 3375 prmscntes:
3123 3321 3184 3359 ac
3216 3321 3312 3374 per
3342 3305 3444 3358 hoc
3473 3321 3579 3358 non
3615 3306 3728 3375 jam

2137 3396 2493 3464 praescientia,
2521 3397 2613 3450 sed
2637 3405 2845 3450 tantum
2869 3397 3094 3450 scientia
3115 3396 3218 3450 dici
3241 3405 3437 3465 potest.
3466 3395 3522 3449 Si
3551 3405 3731 3450 autem

2137 3489 2278 3540 sicut
2321 3486 2375 3539 in
2431 3487 2622 3540 ordine
2673 3487 3050 3555 temporalium
3101 3496 3501 3551 creaturarum,
3550 3487 3621 3539 ita
3678 3498 3727 3540 et

2138 3574 2277 3643 apud
2308 3589 2432 3628 cum
2462 3573 2700 3626 nondum
2746 3582 2888 3637 sunt,
2934 3590 3053 3644 qua:
3101 3574 3281 3627 futura
3329 3584 3492 3638 sunt;
3535 3575 3632 3628 sed
3667 3589 3728 3627 ea

2135 3663 2396 3730 praevenit
2428 3663 2684 3730 'scientia,
2717 3663 2802 3716 bis
2849 3678 2977 3732 ergo
3011 3679 3071 3717 ea
3106 3665 3306 3717 sentit:
3359 3678 3469 3717 uno
3509 3663 3728 3731 quidem

2137 3751 2294 3805 modo
2315 3751 2607 3805 secundum
2637 3750 2937 3805 futurorum
2957 3751 3378 3819 praescientiam,
3405 3751 3578 3804 altero
3601 3766 3727 3805 veru

2136 3842 2429 3896 secundum
2466 3841 2813 3910 praesentium
2856 3841 3154 3894 scientiam.
3188 3840 3406 3908 Aliquid
3435 3855 3564 3910 ergo
3595 3849 3726 3893 tem-

2134 3929 2395 3999 poraliter
2429 3930 2626 3984 accidit
2663 3931 2904 3985 scientire
2947 3930 3067 3994 Dei,
3101 3931 3246 3998 quod
3275 3930 3724 3983 absurdissimum

2136 4026 2297 4092 atque
2346 4021 2691 4076 falsissimum
2736 4029 2854 4075 est:
2907 4035 3006 4074 nec
3052 4021 3198 4073 enim
3217 4028 3408 4087 potest
3451 4036 3572 4088 quae
3602 4035 3725 4073 ven-

2138 4123 2258 4168 tura
2285 4113 2593 4181 praenoscit,
2641 4125 2799 4164 nosse
2828 4125 2947 4164 cum
2996 4110 3265 4173 venerint,
3314 4111 3417 4163 nisi
3457 4111 3544 4164 bis
3575 4112 3723 4167 inno-

2137 4210 2365 4266 tescant,
2412 4210 2465 4256 et
2497 4201 2901 4270 pramoscendo,
2942 4208 3230 4267 antequam
3276 4200 3404 4262 sint,
3441 4208 3498 4252 et
3531 4215 3722 4270 cogno-

2135 4292 2334 4346 scendo
2366 4305 2486 4342 cum
2517 4288 2630 4356 jam
2673 4296 2818 4342 sunt.
2865 4287 2941 4341 lta
2987 4287 3068 4350 lit,
3101 4296 3160 4340 ut
3189 4287 3354 4356 (quod
3381 4287 3540 4358 longe
3569 4304 3598 4342 a
3630 4305 3721 4343 ve-

2134 4382 2297 4435 ritate
2346 4379 2616 4434 seclusum
2671 4377 2775 4445 est)
2832 4376 3200 4445 tempuraliter
3253 4376 3457 4444 aliquid
3512 4378 3722 4431 accidat

2136 4471 2375 4525 scientia:
2420 4468 2534 4531 Dei,
2592 4481 2713 4521 cum
2759 4465 3104 4533 temporalia,
3161 4480 3282 4533 quae
3337 4466 3720 4532 prtesciuntur,

448 4551 828 4647 8.)'Percusso
878 4576 980 4629 hoc
1019 4575 1249 4629 termino
1293 4585 1315 4612 ε
1348 4592 1364 4624 ε
1410 4572 1652 4642 pepercit
1692 4571 1841 4640 Agag
1889 4571 2022 4640 regi,
2053 4551 2104 4608 D
2130 4563 2294 4616 etiam
2328 4559 2616 4630 praesentia
2663 4558 2991 4621 sentiuntur,
3024 4571 3143 4626 quae
3191 4573 3294 4612 non
3345 4559 3722 4614 sentiebantur

449 4667 503 4737 (I
519 4666 645 4737 Reg.
669 4681 761 4731 xv,
779 4665 831 4737 7)
856 4681 955 4720 nec
983 4666 1150 4720 voluit
1176 4666 1487 4734 disperdere
1516 4664 1695 4718 omnia
1713 4661 1870 4729 juxta
1892 4677 2029 4730 pra:-

448 4766 667 4827 ceptum
732 4757 985 4819 Domini;
1045 4756 1403 4823 irasciturque
1464 4755 1514 4808 ei
1579 4753 1835 4805 Dominus
1900 4750 1941 4802 ί.
2004 4771 2022 4802 ι

451 4845 677 4900 Factum
699 4855 774 4899 est
805 4846 1010 4900 uerbum
1039 4845 1247 4897 Domini
1269 4846 1336 4897 ad
1367 4843 1664 4898 Samuelem
1687 4843 1860 4896 dicens
1887 4857 1904 4892 .·
1925 4859 2030 4912 pae-

450 4937 575 4989 nitet
603 4951 683 4989 me
702 4935 840 5005 quod
863 4935 1219 4988 constituerim
1235 4931 1368 4988 Saul
1392 4949 1577 5002 regem,
1604 4933 1726 5001 quia
1758 4932 2031 5002 dereliquit

450 5041 556 5086 me,
587 5033 633 5076 et
675 5023 827 5076 uerba
871 5039 983 5075 mea
1019 5038 1170 5092 opere
1200 5037 1301 5074 non
1333 5020 1555 5090 implevit
1578 5038 1596 5084 ;
1619 5019 1693 5090 (u.
1723 5020 1828 5092 10)
1853 5034 2028 5089 neque

449 5115 594 5168 enim
623 5115 763 5170 sicut
788 5114 1081 5178 hominem,
1112 5113 1185 5166 ita
1216 5111 1384 5166 Deum
1406 5111 1723 5180 cujusquam
1768 5111 1896 5166 lacti
1942 5114 2022 5166 sui

521 5261 547 5290 ι
573 5249 672 5304 llic
706 5248 904 5316 aliquid
929 5248 1098 5310 deest,
1141 5261 1248 5316 quo
1270 5262 1297 5300 a
1327 5247 1540 5302 litterati
1583 5248 1647 5300 ad
1686 5247 2029 5315 allcgoricum

449 5335 666 5374 sensum
714 5315 974 5372 transitus
1027 5317 1138 5378 ﬁat,
1185 5325 1239 5370 et
1283 5325 1509 5385 uterque
1561 5326 1930 5370 connectatur.
1971 5315 2028 5369 In

453 5389 595 5443 Beda
636 5389 803 5441 multa
855 5387 957 5440 alia
994 5394 1139 5450 sunt,
1188 5401 1413 5454 qumque
1463 5385 1672 5439 Lectori
1720 5385 2027 5452 subjiciam,

451 5474 573 5513 cum
607 5458 962 5525 illustrabitur
988 5457 1134 5509 locus
1160 5455 1224 5509 lV
1251 5456 1381 5525 Reg.
1414 5455 1511 5518 εά,
1547 5455 1628 5507 Η.
1661 5454 1729 5507 Et
1763 5454 2029 5508 transtulit

450 5543 655 5580 omnem
686 5524 1032 5587 Hierusalem,
1063 5533 1167 5578 etc.

525 5598 550 5635 δ
574 5596 855 5649 Accedant.
893 5594 1116 5647 Praestat
1145 5603 1326 5647 nostra
1352 5593 1529 5648 lectio.

525 5676 548 5703 ε
573 5664 959 5733 Sttbsequenlis
981 5664 1082 5716 loci
1106 5664 1514 5733 explicationem
1537 5663 1701 5719 habes
1737 5665 1788 5718 in
1814 5662 1984 5731 capite
2008 5660 2038 5715 6

453 5734 639 5790 lsidori
671 5737 721 5788 in
755 5735 844 5788 lih.
876 5751 889 5787 ι
926 5735 1147 5802 Rugum.

522 5804 544 5843 ἀ
578 5804 721 5860 Toto.
755 5804 976 5859 Prmstat
1010 5813 1189 5858 nostra
1215 5803 1391 5857 lectio.

2133 4661 2258 4706 ante
2286 4666 2447 4719 quam
2491 4648 2702 4713 ﬂerent,
2741 4647 2834 4701 sed
2879 4646 3251 4700 tantummodo
3299 4649 3721 4714 praesentieban-

2134 4754 2240 4800 tur.
2271 4740 2327 4793 Si
2351 4755 2480 4795 vero
2513 4739 2674 4792 etiam
2714 4753 2839 4790 cum
2867 4737 3117 4791 venerint
3147 4751 3264 4804 qua:
3290 4737 3721 4804 praesciebantnr

2127 4850 2250 4892 esse
2287 4841 2537 4893 ventura,
2578 4829 2712 4883 nihil
2751 4828 2874 4882 novi
2918 4827 3116 4882 accidit
3155 4827 3395 4881 scientiae
3442 4826 3580 4880 Dei:
3625 4829 3720 4884 sed

2132 4925 2368 4982 manebit
2392 4923 2480 4978 illa
2507 4920 2864 4992 praescientia,
2896 4919 3036 4972 sicut
3063 4925 3182 4972 erat
3204 4919 3368 4972 etiam
3398 4919 3716 4988 priusquam

2131 4999 2398 5078 venirent,
2422 5026 2540 5080 quae
2559 5008 3001 5079 praesciebantur,
3018 5005 3285 5075 quomodo
3302 5004 3413 5074 jam
3435 5006 3719 5074 prmscien-

2133 5106 2206 5159 tia
2237 5104 2462 5165 dicetur,
2492 5098 2745 5168 quoniam
2775 5111 2880 5151 non
2907 5104 2990 5150 est
3016 5107 3196 5148 rerum
3224 5093 3573 5148 futurarum?
3599 5095 3716 5164 jam

2209 5252 2231 5280 ε
2259 5238 2649 5306 Subsequentia
2675 5236 2841 5307 tradit,
2864 5234 3099 5307 Isidorus
3127 5248 3258 5307 cap._
3279 5233 3330 5285 7.

2213 5311 2230 5348 f
2255 5310 2373 5361 Alia
2401 5300 2568 5361 multa
2600 5300 2868 5360 hic'tradit
2891 5304 3128 5358 Isidorus
3156 5303 3221 5355 ad
3247 5302 3346 5356 loci
3362 5300 3522 5370 hujus
3539 5300 3716 5372 expli-

2135 5381 2390 5440 cationes,
2430 5393 2548 5445 quae
2575 5377 2757 5430 nescio
2782 5389 2884 5442 qua
2918 5388 3086 5445 causa
3098 5372 3302 5445 omittit
3330 5372 3606 5445 Claudius.

2209 5451 2234 5487 ε
2252 5438 2388 5501 Ecce
2411 5438 2611 5518 iterum
2629 5438 2909 5518 scriptus_a
2924 5442 3144 5518 Claudio
3173 5441 3502 5518 Augustinus
3524 5457 3538 5494 :
3561 5438 3720 5518 cujus

2138 5519 2361 5588 qnccstio
2408 5517 2460 5588 2.
2494 5509 2686 5588 libri"
2732 5509 2796 5567 ad
2832 5512 3255 5588 Simplicianum
3284 5509 3575 5588 _tota_.fene
3602 5510 3717 5588 _hic

2141 5578 2378 5657 ponitur.
2423 5586 2705 5654 Augustini
2736 5584 2896 5636 verba
2941 5578 3040 5652 pro
3093 5594 3241 5634 more
3284 5579 3494 5634 lineolis
3549 5578 3718 5631 adno-

2141 5666 2489 5781 mT‘godfccs
2530 5723 2737 5792 allegati
2770 5739 2795 5775 a
2823 5721 2879 5774 P.
2904 5721 2961 5774 P.
2988 5720 3043 5774 S.
3074 5719 3256 5792 Mauri
3276 5718 3569 5792 Sereniori.
3606 5715 3716 5768 Sed

2143 5808 2325 5854 noster
2347 5797 2512 5850 codex
2537 5787 2657 5849 cuni
2687 5793 2840 5848 editis
2866 5790 3143 5861 Augustini
3169 5789 3316 5844 libris
3348 5787 3580 5842 Srmiori.
