3912 6314
141 409 245 466 66l

144 618 314 687 paulo
335 625 456 686 post
481 626 641 670 erunt
662 616 958 686 praeterita.
990 613 1394 670 Praeteritarum
1424 623 1604 669 autem
1645 628 1730 667 re-
1756 669 1758 671 ,

143 723 292 773 rum,
326 707 465 762 sicut
490 707 834 776 praesentium
869 704 1015 758 nullo
1042 703 1201 759 modo
1237 713 1414 773 potest
1449 703 1554 758 dici
1596 717 1732 782 pne-

142 799 398 856 scientia.
443 798 671 854 Reditur
693 813 822 869 ergo
849 797 918 853 ad
943 797 1017 862 id,
1049 805 1108 851 ut
1135 796 1237 862 ﬂat
1271 797 1432 864 rebus
1459 795 1574 863 jam
1598 809 1734 865 pra:-

144 891 397 947 sentibus
444 890 687 954 scientia,
751 905 871 959 quae
926 889 1119 943 iisdem
1167 889 1328 943 rebus
1373 887 1567 942 futuris
1617 893 1735 941 erat

142 981 515 1052 praescientia,
545 988 600 1035 et
625 996 749 1036 cum
781 995 864 1043 ea,
911 993 1030 1049 qua:
1052 980 1391 1050 praescientia
1420 987 1539 1033 erat
1561 977 1732 1048 prius,

146 1081 342 1144 postea
386 1072 612 1128 scientia
655 1072 750 1126 ﬁat
780 1073 834 1126 in
870 1073 1268 1136 Deo,'admittit
1299 1071 1732 1133 mutabilitatem,

148 1172 208 1219 et
240 1165 557 1234 temporalis
594 1172 716 1229 est;
748 1179 871 1218 cum
915 1164 986 1218 sit
1014 1163 1177 1227 Deus,
1221 1165 1311 1232 qui
1338 1178 1464 1217 vere
1502 1178 1737 1216 summe-

147 1270 260 1323 que
282 1265 388 1320 est,
423 1270 524 1310 nec
547 1255 652 1308 ulla
692 1270 755 1308 ex
777 1263 935 1322 parte
981 1255 1276 1316 mutabilis,
1315 1268 1416 1308 nec
1453 1253 1562 1308 ullo
1586 1262 1736 1307 motu

149 1346 365 1401 novitio
409 1344 736 1414 temporalis.
783 1344 967 1398 Placet
1012 1343 1194 1414 igitur,
1235 1355 1295 1397 ut
1338 1358 1446 1397 non
1495 1343 1739 1398 dicamus

150 1438 552 1507 praescientiam
577 1437 693 1498 Dei,
722 1438 816 1493 sed
837 1437 1210 1491 tantummodo
1247 1437 1550 1492 scientiam.
1582 1435 1738 1503 Quich

152 1545 343 1585 ramus
385 1537 439 1584 et
485 1530 589 1584 hoc
630 1529 915 1596 quomodo.
955 1526 1071 1582 Non
1118 1528 1262 1583 enim
1294 1529 1572 1583 scientiam
1602 1527 1740 1583 sole-

152 1636 281 1675 mus
318 1620 496 1674 dicere
542 1621 596 1673 in
639 1619 816 1684 nobis,
856 1620 959 1674 nisi
989 1635 1130 1689 ,cum
1162 1635 1341 1685 sensa,
1384 1628 1440 1677 et
1466 1620 1737 1676 intellecta

153 1709 421 1765 memoria
468 1709 781 1784 retinemus,
832 1725 956 1765 cum
997 1711 1341 1766 meminimus
1385 1726 1485 1766 nos
1533 1711 1740 1782 aliquid

153 1800 418 1865 sensisse,
445 1798 527 1854 vel
557 1799 910 1866 intellexisse,
935 1809 998 1855 ut
1025 1801 1078 1856 id
1100 1802 1245 1871 quod
1284 1801 1552 1867 volumus,
1589 1817 1741 1858 reco-

1022 404 1484 475 QUESTIONES
1522 404 1670 462 XXX
1711 405 1940 464 SUPER
1975 403 2217 459 LIBROS
2254 404 2513 462 REGUM.

141 528 296 582 enim
343 524 634 595 pruentla
683 532 824 592 sunt,
871 538 990 593 quae
1041 523 1218 588 futura
1246 507 1624 588 cernebantur,
1668 530 1722 577 et
1750 525 1793 583 Α
1826 529 2017 576 cuncta
2062 522 2359 589 lustrantis,
2412 525 2519 579 imo
2563 539 2667 577 non
2715 523 2980 592 reliquero

3026 541 3038 573 Ζ
3091 537 3195 574 ιιοιι
3255 537 3397 576 filim

1833 613 1996 667 habet
2026 614 2125 667 hoc
2162 615 2393 669 humana
2426 617 2673 681 scientia,
2710 616 2803 671 sed
2844 630 2942 684 pro
2976 615 3180 669 viribus
3205 616 3405 684 cogita-

1831 717 1978 767 voro,
2009 703 2316 756 insinuatur
2360 705 2488 759 mihi
2529 714 2799 775 utcunque
2838 706 3064 760 scientia
3095 705 3225 760 Dei:
3260 708 3403 776 quod

1831 798 2011 844 tamen
2038 806 2231 846 nomen
2275 807 2340 846 ex
2372 808 2437 847 eo
2471 795 2614 864 quod
2655 795 2872 850 sciendo
2896 794 3118 865 aliquid,
3144 810 3256 850 non.
3279 795 3408 850 latet

1834 881 2124 948 hominem,
2156 885 2331 951 potuit
2375 885 2454 939 rei
2494 886 2706 957 utrique
2741 902 2860 941 esse
2889 902 3192 943 commune.
3227 887 3409 957 Quan-

1833 985 1992 1039 quam
2019 981 2072 1024 et
2102 973 2155 1025 in
2196 973 2325 1042 ipsis
2363 973 2671 1028 hominibus
2702 975 2835 1028 solet
2869 976 3101 1031 discerni
3129 992 3158 1029 a
3198 977 3409 1043 sapien-

1838 1063 1909 1117 tia
1945 1063 2191 1128 scientia,
2223 1074 2282 1119 ut
2311 1067 2471 1121 etiam
2497 1067 2788 1136 Apostolus
2814 1068 2981 1122 dicit:
3013 1069 3063 1140 (1
3095 1067 3217 1122 Cor.
3243 1084 3304 1133 ιι,
3329 1069 3408 1134 8).

1836 1153 1941 1206 Alii
1978 1153 2186 1224 quidem
2209 1155 2368 1208 datur
2403 1173 2494 1224 per
2521 1159 2766 1226 spiritum
2795 1175 2962 1211 sermo
3001 1160 3290 1228 sapientiie,
3318 1159 3410 1211 alii

1835 1243 2048 1313 quidem
2067 1259 2236 1296 sermo
2262 1244 2511 1309 scientia’,
2548 1247 2832 1300 secundum
2855 1246 3093 1300 eumdem
3125 1247 3364 1317 spiritum
3393 1263 3410 1299 :

1838 1334 1892 1388 in
1921 1334 2030 1388 Deo
2058 1343 2242 1388 autem
2268 1335 2524 1390 nimirum
2551 1353 2658 1392 non
2685 1347 2809 1392 sunt
2834 1338 2947 1391 hzec
2971 1339 3093 1403 duo,
3112 1339 3204 1393 sed
3223 1333 3410 1391 unum.

1837 1424 1904 1478 Et
1926 1425 1982 1479 in
2003 1425 2309 1480 hominibus
2333 1427 2546 1494 quidem
2576 1428 2687 1484 haec
2708 1430 2784 1483 ita
2806 1429 3040 1484 discerni
3071 1428 3420 1499 probabiliter

1837 1516 2032 1582 solent,
2062 1528 2122 1571 ut
2162 1519 2424 1587 sapientia
2451 1521 2718 1588 pertineat
2743 1521 2811 1575 ad
2838 1521 3168 1576 intellectura
3192 1530 3432 1593 aeterno--

1839 1623 1978 1673 rum,
2008 1608 2232 1664 scientia
2260 1623 2389 1663 vero
2422 1609 2490 1663 ad
2517 1625 2605 1674 ea,
2632 1625 2751 1679 quae
2775 1613 3023 1666 sensibus
3050 1611 3294 1681 corporis
3316 1624 3414 1664 ex-

1839 1701 2097 1771 perimur.
2134 1701 2240 1756 Sed
2267 1700 2393 1756 licet
2413 1702 2552 1757 alius
2574 1703 2733 1757 aliam
2771 1704 3128 1759 differentiam
3155 1703 3418 1774 proferat,

1839 1795 1944 1848 nisi
1975 1804 2152 1848 tamen
2192 1794 2405 1848 diversa
2430 1807 2647 1861 essent;
2681 1809 2788 1849 non
2826 1796 2906 1850 sic
2929 1795 2997 1849 ab
3033 1794 3288 1865 Apostolo
3314 1794 3431 1849 dis-

152 1890 353 1948 tamus.
385 1890 536 1956 Quod
558 1891 604 1946 si
634 1891 708 1946 ita
735 1891 787 1945 in
816 1891 928 1946 Deo
955 1898 1058 1955 est,
1086 1899 1147 1945 ut
1166 1892 1338 1961 possit
1363 1892 1579 1961 proprie
1601 1892 1739 1947 dici:
1774 1875 1820 1934 Β
1852 1883 2204 1952 ungueret”.

152 1977 230 2032 Et
259 1978 521 2049 intelligit,
564 1990 612 2035 et
641 1981 934 2036 intellexit:
974 1983 1150 2047 sentit,
1188 1992 1237 2036 et
1283 1983 1465 2049 sensit,
1513 1983 1748 2038 admittit

155 2079 394 2142 tempus,
422 2080 478 2127 et
516 2073 797 2140 subrepit:
847 2072 1197 2128 nihilominus
1251 2073 1342 2128 illa
1392 2073 1742 2139 mutabilitas,

157 2172 286 2230 qua:
315 2162 469 2234 longe
498 2169 582 2218 est
622 2178 654 2217 a
682 2162 780 2218 Dei
825 2164 1146 2228 substantia,
1193 2164 1514 2218 removenda
1543 2174 1645 2219 est.
1681 2164 1748 2218 Et

157 2261 345 2308 tamen
374 2262 428 2308 et
456 2254 559 2308 scit
583 2253 748 2319 Deus,
782 2261 836 2308 et
859 2254 1077 2322 praescii
1106 2253 1249 2308 Deus
1277 2252 1531 2307 ineﬂ'abili
1555 2253 1742 2308 modo:

156 2346 245 2404 sic
271 2361 394 2402 eum
413 2353 468 2400 et
498 2345 726 2415 paenitet
751 2343 1004 2399 ineﬂ‘abili
1034 2345 1214 2401 modo.
1249 2345 1381 2400 Cum
1408 2346 1554 2401 enim
1581 2346 1749 2400 scien-

158 2435 240 2490 tia
267 2433 363 2489 Dei
404 2433 560 2505 longe
589 2435 752 2489 distet
777 2435 845 2493 ab
872 2434 1108 2488 humana
1147 2435 1395 2500 scientia,
1424 2437 1500 2489 ita
1541 2444 1600 2489 ut
1628 2436 1748 2490 irri-

158 2525 339 2581 deuda
385 2526 452 2580 sit
489 2526 862 2595 comparatio;
909 2536 1136 2594 utraque
1185 2534 1363 2580 tamen
1405 2526 1631 2580 scientia
1657 2541 1754 2579 vo-

159 2625 338 2674 catur.
385 2617 452 2670 Et
483 2617 600 2670 haec
637 2615 853 2684 quidem
897 2616 1134 2670 humana
1173 2616 1296 2671 talis
1332 2626 1434 2680 est,
1469 2625 1530 2671 ut
1564 2617 1630 2672 de
1661 2617 1749 2671 illa

161 2705 314 2762 dicat
347 2705 635 2775 Apostolus
661 2706 863 2761 etiam:
891 2705 945 2778 (Ι
969 2705 1092 2762 Cor.
1136 2723 1257 2773 xm,
1282 2708 1338 2777 8)
1389 2707 1621 2762 Scientia
1654 2708 1743 2762 de-

157 2804 423 2861 struetur,
457 2796 600 2866 quod
626 2795 774 2850 nullo
801 2796 960 2850 modo
989 2803 1140 2851 certe
1162 2798 1228 2853 de
1254 2798 1478 2853 scientia
1507 2798 1602 2853 Dei
1645 2798 1750 2854 dici

159 2894 365 2956 potest.
399 2885 489 2941 Sic
518 2895 574 2942 et
599 2887 682 2941 ira
735 2888 969 2942 hominis
1017 2888 1231 2944 turbida
1274 2897 1375 2954 est,
1403 2897 1458 2945 et
1502 2905 1607 2945 non
1635 2891 1751 2946 sine

159 2975 409 3032 cruciatu
431 2975 630 3030 animi:
664 2976 741 3030 ira
765 2991 896 3031 vero
920 2976 1038 3042 Dei,
1067 2977 1134 3033 de
1153 2993 1260 3048 qua
1284 2979 1480 3034 dicitur
1502 2980 1556 3034 in
1580 2980 1744 3036 Evan-

162 3065 312 3136 gelio
343 3065 561 3133 :(Joan.
595 3084 677 3130 ιιι,
703 3066 794 3136 56)
838 3067 929 3123 sed
971 3069 1051 3122 ira
1077 3069 1172 3124 Dei
1205 3080 1380 3125 manet
1417 3088 1573 3142 super
1608 3089 1747 3127 eum.

165 3156 240 3211 Et
282 3155 594 3226 Apostolus:
638 3155 814 3228 (Rom.
858 3173 940 3223 ιιι,
981 3158 1069 3229 18)
1120 3159 1396 3215 Revelatur
1424 3162 1508 3216 ira
1559 3161 1656 3216 Dei
1689 3163 1754 3217 de

1921 1994 1940 2026 ι
1969 1975 2120 2044 Quod
2161 1977 2206 2031 si
2247 1979 2320 2033 ita
2347 1995 2479 2036 sane
2518 1989 2622 2046 est,
2654 1987 2712 2035 ut
2738 1995 2932 2036 nomen
2964 1979 3203 2036 scientia:
3242 1977 3429 2041 rebus,

1845 2082 1979 2136 quas
2024 2083 2118 2136 per
2163 2083 2351 2124 sensus
2396 2071 2637 2140 corporis
2683 2070 3017 2140 experimur.
3062 2067 3423 2137 deputandum

1848 2157 1940 2222 sit,
1972 2157 2114 2211 nulla
2159 2166 2244 2212 est
2279 2160 2500 2216 omnino
2556 2160 2780 2215 scientia
2815 2160 2931 2214 Dei.
2964 2158 3080 2213 Non
3111 2158 3254 2213 enim
3285 2156 3432 2211 Deus

1847 2261 1945 2316 per
1986 2248 2242 2316 seipsum
2280 2263 2348 2302 ex
2396 2264 2624 2318 corpore
2675 2258 2729 2303 et
2775 2250 2955 2304 animo
3008 2254 3242 2311 constat,
3288 2247 3433 2301 sicut

1850 2335 2030 2399 homo,
2062 2335 2154 2389 sed
2188 2335 2381 2391 melius
2410 2336 2815 2402 dicitur,‘aliam
2843 2351 2962 2392 esse
2996 2336 3275 2412 scientiam
3310 2335 3427 2398 Dei,

1851 2433 2037 2478 etnon
2065 2425 2316 2494 ejusdem.
2354 2427 2587 2497 generis,
2632 2427 2786 2496 cujus
2831 2429 2932 2482 ista
2975 2435 3078 2492 est,
3106 2441 3224 2496 quae
3259 2427 3449 2481 homi—.

1850 2530 1981 2569 nutu
2009 2514 2243 2569 dicitur:
2278 2507 2416 2570 sicut
2439 2517 2603 2571 etiam
2639 2517 2690 2570 id
2719 2519 2914 2586 ipsum,
2943 2517 3084 2585 quod
3131 2515 3270 2570 Deus
3300 2514 3450 2569 ἀίει-υ

1853 2609 1959 2668 tur,
2011 2603 2166 2672 longe
2203 2604 2344 2659 aliud
2391 2613 2492 2669 est,
2540 2621 2713 2673 quam,
2751 2605 3202 2676 quemadmodum
3247 2611 3330 2658 est
3355 2603 3446 2666 diu.

1850 2703 2016 2759 ctum,
2049 2693 2192 2763 quod
2234 2692 2405 2766 (Psal.
2435 2711 2621 2760 Lxxxt,
2653 2694 2704 2766 i)
2748 2695 2885 2749 stetit
2914 2696 2966 2748 in
3013 2711 3275 2765 synagoga
3306 2694 3431 2748 dea-

1852 2801 1985 2838 rum.
2040 2785 2240 2840 Tamen
2291 2786 2360 2839 ad
2401 2801 2510 2840 non
2541 2785 2709 2841 latere
2739 2801 2954 2857 quoquo
2999 2785 3158 2841 modo
3201 2785 3447 2854 pertinet.

1853 2876 2270 2931 communicatio
2300 2876 2418 2945 ipsa
2441 2876 2707 2931 vocabuli.
2739 2876 2830 2931 Sic
2867 2878 3033 2931 etiam
3062 2878 3130 2930 de
3155 2875 3448 2932 irabomi~

1854 2967 1938 3022 nis
1967 2967 2196 3021 detraho
2239 2966 2612 3021 turbulentum
2653 2974 2878 3031 motum,
2921 2974 2982 3021 ut
3012 2973 3290 3020 remaneat
3314 2964 3434 3017 vin-

1854 3056 2012 3111 dictae
2055 3057 2230 3128 vigor,
2276 3065 2438 3126 atque
2486 3057 2559 3111 ita
2607 3065 2881 3127 utcunque
2929 3071 3092 3126 surgo
3118 3056 3184 3109 ad
3227 3056 3433 3109 innote-

1854 3147 2114 3201 scentiam
2162 3147 2325 3213 illius,
2371 3163 2498 3217 quas
2546 3146 2847 3216 appellatur
2893 3147 2974 3200 ira
3025 3145 3138 3200 Dei.
3187 3144 3321 3199 item
3368 3146 3434 3198 de

165 3245 298 3301 celo
337 3263 492 3316 super
519 3263 722 3301 omnem
760 3247 1099 3318 impietatem,
1131 3250 1225 3306 illo
1266 3250 1322 3306 in
1364 3251 1754 3321 tranquillitate
1779 3234 1824 3296 (ἶ
1857 3235 2238 3310 misericordia.
2263 3238 2311 3292 εί
2341 3237 2556 3294 auferas
2583 3237 3155 3308 Compassionem-Wm
3189 3250 3450 3304 εοίιυεπι-

166 3337 369 3408 iugiter
394 3345 663 3403 manente,
694 3337 747 3391 in
776 3347 1025 3394 creatura
1055 3341 1270 3396 subdita
1305 3351 1554 3398 exerceat
1591 3344 1759 3399 admi.

169 3425 607 3496 rabilimquitate
645 3424 957 3483 vindictam.
1001 3428 1368 3485 Misericordia
1415 3448 1627 3502 quoque
1654 3435 1753 3489 lio-

168 3514 338 3568 minis
364 3514 674 3569 nonnullam
698 3515 860 3570 habet
885 3517 1064 3572 cordis
1089 3518 1363 3578 miseriam
1389 3537 1401 3573 :
1426 3521 1567 3575 unde
1590 3522 1752 3576 etiam

168 3606 223 3658 In
245 3604 412 3658 latina
437 3603 617 3674 lingua
644 3620 839 3659 nomen
870 3606 1097 3676 accepit.
1145 3606 1279 3662 Nam
1318 3608 1441 3663 inde
1478 3618 1565 3664 est
1592 3612 1754 3665 etiam

167 3693 318 3764 quod
346 3709 450 3748 non
481 3694 687 3749 solum:
737 3695 898 3765 (Ibid.
929 3713 1030 3762 xu,
1064 3697 1152 3767 i5)
1200 3698 1427 3768 gaudere
1473 3717 1590 3753 cum
1619 3719 1753 3770 gau-

167 3784 412 3838 dentibus
437 3799 455 3837 :
481 3786 577 3840 sed
598 3785 762 3840 etiam
789 3787 912 3855 ﬂere
934 3803 1057 3840 cum,
1076 3787 1320 3855 ﬂentibus
1347 3789 1595 3845 hortatur
1622 3791 1757 3859 Apo-

168 3875 363 3931 stolus.
407 3875 539 3942 Quis
558 3866 737 3931 autem
767 3892 900 3932 sano
931 3877 1112 3948 capite
1155 3879 1375 3945 dixerit,
1405 3879 1513 3934 ulla
1543 3880 1757 3935 miseria

170 3968 326 4037 tangi
373 3964 563 4032 Deum,
595 3983 753 4036 quem
802 3975 981 4022 tamen
1022 3969 1222 4038 ubique
1251 3970 1519 4039 scriptura
1549 3971 1761 4025 miseri-

168 4056 397 4112 cordem
432 4071 550 4111 esse
588 4057 855 4112 testatur?
878 4056 958 4111 ita
987 4057 1159 4112 zelum
1184 4059 1480 4113 humanum
1508 4075 1616 4116 non
1641 4061 1759 4116 sine

168 4154 332 4218 peste
359 4145 546 4201 livoris
580 4146 926 4217 intelligimus
952 4164 964 4201 :
1012 4148 1278 4204 zelantem
1305 4164 1435 4205 vero
1456 4149 1626 4204 Deum
1652 4165 1758 4205 non

171 4238 272 4302 ita,
301 4234 394 4290 sed
423 4235 610 4290 eodem
637 4235 819 4301 verbo,
851 4252 957 4291 non
979 4238 1170 4292 eodem
1199 4239 1376 4293 modo.

249 4347 269 4379 ι
301 4327 545 4399 Longum
563 4335 647 4382 est
675 4342 993 4397 percurrere
1026 4337 1243 4393 caetera,
1275 4336 1334 4383 et
1359 4337 1485 4383 sunt
1514 4330 1760 4385 innume-

170 4418 390 4484 rabilia,
416 4418 609 4488 quibus
627 4419 933 4474 ostenditur
957 4419 1125 4474 multa
1147 4419 1328 4475 divina
1368 4421 1559 4476 iisdem
1588 4422 1760 4476 nomi-

171 4509 336 4565 nibus
365 4509 640 4578 appeiiari,
669 4509 866 4577 quibus
900 4509 1144 4576 humana,
1183 4524 1306 4563 cum
1351 4510 1757 4579 incomparabili

172 4600 492 4656 diversitate
517 4599 758 4669 seiuncta
784 4599 912 4654 sint.
950 4597 1060 4654 Nec
1086 4599 1304 4653 interim
1343 4599 1544 4655 imstra
1570 4600 1760 4656 eadem
1785 4581 1838 4640 Ῐ)

173 4695 306 4744 sunt
332 4689 495 4743 rebus
531 4689 774 4758 utrisque
817 4688 986 4744 indita
1029 4689 1310 4754 vocabula,
1358 4688 1465 4744 nisi
1491 4690 1615 4758 quia
1644 4691 1760 4744 hzec

172 4778 414 4848 cognita,
439 4791 559 4846 qua:
587 4778 641 4832 in
670 4777 983 4847 quotidiana
1011 4778 1402 4833 consuetudine
1446 4787 1755 4840 versantur,

174 4875 235 4922 et
273 4867 659 4936 experimentis
695 4867 1075 4922 usitatiorihus
1119 4867 1480 4931 innotescunt,
1530 4868 1761 4921 nonnul-

175 4957 287 5012 lam
316 4958 383 5012 ad
404 4957 748 5028 intelligenda
778 4959 866 5013 illa
893 4958 1138 5014 sublimia
1160 4959 1403 5027 prmbent
1426 4958 1568 5012 viam
1597 4977 1608 5011 :
1634 4972 1757 5013 cum

175 5049 355 5104 eidem
401 5048 683 5118 dempsere
709 5049 774 5104 de
800 5052 1033 5105 humana
1063 5050 1289 5103 scientia
1323 5050 1759 5113 mutabilitatem,

178 5145 234 5193 et
264 5137 526 5193 transitus
570 5140 828 5207 quosdam
871 5155 901 5192 a
940 5138 1262 5209 cogitatione
1296 5139 1349 5192 in
1380 5139 1757 5209 cogitationem

177 5242 305 5284 cum
349 5228 654 5294 recoiimus,
702 5237 762 5283 ut
813 5244 1099 5284 cernamus
1141 5229 1339 5294 animo,
1383 5230 1604 5299 quodin
1631 5244 1760 5284 con-

180 5316 320 5372 tuitu
350 5314 465 5384 ejus
484 5315 644 5386 paulo
671 5315 794 5372 ante
835 5333 942 5372 non
978 5326 1118 5382 erat,
1145 5326 1306 5386 atque
1334 5318 1407 5372 ita
1433 5319 1499 5372 de
1523 5325 1677 5389 parte
1702 5318 1756 5372 in

177 5417 390 5481 partem
430 5409 636 5464 crebris
684 5410 1146 5465 recordationibus
1193 5411 1566 5476 transilimus;
1618 5411 1758 5466 unde

178 5499 344 5554 etiam
373 5513 440 5552 ex
483 5508 636 5568 parte
664 5501 793 5554 dicit
825 5515 944 5555 esse
989 5500 1276 5570 Apostolus
1305 5499 1358 5569 (I
1387 5497 1509 5554 Cor.
1541 5516 1662 5565 xm,
1700 5498 1771 5570 9)‘

180 5598 424 5645 nostram
452 5589 730 5643 scientiam
755 5607 768 5654 ;
802 5607 924 5645 cum
950 5605 1077 5662 ergo
1100 5590 1212 5645 haec
1239 5597 1429 5644 cuncta
1452 5589 1758 5655 detraxero,

180 5685 232 5734 et
265 5676 533 5747 reliquero
576 5677 743 5732 solam
771 5681 1132 5744 vivacitatem,
1161 5687 1340 5743 cerua,
1390 5687 1551 5748 atque
1577 5679 1763 5734 incon-

181 5784 352 5825 cussa
379 5770 637 5833 veritatis,
685 5787 806 5835 una,
856 5781 1017 5842 atque
1067 5780 1262 5828 mterna
1313 5772 1764 5842 contemplamne

1857 3328 2133 3400 misereris
2175 3328 2515 3398 participatae
2565 3328 2817 3392 miserisa,
2864 3335 2927 3381 ut
2961 3334 3236 3382 remaneat
3287 3334 3437 3380 tran«

1855 3416 2023 3486 quilla
2055 3416 2273 3472 bonitas
2299 3419 2670 3482 subveniendi,
2715 3426 2769 3473 et
2814 3432 2847 3471 a
2891 3417 3110 3474 miseria
3149 3417 3434 3480 liberandi.

1857 3506 2164 3560 insinuatur
2206 3508 2593 3563 misericordia:
2623 3508 2824 3564 divina:
2842 3507 3230 3577 qualiscunque
3256 3505 3438 3578 cogni-

1856 3595 1950 3650 tio.
1985 3595 2172 3650 Zelum
2202 3611 2417 3666 quoque
2452 3598 2544 3652 Dei
2595 3613 2703 3652 non
2745 3599 3108 3668 repudiemus,
3156 3608 3213 3652 et
3257 3613 3448 3667 asper-

1857 3699 2067 3749 nemur,
2101 3700 2222 3741 cum
2247 3687 2508 3756 scriptum
2540 3688 2864 3753 invenimus,
2911 3688 3008 3743 sed
3034 3688 3344 3743 auferamus
3373 3690 3441 3743 de

1859 3778 2095 3831 humano
2121 3777 2234 3832 zelo
2262 3777 2515 3847 pallidam
2561 3779 2739 3834 tabem
2786 3781 3008 3846 doloris,
3039 3789 3095 3834 et
3137 3781 3437 3836 morbidam

1859 3867 2318 3935 perturbationem
2347 3867 2535 3930 animi,
2567 3875 2952 3937 remaneatque
2998 3867 3126 3923 illud
3152 3867 3323 3928 solum
3348 3868 3437 3938 ju-

1861 3956 2084 4020 dicium,
2121 3970 2229 4024 quo
2277 3957 2551 4024 corruptio
2592 3958 2858 4012 castitatis
2897 3958 3158 4028 impunita
3186 3973 3304 4013 esse
3332 3974 3440 4012 non

1860 4047 2077 4112 sinitur,
2108 4053 2164 4101 et
2203 4047 2567 4116 adsurgimus,
2614 4055 2674 4102 ut
2703 4048 3026 4118 incipiamus
3071 4047 3252 4117 aliquo
3279 4048 3441 4104 modo

1860 4152 2055 4208 capere
2097 4136 2272 4192 zelum
2316 4138 2432 4193 Dei.
2482 4137 2821 4209 Quapropter
2853 4153 2975 4193 cum
3022 4139 3248 4210 legimus
3273 4141 3442 4195 etiam

1862 4230 2030 4284 Deum
2057 4229 2321 4284 dicentem
2349 4229 2558 4298 paenitet
2592 4243 2713 4283 me:
2757 4229 3178 4296 consideremus,
3211 4229 3353 4299 quod
3382 4230 3437 4285 id

1861 4319 2032 4373 soleat
2059 4319 2113 4372 in
2140 4318 2448 4372 hominibus
2466 4332 2600 4387 opus
2637 4318 2957 4402 paenitendi,
2985 4333 3110 4374 cum
3130 4318 3319 4389 procul
3349 4318 3444 4374 du-

1859 4411 1950 4466 bio
1982 4412 2252 4482 reperitur
2277 4411 2524 4466 voluntas
2549 4412 2817 4476 mutandi,
2847 4411 2943 4466 sed
2981 4411 3036 4465 in
3072 4409 3290 4465 homine
3315 4424 3440 4472 cum

1863 4502 2046 4560 dolore
2070 4502 2235 4558 animi
2267 4509 2381 4568 est;
2433 4502 2776 4571 reprehendit
2806 4502 2949 4556 enim
2980 4502 3033 4555 in
3077 4515 3156 4564 se,
3191 4501 3336 4570 quod
3362 4509 3440 4556 te—

1863 4614 2012 4654 mere
2038 4597 2249 4653 iecerit.
2296 4594 2616 4656 Auferamus
2645 4610 2774 4665 ergo
2820 4595 2924 4649 ista
2951 4609 3072 4664 qua:
3100 4594 3172 4665 de
3202 4595 3438 4648 humana

1864 4687 2179 4742 inﬁrmitate
2238 4694 2399 4753 atque
2444 4684 2743 4754 ignorantia
2789 4684 3035 4749 veniunt,
3063 4693 3118 4738 et
3162 4693 3443 4738 remaneat

1863 4777 2035 4832 solum
2067 4774 2225 4839 velle,
2268 4781 2328 4827 ut
2355 4789 2462 4829 non
2508 4773 2583 4827 ita
2625 4774 2696 4828 sit
2723 4772 2948 4842 aliquid,
2987 4773 3438 4843 quemadmodum

1862 4875 2000 4919 erat.
2033 4864 2125 4919 Sic
2153 4872 2330 4933 potest
2356 4863 2691 4932 aliquantum
2736 4863 2977 4917 intimari
3020 4863 3187 4917 menti
3217 4870 3437 4923 nosti-.2.

1863 4972 1967 5025 qua
2000 4954 2183 5025 regula
2232 4953 2566 5023 intelligatur
2611 4953 2756 5022 quod
2798 4953 3007 5022 paenitet
3061 4951 3250 5006 Deum.
3300 4952 3435 5005 Cum

1861 5046 2007 5100 enim
2052 5045 2296 5114 pamitere
2344 5044 2561 5108 dicitur,
2591 5042 2705 5096 vult
2732 5057 2840 5096 non
2890 5056 3011 5097 esse
3054 5041 3256 5110 aliquid
3299 5042 3440 5095 sicut

1863 5135 2089 5201 fecerat,
2127 5143 2184 5189 ut
2225 5143 2394 5199 esset,
2443 5133 2538 5188 sed
2584 5139 2784 5196 tamen,
2828 5139 2888 5186 ut
2915 5146 3036 5186 cum
3075 5131 3148 5189 ita
3172 5139 3332 5197 esset,
3363 5131 3438 5186 ita

1863 5242 1984 5282 esse
2010 5225 2238 5282 debeat:
2269 5233 2323 5278 et
2351 5239 2473 5280 cum
2505 5223 2578 5276 ita
2612 5237 2732 5278 esse
2763 5221 2877 5292 jam
2922 5237 3026 5276 non
3071 5221 3291 5286 sinitur,
3320 5221 3436 5290 jam

1864 5333 1972 5372 non
2008 5316 2166 5370 debet
2189 5329 2308 5370 esse
2356 5315 2451 5378 ita,
2490 5323 2749 5383 perpetuo
2778 5313 3028 5382 quodam,
3059 5320 3114 5367 et
3149 5310 3436 5381 tranquillo

1865 5404 2369 5477 :equitatisjudicio,
2399 5419 2505 5473 quo
2545 5405 2684 5459 Deus
2711 5414 2904 5459 cuncta
2931 5403 3204 5459 mutabilia
3235 5404 3434 5468 incom-

1870 5495 2112 5552 mutabili
2140 5494 2412 5549 voluntate
2437 5493 2691 5562 disponit.
2731 5493 2836 5548 Sed
2863 5495 3117 5562 quoniam
3145 5493 3432 5564 praescien-

1869 5589 2020 5651 tiam,
2045 5595 2102 5639 et
2130 5582 2410 5639 scientiam
2443 5597 2562 5636 cum
2592 5581 2748 5637 laude
2778 5583 3012 5639 solemus
3036 5583 3093 5638 in
3129 5581 3435 5638 hominibus

1869 5676 2157 5747 appellare,
2192 5673 2436 5740 iramque
2485 5671 2652 5739 ipsam
2699 5671 2834 5726 solet
2859 5673 3150 5726 humanum
3178 5685 3349 5741 genus
3378 5670 3433 5725 in

1871 5767 2075 5838 magnis
2123 5760 2478 5835 potestatibus
2527 5770 2779 5828 tremere,
2825 5765 3007 5834 potius
3042 5778 3203 5834 quam
3251 5777 3439 5834 repreo
