3912 6324
533 374 635 433 663

1590 387 1865 449 CLAUDII
1903 389 2362 485 TAURINENSIS
2400 396 2706 457 EPISCOPI
3689 408 3774 465 651

529 490 786 559 hendere,
800 502 1179 586 congruenter
1202 504 1455 568 putamus
1478 498 1601 557 talia
1631 502 1737 559 dici
1756 504 1821 559 de
1850 505 1979 561 Deo.
2002 506 2104 574 Qui
2133 516 2184 575 Α
2209 494 2405 577 δείξει
2433 521 2613 569 tamen
2656 513 2999 586 persequenti
3036 517 3351 575 adversario
3394 528 3582 575 mente
3610 534 3673 576 se
3695 520 3783 575 hu.

527 583 894 678 autemselat,
924 594 980 641 et
1011 598 1172 678 quem
1214 588 1418 659 aliquid
1444 592 1691 665 pmnitet,
1741 594 1996 663 quoniam
2021 596 2106 651 vel
2207 601 2318 655 mili
2344 583 2741 670 substernebat,
2774 583 2858 660 cui
2887 606 3066 663 divino
3104 607 3311 678 judicio
3339 607 3631 677 praelamm
3668 624 3775 666 esse

525 674 732 743 culpari
759 673 918 742 solet,
942 676 1027 731 vel
1049 678 1103 733 in
1132 692 1191 733 se
1218 680 1433 751 culpam
1474 688 1767 754 corrigere,
1795 693 1957 755 atque
1984 686 2101 742 ideo

524 780 649 819 cum
674 768 1096 836 reprehensione
1119 771 1219 825 ista
1243 772 1310 826 de
1329 772 1638 830 hominibus
1662 775 1792 842 dici,
1818 785 2099 847 propterea

526 864 707 911 movet
748 872 869 912 cum
918 858 1147 931 legimus
1185 876 1307 917 esse
1336 862 1539 933 aliquid
1578 864 1631 918 in
1680 866 1792 921 Deo
1817 866 2098 935 ejusmodi.

524 945 629 1002 Sed
652 948 738 1002 illa
770 949 1036 1018 s‘criplura
1065 952 1314 1007 omnibus
1343 954 1650 1019 consulens,
1671 964 1953 1026 propterea
1983 971 2100 1011 ma-

519 1037 603 1106 gis
625 1047 680 1094 et
704 1040 805 1094 ista
827 1041 997 1110 ponit,
1031 1057 1100 1095 ne
1126 1058 1248 1112 qua:
1272 1043 1506 1113 placent,
1538 1044 1617 1098 sic
1654 1044 2019 1115 intelligantur
2046 1045 2100 1098 in

518 1128 651 1195 Deo,
677 1132 947 1202 quomodo
987 1134 1370 1189 consueverint
1412 1134 1466 1188 in
1512 1135 1820 1191 hominibus
1850 1134 2094 1205 intelligi.

517 1220 623 1275 Per
648 1222 762 1281 hare
786 1224 955 1291 enim,
983 1240 1103 1294 qua:
1129 1226 1439 1294 displicent,
1461 1242 1590 1282 cum
1617 1241 1679 1281 ea
1713 1242 1818 1282 non
1840 1228 2100 1284 audemus

516 1312 596 1367 sic
640 1314 944 1385 intelligere
975 1316 1030 1369 in
1082 1315 1213 1381 Deo,
1263 1324 1323 1371 ut
1377 1318 1726 1372 inveniuntur
1770 1318 1825 1372 in
1855 1317 2095 1383 homine,

515 1403 777 1460 discimus
804 1406 971 1461 etiam
1020 1406 1110 1461 illa
1139 1408 1219 1462 sic
1249 1422 1513 1477 quaerere,
1562 1422 1682 1478 quae
1710 1417 1833 1475 apta
1864 1422 1986 1463 esse
2011 1416 2096 1461 at-

513 1509 621 1563 que
651 1497 1025 1552 convenientia
1048 1499 1392 1567 putabamus.
1425 1498 1559 1553 Nam
1588 1498 1633 1554 si
1660 1508 1942 1569 propterea
1988 1513 2095 1553 non

514 1594 593 1639 est
622 1584 749 1639 illud
770 1586 836 1641 de
866 1587 978 1641 Deo
1001 1587 1311 1652 dicendum,
1338 1589 1464 1658 quia
1492 1590 1543 1643 in
1575 1589 1793 1643 homine
1825 1588 2086 1659 displicet,

512 1689 620 1729 non
650 1675 891 1733 dicamus
916 1680 1411 1735 incommutabilem
1445 1682 1636 1747 Deum,
1660 1682 1785 1752 quia
1813 1681 1880 1736 de
1921 1682 2095 1736 homi-

510 1768 671 1822 nibus
709 1784 832 1824 cum
855 1772 1275 1841 reprehensione
1295 1772 1494 1827 dictum
1519 1780 1602 1827 est
1628 1790 1641 1825 :
1673 1766 1844 1845 (Psal.
1870 1789 1985 1837 un,
2002 1772 2091 1845 20)

2206 706 2266 746 se
2292 699 2535 747 noverat.
2562 693 2639 747 llli
2665 694 2846 764 itaque
2868 710 2927 750 se
2956 696 3231 751 humiliter
3266 700 3652 767 postponehat,
3679 714 3776 770 quo

2203 796 2302 853 per
2336 784 2614 840 electionis
2663 786 2892 856 gratiam
2938 789 3431 859 incomparabiliter
3472 800 3703 847 noverat
3728 808 3780 847 se

2203 886 2322 928 esse
2344 874 2639 929 meliorem.
2665 897 2683 930 ι

2274 963 2424 1037 (Cap.
2452 966 2566 1038 xv.)
2597 966 2884 1038 Increpans
2906 968 3124 1024 Samuel
3165 966 3317 1035 Saul,
3345 985 3446 1025 cur
3470 986 3582 1026 non
3606 972 3781 1027 audis-

2201 1065 2284 1112 set
2310 1073 2496 1113 vocem
2543 1058 2773 1125 Domini,
2808 1061 2900 1115 sed
2947 1074 3133 1113 versus
3173 1059 3240 1114 ad
3283 1060 3519 1129 praedam
3565 1061 3782 1117 fecisset

2200 1148 2400 1202 malum
2431 1149 2483 1202 in
2506 1147 2674 1203 oculis
2695 1147 2907 1203 Domini
2929 1149 3221 1218 parcendo,
3244 1156 3300 1203 et
3324 1165 3428 1204 non
3448 1150 3781 1206 interficien-

2197 1239 2266 1293 do
2302 1238 2580 1302 Amalech,
2632 1240 2708 1293 ait
2751 1238 3009 1294 Samuel:
3066 1239 3135 1309 (v.
3177 1238 3270 1301 Ξῖ,
3300 1247 3347 1292 et
3377 1239 3467 1310 23)
3515 1240 3780 1311 Nunquid

2197 1328 2306 1383 vult
2344 1328 2597 1383 Dominus
2633 1329 2959 1395 holocausta,
2989 1338 3081 1384 aut
3105 1330 3361 1395 victimas,
3394 1337 3444 1383 et
3479 1346 3587 1384 non
3606 1331 3781 1401 potius

2196 1430 2253 1473 ut
2282 1420 2554 1473 obcdiatur
2583 1421 2694 1473 voci
2736 1419 2993 1473 Domini?
3029 1418 3219 1473 Melior
3260 1427 3339 1474 est
3366 1421 3501 1474 enim
3527 1420 3782 1475 obedien-

2196 1512 2290 1574 tia,
2321 1525 2477 1580 quam
2506 1510 2748 1572 victimae,
2776 1517 2825 1562 et
2864 1508 3160 1564 auscultare
3188 1510 3376 1580 magis,
3400 1526 3553 1582 quam
3587 1510 3783 1578 olens

2196 1598 2401 1667 adipem
2445 1600 2690 1653 arietum.
2720 1596 2991 1665 Quoniam
3033 1600 3186 1670 quasi
3213 1608 3477 1670 peccatum
3506 1600 3782 1657 ριν-ἰαιΜὶ

2194 1698 2267 1743 est
2295 1704 2603 1759 repugnare,
2626 1698 2675 1743 et
2694 1689 2848 1760 quasi
2868 1687 3374 1743 sceluaidololatria:
3396 1688 3531 1743 nolle
3547 1688 3780 1757 adquie-

2194 1799 2351 1837 scere.
2387 1782 2495 1835 Pro
2518 1797 2578 1837 eo
2602 1797 2724 1852 ergo
2760 1782 2901 1853 quod
2942 1779 3181 1850 abjecisti
3208 1794 3493 1835 camertem
3535 1778 3780 1842 Reatini,

510 1856 636 1911 Non
672 1861 808 1913 enim
845 1870 919 1914 est
951 1860 1057 1915 illis
1103 1865 1457 1917 commutatio.
1507 1861 1641 1918 Item
1671 1871 1798 1919 sunt
1824 1866 2089 1935 quaedam,
2122 1866 2167 1923 B
2195 1873 2383 1943 abjecit
2426 1882 2475 1927 te
2499 1872 2777 1937 Dominus,
2809 1887 2873 1925 ne
2910 1869 2981 1925 sis
3031 1884 3142 1924 rex.
3172 1880 3196 1909 ο
3230 1887 3250 1921 ε
3277 1867 3593 1924 Ohedientia
3623 1867 3782 1922 victi-

508 1962 627 2015 σωκ
650 1948 701 2002 in
742 1950 960 2005 homine
991 1951 1283 2007 laudabilia
1309 1962 1472 2007 sunt:
1508 1955 1563 2008 in
1604 1956 1715 2011 Deo
1744 1964 1923 2011 autem
1971 1970 2090 2010 esse

507 2054 613 2093 non
639 2049 867 2109 possunt
902 2059 914 2095 :
948 2042 1091 2097 sicut
1112 2043 1286 2112 pudor
1314 2055 1338 2083 ι
1368 2044 1585 2113 quidem
1624 2053 1844 2099 aatatum
1869 2045 2093 2099 viridio~

506 2144 626 2184 rum
672 2146 924 2200 magnum
970 2140 1055 2187 est
1090 2141 1467 2188 ornamentum
1495 2173 1509 2198 ,
1560 2134 1700 2188 sicut
1752 2134 1915 2188 timor
1952 2133 2082 2188 Dei:

503 2234 610 2275 non
636 2222 780 2276 enim
812 2229 1018 2276 tantum
1071 2223 1126 2277 in
1175 2224 1450 2278 veteribus
1497 2224 1649 2278 libris
1696 2224 1965 2288 laudatur,
1994 2224 2088 2278 sed

503 2311 794 2380 Apostolus
816 2313 979 2366 etiam
1001 2313 1133 2367 dicit
1160 2332 1170 2365 :
1202 2313 1250 2384 (ι
1275 2311 1397 2366 Cor.
1423 2329 1519 2376 vn,
1546 2314 1596 2385 1)
1619 2314 1941 2383 perﬁcientes
1968 2330 2090 2367 san-

499 2402 871 2471 ctiﬁcationem
898 2405 953 2458 in
974 2407 1159 2459 timore
1189 2406 1309 2471 Dei,
1341 2406 1432 2476 qui
1455 2407 1644 2475 utique
1685 2407 1865 2461 nullus
1892 2407 1944 2461 in
1980 2408 2088 2462 Deo

501 2503 602 2547 est.
620 2493 774 2549 Sicut
792 2494 1227 2562 ergolaudahilia
1246 2498 1527 2551 hominum
1551 2504 1697 2551 recte
1715 2496 2088 2566 intelliguntur

501 2583 557 2635 in
584 2582 711 2648 Deo,
735 2598 841 2638 non
858 2585 885 2623 δ
909 2593 969 2638 ut
992 2586 1047 2639 in
1076 2585 1403 2659 hominibus,
1427 2587 1528 2640 sed
1549 2585 1824 2639 vocabulis
1851 2594 2087 2639 tantum-

502 2674 663 2728 modo
692 2676 1069 2731 communibus
1092 2676 1246 2747 longe
1271 2676 1376 2731 alia
1404 2678 1630 2741 ratione,
1657 2685 1713 2732 et
1743 2678 1920 2733 modo.
1948 2677 2083 2731 Nam

500 2765 662 2834 paulo
690 2774 812 2835 post
840 2766 981 2821 idem
1018 2766 1257 2833 Samuel,
1282 2769 1367 2822 eui
1398 2769 1609 2823 dixerat
1638 2769 1897 2823 Dominus
1922 2789 1933 2822 :
1982 2787 2084 2840 pa:-

496 2858 624 2911 m'tet
659 2876 760 2923 me,
801 2860 942 2930 quod
984 2860 1340 2914 constituerim
1386 2877 1554 2931 regem
1596 2859 1745 2925 Saul,
1788 2862 1889 2931 ipsi
1934 2862 2081 2917 Sauli

496 2946 573 2999 ait
604 2948 670 3001 de
698 2948 809 3002 Deo
852 2947 903 3020 (I
935 2949 1063 3019 Reg.
1103 2964 1191 3014 xv,
1227 2949 1357 3020 29):
1406 2951 1655 3021 quoniam
1704 2968 1805 3005 non
1849 2961 1923 3006 est
1950 2953 2084 3007 sicut

498 3038 673 3103 homo,
710 3049 765 3092 ut
801 3042 1043 3111 paeniteat
1072 3057 1208 3095 eum.
1249 3041 1348 3097 Ubi
1393 3041 1649 3117 videlicet
1683 3042 1813 3097 satis
1852 3044 2086 3098 ostendit

496 3129 680 3194 etiam,
730 3128 853 3185 c’um
902 3132 1033 3187 dicit
1081 3132 1241 3197 Deus,
1282 3134 1509 3202 pmnilet
1553 3149 1663 3199 me,
1710 3150 1817 3194 non
1847 3137 2083 3189 humano

493 3236 649 3277 more
664 3224 1033 3293 accipiendum
1058 3240 1197 3289 esse,
1220 3225 1359 3279 sicut
1374 3226 1486 3295 jam
1508 3234 1768 3295 quanttun
1796 3226 2080 3293 valuimus,

497 3312 913 3383 disputavimus.
939 3334 958 3368 ι

566 3402 661 3468 (γ.
695 3406 758 3459 18
780 3445 795 3470 ,
825 3408 958 3478 etc.)
1000 3407 1217 3464 Veniens
1248 3419 1421 3464 autem
1464 3409 1678 3465 Samuel
1712 3412 1781 3464 ad
1822 3411 1974 3477 Saul,
2009 3416 2083 3467 ait

495 3493 567 3547 ad
596 3492 750 3548 Saul.
784 3494 907 3551 Sine
936 3514 1015 3553 me
1041 3509 1088 3552 et
1130 3500 1373 3553 indicabo
1409 3501 1500 3553 tibi
1525 3518 1639 3570 qua:
1664 3500 1867 3555 locutus
1886 3502 1953 3555 sit
1982 3500 2085 3555 Do-

496 3585 671 3640 minus
704 3588 773 3641 ad
808 3605 888 3643 me
918 3597 1084 3657 nocte,
1130 3591 1367 3661 dixitque
1395 3593 1443 3645 ei
1465 3605 1483 3641 :
1510 3591 1735 3662 loquere.
1771 3592 1839 3646 Et
1876 3595 1951 3646 ait
1981 3593 2083 3648 Sa-

494 3674 635 3729 muel
657 3689 678 3729 .'
696 3675 896 3733 “Nonne
932 3695 1049 3735 cum
1070 3680 1319 3751 paruulus
1342 3698 1476 3735 esses
1501 3683 1556 3735 in
1582 3682 1747 3736 oculis
1774 3683 1899 3749 tuis,
1928 3693 2082 3753 caput

494 3768 550 3820 in
577 3766 811 3822 tribubus
856 3767 1025 3823 Israel
1067 3770 1240 3839 factus
1268 3772 1368 3824 es?
1408 3783 1427 3809 ε
1460 3790 1478 3821 ‹
1524 3771 1788 3826 Parvulas
1817 3772 1870 3825 in
1911 3773 2083 3840 oculis

496 3857 610 3912 suis
644 3866 748 3923 est,
777 3859 865 3927 qui
898 3859 952 3914 in
981 3874 1046 3915 eo
1068 3861 1215 3929 quod
1235 3861 1586 3929 semetipsum
1624 3860 1954 3925 considerat,
1982 3863 2084 3916 im-

495 3962 685 4016 parem
716 3963 777 4003 se
811 3950 1004 4007 alienis
1049 3952 1260 4006 meritis
1302 3959 1516 4020 pensat.
1569 3950 1704 4005 Nam
1733 3954 1889 4021 quasi
1916 3968 2081 4023 gran-

495 4040 619 4095 dem
661 4052 720 4094 se
762 4042 1045 4111 conspicit,
1090 4036 1334 4111 quisquis
1366 4055 1425 4096 se
1467 4057 1629 4111 super
1671 4042 1848 4097 aliena
1890 4045 2082 4099 merita

494 4130 727 4187 elatione
752 4131 1093 4202 cogitationis
1119 4132 1381 4187 extendit.
1415 4130 1545 4185 Saul
1576 4141 1757 4186 autem
1796 4133 2079 4202 reprobus,

494 4220 553 4275 in
591 4221 758 4289 bono,
796 4223 941 4293 quod
978 4231 1245 4293 cmperat,
1289 4237 1397 4277 non
1434 4223 1753 4293 permansit,
1786 4224 1911 4293 quia
1942 4222 2081 4279 fastu

496 4320 760 4382 suscepta:
782 4315 1067 4383 potestatis
1099 4314 1389 4370 intumuit:
1415 4323 1472 4369 at
1497 4323 1683 4369 contra
1724 4314 1895 4369 David
1939 4330 2081 4369 sem-

493 4420 595 4477 per
639 4407 706 4463 de
758 4421 817 4461 se
871 4407 1095 4463 humilia
1142 4407 1404 4471 sentiens,
1453 4406 1803 4477 ejusdemque
1857 4406 1987 4462 Saul
2021 4422 2081 4463 se

2193 1969 2297 2024 mis
2319 1970 2441 2040 jure
2464 1967 2818 2039 praeponitur,
2851 1966 2979 2036 quia
3004 1979 3105 2035 per
3149 1964 3397 2019 victimas
3423 1961 3777 2023 alleua'caro,

2190 2074 2288 2131 per
2329 2060 2690 2116 obedientiam
2734 2074 2867 2113 vero
2912 2057 3166 2112 voluntas
3211 2054 3427 2125 propria
3476 2060 3775 2108 mactatur.

2191 2151 2363 2205 Tanto
2416 2152 2578 2219 igitur
2623 2150 2851 2218 quisque
2902 2149 3073 2203 Deum
3122 2147 3282 2201 citius
3324 2145 3521 2216 placat,
3568 2151 3780 2213 quanto

2190 2246 2313 2293 ante
2342 2237 2458 2305 ejus
2483 2238 2667 2293 oculos
2694 2251 2941 2307 repressa
2981 2236 3191 2289 arbitrii
3221 2234 3300 2289 sui
3345 2234 3597 2303 superbia
3658 2233 3776 2302 gla-

2189 2328 2276 2382 dio
2302 2327 2557 2398 praecepti
2588 2342 2646 2381 se
2673 2326 2917 2381 immolat
2944 2344 2957 2379 ε
3001 2340 3110 2395 quo
3136 2332 3327 2379 contra
3358 2324 3624 2379 ariolandi
3655 2338 3779 2392 pee-

2189 2425 2370 2471 catum
2394 2416 2758 2471 inobedientia
2785 2415 3007 2479 dicitur,
3033 2422 3095 2468 ut
3122 2422 3323 2484 quanta
3346 2412 3428 2468 sit
3450 2412 3629 2466 virtus
3655 2412 3778 2467 ohe

2188 2507 2401 2562 dientiae
2428 2508 2846 2562 demonstretur.
2877 2506 2957 2560 Ex
2980 2507 3205 2561 adverso
3222 2519 3362 2575 ergo
3382 2504 3578 2559 melius
3593 2514 3778 2560 osten-

2188 2598 2352 2663 ditur,
2393 2598 2521 2668 quid
2549 2597 2615 2651 de
2659 2597 2776 2667 ejus
2820 2596 2978 2651 laude
3013 2597 3295 2651 sentiatur.
3352 2594 3408 2648 Si
3449 2594 3590 2649 enim
3619 2595 3775 2663 quasi

2186 2698 2454 2759 peccatum
2508 2688 2775 2743 ariolandi
2822 2698 2897 2742 est
2939 2702 3250 2758 repugnare,
3296 2694 3347 2741 et
3401 2687 3551 2756 quasi
3598 2685 3775 2740 scelus

2188 2780 2501 2836 idololatriae
2527 2780 2664 2835 nolle
2694 2780 3046 2851 adquiescere,
3087 2778 3200 2833 sola
3223 2786 3330 2842 est,
3364 2792 3486 2846 quae
3509 2778 3635 2831 ﬁdei
3667 2792 3773 2832 me-

2186 2872 2348 2927 ritum
2388 2872 2647 2942 possidet,
2677 2872 2793 2926 sine
2829 2886 2935 2940 qua
2959 2870 3186 2940 quisque
3230 2868 3461 2925 inﬁdelis
3487 2883 3609 2923 esse
3634 2885 3771 2925 con-

2186 2963 2437 3027 vincitur,
2470 2962 2681 3016 etiamsi
2711 2960 2882 3015 fidelis
2922 2975 3042 3015 esse
3068 2959 3355 3023 videatur;
3380 2958 3510 3013 hinc
3530 2974 3630 3028 per
3674 2958 3769 3013 Sa.

2188 3054 2457 3108 lomonem
2499 3052 2553 3105 in
2581 3051 2890 3105 ostensione
2939 3048 3261 3104 obedientize
3306 3048 3546 3102 dicitur:
3581 3047 3766 3118 (Prov.

2189 3160 2301 3209 xxi,
2332 3143 2424 3215 28)
2481 3142 2574 3196 Vir
2604 3143 2843 3197 obedienc
2881 3142 3113 3212 loquitur
3142 3140 3381 3213 victorias
3402 3154 3421 3191 :
3451 3140 3537 3193 vir
3570 3140 3764 3209 quippe

2112 3201 2155 3263 C
2187 3201 2444 3290 obediens
2482 3232 2739 3287 victorias
2785 3230 3041 3299 loquitur,
3083 3227 3209 3297 quia
3241 3228 3369 3282 dum
3416 3227 3607 3281 aliena:
3648 3228 3765 3281 voci

2184 3324 2462 3380 humiliter
2489 3321 2792 3385 subdimur,
2839 3318 3201 3387 nosmetipsos
3241 3316 3298 3370 in
3349 3317 3514 3371 corde
3543 3331 3765 3385 supera-

2184 3430 2340 3478 mus;
2370 3414 2495 3468 hinc
2517 3413 2569 3465 in
2598 3409 2891 3481 Evangelio
2936 3407 3136 3461 veritas
3163 3406 3293 3460 dicit
3326 3424 3339 3458 :
3373 3404 3484 3473 (Io.
3516 3420 3591 3473 vi,
3620 3405 3689 3458 57
3719 3416 3765 3457 et

2183 3504 2272 3573 58)
2308 3504 2464 3567 Eum,
2497 3504 2585 3572 qui
2606 3502 2738 3555 venit
2758 3501 2826 3554 ad
2854 3515 2954 3562 me,
2982 3514 3087 3552 non
3112 3496 3322 3565 ejiciam
3347 3495 3513 3564 foras,
3548 3496 3685 3565 quire
3705 3495 3767 3545 de

2183 3594 2308 3648 cmlo
2328 3592 2591 3656 descendi,
2638 3608 2739 3644 non
2767 3599 2824 3643 ut
2865 3589 3060 3659 faciam
3101 3584 3416 3639 voluntatem
3446 3600 3635 3648 meam,
3678 3584 3766 3636 sed

2184 3682 2496 3735 voluntatem
2526 3680 2640 3749 ejus
2685 3679 2774 3748 qui
2810 3677 2951 3730 misit
2992 3690 3094 3727 me.
3139 3667 3291 3739 Quid
3315 3671 3506 3724 enim?
3534 3670 3582 3723 si
3610 3670 3765 3723 suam

2181 3773 2404 3838 faceret,
2434 3787 2546 3835 eos,
2579 3771 2669 3839 qui
2701 3770 2769 3823 ad
2802 3781 2939 3822 .eum
2973 3764 3216 3827 veniunt,
3268 3760 3599 3830 repulisset?
3634 3758 3766 3827 Quis

2182 3873 2364 3920 autem
2386 3864 2614 3926 nesciat,
2643 3860 2787 3930 quod
2810 3859 3061 3913 voluntas
3091 3855 3182 3909 filii
3212 3869 3243 3908 a
3284 3854 3461 3923 patris
3487 3853 3764 3909 voluntate

2181 3972 2289 4011 non
2335 3952 2647 4022 discrepet?
2695 3949 2802 4005 Sed
2846 3946 3100 4017 quoniam
3147 3945 3358 4013 primus
3402 3944 3589 4004 homo,
3637 3942 3762 4011 quia

2182 4056 2343 4103 suam’
2384 4044 2566 4099 facere
2608 4042 2941 4097 voluntatem
2970 4036 3158 4101 voluit,
3204 4049 3234 4088 a
3280 4032 3519 4104 paradisi
3569 4032 3763 4103 gaudio

2180 4138 2333 4200 exiit,
2370 4122 2639 4189 secundus
2662 4131 2729 4185 ad
2755 4128 3179 4197 redemptionem
3207 4123 3491 4179 hominum
3516 4122 3759 4183 veniens,

2181 4228 2309 4281 dum
2334 4224 2668 4279 voluntatem
2696 4236 2755 4276 se
2788 4220 2979 4290 patris,
3018 4225 3075 4272 et
3119 4230 3227 4270 non
3268 4228 3445 4290 suam,
3476 4212 3658 4268 facere
3681 4229 3763 4267 os-

2184 4317 2372 4381 tendit,
2401 4325 2724 4382 permanere
2759 4284 2858 4364 nos
2897 4308 3042 4362 intus
3066 4306 3266 4362 docuit.
3298 4284 3435 4359 cuin
3464 4304 3635 4373 igitur
3656 4318 3760 4357 non

2180 4422 2356 4471 suam,
2410 4404 2505 4460 sed
2534 4402 2705 4474 patris
2729 4400 3063 4455 voluntatem
3110 4396 3258 4460 facit,
3299 4410 3417 4460 eos,
3467 4394 3562 4464 qui
3591 4395 3658 4449 ad
3701 4409 3758 4449 se

496 4496 899 4565 comparatione
920 4504 1268 4567 postponens,
1314 4503 1602 4565 postquam
1643 4495 1869 4551 feriendi
1896 4496 2073 4551 locum
2100 4536 2153 4594 D
2178 4497 2422 4561 veniunt,
2451 4493 2597 4549 foras
2622 4505 2728 4547 non
2750 4487 2917 4559 ejicit,
2940 4487 3067 4557 quia
3092 4487 3219 4541 dum
3238 4483 3488 4587 exemplo
3506 4482 3762 4594 s‘uas‘obe-

496 4585 722 4654 reperit,
750 4592 808 4639 et
849 4586 1091 4655 pepercit
1138 4586 1311 4641 eidem
1356 4586 1597 4641 saevienti
1648 4586 1982 4651 adversario,
2019 4595 2075 4641 et

494 4674 689 4728 humili
740 4687 801 4729 se
848 4673 1184 4745 professione
1238 4676 1532 4745 prostravit
1580 4674 1805 4730 dicens:
1859 4674 1913 4745 (Ι
1941 4673 2070 4745 Reg.

496 4779 648 4830 xxiv,
676 4764 764 4837 15)
807 4764 971 4831 Quem
1003 4766 1343 4836 persequeris,
1387 4781 1478 4819 rea:
1518 4764 1708 4830 Israel,
1736 4781 1886 4835 quem
1906 4780 2075 4835 perse-

495 4857 670 4925 queris
693 4855 718 4908 2
742 4854 935 4909 Canem
979 4865 1242 4908 mortuum
1271 4863 1320 4907 et
1359 4853 1582 4923 pulicem
1608 4867 1791 4906 unum.
1835 4853 1903 4907 Et
1928 4860 2077 4908 certe

494 4944 609 5014 jam
633 4952 826 4999 unctus
855 4945 909 4997 in
936 4959 1119 5014 regem
1162 4944 1361 5009 fuerat,
1408 4942 1463 5013 (Ι
1488 4938 1617 5013 Reg.
1645 4958 1757 5006 xvi,
1790 4944 1837 5005 1,
1873 4942 2073 5009 12,15,

498 5034 628 5105 etc.)
651 5034 763 5102 jam
790 5042 1049 5090 exorante
1076 5033 1348 5099 Samuele,
1374 5041 1429 5088 et
1450 5048 1617 5087 cornu
1648 5048 1809 5102 super
1834 5048 1891 5087 se
1916 5033 1942 5072 ἀ
1974 5032 2079 5088 olei

500 5124 755 5180 fundente
797 5124 1084 5191 didicerat,
1122 5125 1270 5194 quod
1308 5137 1430 5180 eum
1478 5124 1655 5177 divina
1702 5124 1894 5191 gratia,
1951 5124 2079 5178 Saul

499 5220 807 5290 reprobato,
848 5219 915 5274 ad
943 5220 1092 5291 regni
1132 5218 1493 5290 gubernacula
1537 5220 1857 5289 possidenda
1898 5234 2081 5274 serva-

573 5437 597 5466 ·
619 5424 807 5480 Editus
831 5440 845 5475 :
874 5426 1012 5493 quod
1039 5435 1251 5478 celatum
1280 5437 1296 5474 :
1326 5438 1423 5491 per
1450 5431 1695 5493 Errorem
1720 5432 1789 5493 ut
1824 5431 1970 5492 puto.

572 5496 601 5535 δ
643 5492 973 5549 Hmc‘habet
1009 5495 1185 5549 editus
1230 5509 1258 5545 a
1300 5493 1547 5546 Patribus
1577 5492 1632 5547 S.
1662 5492 1849 5547 .Mauri
1879 5493 2027 5546 locus
2060 5508 2072 5545 :

503 5580 609 5620 non
640 5574 774 5618 recte
805 5564 1166 5634 intelliguntur
1186 5565 1241 5616 in
1264 5564 1393 5626 Deo,
1416 5563 1491 5615 sic
1520 5562 1760 5631 qucrdam
1792 5562 2078 5631 culpabilia

502 5634 773 5703 hominum
795 5632 1154 5703 intelliguntur
1182 5635 1237 5686 in
1267 5634 1399 5703 Deo,
1435 5648 1537 5703 non
1574 5633 1666 5684 ita.

576 5715 598 5743 ε
628 5701 755 5770 Qua:
784 5700 1078 5770 sequuntur
1100 5712 1281 5757 notata
1320 5700 1537 5769 virgulis
1558 5701 1824 5770 exscripta
1866 5709 1987 5754 sunt
2012 5715 2075 5755 ex

576 5717 598 5743 ε
628 5717 755 5770 una:
784 5718 841 5757 se
882 5717 1078 5757 nuntur
1100 5717 1281 5757 nctata
1320 5717 1537 5769 virgulis
1558 5717 1824 5769 exscripta
1866 5717 1884 5754 s

506 5784 621 5843 (up.
647 5773 717 5826 2‘2
740 5772 815 5843 [n.
844 5717 959 5843 1‘2.)
983 5773 1102 5829 libri
1125 5789 1286 5826 xxxrv
1316 5772 1369 5825 Β.
1408 5770 1651 5840 Gregorii
1692 5771 1743 5822 in
1769 5769 1884 5824 Job.

2180 4586 2396 4642 dientize
2421 4599 2521 4640 nos
2540 4582 2779 4650 subjicit,
2794 4580 2938 4633 viam
2961 4576 3120 4633 nobis
3139 4575 3470 4645 egressionis
3490 4574 3711 4628 claudit.
3734 4594 3753 4625 ι

2252 4677 2345 4745 (γ.
2361 4675 2477 4748 27.)
2501 4674 2793 4728 Conversus
2809 4679 2882 4724 est
2897 4678 3071 4722 autem
3088 4663 3300 4720 Samuel
3313 4674 3369 4717 ut
3392 4664 3562 4717 abiret
3589 4680 3609 4717 :
3633 4663 3759 4718 Saul

2180 4777 2353 4821 autem
2377 4762 2712 4835 apprehendit
2731 4760 3079 4815 summitatem
3092 4756 3241 4826 pallii
3252 4757 3390 4825 ejus,
3404 4772 3524 4824 quit
3535 4766 3585 4809 et
3600 4758 3757 4812 scissa

2181 4866 2274 4911 est.
2304 4854 2372 4908 Et
2401 4854 2475 4907 ait
2506 4852 2574 4906 ad
2598 4866 2717 4905 eum
2753 4847 2968 4904 Samuel
3000 4861 3018 4898 :
3049 4846 3202 4900 scidit
3241 4844 3503 4899 Dominus
3544 4860 3754 4913 regnum

2184 4945 2355 5001 Israel
2397 4961 2430 4997 a
2470 4952 2517 4997 te
2548 4942 2721 5006 hodie,
2764 4951 2813 4993 et
2848 4937 3068 4991 tradidit
3094 4936 3225 4989 illud
3263 4935 3506 5005 proximo
3542 4945 3632 4987 tuo
3664 4950 3760 4985 me-

2187 5037 2307 5089 liori
2330 5044 2399 5088 te.
2430 5030 2816 5101 Compellimur
2837 5025 2995 5095 juxta
3023 5024 3376 5095 Septuaginta
3405 5024 3756 5092 interpretum

2190 5123 2624 5184 translationem,
2657 5120 2798 5177 hanc
2826 5129 3028 5187 ponere
3058 5114 3405 5177 sententiam,
3438 5114 3564 5181 quia
3596 5110 3759 5165 multo

2190 5214 2417 5284 amplius
2464 5213 2628 5267 habet
2674 5209 2785 5263 illic
2816 5226 2827 5260 :
2868 5207 2887 5245 τ
2918 5206 2994 5260 ita
3021 5205 3167 5258 enim
3197 5203 3305 5257 illic
3332 5203 3599 5271 scriptum
3634 5208 3754 5255 est:

2254 5421 2279 5458 ἀ
2302 5420 2441 5473 Editi
2471 5439 2481 5471 :
2508 5418 2697 5473 oleum.

2260 5502 2283 5529 ε
2314 5490 2438 5544 Haec
2472 5490 2709 5557 reperies
2747 5487 2800 5539 in
2831 5484 3074 5539 numeris
3107 5482 3199 5545 28,
3242 5490 3295 5533 et
3334 5481 3405 5536 29
3450 5481 3573 5534 libri
3620 5493 3757 5533 xxxv

2186 5560 2632 5682 Mofr‘iililbni'ursus
2662 5624 2985 5681 exscribitur
3012 5619 3360 5691 Augustinus,
3407 5634 3529 5688 cap.
3564 5619 3594 5671 7
3638 5613 3759 5671 libri

2184 5714 2292 5753 xvn
2322 5698 2385 5751 de
2411 5696 2645 5751 Ciritatc.
