3912 6388
217 428 341 489 665
1125 430 1589 500 QUESTIONES
1629 426 1773 484 ΧΧῖ
1819 422 2044 486 SUPER
2083 430 2328 491 LIBROS
2367 432 2630 495 REGUM.
3388 446 3492 503 663

218 574 246 609 ι
300 554 421 610 Non
442 562 674 608 revertar
707 552 1037 622 tecum,quia
1066 550 1305 620 sprevisti
1329 549 1541 603 verbum
1560 545 1771 601 Domini
1793 560 1812 597 :
1840 544 1889 603 A
1916 546 2067 617 cujus
2090 547 2232 605 ﬁlius
2274 560 2391 605 erat
2432 551 2707 609 Salomon.
2750 553 3032 610 Postremo
3068 570 3213 611 nunc
3256 556 3400 615 inter
3431 576 3491 617 se

212 651 511 715 etspernet
541 652 589 696 te
612 640 893 707 Dominus,
942 654 1004 694 ne
1042 638 1115 692 sis
1153 655 1244 693 rea:
1292 654 1448 707 super
1495 634 1686 691 Israel.
1741 632 1812 686 Et
1911 650 2042 705 gens
2069 638 2296 694 Hebraea
2342 642 2512 697 divisa
2552 658 2659 699 non
2711 653 2828 711 est,
2880 648 2976 702 sed
3026 646 3396 706 indifferenter
3436 651 3491 706 in

211 736 479 791 convertit
529 733 743 790 Samuel
791 733 980 801 faciem
1017 746 1168 784 suam
1212 739 1268 782 ut
1308 729 1520 781 abiret:
1552 736 1601 781 et
1646 724 1810 779 tenuit
1910 727 2148 796 ejusdem
2186 733 2389 786 erroris
2414 735 2670 789 societate
2702 737 2943 807 dispersa
2978 752 3078 808 per
3114 746 3308 795 terras.
3343 740 3491 797 Divi-

209 825 370 880 Saul
397 826 608 895 pinnam
637 824 884 894 diploidis
920 823 1058 892 ejus,
1102 831 1150 875 et
1188 822 1387 889 dirupit
1414 836 1547 873 eam.
1576 818 1645 871 Et
1673 819 1807 872 dixit
1908 819 1989 873 sio
2009 836 2139 874 vero
2184 822 2308 887 illa,
2341 839 2501 891 quam
2528 826 2668 880 Deus
2719 829 2819 882 sub
2843 842 3075 898 persona
3128 828 3309 885 Saulis
3343 833 3488 892 illius

208 917 299 971 ad
324 933 444 971 eum
471 915 707 971 Samuel.
736 915 1005 983 Dirumpet
1028 913 1283 967 Dominus
1306 926 1520 981 regnum
1544 910 1606 963 ab
1636 908 1808 963 Israel
1908 909 2058 976 regni
2104 917 2158 963 et
2184 912 2364 979 populi
2396 913 2619 982 ﬁguram
2642 916 2877 983 gerentis
2904 917 3078 972 eidem
3107 933 3275 988 regno
3317 936 3487 990 popu.

206 1008 291 1061 de
317 1024 479 1061 manu
502 1018 593 1061 tua
620 1007 791 1067 hodie,
830 1015 877 1059 et
908 1005 1051 1056 dabit
1092 1004 1330 1073 proximo
1371 1011 1461 1053 tuo
1491 1002 1622 1054 bono
1651 1016 1808 1069 super

206 1106 291 1151 te.
325 1098 396 1152 Et
417 1099 680 1152 dividetur
704 1096 875 1151 Israel
894 1098 949 1150 in
978 1096 1084 1148 duo
1115 1109 1132 1145 :
1156 1104 1204 1147 et
1222 1109 1324 1147 non
1344 1103 1687 1156 conrerletur,
1711 1108 1802 1145 ne-

206 1203 325 1257 que
345 1188 608 1257 panitebit
648 1203 788 1253 eum,
837 1186 1085 1257 quoniam
1123 1200 1225 1237 non
1253 1192 1327 1237 est
1368 1184 1502 1237 sicut
1536 1184 1710 1246 homo,
1747 1191 1802 1235 ut

205 1282 468 1348 paniteat
505 1296 643 1333 eum.
676 1278 798 1348 Ipse
840 1278 1094 1341 minatur,
1130 1285 1180 1330 et
1206 1292 1308 1329 non
1345 1282 1634 1345 permanet.
1672 1274 1797 1337 Iste,

201 1369 314 1421 cui
353 1369 587 1423 dicitur:
626 1376 828 1438 spernet
885 1377 934 1420 te
981 1366 1240 1420 Dominus
1285 1381 1347 1418 ne
1386 1365 1458 1418 sis
1513 1380 1605 1417 rea:
1647 1378 1803 1433 super

198 1437 429 1521 Israel;
475 1465 530 1511 et
550 1437 820 1524 dirumpet
871 1455 1132 1509 Dominus
1179 1468 1407 1523 regnum
1432 1452 1499 1518 ab
1520 1450 1687 1506 Israel
1734 1452 1801 1505 de

201 1559 385 1599 manu
408 1554 496 1600 tua
526 1546 708 1609 hodie,
737 1543 1097 1614 quadraginta
1131 1542 1384 1613 regnavit
1421 1556 1592 1605 annos
1634 1556 1799 1610 super

198 1638 405 1703 Israel,
441 1646 590 1692 tanto
618 1638 1028 1706 scilicet-spatio
1057 1637 1337 1705 temporis,
1368 1644 1571 1703 quanto
1604 1642 1658 1689 et
1684 1634 1797 1702 ipse

200 1725 412 1781 David.
443 1727 512 1781 Et
548 1726 753 1781 audivit
781 1726 883 1780 hoc
910 1726 1087 1793 primo
1133 1733 1375 1793 tempore
1406 1725 1554 1794 regni
1585 1723 1685 1786 sui,
1737 1730 1796 1776 ut

197 1814 580 1885 intelligamus
617 1816 737 1871 ideo
772 1815 998 1881 dictum,
1030 1815 1157 1884 quia
1184 1815 1365 1869 nullus
1395 1815 1462 1870 de
1482 1816 1650 1883 stirpe
1679 1812 1795 1881 ejus

1905 994 2062 1064 loque
2086 998 2321 1055 minatus
2349 1009 2453 1066 est,
2485 1011 2684 1057 aeterna
2716 1013 2879 1074 atque
2925 1007 3281 1064 immutabilis
3322 1011 3489 1081 signi-

1905 1083 2062 1139 ﬁcata
2087 1096 2191 1152 est,
2216 1105 2311 1159 per
2334 1092 2438 1145 hoc
2464 1094 2607 1160 quod
2634 1095 2945 1163 adiunctum
2977 1108 3059 1151 est
3090 1118 3101 1152 :
3129 1100 3197 1153 Et
3223 1117 3326 1155 non
3363 1120 3485 1157 coru-

1906 1183 2150 1239 vertetur,
2191 1194 2352 1248 neque
2386 1181 2644 1248 paenitebit
2673 1200 2808 1246 eum,
2840 1186 3087 1254 quoniam
3108 1206 3213 1243 non
3231 1201 3308 1244 est
3346 1192 3484 1246 sicut

1904 1261 2057 1316 homo
2080 1273 2135 1316 ut
2158 1268 2400 1334 pmniteat
2422 1286 2559 1323 eum.
2587 1270 2707 1341 Ipse
2725 1273 2975 1339 minatur,
3002 1284 3051 1329 et
3073 1294 3176 1331 non
3190 1291 3478 1347 permanet.

1902 1350 1960 1404 ld
1985 1360 2071 1407 est
2098 1354 2260 1408 homo
2282 1356 2537 1422 minatur,
2569 1367 2624 1412 et
2656 1374 2762 1414 non
2785 1375 3091 1430 permanet,
3144 1381 3251 1420 non
3298 1377 3479 1423 autem

1901 1440 2067 1508 Deus,
2094 1458 2254 1513 quem
2282 1462 2390 1501 non
2435 1450 2663 1517 poenitet
2698 1451 2839 1505 sicut
2869 1454 3143 1509 hominem
3169 1474 3180 1509 :
3213 1456 3302 1511 ubi
3328 1460 3476 1515 enim

1900 1530 2096 1602 legitur
2121 1535 2261 1602 quod
2290 1537 2718 1605 pwiiteatcum,
2766 1543 2995 1605 mutatio
3042 1555 3223 1598 rerum
3268 1548 3479 1617 signiﬁ-

1900 1631 2054 1677 catur
2083 1624 2405 1681 immutabili
2443 1630 2783 1697 prazscientia
2829 1642 3081 1688 manente
3116 1635 3316 1690 divina.
3375 1637 3478 1692 Ubi

1898 1726 2027 1781 ergo
2048 1728 2155 1766 non
2187 1716 2452 1784 paenitere
2496 1717 2717 1783 dicitur,
2746 1735 2855 1775 non
2888 1730 3099 1777 mutare
3128 1724 3472 1796 intelligitur.

1897 1801 2129 1858 Prorsus
2157 1804 2497 1861 insolubilem
2540 1810 2787 1865 videmus
2813 1826 2908 1880 per
2936 1814 3051 1869 hmo
3079 1814 3242 1870 verba
3291 1818 3474 1886 prola-

195 1901 397 1959 ῖυεηι
424 1913 762 1976 regnaturus,
787 1905 855 1958 Et
876 1905 1231 1973 respiciamus
1260 1905 1328 1958 ad
1351 1905 1574 1973 stirpem
1603 1903 1792 1967 David,
1816 1914 1872 1976 Β
1899 1898 2010 1946 tam
2038 1893 2295 1950 divinitus
2315 1895 2480 1952 fuisse
2506 1900 2833 1954 sententiam
2858 1902 2924 1957 de
2953 1902 3055 1957 ista
3084 1903 3347 1961 divisione
3382 1922 3478 1977 po-

194 1992 359 2047 unde
386 2000 607 2047 exortus
649 2000 734 2047 est
784 1994 1080 2047 secundum
1126 2007 1348 2046 carnem
1392 1992 1659 2047 mediator
1694 1992 1791 2046 Dei

194 2090 261 2137 et
290 2084 572 2137 hominum
597 2085 760 2139 homo
789 2084 1038 2138 Christus
1059 2082 1237 2139 Iesus.
1270 2082 1387 2138 Non
1418 2091 1599 2139 autem
1628 2085 1793 2139 habet

194 2168 493 2240 Scriptura
520 2174 674 2241 quod
717 2172 771 2226 in
804 2172 1077 2243 plerisque
1118 2173 1302 2226 latinis
1340 2173 1619 2229 codicibus
1659 2174 1789 2243 legi-

191 2268 296 2316 tur
314 2280 329 2315 ;
347 2263 604 2332 dirumpet
618 2262 877 2317 Dominus
892 2279 1108 2333 regnum
1124 2262 1294 2317 Israel
1303 2264 1367 2317 de
1380 2280 1539 2317 manu
1554 2274 1666 2327 tua,
1693 2266 1788 2318 sed

189 2351 350 2405 sicut
365 2367 394 2404 a
416 2352 572 2405 nobis
586 2352 819 2420 positum
835 2360 920 2405 est
932 2352 1210 2406 inventum
1227 2352 1281 2404 in
1297 2351 1501 2406 Gl‘tBCiS
1518 2371 1530 2404 :
1550 2352 1790 2405 Disrum-

188 2453 285 2512 ρει
302 2444 559 2498 Dominus
578 2461 790 2515 regnum
806 2444 976 2498 Israel
994 2444 1057 2497 de
1078 2461 1238 2497 manu
1255 2453 1367 2497 tua.
1385 2443 1457 2505 Ut
1473 2432 1789 2499 hoc‘intelli-

190 2540 363 2601 gatur
380 2533 446 2587 de
468 2548 631 2586 manu
653 2542 767 2597 tua,
796 2533 939 2601 quod
960 2541 1045 2585 est
1066 2532 1135 2585 ab
1147 2532 1331 2586 Israel.
1347 2532 1537 2601 Populi
1565 2548 1695 2603 ergo
1714 2533 1789 2587 Is-’

189 2623 315 2676 rael
344 2638 631 2691 personam
679 2624 909 2693 ﬁgurate
954 2625 1176 2694 gerebat
1202 2624 1363 2677 homo
1397 2625 1518 2688 iste,
1558 2624 1651 2693 qui
1690 2638 1785 2692 po-

188 2713 364 2781 pulus
435 2729 657 2784 regnum
728 2714 905 2767 fuerat
961 2714 1305 2777 amissurus,
1378 2713 1599 2769 Christo
1650 2711 1782 2769 Jesu

190 2801 433 2858 Domino
460 2813 646 2858 nostro
671 2819 770 2872 per
781 2803 990 2857 Novum
1010 2804 1436 2858 Testamentum.
1460 2818 1567 2857 non
1588 2819 1783 2858 carna-

190 2897 347 2962 liter,
378 2897 472 2951 sed
503 2897 862 2966 spiritualiter
891 2906 1207 2967 reguaturo.
1245 2896 1321 2949 De
1354 2911 1461 2964 quo
1491 2912 1613 2950 cum
1649 2896 1781 2950 dici-

190 2994 288 3039 tur
317 2986 462 3039 dabit
498 2986 631 3039 illud
655 2988 895 3057 proximo
931 2996 1042 3050 tuo,
1080 2986 1148 3039 ad
1189 2987 1371 3040 carnis
1402 2986 1779 3054 cognationem

190 3077 452 3131 refertur.
482 3077 559 3131 Ex
590 3076 755 3131 Israel
774 3076 916 3130 enim
943 3076 1191 3131 Christus
1205 3075 1503 3130 secundum
1532 3092 1775 3141 carnem,

187 3168 342 3220 unde
369 3175 425 3220 et
444 3165 590 3221 Saul.
620 3165 775 3233 Quod
818 3182 946 3221 vero
971 3167 1211 3220 additum
1247 3175 1326 3220 est
1361 3166 1493 3239 bono
1523 3184 1679 3237 super
1704 3177 1774 3231 te,

1894 1984 2007 2054 puli
2036 1984 2219 2051 Israel,
2252 1995 2308 2043 et
2334 1989 2558 2043 omnino
2598 1999 2935 2060 perpetuam.
2967 1993 3287 2065 Quicunque
3331 1999 3475 2052 enim

1892 2079 1959 2132 ad
1989 2078 2267 2133 Christum
2290 2081 2649 2147 transierunt,
2691 2083 2772 2137 vel
2808 2090 3107 2150 transeunt,
3143 2086 3226 2140 vel
3274 2088 3474 2144 transi-

1888 2169 2027 2225 bunt
2054 2171 2195 2237 inde,
2238 2188 2344 2226 nou
2381 2181 2537 2227 erant
2564 2172 2687 2229 inde
2737 2177 3036 2232 secundum
3060 2176 3159 2233 Dei
3185 2181 3477 2249 praescien-

1891 2261 2049 2324 tiam.
2081 2278 2186 2317 non
2214 2264 2512 2318 secundum
2536 2266 2751 2334 generis
2772 2267 2992 2322 humani
3019 2283 3181 2323 unam
3208 2271 3479 2328 eamdem—

1890 2366 1996 2420 que
2020 2360 2290 2407 naturam.
2310 2353 2521 2418 Rursus
2542 2355 2852 2425 quicunque
2872 2372 2939 2411 ex
2964 2357 3276 2416 Israeliticis
3297 2361 3478 2417 adhae-

1890 2451 2073 2498 rentes
2107 2443 2326 2499 Christo
2354 2454 2707 2514 perseverant
2748 2447 2801 2501 in
2835 2446 2948 2513 illo,
3007 2462 3281 2519 nunquam
3308 2459 3473 2506 erunt

1887 2549 2010 2590 cum
2036 2536 2364 2600 Israeliticis,
2389 2538 2480 2607 qui
2509 2536 2627 2605 ejus
2649 2539 2854 2594 inimici
2880 2555 3052 2609 usque
3081 2541 3137 2595 in
3164 2540 3326 2596 ﬁnem
3347 2543 3473 2599 vita:

1886 2626 2045 2709 hujus
2072 2642 2194 2689 esse
2220 2627 2539 2696 persistunt,
2574 2629 2668 2683 sed
2695 2629 2748 2685 in
2773 2629 3056 2694 divisione,
3072 2646 3194 2699 quae
3219 2632 3310 2686 hic
3328 2648 3471 2703 pra:-

1886 2715 2134 2768 nuntiata
2157 2723 2242 2769 est
2263 2723 2543 2785 perpetuo,
2563 2717 2980 2783 permanebunt.
3008 2718 3150 2771 Nihil
3174 2720 3321 2773 enim
3346 2735 3472 2792 pro-

1884 2806 2007 2861 dest
2032 2814 2414 2861 testamentum
2435 2814 2591 2861 vetus
2613 2802 2755 2879 (Gal.
2777 2806 2833 2860 4.
2859 2806 2951 2877 24)
2976 2805 3040 2861 de
3062 2816 3232 2862 mante
3255 2807 3388 2863 Sina
3412 2810 3469 2865 in

1883 2897 2184 2950 seruitutem
2215 2912 2503 2966 generans;
2533 2896 2639 2950 nisi
2668 2896 3195 2965 quia’testimonium
3220 2900 3469 2967 perbibet

1883 2992 2210 3039 testamento
2242 3000 2402 3049 novo,
2462 2985 2700 3055 alioquin
2754 2984 2993 3054 quandiu
3036 2985 3236 3056 legitur
3257 2986 3470 3058 Moyses

1883 3072 1968 3143 (II
1998 3072 2120 3127 Cur.
2144 3075 2198 3129 5.
2223 3074 2290 3129 15
2316 3083 2365 3127 et
2391 3072 2761 3144 16),velamcn
2788 3089 2952 3142 supra
2974 3075 3137 3129 corda
3162 3089 3350 3129 eorum
3376 3091 3468 3146 po-

1880 3163 2044 3219 situm
2065 3173 2179 3231 est;
2209 3178 2331 3219 cum
2345 3174 2526 3218 autem
2542 3164 2771 3232 quisque
2788 3163 3065 3218 transierit
3089 3164 3156 3218 ad
3167 3162 3466 3231 Christum,
3510 3208 3513 3211 η

187 3263 376 3322 potest
398 3256 615 3323 quidem
664 3255 889 3326 intelligi
944 3255 1149 3309 meliori
1192 3265 1261 3320 te,
1294 3271 1420 3309 nam
1467 3266 1521 3310 et
1557 3258 1774 3326 quidam
1803 3254 1848 3316 C
1880 3253 2154 3309 auferetur
2199 3255 2465 3308 velamen.
2517 3253 2937 3307 Transeuntium
2988 3254 3187 3324 quippe
3233 3254 3466 3311 intentio

186 3346 271 3400 sic
294 3346 635 3416 interpretati
662 3356 809 3412 sunt,
856 3347 951 3401 sed
978 3346 1172 3401 melius
1217 3348 1295 3401 sic
1340 3348 1603 3417 accipitur
1640 3349 1772 3403 bono

184 3454 353 3506 super
375 3449 443 3501 te,
469 3446 530 3491 ut
569 3439 694 3506 quia
723 3438 812 3493 ille
838 3439 1009 3492 bonus
1043 3445 1156 3502 est;
1207 3437 1329 3492 ideo
1373 3439 1445 3492 sit
1490 3454 1654 3508 super
1696 3450 1768 3503 te,

180 3526 345 3597 juxta
390 3528 521 3582 illud
555 3528 973 3597 propheticum:
1015 3524 1187 3598 (Psal.
1242 3542 1350 3582 cxx.
1386 3527 1438 3598 l)
1480 3527 1658 3582 Donec
1685 3546 1773 3599 po-

186 3634 316 3671 nam
340 3616 577 3670 inimicos
598 3626 715 3670 tuos
738 3633 913 3672 omnes
943 3616 1039 3670 sub
1063 3616 1281 3686 pedibus
1313 3617 1436 3669 tuis.
1483 3615 1543 3670 In
1575 3618 1772 3687 quibus

184 3714 273 3760 est
296 3705 483 3771 Israel,
510 3707 598 3761 cui
628 3720 727 3759 suo
749 3705 1089 3775 persecutori
1111 3719 1336 3772 regnum
1364 3704 1588 3760 abstulit
1615 3705 1773 3763 Chri-

185 3803 330 3860 stus,
358 3795 607 3865 quamvis
633 3794 797 3849 fuerit
823 3794 934 3848 illic
954 3803 1008 3849 et
1033 3794 1223 3857 Israel,
1256 3795 1311 3851 in
1338 3810 1445 3864 quo
1471 3795 1624 3853 dolus
1668 3812 1773 3857 non

188 3896 335 3950 erat,
367 3886 477 3956 (Io.
508 3887 558 3939 1.
588 3885 679 3958 47)
703 3888 974 3955 quoddam
996 3887 1152 3956 quasi
1192 3886 1525 3942 Irumemum
1558 3888 1771 3943 illarum

183 3977 487 4046 palearum.
541 3976 675 4031 Nam
722 3978 911 4047 utique
955 3978 1080 4032 inde
1130 3985 1285 4031 erant
1328 3979 1599 4046 apostoli,
1646 3979 1772 4035 inde

184 4073 267 4119 tot
315 4064 615 4136 martyres,
667 4081 899 4135 quorum
940 4066 1089 4135 prior
1135 4063 1477 4135 Stephanus,
1520 4067 1646 4121 inde
1692 4075 1773 4123 tot

185 4154 468 4221 Ecclesia,
516 4172 654 4226 quas
691 4155 982 4226 Apostolus
1030 4154 1173 4227 (Gal.
1216 4157 1264 4209 1.
1312 4156 1403 4226 21)
1451 4172 1773 4213 commemo-

184 4256 289 4312 rat,
316 4248 371 4300 in
396 4247 750 4302 conversione
764 4244 881 4314 ejus
901 4246 1309 4317 magniﬁcantes
1336 4248 1527 4303 Deum.

260 4355 279 4387 ι
324 4337 400 4391 De
424 4352 531 4406 qua
557 4352 618 4391 re
661 4352 768 4392 non
797 4337 986 4391 dubito
1014 4336 1420 4406 intelligendum
1468 4353 1589 4393 esse
1625 4339 1768 4407 quod

183 4426 543 4496 sequimnEt
571 4428 833 4481 dividetur
853 4426 1023 4480 Israel
1048 4427 1103 4480 in
1133 4426 1258 4479 duo.
1291 4425 1347 4479 In
1372 4426 1537 4481 Israel
1562 4427 1769 4482 scilicet

183 4517 462 4571 inimicum
506 4515 745 4579 Christo,
791 4524 847 4570 et
882 4514 1047 4570 Israel
1094 4515 1459 4570 adhaerentem
1500 4513 1762 4571 Christo:

1876 3346 1992 3415 ipsa
2024 3354 2264 3404 mutatur
2284 3347 2353 3401 de
2378 3354 2559 3407 vetere
2582 3347 2650 3400 ad
2678 3362 2899 3413 novum,
2915 3356 2977 3401 ut
2999 3362 3106 3402 non
3130 3349 3363 3417 quisque
3382 3349 3468 3409 in-

1875 3439 2314 3508 tendataccipere
2325 3439 2619 3503 carnalem,
2633 3438 2729 3492 sed
2741 3439 3075 3508 spiritualem
3088 3439 3460 3511 Ielicitatem.s

1948 3527 2098 3599 (Cap.
2140 3529 2220 3583 l5.
2248 3528 2363 3600 33.)
2398 3528 2635 3599 Sumpsit
2661 3547 2784 3601 ergo
2814 3528 3028 3584 Samuel
3050 3530 3308 3601 gladium,
3334 3540 3384 3584 ct
3408 3532 3463 3584 in

1875 3618 2045 3687 frusta
2074 3618 2299 3671 concidit
2322 3620 2488 3688 Agag.
2546 3618 2700 3685 Quod
2735 3617 2984 3674 faciendo
3014 3608 3260 3685 samuel,
3292 3634 3463 3689 usque

1877 3705 2011 3761 adeo
2036 3721 2141 3761 non
2171 3707 2430 3775 peccavit,
2467 3715 2525 3760 ut
2554 3721 2660 3761 non
2694 3707 2943 3761 faciendo
2986 3716 3259 3777 peccaret.
3314 3707 3457 3766 Deus

1868 3796 2019 3851 enim
2039 3796 2202 3865 jussit
2237 3796 2469 3850 interﬁci
2517 3796 2907 3862 Amalechitas,
2948 3798 3039 3866 qui
3074 3799 3262 3867 utique
3309 3801 3459 3855 novit

1874 3900 1983 3939 non
2010 3884 2180 3938 solum
2206 3887 2503 3940 secundum
2537 3886 2702 3948 facta,
2745 3902 2934 3941 verum
2958 3889 3124 3941 etiam
3166 3889 3459 3943 secundum

1871 3986 1969 4025 cor
1997 3972 2249 4036 hominis,
2280 3974 2408 4041 quid
2440 3975 2833 4044 unusquisque,
2864 3976 2949 4029 vel
2998 3992 3094 4045 per
3126 3993 3286 4046 quem
3328 3993 3454 4047 per-

1871 4064 1983 4132 peti
2006 4063 2219 4119 debeat.
2242 4064 2446 4133 Dignus
2472 4080 2601 4134 crgo
2626 4075 2744 4120 erat
2788 4066 2939 4132 Saul,
2972 4069 3059 4121 cui
3109 4068 3238 4122 talia
3278 4068 3459 4136 injun—

1872 4163 2149 4223 gerentur,
2204 4164 2365 4225 atque
2419 4156 2793 4222 Amalechitaz,
2830 4166 2888 4212 ut
2919 4158 3045 4215 talia
3089 4166 3409 4228 paterentur
3435 4198 3455 4227 ,

1872 4248 1965 4317 qui
1987 4247 2171 4302 divino
2196 4247 2400 4301 nomini
2424 4248 2683 4301 honorem
2714 4263 2823 4301 non
2848 4248 3133 4314 dederant,
3164 4249 3256 4304 sed
3279 4264 3453 4319 popu-

1870 4337 1981 4391 lum
2016 4336 2134 4401 Dei,
2167 4336 2257 4405 qui
2284 4337 2429 4392 sicco
2452 4337 2678 4407 vestigio
2724 4353 2875 4393 mare
2908 4340 3220 4405 transierat,
3261 4339 3453 4396 interii

1868 4442 2016 4482 mere
2046 4426 2294 4481 voluerat
2321 4425 2516 4497 (Exod.
2554 4427 2637 4479 17.
2667 4427 2744 4497 8).

1938 4516 2107 4587 Igitur
2129 4516 2413 4571 recedente
2434 4532 2464 4570 a
2492 4516 2619 4571 Saul
2650 4518 2876 4572 Domino
2899 4526 3120 4588 propter
3140 4518 3451 4575 inobedicn-

184 4605 238 4657 in
264 4603 429 4660 Israel
450 4605 519 4659 ad
555 4603 826 4669 ancillam,
862 4612 917 4657 et
962 4604 1016 4657 in
1047 4602 1215 4657 Israel
1240 4604 1307 4659 ad
1338 4604 1563 4657 liberam
1591 4606 1761 4673 perti-
1787 4581 1841 4641 Ῑ)
1870 4581 2018 4671 tiam,
2050 4615 2298 4675 arreptus
2320 4614 2403 4660 est
2439 4606 2671 4676 maligno
2707 4581 2955 4677 spiritu-a
2982 4581 3234 4673 Domino,
3273 4610 3455 4665 irrueo

185 4704 401 4750 nentem
434 4713 448 4750 :
483 4710 605 4749 nam
638 4696 740 4749 ista
771 4694 876 4748 duo
907 4710 1106 4765 genera
1136 4696 1371 4763 primum
1398 4695 1559 4749 simul
1585 4706 1759 4761 erant,

184 4787 329 4840 velut
372 4786 649 4840 Abraham
708 4786 886 4840 adhuc
934 4784 1245 4840 adhaerente
1293 4786 1543 4851 ancillae,
1594 4787 1765 4842 donec

185 4877 384 4929 sterilis
414 4891 511 4946 per
539 4875 636 4931 Dei
667 4876 901 4943 gratiam
935 4875 1221 4930 lecundata
1268 4875 1569 4930 clamaret:
1606 4874 1758 4946 (Cen.

185 4966 271 5020 ει.
302 4965 391 5036 10)
420 4966 567 5036 Ejice
610 4965 859 5019 ancillam
895 4976 943 5019 et
984 4966 1153 5033 ﬁlium
1197 4965 1327 5035 ejus.
1369 4966 1596 5035 Propter
1631 4982 1760 5035 pec—

184 5068 360 5108 catum
393 5055 608 5125 quidem
644 5055 981 5119 Salomonis,
1023 5066 1283 5126 regnante
1332 5057 1441 5112 ﬁlio
1488 5056 1605 5126 ejus
1647 5058 1759 5112 llo-

186 5145 360 5211 beam,
390 5146 510 5217 (III
543 5147 672 5217 Reg.
730 5147 815 5217 12)
856 5147 1057 5202 scimus
1083 5147 1244 5201 Israel
1274 5148 1327 5201 in
1354 5150 1459 5203 duo
1488 5149 1653 5205 fuisse
1680 5150 1760 5205 di-

184 5238 355 5292 visum
391 5254 404 5291 :
439 5247 601 5308 atque
638 5239 712 5294 ita
740 5253 1146 5309 perseverasse,
1184 5241 1507 5296 habentibus
1536 5242 1759 5313 singulis

184 5329 424 5396 partibus
461 5344 613 5398 reges
641 5345 787 5391 suos,
819 5331 987 5383 donec
1017 5329 1103 5382 illa
1141 5344 1271 5399 gens
1313 5338 1423 5384 tota
1446 5348 1475 5384 a
1506 5331 1757 5386 Chaldeis

186 5430 324 5475 esset
354 5421 555 5489 ingenti
589 5422 892 5476 vastatione
938 5422 1217 5483 subversa,
1267 5430 1427 5490 atque
1472 5422 1751 5477 translata.

189 5507 286 5564 Sed
311 5511 415 5564 hoc
449 5510 577 5579 quid
603 5511 670 5563 ad
707 5510 961 5565 Saulem?
988 5512 1031 5564 si
1064 5511 1171 5564 tale
1196 5510 1397 5579 aliquid
1419 5514 1756 5567 comminan-

188 5598 303 5652 dum
336 5606 499 5663 esset,
525 5598 624 5667 ipsi
668 5598 832 5652 David
869 5599 1045 5653 fuerat
1082 5600 1261 5669 potius
1296 5600 1754 5667 comminandum,

250 5747 273 5774 ι
314 5737 388 5791 Ea
430 5735 610 5790 omnia
640 5750 783 5805 sane
824 5750 928 5789 non
980 5749 1172 5802 pauca,
1205 5752 1324 5805 qua:
1361 5750 1481 5788 mox
1536 5732 1745 5791 lineolis

190 5816 279 5868 pro
308 5821 459 5861 more
505 5804 859 5869 notabuntur,
888 5805 1167 5874 desumpta
1207 5804 1331 5860 Sunt
1373 5822 1434 5858 ex
1460 5806 1758 5875 Augustino

1865 4698 2065 4765 batque
2099 4697 2323 4766 spiritus
2374 4697 2585 4750 Domini
2639 4698 2691 4751 in
2722 4713 2845 4752 eum
2886 4698 3170 4768 malignus.
3209 4711 3232 4738 α
3268 4717 3285 4748 ι
3326 4698 3446 4755 Iam

1864 4802 1994 4841 vero
2016 4787 2167 4849 illud,
2205 4786 2347 4855 quod
2379 4787 2540 4841 etiam
2572 4787 2741 4841 malus
2770 4788 3068 4858 appellatus
3108 4798 3191 4843 est
3222 4789 3447 4858 spiritus

1863 4876 2099 4941 Domini,
2140 4877 2220 4930 sic
2251 4876 2568 4946 intelligitur
2614 4880 2883 4947 quomodo
2925 4879 3124 4933 dictum
3169 4887 3295 4933 est:
3341 4878 3447 4933 Βο-

1862 4966 1991 5019 mini
2017 4976 2092 5019 est
2116 4976 2280 5030 terra,
2318 4975 2576 5039 tanquam
2617 4975 2890 5032 creatura,
2932 4976 2987 5022 et
3013 4969 3066 5022 in
3108 4966 3224 5035 ejus
3266 4969 3444 5037 posita

1866 5063 2136 5126 potestate
2162 5074 2174 5108 :
2202 5064 2297 5109 aut
2325 5056 2371 5109 si
2407 5064 2691 5124 propterea
2735 5072 2843 5110 non
2869 5059 3118 5121 congruit
3144 5060 3247 5113 hoc
3290 5057 3440 5112 locu-

1869 5148 2027 5203 tionis
2071 5147 2393 5216 exemplum,
2434 5147 2560 5216 quia
2610 5154 2756 5201 terra
2802 5164 2911 5204 non
2956 5158 3038 5203 est
3068 5150 3223 5213 mala,
3258 5149 3309 5220 (Ι
3360 5149 3442 5203 Ti-

1864 5240 2025 5292 motlz.
2051 5238 2103 5291 ι.
2135 5237 2189 5305 4)
2224 5237 2390 5290 omnis
2413 5238 2549 5288 enim
2589 5246 2831 5291 creatura
2866 5238 2960 5291 Dei
2995 5240 3129 5293 bona
3179 5250 3279 5303 est,
3311 5238 3440 5292 illud

1864 5335 2144 5397 congruat,
2172 5326 2313 5393 quod
2338 5325 2453 5393 ipse
2476 5323 2603 5378 Saul
2618 5324 2732 5393 jam
2751 5328 3038 5394 reprobus,
3055 5328 3437 5390 etsceleratus,

1865 5426 2023 5486 atque
2072 5416 2314 5482 ingratus
2348 5423 2531 5469 sancto
2562 5410 2728 5469 David
2770 5426 3086 5484 persecutor
3119 5417 3281 5471 etiam
3323 5418 3442 5486 ejus

1865 5522 1987 5562 cum
2026 5506 2335 5559 szevissima:
2384 5504 2597 5558 invidia:
2638 5504 2851 5559 lacibus
2890 5506 3210 5576 agitaretur,
3260 5514 3439 5567 tamen

1865 5599 2038 5653 adhuc
2071 5594 2322 5649 Christus
2353 5594 2564 5649 Domini
2597 5593 2895 5657 dicebatur,
2927 5596 3067 5649 sicut
3091 5610 3213 5649 eum
3259 5593 3441 5663 appel-

1855 5734 2265 5809 hajc‘scrihentc
2292 5749 2515 5790 numero
2533 5734 2563 5788 4
2586 5735 2905 5801 Quaestionis
2938 5737 2957 5790 l
2990 5734 3112 5809 libri
3142 5751 3177 5788 ιι
3210 5735 3277 5787 ad
3301 5734 3439 5789 Sim-

1861 5806 2167 5875 pliciauum.
