  <div class='ocr_page' id='page_1' title='image "/cluster/home/n/w/nwhite01/storage/ocr_20150623/104/uva.x000827061/341.png"; bbox 0 0 3912 6374; ppageno 0'>
   <div class='ocr_carea' id='block_1_1' title="bbox 429 423 534 482">
    <p class='ocr_par' dir='ltr' id='par_1_1' title="bbox 429 423 534 482">
     <span class='ocr_line' id='line_1_1' title="bbox 429 423 534 482; baseline -0.019 0"><span class='ocrx_word' id='word_1_1' title='bbox 429 423 534 482; x_wconf 72' lang='grc'><strong>80⁸1</strong></span> 
     </span>
    </p>
   </div>
   <div class='ocr_carea' id='block_1_2' title="bbox 1494 413 2623 479">
    <p class='ocr_par' dir='ltr' id='par_1_2' title="bbox 1494 413 2623 479">
     <span class='ocr_line' id='line_1_2' title="bbox 1494 413 2623 479; baseline -0.008 0"><span class='ocrx_word' id='word_1_2' title='bbox 1494 418 1772 479; x_wconf 75' lang='lat' dir='ltr'><strong>CLAUDI!</strong></span> <span class='ocrx_word' id='word_1_3' title='bbox 1814 413 2277 474; x_wconf 62' lang='lat' dir='ltr'><strong>TAURI&#39;NENSIS</strong></span> <span class='ocrx_word' id='word_1_4' title='bbox 2313 413 2623 473; x_wconf 77' lang='lat' dir='ltr'><strong>EPISCOPI</strong></span> 
     </span>
    </p>
   </div>
   <div class='ocr_carea' id='block_1_3' title="bbox 3609 410 3704 466">
    <p class='ocr_par' dir='ltr' id='par_1_3' title="bbox 3609 410 3704 466">
     <span class='ocr_line' id='line_1_3' title="bbox 3609 410 3704 466; baseline 0 0"><span class='ocrx_word' id='word_1_5' title='bbox 3609 410 3704 466; x_wconf 70' lang='grc' dir='ltr'><strong>αα</strong></span> 
     </span>
    </p>
   </div>
   <div class='ocr_carea' id='block_1_4' title="bbox 431 529 3708 609">
    <p class='ocr_par' dir='ltr' id='par_1_4' title="bbox 431 529 3708 609">
     <span class='ocr_line' id='line_1_4' title="bbox 431 529 3708 609; baseline -0.003 -17"><span class='ocrx_word' id='word_1_6' title='bbox 431 538 569 593; x_wconf 84' lang='lat' dir='ltr'><strong>lavit</strong></span> <span class='ocrx_word' id='word_1_7' title='bbox 599 535 714 607; x_wconf 84' lang='lat' dir='ltr'><strong>ipse</strong></span> <span class='ocrx_word' id='word_1_8' title='bbox 736 536 926 603; x_wconf 85' lang='lat' dir='ltr'><strong>David,</strong></span> <span class='ocrx_word' id='word_1_9' title='bbox 951 549 1076 592; x_wconf 87' lang='lat' dir='ltr'><strong>cum</strong></span> <span class='ocrx_word' id='word_1_10' title='bbox 1102 533 1398 590; x_wconf 80' lang='lat' dir='ltr'><strong>vindicavit</strong></span> <span class='ocrx_word' id='word_1_11' title='bbox 1420 536 1748 591; x_wconf 74' lang='lat' dir='ltr'><strong>exstinculm</strong></span> <span class='ocrx_word' id='word_1_12' title='bbox 1774 531 1859 605; x_wconf 83' lang='lat' dir='ltr'><strong>(II</strong></span> <span class='ocrx_word' id='word_1_13' title='bbox 1889 529 2018 602; x_wconf 83' lang='lat' dir='ltr'><strong>Reg.</strong></span> <span class='ocrx_word' id='word_1_14' title='bbox 2049 534 2100 593; x_wconf 79' lang='grc' dir='ltr'><strong>Α</strong></span> <span class='ocrx_word' id='word_1_15' title='bbox 2127 539 2216 585; x_wconf 87' lang='lat' dir='ltr'><strong>tur</strong></span> <span class='ocrx_word' id='word_1_16' title='bbox 2244 531 2438 595; x_wconf 80' lang='lat' dir='ltr'><strong>bonus,</strong></span> <span class='ocrx_word' id='word_1_17' title='bbox 2473 546 2541 586; x_wconf 80' lang='lat' dir='ltr'><strong>ex</strong></span> <span class='ocrx_word' id='word_1_18' title='bbox 2565 532 2672 609; x_wconf 79' lang='lat' dir='ltr'><strong>hac</strong></span> <span class='ocrx_word' id='word_1_19' title='bbox 2699 531 3024 604; x_wconf 66' lang='lat' dir='ltr'><strong>intelligitur</strong></span> <span class='ocrx_word' id='word_1_20' title='bbox 3042 531 3236 590; x_wconf 88' lang='lat' dir='ltr'><strong>bonus.</strong></span> <span class='ocrx_word' id='word_1_21' title='bbox 3277 529 3434 590; x_wconf 75' lang='lat' dir='ltr'><strong>Unde</strong></span> <span class='ocrx_word' id='word_1_22' title='bbox 3460 538 3708 599; x_wconf 75' lang='lat' dir='ltr'><strong>apparet,</strong></span> 
     </span>
    </p>
   </div>
   <div class='ocr_carea' id='block_1_5' title="bbox 433 624 2038 699">
    <p class='ocr_par' dir='ltr' id='par_1_5' title="bbox 433 624 2038 699">
     <span class='ocr_line' id='line_1_5' title="bbox 433 624 2038 699; baseline -0.004 -17"><span class='ocrx_word' id='word_1_23' title='bbox 433 626 487 682; x_wconf 79' lang='lat' dir='ltr'><strong>i.</strong></span> <span class='ocrx_word' id='word_1_24' title='bbox 524 625 638 699; x_wconf 67' lang='grc' dir='ltr'><strong>ει).</strong></span> <span class='ocrx_word' id='word_1_25' title='bbox 690 625 798 683; x_wconf 89' lang='lat' dir='ltr'><strong>Sed</strong></span> <span class='ocrx_word' id='word_1_26' title='bbox 841 627 1014 698; x_wconf 89' lang='lat' dir='ltr'><strong>magis</strong></span> <span class='ocrx_word' id='word_1_27' title='bbox 1051 625 1289 682; x_wconf 77' lang='lat' dir='ltr'><strong>arbitror</strong></span> <span class='ocrx_word' id='word_1_28' title='bbox 1323 624 1621 697; x_wconf 86' lang='lat' dir='ltr'><strong>malignum</strong></span> <span class='ocrx_word' id='word_1_29' title='bbox 1670 625 1939 696; x_wconf 80' lang='lat' dir='ltr'><strong>spiritum,</strong></span> <span class='ocrx_word' id='word_1_30' title='bbox 1986 637 2038 676; x_wconf 73' lang='lat' dir='ltr'><strong>a-</strong></span> 
     </span>
    </p>
   </div>
   <div class='ocr_carea' id='block_1_6' title="bbox 432 713 2020 788">
    <p class='ocr_par' dir='ltr' id='par_1_6' title="bbox 432 713 2020 788">
     <span class='ocr_line' id='line_1_6' title="bbox 432 713 2020 788; baseline -0.003 -16"><span class='ocrx_word' id='word_1_31' title='bbox 432 732 542 788; x_wconf 91' lang='lat' dir='ltr'><strong>quo</strong></span> <span class='ocrx_word' id='word_1_32' title='bbox 563 717 866 773; x_wconf 72' lang='lat' dir='ltr'><strong>vexabatur</strong></span> <span class='ocrx_word' id='word_1_33' title='bbox 895 717 1048 784; x_wconf 68' lang='lat' dir='ltr'><strong>Saul‘,</strong></span> <span class='ocrx_word' id='word_1_34' title='bbox 1099 717 1221 773; x_wconf 89' lang='lat' dir='ltr'><strong>ideo</strong></span> <span class='ocrx_word' id='word_1_35' title='bbox 1251 716 1455 772; x_wconf 91' lang='lat' dir='ltr'><strong>dictum</strong></span> <span class='ocrx_word' id='word_1_36' title='bbox 1478 717 1730 787; x_wconf 79' lang='lat' dir='ltr'><strong>spiritum</strong></span> <span class='ocrx_word' id='word_1_37' title='bbox 1781 713 2020 779; x_wconf 87' lang='lat' dir='ltr'><strong>Domini,</strong></span> 
     </span>
    </p>
   </div>
   <div class='ocr_carea' id='block_1_7' title="bbox 435 804 2025 877">
    <p class='ocr_par' dir='ltr' id='par_1_7' title="bbox 435 804 2025 877">
     <span class='ocr_line' id='line_1_7' title="bbox 435 804 2025 877; baseline -0.004 -15"><span class='ocrx_word' id='word_1_38' title='bbox 435 806 583 877; x_wconf 85' lang='lat' dir='ltr'><strong>quod</strong></span> <span class='ocrx_word' id='word_1_39' title='bbox 630 808 846 863; x_wconf 88' lang='lat' dir='ltr'><strong>occulto</strong></span> <span class='ocrx_word' id='word_1_40' title='bbox 897 808 995 863; x_wconf 88' lang='lat' dir='ltr'><strong>Dei</strong></span> <span class='ocrx_word' id='word_1_41' title='bbox 1043 807 1252 877; x_wconf 76' lang='lat' dir='ltr'><strong>iudicio</strong></span> <span class='ocrx_word' id='word_1_42' title='bbox 1289 806 1510 862; x_wconf 85' lang='lat' dir='ltr'><strong>Saulem</strong></span> <span class='ocrx_word' id='word_1_43' title='bbox 1534 808 1766 862; x_wconf 75' lang='lat' dir='ltr'><strong>vexabat</strong></span> <span class='ocrx_word' id='word_1_44' title='bbox 1798 823 1812 860; x_wconf 90' lang='lat'><strong>:</strong></span> <span class='ocrx_word' id='word_1_45' title='bbox 1850 804 2025 859; x_wconf 84' lang='lat' dir='ltr'><strong>utitur</strong></span> 
     </span>
    </p>
   </div>
   <div class='ocr_carea' id='block_1_8' title="bbox 433 892 2027 965">
    <p class='ocr_par' dir='ltr' id='par_1_8' title="bbox 433 892 2027 965">
     <span class='ocr_line' id='line_1_8' title="bbox 433 892 2027 965; baseline -0.003 -12"><span class='ocrx_word' id='word_1_46' title='bbox 433 896 579 953; x_wconf 80' lang='lat' dir='ltr'><strong>enim</strong></span> <span class='ocrx_word' id='word_1_47' title='bbox 602 896 744 952; x_wconf 88' lang='lat' dir='ltr'><strong>Deus</strong></span> <span class='ocrx_word' id='word_1_48' title='bbox 765 898 1028 954; x_wconf 83' lang='lat' dir='ltr'><strong>ministris</strong></span> <span class='ocrx_word' id='word_1_49' title='bbox 1056 897 1223 952; x_wconf 89' lang='lat' dir='ltr'><strong>etiam</strong></span> <span class='ocrx_word' id='word_1_50' title='bbox 1246 896 1527 965; x_wconf 82' lang='lat' dir='ltr'><strong>spiritibus</strong></span> <span class='ocrx_word' id='word_1_51' title='bbox 1553 896 1714 952; x_wconf 90' lang='lat' dir='ltr'><strong>malis</strong></span> <span class='ocrx_word' id='word_1_52' title='bbox 1733 895 1803 950; x_wconf 88' lang='lat' dir='ltr'><strong>ad</strong></span> <span class='ocrx_word' id='word_1_53' title='bbox 1846 892 2027 948; x_wconf 83' lang='lat' dir='ltr'><strong>vindi-</strong></span> 
     </span>
    </p>
   </div>
   <div class='ocr_carea' id='block_1_9' title="bbox 435 984 2027 1059">
    <p class='ocr_par' dir='ltr' id='par_1_9' title="bbox 435 984 2027 1059">
     <span class='ocr_line' id='line_1_9' title="bbox 435 984 2027 1059; baseline -0.004 -14"><span class='ocrx_word' id='word_1_54' title='bbox 435 995 581 1045; x_wconf 80' lang='lat' dir='ltr'><strong>ctam</strong></span> <span class='ocrx_word' id='word_1_55' title='bbox 610 989 882 1043; x_wconf 88' lang='lat' dir='ltr'><strong>malorum</strong></span> <span class='ocrx_word' id='word_1_56' title='bbox 905 1029 920 1054; x_wconf 92' lang='lat'><strong>,</strong></span> <span class='ocrx_word' id='word_1_57' title='bbox 942 987 1030 1043; x_wconf 87' lang='lat' dir='ltr'><strong>vel</strong></span> <span class='ocrx_word' id='word_1_58' title='bbox 1070 988 1140 1042; x_wconf 87' lang='lat' dir='ltr'><strong>ad</strong></span> <span class='ocrx_word' id='word_1_59' title='bbox 1179 987 1447 1043; x_wconf 86' lang='lat' dir='ltr'><strong>bonorum</strong></span> <span class='ocrx_word' id='word_1_60' title='bbox 1473 987 1882 1059; x_wconf 86' lang='lat' dir='ltr'><strong>probationem;</strong></span> <span class='ocrx_word' id='word_1_61' title='bbox 1921 984 2027 1039; x_wconf 88' lang='lat' dir='ltr'><strong>alio</strong></span> 
     </span>
    </p>
   </div>
   <div class='ocr_carea' id='block_1_10' title="bbox 435 1076 2027 1146">
    <p class='ocr_par' dir='ltr' id='par_1_10' title="bbox 435 1076 2027 1146">
     <span class='ocr_line' id='line_1_10' title="bbox 435 1076 2027 1146; baseline -0.003 -12"><span class='ocrx_word' id='word_1_62' title='bbox 435 1079 599 1134; x_wconf 85' lang='lat' dir='ltr'><strong>modo</strong></span> <span class='ocrx_word' id='word_1_63' title='bbox 625 1080 694 1135; x_wconf 80' lang='lat' dir='ltr'><strong>sd</strong></span> <span class='ocrx_word' id='word_1_64' title='bbox 726 1079 873 1134; x_wconf 85' lang='lat' dir='ltr'><strong>illam</strong></span> <span class='ocrx_word' id='word_1_65' title='bbox 915 1094 1054 1146; x_wconf 90' lang='lat' dir='ltr'><strong>rem,</strong></span> <span class='ocrx_word' id='word_1_66' title='bbox 1102 1078 1208 1134; x_wconf 87' lang='lat' dir='ltr'><strong>alio</strong></span> <span class='ocrx_word' id='word_1_67' title='bbox 1255 1080 1323 1133; x_wconf 90' lang='lat' dir='ltr'><strong>ad</strong></span> <span class='ocrx_word' id='word_1_68' title='bbox 1350 1079 1532 1134; x_wconf 87' lang='lat' dir='ltr'><strong>istam.</strong></span> <span class='ocrx_word' id='word_1_69' title='bbox 1581 1077 1838 1145; x_wconf 79' lang='lat' dir='ltr'><strong>Quamvis</strong></span> <span class='ocrx_word' id='word_1_70' title='bbox 1880 1076 2027 1130; x_wconf 89' lang='lat' dir='ltr'><strong>enim</strong></span> 
     </span>
    </p>
   </div>
   <div class='ocr_carea' id='block_1_11' title="bbox 434 1164 2030 1241">
    <p class='ocr_par' dir='ltr' id='par_1_11' title="bbox 434 1164 2030 1241">
     <span class='ocr_line' id='line_1_11' title="bbox 434 1164 2030 1241; baseline -0.003 -17"><span class='ocrx_word' id='word_1_71' title='bbox 434 1179 465 1210; x_wconf 66' lang='grc' dir='ltr'>ι</span> <span class='ocrx_word' id='word_1_72' title='bbox 500 1169 730 1224; x_wconf 90' lang='lat' dir='ltr'><strong>multum</strong></span> <span class='ocrx_word' id='word_1_73' title='bbox 777 1170 848 1225; x_wconf 86' lang='lat' dir='ltr'><strong>sit</strong></span> <span class='ocrx_word' id='word_1_74' title='bbox 887 1170 1118 1240; x_wconf 87' lang='lat' dir='ltr'><strong>quisque</strong></span> <span class='ocrx_word' id='word_1_75' title='bbox 1150 1169 1424 1241; x_wconf 89' lang='lat' dir='ltr'><strong>malignus</strong></span> <span class='ocrx_word' id='word_1_76' title='bbox 1452 1169 1698 1240; x_wconf 86' lang='lat' dir='ltr'><strong>spiritus,</strong></span> <span class='ocrx_word' id='word_1_77' title='bbox 1732 1168 1861 1237; x_wconf 89' lang='lat' dir='ltr'><strong>quia</strong></span> <span class='ocrx_word' id='word_1_78' title='bbox 1889 1164 2030 1220; x_wconf 89' lang='lat' dir='ltr'><strong>mala</strong></span> 
     </span>
    </p>
   </div>
   <div class='ocr_carea' id='block_1_12' title="bbox 437 1258 2035 1330">
    <p class='ocr_par' dir='ltr' id='par_1_12' title="bbox 437 1258 2035 1330">
     <span class='ocr_line' id='line_1_12' title="bbox 437 1258 2035 1330; baseline 0 -17"><span class='ocrx_word' id='word_1_79' title='bbox 437 1258 721 1316; x_wconf 83' lang='lat' dir='ltr'><strong>voluntate</strong></span> <span class='ocrx_word' id='word_1_80' title='bbox 765 1275 967 1316; x_wconf 87' lang='lat' dir='ltr'><strong>nocere</strong></span> <span class='ocrx_word' id='word_1_81' title='bbox 1005 1261 1255 1330; x_wconf 86' lang='lat' dir='ltr'><strong>appetit:</strong></span> <span class='ocrx_word' id='word_1_82' title='bbox 1294 1268 1478 1315; x_wconf 87' lang='lat' dir='ltr'><strong>tamen</strong></span> <span class='ocrx_word' id='word_1_83' title='bbox 1508 1259 1739 1314; x_wconf 87' lang='lat' dir='ltr'><strong>nocendi</strong></span> <span class='ocrx_word' id='word_1_84' title='bbox 1789 1266 2035 1328; x_wconf 80' lang='lat' dir='ltr'><strong>potesta-</strong></span> 
     </span>
    </p>
   </div>
   <div class='ocr_carea' id='block_1_13' title="bbox 441 1348 2032 1422">
    <p class='ocr_par' dir='ltr' id='par_1_13' title="bbox 441 1348 2032 1422">
     <span class='ocr_line' id='line_1_13' title="bbox 441 1348 2032 1422; baseline -0.003 -16"><span class='ocrx_word' id='word_1_85' title='bbox 441 1357 550 1406; x_wconf 87' lang='lat' dir='ltr'><strong>tem</strong></span> <span class='ocrx_word' id='word_1_86' title='bbox 597 1366 707 1407; x_wconf 90' lang='lat' dir='ltr'><strong>non</strong></span> <span class='ocrx_word' id='word_1_87' title='bbox 754 1351 975 1422; x_wconf 89' lang='lat' dir='ltr'><strong>accipit,</strong></span> <span class='ocrx_word' id='word_1_88' title='bbox 1015 1352 1120 1406; x_wconf 86' lang='lat' dir='ltr'><strong>nisi</strong></span> <span class='ocrx_word' id='word_1_89' title='bbox 1153 1350 1368 1415; x_wconf 90' lang='lat' dir='ltr'><strong>abillo,</strong></span> <span class='ocrx_word' id='word_1_90' title='bbox 1418 1351 1654 1419; x_wconf 83' lang='lat' dir='ltr'><strong>subque</strong></span> <span class='ocrx_word' id='word_1_91' title='bbox 1679 1358 1809 1404; x_wconf 90' lang='lat' dir='ltr'><strong>sunt</strong></span> <span class='ocrx_word' id='word_1_92' title='bbox 1849 1348 2032 1404; x_wconf 81' lang='lat' dir='ltr'><strong>omnia</strong></span> 
     </span>
    </p>
   </div>
   <div class='ocr_carea' id='block_1_14' title="bbox 441 1439 2033 1515">
    <p class='ocr_par' dir='ltr' id='par_1_14' title="bbox 441 1439 2033 1515">
     <span class='ocr_line' id='line_1_14' title="bbox 441 1439 2033 1515; baseline 0 -21"><span class='ocrx_word' id='word_1_93' title='bbox 441 1439 618 1513; x_wconf 86' lang='lat' dir='ltr'><strong>(Rom.</strong></span> <span class='ocrx_word' id='word_1_94' title='bbox 648 1442 734 1496; x_wconf 75' lang='lat' dir='ltr'><strong>l5.</strong></span> <span class='ocrx_word' id='word_1_95' title='bbox 770 1441 824 1515; x_wconf 84' lang='lat' dir='ltr'><strong>l)</strong></span> <span class='ocrx_word' id='word_1_96' title='bbox 868 1441 1054 1508; x_wconf 84' lang='lat' dir='ltr'><strong>certis,</strong></span> <span class='ocrx_word' id='word_1_97' title='bbox 1099 1450 1157 1496; x_wconf 89' lang='lat' dir='ltr'><strong>et</strong></span> <span class='ocrx_word' id='word_1_98' title='bbox 1193 1440 1360 1511; x_wconf 87' lang='lat' dir='ltr'><strong>justls</strong></span> <span class='ocrx_word' id='word_1_99' title='bbox 1408 1441 1729 1496; x_wconf 90' lang='lat' dir='ltr'><strong>meritorum</strong></span> <span class='ocrx_word' id='word_1_100' title='bbox 1777 1439 2033 1510; x_wconf 76' lang='lat' dir='ltr'><strong>gradibus</strong></span> 
     </span>
    </p>
   </div>
   <div class='ocr_carea' id='block_1_15' title="bbox 443 1529 2031 1599">
    <p class='ocr_par' dir='ltr' id='par_1_15' title="bbox 443 1529 2031 1599">
     <span class='ocr_line' id='line_1_15' title="bbox 443 1529 2031 1599; baseline -0.002 -13"><span class='ocrx_word' id='word_1_101' title='bbox 443 1531 717 1586; x_wconf 90' lang='lat' dir='ltr'><strong>ordinata.</strong></span> <span class='ocrx_word' id='word_1_102' title='bbox 744 1530 885 1599; x_wconf 86' lang='lat' dir='ltr'><strong>Quia</strong></span> <span class='ocrx_word' id='word_1_103' title='bbox 915 1532 1058 1587; x_wconf 83' lang='lat' dir='ltr'><strong>sicut</strong></span> <span class='ocrx_word' id='word_1_104' title='bbox 1083 1546 1190 1587; x_wconf 91' lang='lat' dir='ltr'><strong>non</strong></span> <span class='ocrx_word' id='word_1_105' title='bbox 1221 1539 1305 1586; x_wconf 90' lang='lat' dir='ltr'><strong>est</strong></span> <span class='ocrx_word' id='word_1_106' title='bbox 1351 1529 1495 1586; x_wconf 89' lang='lat' dir='ltr'><strong>mala</strong></span> <span class='ocrx_word' id='word_1_107' title='bbox 1519 1530 1770 1586; x_wconf 83' lang='lat' dir='ltr'><strong>voluntas</strong></span> <span class='ocrx_word' id='word_1_108' title='bbox 1824 1544 1855 1583; x_wconf 89' lang='lat' dir='ltr'><strong>a</strong></span> <span class='ocrx_word' id='word_1_109' title='bbox 1897 1529 2031 1593; x_wconf 90' lang='lat' dir='ltr'><strong>Deo,</strong></span> 
     </span>
    </p>
   </div>
   <div class='ocr_carea' id='block_1_16' title="bbox 442 1620 2037 1691">
    <p class='ocr_par' dir='ltr' id='par_1_16' title="bbox 442 1620 2037 1691">
     <span class='ocr_line' id='line_1_16' title="bbox 442 1620 2037 1691; baseline -0.004 -14"><span class='ocrx_word' id='word_1_110' title='bbox 442 1621 527 1677; x_wconf 87' lang='lat' dir='ltr'><strong>sic</strong></span> <span class='ocrx_word' id='word_1_111' title='bbox 554 1636 661 1676; x_wconf 91' lang='lat' dir='ltr'><strong>non</strong></span> <span class='ocrx_word' id='word_1_112' title='bbox 696 1630 778 1678; x_wconf 90' lang='lat' dir='ltr'><strong>est</strong></span> <span class='ocrx_word' id='word_1_113' title='bbox 802 1630 1044 1691; x_wconf 86' lang='lat' dir='ltr'><strong>potestas</strong></span> <span class='ocrx_word' id='word_1_114' title='bbox 1070 1622 1177 1677; x_wconf 87' lang='lat' dir='ltr'><strong>nisi</strong></span> <span class='ocrx_word' id='word_1_115' title='bbox 1207 1636 1240 1675; x_wconf 91' lang='lat' dir='ltr'><strong>a</strong></span> <span class='ocrx_word' id='word_1_116' title='bbox 1288 1620 1428 1686; x_wconf 86' lang='lat' dir='ltr'><strong>Deo;</strong></span> <span class='ocrx_word' id='word_1_117' title='bbox 1473 1621 1724 1691; x_wconf 84' lang='lat' dir='ltr'><strong>quamvis</strong></span> <span class='ocrx_word' id='word_1_118' title='bbox 1774 1620 1920 1674; x_wconf 90' lang='lat' dir='ltr'><strong>enim</strong></span> <span class='ocrx_word' id='word_1_119' title='bbox 1965 1620 2037 1672; x_wconf 85' lang='lat' dir='ltr'><strong>sit</strong></span> 
     </span>
    </p>
   </div>
   <div class='ocr_carea' id='block_1_17' title="bbox 443 1710 2035 1782">
    <p class='ocr_par' dir='ltr' id='par_1_17' title="bbox 443 1710 2035 1782">
     <span class='ocr_line' id='line_1_17' title="bbox 443 1710 2035 1782; baseline -0.003 -14"><span class='ocrx_word' id='word_1_120' title='bbox 443 1713 504 1768; x_wconf 88' lang='lat' dir='ltr'><strong>in</strong></span> <span class='ocrx_word' id='word_1_121' title='bbox 551 1710 815 1782; x_wconf 80' lang='lat' dir='ltr'><strong>cujusque</strong></span> <span class='ocrx_word' id='word_1_122' title='bbox 867 1719 1137 1782; x_wconf 79' lang='lat' dir='ltr'><strong>petestate</strong></span> <span class='ocrx_word' id='word_1_123' title='bbox 1196 1711 1327 1781; x_wconf 89' lang='lat' dir='ltr'><strong>quid</strong></span> <span class='ocrx_word' id='word_1_124' title='bbox 1352 1711 1500 1775; x_wconf 87' lang='lat' dir='ltr'><strong>velit,</strong></span> <span class='ocrx_word' id='word_1_125' title='bbox 1558 1726 1668 1767; x_wconf 91' lang='lat' dir='ltr'><strong>non</strong></span> <span class='ocrx_word' id='word_1_126' title='bbox 1713 1717 1798 1766; x_wconf 89' lang='lat' dir='ltr'><strong>est</strong></span> <span class='ocrx_word' id='word_1_127' title='bbox 1855 1719 2035 1765; x_wconf 89' lang='lat' dir='ltr'><strong>tamen</strong></span> 
     </span>
    </p>
   </div>
   <div class='ocr_carea' id='block_1_18' title="bbox 446 1801 2038 1876">
    <p class='ocr_par' dir='ltr' id='par_1_18' title="bbox 446 1801 2038 1876">
     <span class='ocr_line' id='line_1_18' title="bbox 446 1801 2038 1876; baseline -0.003 -17"><span class='ocrx_word' id='word_1_128' title='bbox 446 1805 506 1860; x_wconf 88' lang='lat' dir='ltr'><strong>iu</strong></span> <span class='ocrx_word' id='word_1_129' title='bbox 554 1805 818 1875; x_wconf 79' lang='lat' dir='ltr'><strong>cujusque</strong></span> <span class='ocrx_word' id='word_1_130' title='bbox 857 1807 1159 1876; x_wconf 75' lang='lat' dir='ltr'><strong>potestate,</strong></span> <span class='ocrx_word' id='word_1_131' title='bbox 1193 1803 1323 1873; x_wconf 88' lang='lat' dir='ltr'><strong>quid</strong></span> <span class='ocrx_word' id='word_1_132' title='bbox 1365 1803 1538 1873; x_wconf 85' lang='lat' dir='ltr'><strong>possit</strong></span> <span class='ocrx_word' id='word_1_133' title='bbox 1584 1802 1669 1858; x_wconf 87' lang='lat' dir='ltr'><strong>vel</strong></span> <span class='ocrx_word' id='word_1_134' title='bbox 1710 1801 1891 1858; x_wconf 79' lang='lat' dir='ltr'><strong>facere</strong></span> <span class='ocrx_word' id='word_1_135' title='bbox 1919 1801 2038 1855; x_wconf 90' lang='lat' dir='ltr'><strong>cui-</strong></span> 
     </span>
    </p>
   </div>
   <div class='ocr_carea' id='block_1_19' title="bbox 2126 619 3712 694">
    <p class='ocr_par' dir='ltr' id='par_1_19' title="bbox 2126 619 3712 694">
     <span class='ocr_line' id='line_1_19' title="bbox 2126 619 3712 694; baseline -0.003 -16"><span class='ocrx_word' id='word_1_136' title='bbox 2126 624 2326 680; x_wconf 89' lang='lat' dir='ltr'><strong>bonum</strong></span> <span class='ocrx_word' id='word_1_137' title='bbox 2379 623 2633 694; x_wconf 86' lang='lat' dir='ltr'><strong>spiritum</strong></span> <span class='ocrx_word' id='word_1_138' title='bbox 2686 625 2982 679; x_wconf 83' lang='lat' dir='ltr'><strong>secundum</strong></span> <span class='ocrx_word' id='word_1_139' title='bbox 3036 621 3394 678; x_wconf 86' lang='lat' dir='ltr'><strong>substantiam</strong></span> <span class='ocrx_word' id='word_1_140' title='bbox 3422 662 3440 688; x_wconf 91' lang='lat'><strong>,</strong></span> <span class='ocrx_word' id='word_1_141' title='bbox 3503 619 3712 675; x_wconf 79' lang='lat' dir='ltr'><strong>malum</strong></span> 
     </span>
    </p>
   </div>
   <div class='ocr_carea' id='block_1_20' title="bbox 2125 712 3710 785">
    <p class='ocr_par' dir='ltr' id='par_1_20' title="bbox 2125 712 3710 785">
     <span class='ocr_line' id='line_1_20' title="bbox 2125 712 3710 785; baseline -0.004 -13"><span class='ocrx_word' id='word_1_142' title='bbox 2125 728 2310 772; x_wconf 85' lang='lat' dir='ltr'><strong>autem</strong></span> <span class='ocrx_word' id='word_1_143' title='bbox 2349 716 2648 782; x_wconf 86' lang='lat' dir='ltr'><strong>secundum</strong></span> <span class='ocrx_word' id='word_1_144' title='bbox 2695 715 3080 780; x_wconf 76' lang='lat' dir='ltr'><strong>ministerium,</strong></span> <span class='ocrx_word' id='word_1_145' title='bbox 3133 714 3239 769; x_wconf 92' lang='lat' dir='ltr'><strong>dici</strong></span> <span class='ocrx_word' id='word_1_146' title='bbox 3288 715 3546 785; x_wconf 77' lang='lat' dir='ltr'><strong>spiritum</strong></span> <span class='ocrx_word' id='word_1_147' title='bbox 3592 712 3710 768; x_wconf 85' lang='lat' dir='ltr'><strong>Dei.</strong></span> 
     </span>
    </p>
   </div>
   <div class='ocr_carea' id='block_1_21' title="bbox 2128 805 3716 878">
    <p class='ocr_par' dir='ltr' id='par_1_21' title="bbox 2128 805 3716 878">
     <span class='ocr_line' id='line_1_21' title="bbox 2128 805 3716 878; baseline -0.001 -18"><span class='ocrx_word' id='word_1_148' title='bbox 2128 807 2447 878; x_wconf 81' lang='lat' dir='ltr'><strong>Quanquam</strong></span> <span class='ocrx_word' id='word_1_149' title='bbox 2491 806 2662 876; x_wconf 73' lang='lat' dir='ltr'><strong>quaeri</strong></span> <span class='ocrx_word' id='word_1_150' title='bbox 2693 807 2871 861; x_wconf 89' lang='lat' dir='ltr'><strong>adhuc</strong></span> <span class='ocrx_word' id='word_1_151' title='bbox 2895 806 3089 876; x_wconf 79' lang='lat' dir='ltr'><strong>possit,</strong></span> <span class='ocrx_word' id='word_1_152' title='bbox 3121 813 3306 859; x_wconf 90' lang='lat' dir='ltr'><strong>utrum</strong></span> <span class='ocrx_word' id='word_1_153' title='bbox 3337 819 3462 859; x_wconf 90' lang='lat' dir='ltr'><strong>cum</strong></span> <span class='ocrx_word' id='word_1_154' title='bbox 3486 805 3716 875; x_wconf 81' lang='lat' dir='ltr'><strong>spiritus</strong></span> 
     </span>
    </p>
   </div>
   <div class='ocr_carea' id='block_1_22' title="bbox 2128 897 3714 969">
    <p class='ocr_par' dir='ltr' id='par_1_22' title="bbox 2128 897 3714 969">
     <span class='ocr_line' id='line_1_22' title="bbox 2128 897 3714 969; baseline -0.004 -14"><span class='ocrx_word' id='word_1_155' title='bbox 2128 900 2225 955; x_wconf 87' lang='lat' dir='ltr'><strong>Dei</strong></span> <span class='ocrx_word' id='word_1_156' title='bbox 2249 899 2448 959; x_wconf 83' lang='lat' dir='ltr'><strong>dicitur</strong></span> <span class='ocrx_word' id='word_1_157' title='bbox 2475 916 2490 954; x_wconf 87' lang='lat'><strong>:</strong></span> <span class='ocrx_word' id='word_1_158' title='bbox 2524 906 2580 954; x_wconf 89' lang='lat' dir='ltr'><strong>et</strong></span> <span class='ocrx_word' id='word_1_159' title='bbox 2602 913 2669 953; x_wconf 84' lang='lat' dir='ltr'><strong>ex</strong></span> <span class='ocrx_word' id='word_1_160' title='bbox 2696 899 2804 954; x_wconf 85' lang='lat' dir='ltr'><strong>hoc</strong></span> <span class='ocrx_word' id='word_1_161' title='bbox 2833 900 2949 969; x_wconf 88' lang='lat' dir='ltr'><strong>ipso</strong></span> <span class='ocrx_word' id='word_1_162' title='bbox 2969 897 3106 966; x_wconf 87' lang='lat' dir='ltr'><strong>jam,</strong></span> <span class='ocrx_word' id='word_1_163' title='bbox 3131 906 3183 952; x_wconf 86' lang='lat' dir='ltr'><strong>et</strong></span> <span class='ocrx_word' id='word_1_164' title='bbox 3208 897 3252 951; x_wconf 90' lang='lat' dir='ltr'><strong>si</strong></span> <span class='ocrx_word' id='word_1_165' title='bbox 3281 897 3415 950; x_wconf 84' lang='lat' dir='ltr'><strong>nihil</strong></span> <span class='ocrx_word' id='word_1_166' title='bbox 3437 897 3673 951; x_wconf 80' lang='lat' dir='ltr'><strong>addatur</strong></span> <span class='ocrx_word' id='word_1_167' title='bbox 3699 939 3714 960; x_wconf 87' lang='lat'><strong>,</strong></span> 
     </span>
    </p>
   </div>
   <div class='ocr_carea' id='block_1_23' title="bbox 2129 986 3719 1060">
    <p class='ocr_par' dir='ltr' id='par_1_23' title="bbox 2129 986 3719 1060">
     <span class='ocr_line' id='line_1_23' title="bbox 2129 986 3719 1060; baseline -0.002 -16"><span class='ocrx_word' id='word_1_168' title='bbox 2129 989 2306 1046; x_wconf 89' lang='lat' dir='ltr'><strong>bonus</strong></span> <span class='ocrx_word' id='word_1_169' title='bbox 2329 989 2668 1060; x_wconf 85' lang='lat' dir='ltr'><strong>intelligitur,</strong></span> <span class='ocrx_word' id='word_1_170' title='bbox 2707 990 2796 1044; x_wconf 90' lang='lat' dir='ltr'><strong>ille</strong></span> <span class='ocrx_word' id='word_1_171' title='bbox 2818 989 3168 1058; x_wconf 72' lang='lat' dir='ltr'><strong>intelligatur,</strong></span> <span class='ocrx_word' id='word_1_172' title='bbox 3192 989 3285 1058; x_wconf 91' lang='lat' dir='ltr'><strong>qui</strong></span> <span class='ocrx_word' id='word_1_173' title='bbox 3321 997 3404 1043; x_wconf 86' lang='lat' dir='ltr'><strong>est</strong></span> <span class='ocrx_word' id='word_1_174' title='bbox 3449 988 3500 1041; x_wconf 90' lang='lat' dir='ltr'><strong>in</strong></span> <span class='ocrx_word' id='word_1_175' title='bbox 3536 986 3719 1042; x_wconf 56' lang='lat' dir='ltr'><strong>Triniv</strong></span> 
     </span>
    </p>
   </div>
   <div class='ocr_carea' id='block_1_24' title="bbox 2131 1077 3720 1150">
    <p class='ocr_par' dir='ltr' id='par_1_24' title="bbox 2131 1077 3720 1150">
     <span class='ocr_line' id='line_1_24' title="bbox 2131 1077 3720 1150; baseline -0.004 -12"><span class='ocrx_word' id='word_1_176' title='bbox 2131 1091 2244 1138; x_wconf 86' lang='lat' dir='ltr'><strong>tate</strong></span> <span class='ocrx_word' id='word_1_177' title='bbox 2285 1081 2767 1138; x_wconf 90' lang='lat' dir='ltr'><strong>consubstantialis</strong></span> <span class='ocrx_word' id='word_1_178' title='bbox 2809 1082 2978 1146; x_wconf 84' lang='lat' dir='ltr'><strong>Patri,</strong></span> <span class='ocrx_word' id='word_1_179' title='bbox 3010 1089 3065 1135; x_wconf 91' lang='lat' dir='ltr'><strong>et</strong></span> <span class='ocrx_word' id='word_1_180' title='bbox 3100 1080 3258 1144; x_wconf 86' lang='lat' dir='ltr'><strong>Filio,</strong></span> <span class='ocrx_word' id='word_1_181' title='bbox 3299 1077 3537 1150; x_wconf 87' lang='lat' dir='ltr'><strong>Spiritus</strong></span> <span class='ocrx_word' id='word_1_182' title='bbox 3579 1078 3720 1133; x_wconf 81' lang='lat' dir='ltr'><strong>San-</strong></span> 
     </span>
    </p>
   </div>
   <div class='ocr_carea' id='block_1_25' title="bbox 2133 1168 3726 1244">
    <p class='ocr_par' dir='ltr' id='par_1_25' title="bbox 2133 1168 3726 1244">
     <span class='ocr_line' id='line_1_25' title="bbox 2133 1168 3726 1244; baseline -0.004 -14"><span class='ocrx_word' id='word_1_183' title='bbox 2133 1181 2273 1241; x_wconf 87' lang='lat' dir='ltr'><strong>ctus,</strong></span> <span class='ocrx_word' id='word_1_184' title='bbox 2305 1174 2371 1230; x_wconf 87' lang='lat' dir='ltr'><strong>de</strong></span> <span class='ocrx_word' id='word_1_185' title='bbox 2400 1189 2512 1244; x_wconf 88' lang='lat' dir='ltr'><strong>quo</strong></span> <span class='ocrx_word' id='word_1_186' title='bbox 2537 1174 2736 1229; x_wconf 87' lang='lat' dir='ltr'><strong>dicitur</strong></span> <span class='ocrx_word' id='word_1_187' title='bbox 2767 1189 2781 1228; x_wconf 91' lang='lat'><strong>:</strong></span> <span class='ocrx_word' id='word_1_188' title='bbox 2808 1172 2893 1244; x_wconf 79' lang='lat' dir='ltr'><strong>(II</strong></span> <span class='ocrx_word' id='word_1_189' title='bbox 2921 1171 3044 1229; x_wconf 86' lang='lat' dir='ltr'><strong>Cor.</strong></span> <span class='ocrx_word' id='word_1_190' title='bbox 3076 1173 3129 1227; x_wconf 77' lang='lat'><strong>3.</strong></span> <span class='ocrx_word' id='word_1_191' title='bbox 3162 1172 3252 1243; x_wconf 83' lang='lat' dir='ltr'><strong>l7)</strong></span> <span class='ocrx_word' id='word_1_192' title='bbox 3281 1172 3368 1225; x_wconf 81' lang='lat' dir='ltr'><strong>ubi</strong></span> <span class='ocrx_word' id='word_1_193' title='bbox 3388 1181 3564 1226; x_wconf 83' lang='lat' dir='ltr'><strong>autem</strong></span> <span class='ocrx_word' id='word_1_194' title='bbox 3599 1168 3726 1239; x_wconf 83' lang='lat' dir='ltr'><strong>Spi-</strong></span> 
     </span>
    </p>
   </div>
   <div class='ocr_carea' id='block_1_26' title="bbox 2135 1260 3722 1333">
    <p class='ocr_par' dir='ltr' id='par_1_26' title="bbox 2135 1260 3722 1333">
     <span class='ocr_line' id='line_1_26' title="bbox 2135 1260 3722 1333; baseline -0.003 -15"><span class='ocrx_word' id='word_1_195' title='bbox 2135 1265 2269 1319; x_wconf 80' lang='lat' dir='ltr'><strong>ritus</strong></span> <span class='ocrx_word' id='word_1_196' title='bbox 2299 1264 2539 1330; x_wconf 77' lang='lat' dir='ltr'><strong>Domini,</strong></span> <span class='ocrx_word' id='word_1_197' title='bbox 2565 1264 2638 1318; x_wconf 82' lang='lat' dir='ltr'><strong>ibi</strong></span> <span class='ocrx_word' id='word_1_198' title='bbox 2655 1263 2894 1319; x_wconf 79' lang='lat' dir='ltr'><strong>libertas.</strong></span> <span class='ocrx_word' id='word_1_199' title='bbox 2923 1264 2994 1318; x_wconf 86' lang='lat' dir='ltr'><strong>Et</strong></span> <span class='ocrx_word' id='word_1_200' title='bbox 3017 1264 3236 1319; x_wconf 86' lang='lat' dir='ltr'><strong>iterum.</strong></span> <span class='ocrx_word' id='word_1_201' title='bbox 3263 1262 3315 1333; x_wconf 87' lang='grc'><strong>(1</strong></span> <span class='ocrx_word' id='word_1_202' title='bbox 3341 1261 3460 1316; x_wconf 85' lang='lat' dir='ltr'><strong>Cor.</strong></span> <span class='ocrx_word' id='word_1_203' title='bbox 3499 1265 3594 1316; x_wconf 77' lang='lat' dir='ltr'><strong>li.</strong></span> <span class='ocrx_word' id='word_1_204' title='bbox 3629 1260 3722 1330; x_wconf 79' lang='grc'><strong>10)</strong></span> 
     </span>
    </p>
   </div>
   <div class='ocr_carea' id='block_1_27' title="bbox 2139 1352 3730 1425">
    <p class='ocr_par' dir='ltr' id='par_1_27' title="bbox 2139 1352 3730 1425">
     <span class='ocr_line' id='line_1_27' title="bbox 2139 1352 3730 1425; baseline -0.002 -16"><span class='ocrx_word' id='word_1_205' title='bbox 2139 1354 2309 1409; x_wconf 87' lang='lat' dir='ltr'><strong>Nobis</strong></span> <span class='ocrx_word' id='word_1_206' title='bbox 2351 1364 2526 1408; x_wconf 84' lang='lat' dir='ltr'><strong>autem</strong></span> <span class='ocrx_word' id='word_1_207' title='bbox 2569 1353 2815 1408; x_wconf 79' lang='lat' dir='ltr'><strong>revelabit</strong></span> <span class='ocrx_word' id='word_1_208' title='bbox 2855 1353 2997 1408; x_wconf 91' lang='lat' dir='ltr'><strong>Deus</strong></span> <span class='ocrx_word' id='word_1_209' title='bbox 3024 1370 3118 1425; x_wconf 85' lang='lat' dir='ltr'><strong>per</strong></span> <span class='ocrx_word' id='word_1_210' title='bbox 3153 1354 3394 1424; x_wconf 75' lang='lat' dir='ltr'><strong>spiritum</strong></span> <span class='ocrx_word' id='word_1_211' title='bbox 3441 1370 3624 1406; x_wconf 83' lang='lat' dir='ltr'><strong>suum.</strong></span> <span class='ocrx_word' id='word_1_212' title='bbox 3658 1352 3730 1406; x_wconf 78' lang='lat' dir='ltr'><strong>Et</strong></span> 
     </span>
    </p>
   </div>
   <div class='ocr_carea' id='block_1_28' title="bbox 2137 1444 3728 1519">
    <p class='ocr_par' dir='ltr' id='par_1_28' title="bbox 2137 1444 3728 1519">
     <span class='ocr_line' id='line_1_28' title="bbox 2137 1444 3728 1519; baseline -0.003 -17"><span class='ocrx_word' id='word_1_213' title='bbox 2137 1447 2308 1502; x_wconf 90' lang='lat' dir='ltr'><strong>illud:</strong></span> <span class='ocrx_word' id='word_1_214' title='bbox 2341 1446 2507 1519; x_wconf 85' lang='lat' dir='ltr'><strong>(Ibid.</strong></span> <span class='ocrx_word' id='word_1_215' title='bbox 2540 1463 2593 1501; x_wconf 72' lang='grc' dir='ltr'><strong>υ.</strong></span> <span class='ocrx_word' id='word_1_216' title='bbox 2623 1445 2712 1518; x_wconf 82' lang='lat' dir='ltr'><strong>ii)</strong></span> <span class='ocrx_word' id='word_1_217' title='bbox 2744 1446 2820 1500; x_wconf 86' lang='lat' dir='ltr'><strong>sic</strong></span> <span class='ocrx_word' id='word_1_218' title='bbox 2842 1453 2891 1502; x_wconf 84' lang='lat' dir='ltr'><strong>et</strong></span> <span class='ocrx_word' id='word_1_219' title='bbox 2931 1461 3049 1516; x_wconf 67' lang='lat' dir='ltr'><strong>qua</strong></span> <span class='ocrx_word' id='word_1_220' title='bbox 3074 1444 3172 1499; x_wconf 90' lang='lat' dir='ltr'><strong>Dei</strong></span> <span class='ocrx_word' id='word_1_221' title='bbox 3203 1454 3346 1510; x_wconf 82' lang='lat' dir='ltr'><strong>sunt,</strong></span> <span class='ocrx_word' id='word_1_222' title='bbox 3391 1461 3537 1499; x_wconf 85' lang='lat' dir='ltr'><strong>nemo</strong></span> <span class='ocrx_word' id='word_1_223' title='bbox 3574 1445 3728 1499; x_wconf 69' lang='lat' dir='ltr'><strong>nouit</strong></span> 
     </span>
    </p>
   </div>
   <div class='ocr_carea' id='block_1_29' title="bbox 2137 1533 3733 1609">
    <p class='ocr_par' dir='ltr' id='par_1_29' title="bbox 2137 1533 3733 1609">
     <span class='ocr_line' id='line_1_29' title="bbox 2137 1533 3733 1609; baseline -0.003 -17"><span class='ocrx_word' id='word_1_224' title='bbox 2137 1538 2243 1592; x_wconf 83' lang='lat' dir='ltr'><strong>nisi</strong></span> <span class='ocrx_word' id='word_1_225' title='bbox 2264 1536 2500 1609; x_wconf 78' lang='lat' dir='ltr'><strong>Spiritus</strong></span> <span class='ocrx_word' id='word_1_226' title='bbox 2528 1536 2647 1591; x_wconf 89' lang='lat' dir='ltr'><strong>Dei.</strong></span> <span class='ocrx_word' id='word_1_227' title='bbox 2683 1535 2750 1592; x_wconf 86' lang='lat' dir='ltr'><strong>Et</strong></span> <span class='ocrx_word' id='word_1_228' title='bbox 2776 1538 2832 1592; x_wconf 91' lang='lat' dir='ltr'><strong>in</strong></span> <span class='ocrx_word' id='word_1_229' title='bbox 2856 1536 3040 1591; x_wconf 90' lang='lat' dir='ltr'><strong>multis</strong></span> <span class='ocrx_word' id='word_1_230' title='bbox 3063 1536 3196 1591; x_wconf 86' lang='lat' dir='ltr'><strong>locis</strong></span> <span class='ocrx_word' id='word_1_231' title='bbox 3241 1536 3345 1590; x_wconf 80' lang='lat' dir='ltr'><strong>huc</strong></span> <span class='ocrx_word' id='word_1_232' title='bbox 3380 1535 3536 1590; x_wconf 88' lang='lat' dir='ltr'><strong>modo</strong></span> <span class='ocrx_word' id='word_1_233' title='bbox 3587 1533 3733 1589; x_wconf 82' lang='lat' dir='ltr'><strong>dici-</strong></span> 
     </span>
    </p>
   </div>
   <div class='ocr_carea' id='block_1_30' title="bbox 2141 1623 3730 1697">
    <p class='ocr_par' dir='ltr' id='par_1_30' title="bbox 2141 1623 3730 1697">
     <span class='ocr_line' id='line_1_30' title="bbox 2141 1623 3730 1697; baseline -0.001 -17"><span class='ocrx_word' id='word_1_234' title='bbox 2141 1635 2269 1681; x_wconf 87' lang='lat' dir='ltr'><strong>tur:</strong></span> <span class='ocrx_word' id='word_1_235' title='bbox 2304 1626 2535 1697; x_wconf 76' lang='lat' dir='ltr'><strong>Spiritus</strong></span> <span class='ocrx_word' id='word_1_236' title='bbox 2562 1625 2692 1693; x_wconf 86' lang='lat' dir='ltr'><strong>Dei,</strong></span> <span class='ocrx_word' id='word_1_237' title='bbox 2724 1634 2778 1680; x_wconf 90' lang='lat' dir='ltr'><strong>et</strong></span> <span class='ocrx_word' id='word_1_238' title='bbox 2816 1625 3134 1697; x_wconf 73' lang='lat' dir='ltr'><strong>intelligitur</strong></span> <span class='ocrx_word' id='word_1_239' title='bbox 3181 1623 3414 1695; x_wconf 86' lang='lat' dir='ltr'><strong>Spiritus</strong></span> <span class='ocrx_word' id='word_1_240' title='bbox 3457 1630 3693 1679; x_wconf 83' lang='lat' dir='ltr'><strong>sanctus</strong></span> <span class='ocrx_word' id='word_1_241' title='bbox 3716 1665 3730 1687; x_wconf 92' lang='lat'><strong>,</strong></span> 
     </span>
    </p>
   </div>
   <div class='ocr_carea' id='block_1_31' title="bbox 2141 1712 3730 1784">
    <p class='ocr_par' dir='ltr' id='par_1_31' title="bbox 2141 1712 3730 1784">
     <span class='ocr_line' id='line_1_31' title="bbox 2141 1712 3730 1784; baseline -0.003 -14"><span class='ocrx_word' id='word_1_242' title='bbox 2141 1715 2357 1770; x_wconf 88' lang='lat' dir='ltr'><strong>etiamsi</strong></span> <span class='ocrx_word' id='word_1_243' title='bbox 2401 1729 2509 1770; x_wconf 91' lang='lat' dir='ltr'><strong>non</strong></span> <span class='ocrx_word' id='word_1_244' title='bbox 2537 1715 2792 1779; x_wconf 81' lang='lat' dir='ltr'><strong>addatur,</strong></span> <span class='ocrx_word' id='word_1_245' title='bbox 2817 1716 3073 1784; x_wconf 89' lang='lat' dir='ltr'><strong>quoniam</strong></span> <span class='ocrx_word' id='word_1_246' title='bbox 3095 1729 3158 1769; x_wconf 89' lang='lat' dir='ltr'><strong>ea</strong></span> <span class='ocrx_word' id='word_1_247' title='bbox 3180 1729 3300 1783; x_wconf 67' lang='lat' dir='ltr'><strong>quae</strong></span> <span class='ocrx_word' id='word_1_248' title='bbox 3327 1712 3692 1768; x_wconf 86' lang='lat' dir='ltr'><strong>circumstant</strong></span> <span class='ocrx_word' id='word_1_249' title='bbox 3711 1754 3730 1779; x_wconf 83' lang='lat'><strong>,</strong></span> 
     </span>
    </p>
   </div>
   <div class='ocr_carea' id='block_1_32' title="bbox 2144 1803 3736 1873">
    <p class='ocr_par' dir='ltr' id='par_1_32' title="bbox 2144 1803 3736 1873">
     <span class='ocr_line' id='line_1_32' title="bbox 2144 1803 3736 1873; baseline -0.001 -14"><span class='ocrx_word' id='word_1_250' title='bbox 2144 1805 2281 1859; x_wconf 85' lang='lat' dir='ltr'><strong>satis</strong></span> <span class='ocrx_word' id='word_1_251' title='bbox 2311 1804 2554 1860; x_wconf 88' lang='lat' dir='ltr'><strong>indicant</strong></span> <span class='ocrx_word' id='word_1_252' title='bbox 2578 1805 2644 1859; x_wconf 92' lang='lat' dir='ltr'><strong>de</strong></span> <span class='ocrx_word' id='word_1_253' title='bbox 2681 1819 2790 1873; x_wconf 92' lang='lat' dir='ltr'><strong>quo</strong></span> <span class='ocrx_word' id='word_1_254' title='bbox 2820 1804 3053 1868; x_wconf 88' lang='lat' dir='ltr'><strong>dicatur,</strong></span> <span class='ocrx_word' id='word_1_255' title='bbox 3098 1805 3168 1858; x_wconf 88' lang='lat' dir='ltr'><strong>ita</strong></span> <span class='ocrx_word' id='word_1_256' title='bbox 3201 1812 3260 1857; x_wconf 91' lang='lat' dir='ltr'><strong>ut</strong></span> <span class='ocrx_word' id='word_1_257' title='bbox 3304 1803 3593 1872; x_wconf 80' lang='lat' dir='ltr'><strong>aliquando</strong></span> <span class='ocrx_word' id='word_1_258' title='bbox 3628 1817 3736 1857; x_wconf 83' lang='lat' dir='ltr'><strong>nec</strong></span> 
     </span>
    </p>
   </div>
   <div class='ocr_carea' id='block_1_33' title="bbox 452 1882 3736 1966">
    <p class='ocr_par' dir='ltr' id='par_1_33' title="bbox 452 1882 3736 1966">
     <span class='ocr_line' id='line_1_33' title="bbox 452 1882 3736 1966; baseline -0.001 -17"><span class='ocrx_word' id='word_1_259' title='bbox 452 1911 635 1966; x_wconf 86' lang='lat' dir='ltr'><strong>quam,</strong></span> <span class='ocrx_word' id='word_1_260' title='bbox 665 1897 750 1950; x_wconf 90' lang='lat' dir='ltr'><strong>vel</strong></span> <span class='ocrx_word' id='word_1_261' title='bbox 783 1911 813 1949; x_wconf 90' lang='lat' dir='ltr'><strong>a</strong></span> <span class='ocrx_word' id='word_1_262' title='bbox 834 1909 1109 1966; x_wconf 91' lang='lat' dir='ltr'><strong>quoquam</strong></span> <span class='ocrx_word' id='word_1_263' title='bbox 1135 1895 1273 1964; x_wconf 90' lang='lat' dir='ltr'><strong>pati.</strong></span> <span class='ocrx_word' id='word_1_264' title='bbox 1306 1894 1441 1949; x_wconf 89' lang='lat' dir='ltr'><strong>Nam</strong></span> <span class='ocrx_word' id='word_1_265' title='bbox 1468 1901 1525 1949; x_wconf 92' lang='lat' dir='ltr'><strong>et</strong></span> <span class='ocrx_word' id='word_1_266' title='bbox 1546 1895 1660 1964; x_wconf 87' lang='lat' dir='ltr'><strong>ipse</strong></span> <span class='ocrx_word' id='word_1_267' title='bbox 1681 1893 1825 1948; x_wconf 80' lang='lat' dir='ltr'><strong>illius</strong></span> <span class='ocrx_word' id='word_1_268' title='bbox 1847 1894 2043 1947; x_wconf 88' lang='lat' dir='ltr'><strong>unicus</strong></span> <span class='ocrx_word' id='word_1_269' title='bbox 2069 1882 2116 1942; x_wconf 82' lang='grc' dir='ltr'><strong>Β</strong></span> <span class='ocrx_word' id='word_1_270' title='bbox 2144 1895 2243 1950; x_wconf 95' lang='lat' dir='ltr'><strong>Dei</strong></span> <span class='ocrx_word' id='word_1_271' title='bbox 2269 1894 2519 1963; x_wconf 80' lang='lat' dir='ltr'><strong>addatur,</strong></span> <span class='ocrx_word' id='word_1_272' title='bbox 2548 1903 2604 1950; x_wconf 90' lang='lat' dir='ltr'><strong>et</strong></span> <span class='ocrx_word' id='word_1_273' title='bbox 2631 1895 2963 1966; x_wconf 76' lang='lat' dir='ltr'><strong>intelligatur</strong></span> <span class='ocrx_word' id='word_1_274' title='bbox 2991 1902 3172 1951; x_wconf 81' lang='lat' dir='ltr'><strong>tamen</strong></span> <span class='ocrx_word' id='word_1_275' title='bbox 3215 1894 3305 1949; x_wconf 88' lang='lat' dir='ltr'><strong>ille</strong></span> <span class='ocrx_word' id='word_1_276' title='bbox 3347 1892 3578 1962; x_wconf 76' lang='lat' dir='ltr'><strong>Spiritus</strong></span> <span class='ocrx_word' id='word_1_277' title='bbox 3632 1891 3736 1947; x_wconf 74' lang='lat' dir='ltr'><strong>Dei</strong></span> 
     </span>
    </p>
   </div>
   <div class='ocr_carea' id='block_1_34' title="bbox 452 1985 2040 2057">
    <p class='ocr_par' dir='ltr' id='par_1_34' title="bbox 452 1985 2040 2057">
     <span class='ocr_line' id='line_1_34' title="bbox 452 1985 2040 2057; baseline -0.003 -15"><span class='ocrx_word' id='word_1_278' title='bbox 452 1985 549 2042; x_wconf 88' lang='lat' dir='ltr'><strong>Dei</strong></span> <span class='ocrx_word' id='word_1_279' title='bbox 574 2001 836 2057; x_wconf 87' lang='lat' dir='ltr'><strong>passurus</strong></span> <span class='ocrx_word' id='word_1_280' title='bbox 860 1987 925 2041; x_wconf 88' lang='lat' dir='ltr'><strong>ad</strong></span> <span class='ocrx_word' id='word_1_281' title='bbox 958 1993 1170 2056; x_wconf 89' lang='lat' dir='ltr'><strong>tempus</strong></span> <span class='ocrx_word' id='word_1_282' title='bbox 1201 1987 1503 2054; x_wconf 79' lang='lat' dir='ltr'><strong>humiliter,</strong></span> <span class='ocrx_word' id='word_1_283' title='bbox 1537 1987 1769 2057; x_wconf 87' lang='lat' dir='ltr'><strong>superbe</strong></span> <span class='ocrx_word' id='word_1_284' title='bbox 1797 1985 2040 2056; x_wconf 88' lang='lat' dir='ltr'><strong>loquenti</strong></span> 
     </span>
    </p>
   </div>
   <div class='ocr_carea' id='block_1_35' title="bbox 447 2076 2039 2148">
    <p class='ocr_par' dir='ltr' id='par_1_35' title="bbox 447 2076 2039 2148">
     <span class='ocr_line' id='line_1_35' title="bbox 447 2076 2039 2148; baseline -0.004 -12"><span class='ocrx_word' id='word_1_285' title='bbox 447 2080 681 2145; x_wconf 86' lang='lat' dir='ltr'><strong>homini,</strong></span> <span class='ocrx_word' id='word_1_286' title='bbox 725 2089 780 2134; x_wconf 91' lang='lat' dir='ltr'><strong>et</strong></span> <span class='ocrx_word' id='word_1_287' title='bbox 826 2077 1026 2133; x_wconf 89' lang='lat' dir='ltr'><strong>dicenti</strong></span> <span class='ocrx_word' id='word_1_288' title='bbox 1068 2078 1213 2146; x_wconf 91' lang='lat' dir='ltr'><strong>quod</strong></span> <span class='ocrx_word' id='word_1_289' title='bbox 1255 2085 1578 2148; x_wconf 88' lang='lat' dir='ltr'><strong>potestatem</strong></span> <span class='ocrx_word' id='word_1_290' title='bbox 1620 2077 1848 2132; x_wconf 86' lang='lat' dir='ltr'><strong>haberet</strong></span> <span class='ocrx_word' id='word_1_291' title='bbox 1891 2076 2039 2130; x_wconf 88' lang='lat' dir='ltr'><strong>occi-</strong></span> 
     </span>
    </p>
   </div>
   <div class='ocr_carea' id='block_1_36' title="bbox 455 2166 2039 2245">
    <p class='ocr_par' dir='ltr' id='par_1_36' title="bbox 455 2166 2039 2245">
     <span class='ocr_line' id='line_1_36' title="bbox 455 2166 2039 2245; baseline -0.006 -17"><span class='ocrx_word' id='word_1_292' title='bbox 455 2171 641 2236; x_wconf 86' lang='lat' dir='ltr'><strong>dendi,</strong></span> <span class='ocrx_word' id='word_1_293' title='bbox 692 2169 778 2224; x_wconf 89' lang='lat' dir='ltr'><strong>vel</strong></span> <span class='ocrx_word' id='word_1_294' title='bbox 815 2168 1125 2224; x_wconf 85' lang='lat' dir='ltr'><strong>dimittendi</strong></span> <span class='ocrx_word' id='word_1_295' title='bbox 1167 2175 1298 2245; x_wconf 83' lang='lat' dir='ltr'><strong>eum</strong></span> <span class='ocrx_word' id='word_1_296' title='bbox 1339 2168 1492 2240; x_wconf 81' lang='lat' dir='ltr'><strong>:(Jo.</strong></span> <span class='ocrx_word' id='word_1_297' title='bbox 1529 2168 1619 2223; x_wconf 81' lang='lat' dir='ltr'><strong>i9.</strong></span> <span class='ocrx_word' id='word_1_298' title='bbox 1653 2166 1742 2237; x_wconf 81' lang='lat' dir='ltr'><strong>li)</strong></span> <span class='ocrx_word' id='word_1_299' title='bbox 1787 2183 1895 2220; x_wconf 90' lang='lat' dir='ltr'><strong>non</strong></span> <span class='ocrx_word' id='word_1_300' title='bbox 1939 2166 2039 2228; x_wconf 68' lang='lat' dir='ltr'><strong>lia-</strong></span> 
     </span>
    </p>
   </div>
   <div class='ocr_carea' id='block_1_37' title="bbox 457 2258 2041 2332">
    <p class='ocr_par' dir='ltr' id='par_1_37' title="bbox 457 2258 2041 2332">
     <span class='ocr_line' id='line_1_37' title="bbox 457 2258 2041 2332; baseline -0.004 -14"><span class='ocrx_word' id='word_1_301' title='bbox 457 2264 626 2329; x_wconf 81' lang='lat' dir='ltr'><strong>beres,</strong></span> <span class='ocrx_word' id='word_1_302' title='bbox 651 2261 848 2332; x_wconf 89' lang='lat' dir='ltr'><strong>inquit,</strong></span> <span class='ocrx_word' id='word_1_303' title='bbox 887 2263 944 2316; x_wconf 87' lang='lat' dir='ltr'><strong>in</strong></span> <span class='ocrx_word' id='word_1_304' title='bbox 985 2275 1066 2316; x_wconf 87' lang='lat' dir='ltr'><strong>me</strong></span> <span class='ocrx_word' id='word_1_305' title='bbox 1093 2269 1425 2331; x_wconf 83' lang='lat' dir='ltr'><strong>potestatem,</strong></span> <span class='ocrx_word' id='word_1_306' title='bbox 1479 2261 1581 2315; x_wconf 85' lang='lat' dir='ltr'><strong>nisi</strong></span> <span class='ocrx_word' id='word_1_307' title='bbox 1609 2260 1737 2314; x_wconf 88' lang='lat' dir='ltr'><strong>data</strong></span> <span class='ocrx_word' id='word_1_308' title='bbox 1785 2267 1914 2314; x_wconf 83' lang='lat' dir='ltr'><strong>esset</strong></span> <span class='ocrx_word' id='word_1_309' title='bbox 1949 2258 2041 2312; x_wconf 72' lang='lat' dir='ltr'><strong>tiOi</strong></span> 
     </span>
    </p>
   </div>
   <div class='ocr_carea' id='block_1_38' title="bbox 454 2333 2044 2425">
    <p class='ocr_par' dir='ltr' id='par_1_38' title="bbox 454 2333 2044 2425">
     <span class='ocr_line' id='line_1_38' title="bbox 454 2333 2044 2425; baseline -0.005 -15"><span class='ocrx_word' id='word_1_310' title='bbox 454 2355 700 2425; x_wconf 77' lang='lat' dir='ltr'><strong>desuper.</strong></span> <span class='ocrx_word' id='word_1_311' title='bbox 725 2351 983 2408; x_wconf 89' lang='lat' dir='ltr'><strong>Diabolus</strong></span> <span class='ocrx_word' id='word_1_312' title='bbox 1008 2353 1174 2407; x_wconf 85' lang='lat' dir='ltr'><strong>etiam</strong></span> <span class='ocrx_word' id='word_1_313' title='bbox 1195 2350 1385 2406; x_wconf 91' lang='lat' dir='ltr'><strong>volens</strong></span> <span class='ocrx_word' id='word_1_314' title='bbox 1405 2364 1605 2405; x_wconf 84' lang='lat' dir='ltr'><strong>nocere</strong></span> <span class='ocrx_word' id='word_1_315' title='bbox 1624 2348 1774 2418; x_wconf 87' lang='lat' dir='ltr'><strong>justo</strong></span> <span class='ocrx_word' id='word_1_316' title='bbox 1801 2333 1924 2414; x_wconf 64' lang='lat' dir='ltr'><strong>iob,</strong></span> <span class='ocrx_word' id='word_1_317' title='bbox 1945 2362 2044 2403; x_wconf 87' lang='lat' dir='ltr'><strong>no-</strong></span> 
     </span>
    </p>
   </div>
   <div class='ocr_carea' id='block_1_39' title="bbox 457 2438 2044 2515">
    <p class='ocr_par' dir='ltr' id='par_1_39' title="bbox 457 2438 2044 2515">
     <span class='ocr_line' id='line_1_39' title="bbox 457 2438 2044 2515; baseline -0.007 -14"><span class='ocrx_word' id='word_1_318' title='bbox 457 2444 618 2501; x_wconf 88' lang='lat' dir='ltr'><strong>cendi</strong></span> <span class='ocrx_word' id='word_1_319' title='bbox 645 2443 866 2515; x_wconf 84' lang='lat' dir='ltr'><strong>quidem</strong></span> <span class='ocrx_word' id='word_1_320' title='bbox 901 2441 1188 2497; x_wconf 87' lang='lat' dir='ltr'><strong>voluntate</strong></span> <span class='ocrx_word' id='word_1_321' title='bbox 1214 2439 1462 2495; x_wconf 89' lang='lat' dir='ltr'><strong>diabolus</strong></span> <span class='ocrx_word' id='word_1_322' title='bbox 1489 2446 1628 2504; x_wconf 87' lang='lat' dir='ltr'><strong>erat,</strong></span> <span class='ocrx_word' id='word_1_323' title='bbox 1663 2438 1758 2494; x_wconf 89' lang='lat' dir='ltr'><strong>se‘d</strong></span> <span class='ocrx_word' id='word_1_324' title='bbox 1785 2447 1970 2493; x_wconf 87' lang='lat' dir='ltr'><strong>tamen</strong></span> <span class='ocrx_word' id='word_1_325' title='bbox 2013 2448 2044 2489; x_wconf 88' lang='lat' dir='ltr'><strong>a</strong></span> 
     </span>
    </p>
   </div>
   <div class='ocr_carea' id='block_1_40' title="bbox 455 2525 2042 2603">
    <p class='ocr_par' dir='ltr' id='par_1_40' title="bbox 455 2525 2042 2603">
     <span class='ocr_line' id='line_1_40' title="bbox 455 2525 2042 2603; baseline -0.009 -11"><span class='ocrx_word' id='word_1_326' title='bbox 455 2536 686 2592; x_wconf 90' lang='lat' dir='ltr'><strong>Domino</strong></span> <span class='ocrx_word' id='word_1_327' title='bbox 705 2532 819 2589; x_wconf 88' lang='lat' dir='ltr'><strong>Deo</strong></span> <span class='ocrx_word' id='word_1_328' title='bbox 843 2539 1165 2603; x_wconf 83' lang='lat' dir='ltr'><strong>potestatem</strong></span> <span class='ocrx_word' id='word_1_329' title='bbox 1209 2529 1428 2599; x_wconf 87' lang='lat' dir='ltr'><strong>petebat</strong></span> <span class='ocrx_word' id='word_1_330' title='bbox 1449 2528 1657 2594; x_wconf 89' lang='lat' dir='ltr'><strong>dicens,</strong></span> <span class='ocrx_word' id='word_1_331' title='bbox 1690 2526 1836 2599; x_wconf 76' lang='lat' dir='ltr'><strong>(Job.</strong></span> <span class='ocrx_word' id='word_1_332' title='bbox 1869 2527 1955 2580; x_wconf 82' lang='lat' dir='ltr'><strong>ii.</strong></span> <span class='ocrx_word' id='word_1_333' title='bbox 1987 2525 2042 2596; x_wconf 83' lang='lat'><strong>5)</strong></span> 
     </span>
    </p>
   </div>
   <div class='ocr_carea' id='block_1_41' title="bbox 457 2617 2047 2691">
    <p class='ocr_par' dir='ltr' id='par_1_41' title="bbox 457 2617 2047 2691">
     <span class='ocr_line' id='line_1_41' title="bbox 457 2617 2047 2691; baseline -0.006 -9"><span class='ocrx_word' id='word_1_334' title='bbox 457 2629 605 2682; x_wconf 81' lang='lat' dir='ltr'><strong>mitte</strong></span> <span class='ocrx_word' id='word_1_335' title='bbox 630 2635 847 2680; x_wconf 81' lang='lat' dir='ltr'><strong>manum</strong></span> <span class='ocrx_word' id='word_1_336' title='bbox 887 2632 1057 2689; x_wconf 89' lang='lat' dir='ltr'><strong>tuam,</strong></span> <span class='ocrx_word' id='word_1_337' title='bbox 1083 2628 1134 2677; x_wconf 84' lang='lat' dir='ltr'><strong>et</strong></span> <span class='ocrx_word' id='word_1_338' title='bbox 1173 2629 1328 2691; x_wconf 81' lang='lat' dir='ltr'><strong>tange</strong></span> <span class='ocrx_word' id='word_1_339' title='bbox 1370 2635 1590 2673; x_wconf 83' lang='lat' dir='ltr'><strong>carnem</strong></span> <span class='ocrx_word' id='word_1_340' title='bbox 1608 2618 1722 2688; x_wconf 85' lang='lat' dir='ltr'><strong>ejus</strong></span> <span class='ocrx_word' id='word_1_341' title='bbox 1749 2633 1768 2672; x_wconf 91' lang='lat'><strong><em>:</em></strong></span> <span class='ocrx_word' id='word_1_342' title='bbox 1799 2617 2047 2687; x_wconf 84' lang='lat' dir='ltr'><strong>quamvis</strong></span> 
     </span>
    </p>
   </div>
   <div class='ocr_carea' id='block_1_42' title="bbox 458 2706 2046 2783">
    <p class='ocr_par' dir='ltr' id='par_1_42' title="bbox 458 2706 2046 2783">
     <span class='ocr_line' id='line_1_42' title="bbox 458 2706 2046 2783; baseline -0.008 -10"><span class='ocrx_word' id='word_1_343' title='bbox 458 2717 564 2773; x_wconf 86' lang='lat' dir='ltr'><strong>hoc</strong></span> <span class='ocrx_word' id='word_1_344' title='bbox 598 2721 774 2779; x_wconf 86' lang='lat' dir='ltr'><strong>esset,</strong></span> <span class='ocrx_word' id='word_1_345' title='bbox 812 2713 857 2768; x_wconf 88' lang='lat' dir='ltr'><strong>si</strong></span> <span class='ocrx_word' id='word_1_346' title='bbox 898 2713 1343 2783; x_wconf 86' lang='lat' dir='ltr'><strong>permitteretur,</strong></span> <span class='ocrx_word' id='word_1_347' title='bbox 1399 2709 1516 2779; x_wconf 88' lang='lat' dir='ltr'><strong>ipse</strong></span> <span class='ocrx_word' id='word_1_348' title='bbox 1557 2706 1820 2763; x_wconf 79' lang='lat' dir='ltr'><strong>facturus.</strong></span> <span class='ocrx_word' id='word_1_349' title='bbox 1867 2707 2046 2778; x_wconf 87' lang='lat' dir='ltr'><strong>ipsam</strong></span> 
     </span>
    </p>
   </div>
   <div class='ocr_carea' id='block_1_43' title="bbox 459 2798 2046 2874">
    <p class='ocr_par' dir='ltr' id='par_1_43' title="bbox 459 2798 2046 2874">
     <span class='ocr_line' id='line_1_43' title="bbox 459 2798 2046 2874; baseline -0.007 -12"><span class='ocrx_word' id='word_1_350' title='bbox 459 2806 605 2863; x_wconf 88' lang='lat' dir='ltr'><strong>enim</strong></span> <span class='ocrx_word' id='word_1_351' title='bbox 649 2803 1062 2874; x_wconf 88' lang='lat' dir='ltr'><strong>permissionem</strong></span> <span class='ocrx_word' id='word_1_352' title='bbox 1098 2800 1317 2870; x_wconf 87' lang='lat' dir='ltr'><strong>petebat</strong></span> <span class='ocrx_word' id='word_1_353' title='bbox 1355 2799 1460 2854; x_wconf 93' lang='lat' dir='ltr'><strong>hoc</strong></span> <span class='ocrx_word' id='word_1_354' title='bbox 1498 2798 1661 2854; x_wconf 88' lang='lat' dir='ltr'><strong>modo</strong></span> <span class='ocrx_word' id='word_1_355' title='bbox 1694 2815 1706 2852; x_wconf 94' lang='lat'><strong>:</strong></span> <span class='ocrx_word' id='word_1_356' title='bbox 1736 2807 1787 2853; x_wconf 85' lang='lat' dir='ltr'><strong>et</strong></span> <span class='ocrx_word' id='word_1_357' title='bbox 1830 2813 2046 2852; x_wconf 80' lang='lat' dir='ltr'><strong>manum</strong></span> 
     </span>
    </p>
   </div>
   <div class='ocr_carea' id='block_1_44' title="bbox 460 2889 2055 2964">
    <p class='ocr_par' dir='ltr' id='par_1_44' title="bbox 460 2889 2055 2964">
     <span class='ocr_line' id='line_1_44' title="bbox 460 2889 2055 2964; baseline -0.004 -14"><span class='ocrx_word' id='word_1_358' title='bbox 460 2893 676 2951; x_wconf 84' lang='lat' dir='ltr'><strong>Domini</strong></span> <span class='ocrx_word' id='word_1_359' title='bbox 721 2891 1026 2964; x_wconf 88' lang='lat' dir='ltr'><strong>appellabat</strong></span> <span class='ocrx_word' id='word_1_360' title='bbox 1078 2892 1401 2962; x_wconf 89' lang='lat' dir='ltr'><strong>permissam</strong></span> <span class='ocrx_word' id='word_1_361' title='bbox 1458 2904 1490 2944; x_wconf 88' lang='lat' dir='ltr'><strong>a</strong></span> <span class='ocrx_word' id='word_1_362' title='bbox 1546 2889 1776 2948; x_wconf 87' lang='lat' dir='ltr'><strong>Domino</strong></span> <span class='ocrx_word' id='word_1_363' title='bbox 1825 2905 2055 2945; x_wconf 82' lang='lat' dir='ltr'><strong>manum</strong></span> 
     </span>
    </p>
   </div>
   <div class='ocr_carea' id='block_1_45' title="bbox 463 2980 2049 3054">
    <p class='ocr_par' dir='ltr' id='par_1_45' title="bbox 463 2980 2049 3054">
     <span class='ocr_line' id='line_1_45' title="bbox 463 2980 2049 3054; baseline -0.003 -13"><span class='ocrx_word' id='word_1_364' title='bbox 463 3001 619 3042; x_wconf 89' lang='lat' dir='ltr'><strong>suam</strong></span> <span class='ocrx_word' id='word_1_365' title='bbox 644 3003 659 3052; x_wconf 90' lang='lat'><strong>;</strong></span> <span class='ocrx_word' id='word_1_366' title='bbox 697 2986 750 3040; x_wconf 89' lang='lat' dir='ltr'><strong>id</strong></span> <span class='ocrx_word' id='word_1_367' title='bbox 775 2993 856 3041; x_wconf 86' lang='lat' dir='ltr'><strong>est</strong></span> <span class='ocrx_word' id='word_1_368' title='bbox 884 2985 1056 3054; x_wconf 90' lang='lat' dir='ltr'><strong>ipsam</strong></span> <span class='ocrx_word' id='word_1_369' title='bbox 1077 2990 1427 3054; x_wconf 86' lang='lat' dir='ltr'><strong>potestatem,</strong></span> <span class='ocrx_word' id='word_1_370' title='bbox 1468 2996 1633 3052; x_wconf 88' lang='lat' dir='ltr'><strong>quam</strong></span> <span class='ocrx_word' id='word_1_371' title='bbox 1656 2981 1874 3038; x_wconf 89' lang='lat' dir='ltr'><strong>volebat</strong></span> <span class='ocrx_word' id='word_1_372' title='bbox 1904 2980 2049 3037; x_wconf 84' lang='lat' dir='ltr'><strong>acci-</strong></span> 
     </span>
    </p>
   </div>
   <div class='ocr_carea' id='block_1_46' title="bbox 460 3070 2048 3155">
    <p class='ocr_par' dir='ltr' id='par_1_46' title="bbox 460 3070 2048 3155">
     <span class='ocr_line' id='line_1_46' title="bbox 460 3070 2048 3155; baseline -0.003 -24"><span class='ocrx_word' id='word_1_373' title='bbox 460 3091 614 3148; x_wconf 87' lang='lat' dir='ltr'><strong>pere.</strong></span> <span class='ocrx_word' id='word_1_374' title='bbox 645 3075 745 3132; x_wconf 90' lang='lat' dir='ltr'><strong>Cui</strong></span> <span class='ocrx_word' id='word_1_375' title='bbox 770 3074 1021 3155; x_wconf 85' lang='lat' dir='ltr'><strong>congruit</strong></span> <span class='ocrx_word' id='word_1_376' title='bbox 1066 3072 1198 3127; x_wconf 86' lang='lat' dir='ltr'><strong>illud</strong></span> <span class='ocrx_word' id='word_1_377' title='bbox 1221 3073 1275 3126; x_wconf 86' lang='lat' dir='ltr'><strong>in</strong></span> <span class='ocrx_word' id='word_1_378' title='bbox 1302 3072 1626 3144; x_wconf 87' lang='lat' dir='ltr'><strong>Evangelio;</strong></span> <span class='ocrx_word' id='word_1_379' title='bbox 1659 3072 1810 3142; x_wconf 82' lang='lat' dir='ltr'><strong>(Luc.</strong></span> <span class='ocrx_word' id='word_1_380' title='bbox 1835 3073 1924 3127; x_wconf 70' lang='grc'><strong>22.</strong></span> <span class='ocrx_word' id='word_1_381' title='bbox 1957 3070 2048 3143; x_wconf 74' lang='lat' dir='ltr'><strong>Si)</strong></span> 
     </span>
    </p>
   </div>
   <div class='ocr_carea' id='block_1_47' title="bbox 461 3160 2050 3238">
    <p class='ocr_par' dir='ltr' id='par_1_47' title="bbox 461 3160 2050 3238">
     <span class='ocr_line' id='line_1_47' title="bbox 461 3160 2050 3238; baseline -0.003 -18"><span class='ocrx_word' id='word_1_382' title='bbox 461 3166 608 3238; x_wconf 86' lang='lat' dir='ltr'><strong>quod</strong></span> <span class='ocrx_word' id='word_1_383' title='bbox 648 3165 910 3222; x_wconf 86' lang='lat' dir='ltr'><strong>Dominus</strong></span> <span class='ocrx_word' id='word_1_384' title='bbox 955 3161 1233 3234; x_wconf 86' lang='lat' dir='ltr'><strong>discipulis</strong></span> <span class='ocrx_word' id='word_1_385' title='bbox 1278 3163 1352 3216; x_wconf 89' lang='lat' dir='ltr'><strong>ait</strong></span> <span class='ocrx_word' id='word_1_386' title='bbox 1385 3181 1399 3216; x_wconf 88' lang='lat'>:</span> <span class='ocrx_word' id='word_1_387' title='bbox 1429 3163 1530 3216; x_wconf 81' lang='lat' dir='ltr'><strong>hac</strong></span> <span class='ocrx_word' id='word_1_388' title='bbox 1576 3173 1725 3217; x_wconf 88' lang='lat' dir='ltr'><strong>nocte</strong></span> <span class='ocrx_word' id='word_1_389' title='bbox 1764 3160 2050 3233; x_wconf 82' lang='lat' dir='ltr'><strong>postulavit</strong></span> 
     </span>
    </p>
   </div>
   <div class='ocr_carea' id='block_1_48' title="bbox 2141 1983 3736 2062">
    <p class='ocr_par' dir='ltr' id='par_1_48' title="bbox 2141 1983 3736 2062">
     <span class='ocr_line' id='line_1_48' title="bbox 2141 1983 3736 2062; baseline -0.003 -20"><span class='ocrx_word' id='word_1_390' title='bbox 2141 1987 2517 2062; x_wconf 84' lang='lat' dir='ltr'><strong>principaliter</strong></span> <span class='ocrx_word' id='word_1_391' title='bbox 2559 1995 2802 2042; x_wconf 85' lang='lat' dir='ltr'><strong>sanctus.</strong></span> <span class='ocrx_word' id='word_1_392' title='bbox 2854 1985 2990 2041; x_wconf 78' lang='lat' dir='ltr'><strong>Nam</strong></span> <span class='ocrx_word' id='word_1_393' title='bbox 3018 2000 3180 2055; x_wconf 88' lang='lat' dir='ltr'><strong>quem</strong></span> <span class='ocrx_word' id='word_1_394' title='bbox 3206 1983 3371 2038; x_wconf 88' lang='lat' dir='ltr'><strong>alium</strong></span> <span class='ocrx_word' id='word_1_395' title='bbox 3395 1998 3736 2041; x_wconf 76' lang='lat' dir='ltr'><strong>commemo-</strong></span> 
     </span>
    </p>
   </div>
   <div class='ocr_carea' id='block_1_49' title="bbox 2144 2073 3735 2148">
    <p class='ocr_par' dir='ltr' id='par_1_49' title="bbox 2144 2073 3735 2148">
     <span class='ocr_line' id='line_1_49' title="bbox 2144 2073 3735 2148; baseline -0.003 -17"><span class='ocrx_word' id='word_1_396' title='bbox 2144 2087 2228 2132; x_wconf 85' lang='lat' dir='ltr'><strong>rat</strong></span> <span class='ocrx_word' id='word_1_397' title='bbox 2254 2079 2346 2133; x_wconf 87' lang='lat' dir='ltr'><strong>ubi</strong></span> <span class='ocrx_word' id='word_1_398' title='bbox 2369 2077 2539 2132; x_wconf 86' lang='lat' dir='ltr'><strong>dicit:</strong></span> <span class='ocrx_word' id='word_1_399' title='bbox 2572 2076 2746 2148; x_wconf 85' lang='lat' dir='ltr'><strong>(Rom.</strong></span> <span class='ocrx_word' id='word_1_400' title='bbox 2772 2077 2826 2132; x_wconf 87' lang='lat'><strong>8.</strong></span> <span class='ocrx_word' id='word_1_401' title='bbox 2863 2075 2952 2144; x_wconf 86' lang='lat' dir='ltr'><strong>i6)</strong></span> <span class='ocrx_word' id='word_1_402' title='bbox 2987 2077 3097 2145; x_wconf 86' lang='lat' dir='ltr'><strong>ipse</strong></span> <span class='ocrx_word' id='word_1_403' title='bbox 3121 2077 3337 2143; x_wconf 81' lang='lat' dir='ltr'><strong>spiritus</strong></span> <span class='ocrx_word' id='word_1_404' title='bbox 3369 2073 3735 2128; x_wconf 78' lang='lat' dir='ltr'><strong>testimonium</strong></span> 
     </span>
    </p>
   </div>
   <div class='ocr_carea' id='block_1_50' title="bbox 2144 2161 3735 2238">
    <p class='ocr_par' dir='ltr' id='par_1_50' title="bbox 2144 2161 3735 2238">
     <span class='ocr_line' id='line_1_50' title="bbox 2144 2161 3735 2238; baseline -0.001 -18"><span class='ocrx_word' id='word_1_405' title='bbox 2144 2168 2233 2222; x_wconf 86' lang='lat' dir='ltr'><strong>dat</strong></span> <span class='ocrx_word' id='word_1_406' title='bbox 2256 2167 2468 2238; x_wconf 81' lang='lat' dir='ltr'><strong>spiritui</strong></span> <span class='ocrx_word' id='word_1_407' title='bbox 2504 2175 2706 2232; x_wconf 88' lang='lat' dir='ltr'><strong>nostro,</strong></span> <span class='ocrx_word' id='word_1_408' title='bbox 2748 2166 2873 2237; x_wconf 87' lang='lat' dir='ltr'><strong>quia</strong></span> <span class='ocrx_word' id='word_1_409' title='bbox 2896 2164 3208 2234; x_wconf 61' lang='lat' dir='ltr'><strong>sumusﬁlii</strong></span> <span class='ocrx_word' id='word_1_410' title='bbox 3241 2163 3590 2234; x_wconf 57' lang='grc' dir='ltr'><strong>βεεν-(ιω.</strong></span> <span class='ocrx_word' id='word_1_411' title='bbox 3638 2161 3735 2233; x_wconf 71' lang='grc'><strong>26)</strong></span> 
     </span>
    </p>
   </div>
   <div class='ocr_carea' id='block_1_51' title="bbox 2145 2253 3736 2328">
    <p class='ocr_par' dir='ltr' id='par_1_51' title="bbox 2145 2253 3736 2328">
     <span class='ocr_line' id='line_1_51' title="bbox 2145 2253 3736 2328; baseline -0.003 -16"><span class='ocrx_word' id='word_1_412' title='bbox 2145 2259 2214 2314; x_wconf 85' lang='grc' dir='ltr'><strong>Ει</strong></span> <span class='ocrx_word' id='word_1_413' title='bbox 2255 2259 2365 2328; x_wconf 87' lang='lat' dir='ltr'><strong>ipse</strong></span> <span class='ocrx_word' id='word_1_414' title='bbox 2409 2256 2643 2328; x_wconf 86' lang='lat' dir='ltr'><strong>Spiritus</strong></span> <span class='ocrx_word' id='word_1_415' title='bbox 2693 2257 2909 2327; x_wconf 79' lang='lat' dir='ltr'><strong>adjuvat</strong></span> <span class='ocrx_word' id='word_1_416' title='bbox 2953 2257 3316 2325; x_wconf 76' lang='lat' dir='ltr'><strong>inﬁmitatem</strong></span> <span class='ocrx_word' id='word_1_417' title='bbox 3374 2266 3635 2310; x_wconf 75' lang='lat' dir='ltr'><strong>nostram.</strong></span> <span class='ocrx_word' id='word_1_418' title='bbox 3684 2253 3736 2324; x_wconf 89' lang='grc'><strong>(1</strong></span> 
     </span>
    </p>
   </div>
   <div class='ocr_carea' id='block_1_52' title="bbox 2146 2346 3739 2418">
    <p class='ocr_par' dir='ltr' id='par_1_52' title="bbox 2146 2346 3739 2418">
     <span class='ocr_line' id='line_1_52' title="bbox 2146 2346 3739 2418; baseline -0.002 -17"><span class='ocrx_word' id='word_1_419' title='bbox 2146 2347 2272 2402; x_wconf 84' lang='lat' dir='ltr'><strong>Cor.</strong></span> <span class='ocrx_word' id='word_1_420' title='bbox 2304 2347 2392 2401; x_wconf 69' lang='lat' dir='ltr'><strong>i2.</strong></span> <span class='ocrx_word' id='word_1_421' title='bbox 2443 2347 2532 2418; x_wconf 87' lang='lat' dir='ltr'><strong>ii)</strong></span> <span class='ocrx_word' id='word_1_422' title='bbox 2579 2347 2648 2402; x_wconf 89' lang='lat' dir='ltr'><strong>Et</strong></span> <span class='ocrx_word' id='word_1_423' title='bbox 2690 2347 2867 2401; x_wconf 84' lang='lat' dir='ltr'><strong>omnia</strong></span> <span class='ocrx_word' id='word_1_424' title='bbox 2918 2346 3027 2401; x_wconf 78' lang='lat' dir='ltr'><strong>ha&#39;c</strong></span> <span class='ocrx_word' id='word_1_425' title='bbox 3079 2355 3326 2416; x_wconf 84' lang='lat' dir='ltr'><strong>operatur</strong></span> <span class='ocrx_word' id='word_1_426' title='bbox 3367 2362 3526 2409; x_wconf 85' lang='lat' dir='ltr'><strong>unus,</strong></span> <span class='ocrx_word' id='word_1_427' title='bbox 3574 2355 3739 2415; x_wconf 75' lang='lat' dir='ltr'><strong>atque</strong></span> 
     </span>
    </p>
   </div>
   <div class='ocr_carea' id='block_1_53' title="bbox 2146 2432 3736 2509">
    <p class='ocr_par' dir='ltr' id='par_1_53' title="bbox 2146 2432 3736 2509">
     <span class='ocr_line' id='line_1_53' title="bbox 2146 2432 3736 2509; baseline -0.004 -17"><span class='ocrx_word' id='word_1_428' title='bbox 2146 2438 2286 2492; x_wconf 86' lang='lat' dir='ltr'><strong>idem</strong></span> <span class='ocrx_word' id='word_1_429' title='bbox 2316 2436 2569 2509; x_wconf 86' lang='lat' dir='ltr'><strong>Spiritus,</strong></span> <span class='ocrx_word' id='word_1_430' title='bbox 2599 2438 2834 2491; x_wconf 82' lang='lat' dir='ltr'><strong>dividens</strong></span> <span class='ocrx_word' id='word_1_431' title='bbox 2865 2435 3090 2506; x_wconf 84' lang='lat' dir='ltr'><strong>singulis</strong></span> <span class='ocrx_word' id='word_1_432' title='bbox 3114 2438 3267 2505; x_wconf 83' lang='lat' dir='ltr'><strong>prout</strong></span> <span class='ocrx_word' id='word_1_433' title='bbox 3301 2435 3428 2489; x_wconf 86' lang='lat' dir='ltr'><strong>vult.</strong></span> <span class='ocrx_word' id='word_1_434' title='bbox 3463 2433 3632 2505; x_wconf 72' lang='lat' dir='ltr'><strong>(Ibid.</strong></span> <span class='ocrx_word' id='word_1_435' title='bbox 3681 2432 3736 2502; x_wconf 72' lang='grc' dir='ltr'><strong>ι)</strong></span> 
     </span>
    </p>
   </div>
   <div class='ocr_carea' id='block_1_54' title="bbox 2147 2522 3734 2593">
    <p class='ocr_par' dir='ltr' id='par_1_54' title="bbox 2147 2522 3734 2593">
     <span class='ocr_line' id='line_1_54' title="bbox 2147 2522 3734 2593; baseline -0.003 -12"><span class='ocrx_word' id='word_1_436' title='bbox 2147 2528 2215 2581; x_wconf 84' lang='lat' dir='ltr'><strong>Et</strong></span> <span class='ocrx_word' id='word_1_437' title='bbox 2237 2528 2515 2582; x_wconf 82' lang='lat' dir='ltr'><strong>divisiones</strong></span> <span class='ocrx_word' id='word_1_438' title='bbox 2537 2527 2881 2580; x_wconf 74' lang='lat' dir='ltr'><strong>donationum</strong></span> <span class='ocrx_word' id='word_1_439' title='bbox 2908 2536 3050 2590; x_wconf 86' lang='lat' dir='ltr'><strong>sunt,</strong></span> <span class='ocrx_word' id='word_1_440' title='bbox 3084 2525 3223 2579; x_wconf 86' lang='lat' dir='ltr'><strong>idem</strong></span> <span class='ocrx_word' id='word_1_441' title='bbox 3252 2534 3427 2578; x_wconf 69' lang='lat' dir='ltr'><strong>autem</strong></span> <span class='ocrx_word' id='word_1_442' title='bbox 3473 2522 3734 2593; x_wconf 59' lang='lat' dir='ltr'><strong>Spiritus.</strong></span> 
     </span>
    </p>
   </div>
   <div class='ocr_carea' id='block_1_55' title="bbox 2147 2613 3740 2682">
    <p class='ocr_par' dir='ltr' id='par_1_55' title="bbox 2147 2613 3740 2682">
     <span class='ocr_line' id='line_1_55' title="bbox 2147 2613 3740 2682; baseline -0.004 -9"><span class='ocrx_word' id='word_1_443' title='bbox 2147 2619 2206 2673; x_wconf 92' lang='lat' dir='ltr'><strong>ln</strong></span> <span class='ocrx_word' id='word_1_444' title='bbox 2229 2619 2317 2674; x_wconf 90' lang='lat' dir='ltr'><strong>his</strong></span> <span class='ocrx_word' id='word_1_445' title='bbox 2337 2618 2484 2673; x_wconf 87' lang='lat' dir='ltr'><strong>enim</strong></span> <span class='ocrx_word' id='word_1_446' title='bbox 2525 2618 2779 2675; x_wconf 90' lang='lat' dir='ltr'><strong>omnibus</strong></span> <span class='ocrx_word' id='word_1_447' title='bbox 2817 2617 3123 2682; x_wconf 86' lang='lat' dir='ltr'><strong>sententiis,</strong></span> <span class='ocrx_word' id='word_1_448' title='bbox 3166 2631 3266 2671; x_wconf 89' lang='lat' dir='ltr'><strong>nec</strong></span> <span class='ocrx_word' id='word_1_449' title='bbox 3293 2613 3412 2680; x_wconf 83' lang='lat' dir='ltr'><strong>Dei,</strong></span> <span class='ocrx_word' id='word_1_450' title='bbox 3469 2629 3568 2670; x_wconf 86' lang='lat' dir='ltr'><strong>nec</strong></span> <span class='ocrx_word' id='word_1_451' title='bbox 3611 2630 3740 2668; x_wconf 80' lang='lat' dir='ltr'><strong>san-</strong></span> 
     </span>
    </p>
   </div>
   <div class='ocr_carea' id='block_1_56' title="bbox 2149 2701 3738 2775">
    <p class='ocr_par' dir='ltr' id='par_1_56' title="bbox 2149 2701 3738 2775">
     <span class='ocr_line' id='line_1_56' title="bbox 2149 2701 3738 2775; baseline -0.003 -13"><span class='ocrx_word' id='word_1_452' title='bbox 2149 2719 2264 2764; x_wconf 87' lang='lat' dir='ltr'><strong>ctus</strong></span> <span class='ocrx_word' id='word_1_453' title='bbox 2283 2716 2367 2763; x_wconf 88' lang='lat' dir='ltr'><strong>est</strong></span> <span class='ocrx_word' id='word_1_454' title='bbox 2394 2708 2660 2772; x_wconf 90' lang='lat' dir='ltr'><strong>additum,</strong></span> <span class='ocrx_word' id='word_1_455' title='bbox 2693 2715 2749 2760; x_wconf 89' lang='lat' dir='ltr'><strong>et</strong></span> <span class='ocrx_word' id='word_1_456' title='bbox 2771 2714 2955 2761; x_wconf 90' lang='lat' dir='ltr'><strong>tamen</strong></span> <span class='ocrx_word' id='word_1_457' title='bbox 2990 2706 3105 2775; x_wconf 90' lang='lat' dir='ltr'><strong>ipse</strong></span> <span class='ocrx_word' id='word_1_458' title='bbox 3135 2705 3470 2774; x_wconf 77' lang='lat' dir='ltr'><strong>intelligitur.</strong></span> <span class='ocrx_word' id='word_1_459' title='bbox 3503 2701 3612 2757; x_wconf 85' lang='lat' dir='ltr'><strong>Sed</strong></span> <span class='ocrx_word' id='word_1_460' title='bbox 3646 2717 3738 2757; x_wconf 90' lang='lat' dir='ltr'><strong>ne-</strong></span> 
     </span>
    </p>
   </div>
   <div class='ocr_carea' id='block_1_57' title="bbox 2151 2794 3742 2867">
    <p class='ocr_par' dir='ltr' id='par_1_57' title="bbox 2151 2794 3742 2867">
     <span class='ocr_line' id='line_1_57' title="bbox 2151 2794 3742 2867; baseline -0.005 -12"><span class='ocrx_word' id='word_1_461' title='bbox 2151 2801 2264 2855; x_wconf 90' lang='lat' dir='ltr'><strong>scio</strong></span> <span class='ocrx_word' id='word_1_462' title='bbox 2295 2807 2476 2853; x_wconf 90' lang='lat' dir='ltr'><strong>utrum</strong></span> <span class='ocrx_word' id='word_1_463' title='bbox 2506 2798 2796 2854; x_wconf 80' lang='lat' dir='ltr'><strong>manifesto</strong></span> <span class='ocrx_word' id='word_1_464' title='bbox 2826 2798 3006 2867; x_wconf 90' lang='lat' dir='ltr'><strong>aliquo</strong></span> <span class='ocrx_word' id='word_1_465' title='bbox 3035 2795 3282 2867; x_wconf 79' lang='lat' dir='ltr'><strong>exemplo</strong></span> <span class='ocrx_word' id='word_1_466' title='bbox 3313 2794 3534 2865; x_wconf 90' lang='lat' dir='ltr'><strong>probari</strong></span> <span class='ocrx_word' id='word_1_467' title='bbox 3561 2796 3742 2863; x_wconf 81' lang='lat' dir='ltr'><strong>possit</strong></span> 
     </span>
    </p>
   </div>
   <div class='ocr_carea' id='block_1_58' title="bbox 2151 2886 3739 2960">
    <p class='ocr_par' dir='ltr' id='par_1_58' title="bbox 2151 2886 3739 2960">
     <span class='ocr_line' id='line_1_58' title="bbox 2151 2886 3739 2960; baseline -0.004 -14"><span class='ocrx_word' id='word_1_468' title='bbox 2151 2892 2346 2947; x_wconf 83' lang='lat' dir='ltr'><strong>alicubi</strong></span> <span class='ocrx_word' id='word_1_469' title='bbox 2372 2893 2574 2947; x_wconf 90' lang='lat' dir='ltr'><strong>dictum</strong></span> <span class='ocrx_word' id='word_1_470' title='bbox 2617 2889 2876 2960; x_wconf 75' lang='lat' dir='ltr'><strong>Spiritum</strong></span> <span class='ocrx_word' id='word_1_471' title='bbox 2922 2890 3019 2943; x_wconf 88' lang='lat' dir='ltr'><strong>Dei</strong></span> <span class='ocrx_word' id='word_1_472' title='bbox 3040 2889 3158 2944; x_wconf 88' lang='lat' dir='ltr'><strong>sine</strong></span> <span class='ocrx_word' id='word_1_473' title='bbox 3195 2887 3594 2951; x_wconf 83' lang='lat' dir='ltr'><strong>additamenta,</strong></span> <span class='ocrx_word' id='word_1_474' title='bbox 3646 2886 3739 2940; x_wconf 86' lang='lat' dir='ltr'><strong>ubi</strong></span> 
     </span>
    </p>
   </div>
   <div class='ocr_carea' id='block_1_59' title="bbox 2153 2976 3738 3054">
    <p class='ocr_par' dir='ltr' id='par_1_59' title="bbox 2153 2976 3738 3054">
     <span class='ocr_line' id='line_1_59' title="bbox 2153 2976 3738 3054; baseline -0.005 -16"><span class='ocrx_word' id='word_1_475' title='bbox 2153 2984 2392 3054; x_wconf 80' lang='lat' dir='ltr'><strong>Spiritus</strong></span> <span class='ocrx_word' id='word_1_476' title='bbox 2444 2982 2534 3037; x_wconf 90' lang='lat' dir='ltr'><strong>ille</strong></span> <span class='ocrx_word' id='word_1_477' title='bbox 2582 2990 2802 3037; x_wconf 85' lang='lat' dir='ltr'><strong>sanctus</strong></span> <span class='ocrx_word' id='word_1_478' title='bbox 2854 2996 2963 3036; x_wconf 91' lang='lat' dir='ltr'><strong>non</strong></span> <span class='ocrx_word' id='word_1_479' title='bbox 3001 2979 3355 3048; x_wconf 75' lang='lat' dir='ltr'><strong>significetur,</strong></span> <span class='ocrx_word' id='word_1_480' title='bbox 3411 2977 3506 3032; x_wconf 87' lang='lat' dir='ltr'><strong>sed</strong></span> <span class='ocrx_word' id='word_1_481' title='bbox 3555 2976 3738 3038; x_wconf 88' lang='lat' dir='ltr'><strong>alius.</strong></span> 
     </span>
    </p>
   </div>
   <div class='ocr_carea' id='block_1_60' title="bbox 2151 3068 3741 3144">
    <p class='ocr_par' dir='ltr' id='par_1_60' title="bbox 2151 3068 3741 3144">
     <span class='ocr_line' id='line_1_60' title="bbox 2151 3068 3741 3144; baseline -0.006 -17"><span class='ocrx_word' id='word_1_482' title='bbox 2151 3073 2400 3144; x_wconf 88' lang='lat' dir='ltr'><strong>quamvis</strong></span> <span class='ocrx_word' id='word_1_483' title='bbox 2443 3071 2637 3138; x_wconf 87' lang='lat' dir='ltr'><strong>bonus,</strong></span> <span class='ocrx_word' id='word_1_484' title='bbox 2686 3078 2904 3126; x_wconf 89' lang='lat' dir='ltr'><strong>creatus</strong></span> <span class='ocrx_word' id='word_1_485' title='bbox 2958 3079 3138 3124; x_wconf 88' lang='lat' dir='ltr'><strong>tamen</strong></span> <span class='ocrx_word' id='word_1_486' title='bbox 3185 3077 3240 3123; x_wconf 91' lang='lat' dir='ltr'><strong>et</strong></span> <span class='ocrx_word' id='word_1_487' title='bbox 3283 3068 3578 3123; x_wconf 89' lang='lat' dir='ltr'><strong>conditus:</strong></span> <span class='ocrx_word' id='word_1_488' title='bbox 3619 3080 3741 3134; x_wconf 73' lang='lat' dir='ltr'><strong>qua:</strong></span> 
     </span>
    </p>
   </div>
   <div class='ocr_carea' id='block_1_61' title="bbox 2155 3157 3743 3237">
    <p class='ocr_par' dir='ltr' id='par_1_61' title="bbox 2155 3157 3743 3237">
     <span class='ocr_line' id='line_1_61' title="bbox 2155 3157 3743 3237; baseline -0.007 -17"><span class='ocrx_word' id='word_1_489' title='bbox 2155 3165 2508 3237; x_wconf 77' lang='lat' dir='ltr'><strong>proferuntur</strong></span> <span class='ocrx_word' id='word_1_490' title='bbox 2543 3163 2688 3218; x_wconf 90' lang='lat' dir='ltr'><strong>enim</strong></span> <span class='ocrx_word' id='word_1_491' title='bbox 2729 3161 2890 3217; x_wconf 85' lang='lat' dir='ltr'><strong>dubia</strong></span> <span class='ocrx_word' id='word_1_492' title='bbox 2939 3170 3084 3226; x_wconf 90' lang='lat' dir='ltr'><strong>sunt,</strong></span> <span class='ocrx_word' id='word_1_493' title='bbox 3119 3169 3176 3215; x_wconf 89' lang='lat' dir='ltr'><strong>et</strong></span> <span class='ocrx_word' id='word_1_494' title='bbox 3217 3159 3460 3229; x_wconf 84' lang='lat' dir='ltr'><strong>indigent</strong></span> <span class='ocrx_word' id='word_1_495' title='bbox 3508 3157 3743 3210; x_wconf 82' lang='lat' dir='ltr'><strong>clariore</strong></span> 
     </span>
    </p>
   </div>
   <div class='ocr_carea' id='block_1_62' title="bbox 466 3239 3738 3322">
    <p class='ocr_par' dir='ltr' id='par_1_62' title="bbox 466 3239 3738 3322">
     <span class='ocr_line' id='line_1_62' title="bbox 466 3239 3738 3322; baseline -0.004 -12"><span class='ocrx_word' id='word_1_496' title='bbox 466 3255 698 3311; x_wconf 75' lang='lat' dir='ltr'><strong>Satanas</strong></span> <span class='ocrx_word' id='word_1_497' title='bbox 724 3270 912 3310; x_wconf 74' lang='lat' dir='ltr'><strong>vexare</strong></span> <span class='ocrx_word' id='word_1_498' title='bbox 951 3267 1036 3307; x_wconf 88' lang='lat' dir='ltr'><strong>vos</strong></span> <span class='ocrx_word' id='word_1_499' title='bbox 1077 3252 1216 3306; x_wconf 84' lang='lat' dir='ltr'><strong>sicut</strong></span> <span class='ocrx_word' id='word_1_500' title='bbox 1257 3251 1511 3304; x_wconf 86' lang='lat' dir='ltr'><strong>triticum.</strong></span> <span class='ocrx_word' id='word_1_501' title='bbox 1563 3250 1749 3305; x_wconf 89' lang='lat' dir='ltr'><strong>Dictus</strong></span> <span class='ocrx_word' id='word_1_502' title='bbox 1796 3258 1880 3305; x_wconf 89' lang='lat' dir='ltr'><strong>est</strong></span> <span class='ocrx_word' id='word_1_503' title='bbox 1923 3263 2055 3318; x_wconf 84' lang='lat' dir='ltr'><strong>ergo</strong></span> <span class='ocrx_word' id='word_1_504' title='bbox 2083 3239 2126 3301; x_wconf 88' lang='lat' dir='ltr'>C</span> <span class='ocrx_word' id='word_1_505' title='bbox 2158 3255 2504 3319; x_wconf 76' lang='lat' dir='ltr'><strong>documento,</strong></span> <span class='ocrx_word' id='word_1_506' title='bbox 2531 3253 2671 3307; x_wconf 77' lang='lat' dir='ltr'><strong>sicut</strong></span> <span class='ocrx_word' id='word_1_507' title='bbox 2715 3252 2846 3306; x_wconf 84' lang='lat' dir='ltr'><strong>illud</strong></span> <span class='ocrx_word' id='word_1_508' title='bbox 2887 3251 3031 3322; x_wconf 82' lang='lat' dir='ltr'><strong>quod</strong></span> <span class='ocrx_word' id='word_1_509' title='bbox 3063 3251 3322 3319; x_wconf 81' lang='lat' dir='ltr'><strong>scriptum</strong></span> <span class='ocrx_word' id='word_1_510' title='bbox 3349 3255 3434 3302; x_wconf 86' lang='lat' dir='ltr'><strong>est</strong></span> <span class='ocrx_word' id='word_1_511' title='bbox 3463 3265 3476 3300; x_wconf 89' lang='lat'><strong>:</strong></span> <span class='ocrx_word' id='word_1_512' title='bbox 3510 3244 3738 3316; x_wconf 78' lang='lat' dir='ltr'><strong>Spiritus</strong></span> 
     </span>
    </p>
   </div>
   <div class='ocr_carea' id='block_1_63' title="bbox 465 3338 2052 3418">
    <p class='ocr_par' dir='ltr' id='par_1_63' title="bbox 465 3338 2052 3418">
     <span class='ocr_line' id='line_1_63' title="bbox 465 3338 2052 3418; baseline -0.004 -18"><span class='ocrx_word' id='word_1_513' title='bbox 465 3345 689 3418; x_wconf 86' lang='lat' dir='ltr'><strong>spiritus</strong></span> <span class='ocrx_word' id='word_1_514' title='bbox 725 3342 823 3400; x_wconf 88' lang='lat' dir='ltr'><strong>Dei</strong></span> <span class='ocrx_word' id='word_1_515' title='bbox 846 3341 1040 3407; x_wconf 87' lang='lat' dir='ltr'><strong>malus,</strong></span> <span class='ocrx_word' id='word_1_516' title='bbox 1068 3342 1174 3396; x_wconf 90' lang='lat' dir='ltr'><strong>hoc</strong></span> <span class='ocrx_word' id='word_1_517' title='bbox 1211 3347 1298 3395; x_wconf 89' lang='lat' dir='ltr'><strong>est</strong></span> <span class='ocrx_word' id='word_1_518' title='bbox 1335 3340 1588 3395; x_wconf 88' lang='lat' dir='ltr'><strong>minister</strong></span> <span class='ocrx_word' id='word_1_519' title='bbox 1626 3339 1722 3394; x_wconf 90' lang='lat' dir='ltr'><strong>Dei</strong></span> <span class='ocrx_word' id='word_1_520' title='bbox 1751 3338 1819 3393; x_wconf 89' lang='lat' dir='ltr'><strong>ad</strong></span> <span class='ocrx_word' id='word_1_521' title='bbox 1849 3339 2052 3395; x_wconf 80' lang='lat' dir='ltr'><strong>facien-</strong></span> 
     </span>
    </p>
   </div>
   <div class='ocr_carea' id='block_1_64' title="bbox 466 3429 2052 3503">
    <p class='ocr_par' dir='ltr' id='par_1_64' title="bbox 466 3429 2052 3503">
     <span class='ocr_line' id='line_1_64' title="bbox 466 3429 2052 3503; baseline -0.006 -9"><span class='ocrx_word' id='word_1_522' title='bbox 466 3438 595 3493; x_wconf 88' lang='lat' dir='ltr'><strong>dum</strong></span> <span class='ocrx_word' id='word_1_523' title='bbox 632 3436 687 3492; x_wconf 88' lang='lat' dir='ltr'><strong>in</strong></span> <span class='ocrx_word' id='word_1_524' title='bbox 718 3432 870 3498; x_wconf 87' lang='lat' dir='ltr'><strong>Sani,</strong></span> <span class='ocrx_word' id='word_1_525' title='bbox 902 3432 1046 3503; x_wconf 86' lang='lat' dir='ltr'><strong>quod</strong></span> <span class='ocrx_word' id='word_1_526' title='bbox 1085 3444 1207 3486; x_wconf 91' lang='lat' dir='ltr'><strong>eum</strong></span> <span class='ocrx_word' id='word_1_527' title='bbox 1237 3429 1349 3500; x_wconf 85' lang='lat' dir='ltr'><strong>pati</strong></span> <span class='ocrx_word' id='word_1_528' title='bbox 1391 3429 1558 3500; x_wconf 80' lang='lat' dir='ltr'><strong>judex</strong></span> <span class='ocrx_word' id='word_1_529' title='bbox 1588 3430 2052 3499; x_wconf 86' lang='lat' dir='ltr'><strong>omnipotentissi-</strong></span> 
     </span>
    </p>
   </div>
   <div class='ocr_carea' id='block_1_65' title="bbox 467 3518 2053 3595">
    <p class='ocr_par' dir='ltr' id='par_1_65' title="bbox 467 3518 2053 3595">
     <span class='ocr_line' id='line_1_65' title="bbox 467 3518 2053 3595; baseline -0.004 -12"><span class='ocrx_word' id='word_1_530' title='bbox 467 3542 590 3584; x_wconf 86' lang='lat' dir='ltr'><strong>mus</strong></span> <span class='ocrx_word' id='word_1_531' title='bbox 618 3524 895 3595; x_wconf 82' lang='lat' dir='ltr'><strong>judicabat</strong></span> <span class='ocrx_word' id='word_1_532' title='bbox 921 3537 936 3578; x_wconf 88' lang='lat'><strong>:</strong></span> <span class='ocrx_word' id='word_1_533' title='bbox 964 3523 1223 3593; x_wconf 84' lang='lat' dir='ltr'><strong>quoniam</strong></span> <span class='ocrx_word' id='word_1_534' title='bbox 1249 3521 1475 3592; x_wconf 89' lang='lat' dir='ltr'><strong>spiritus</strong></span> <span class='ocrx_word' id='word_1_535' title='bbox 1495 3518 1585 3575; x_wconf 89' lang='lat' dir='ltr'><strong>ille</strong></span> <span class='ocrx_word' id='word_1_536' title='bbox 1619 3519 1918 3586; x_wconf 82' lang='lat' dir='ltr'><strong>voluntate,</strong></span> <span class='ocrx_word' id='word_1_537' title='bbox 1945 3535 2053 3590; x_wconf 88' lang='lat' dir='ltr'><strong>qua</strong></span> 
     </span>
    </p>
   </div>
   <div class='ocr_carea' id='block_1_66' title="bbox 471 3613 2056 3683">
    <p class='ocr_par' dir='ltr' id='par_1_66' title="bbox 471 3613 2056 3683">
     <span class='ocr_line' id='line_1_66' title="bbox 471 3613 2056 3683; baseline -0.004 -8"><span class='ocrx_word' id='word_1_538' title='bbox 471 3617 648 3675; x_wconf 90' lang='lat' dir='ltr'><strong>malus</strong></span> <span class='ocrx_word' id='word_1_539' title='bbox 669 3626 809 3683; x_wconf 89' lang='lat' dir='ltr'><strong>erat,</strong></span> <span class='ocrx_word' id='word_1_540' title='bbox 839 3631 948 3671; x_wconf 90' lang='lat' dir='ltr'><strong>non</strong></span> <span class='ocrx_word' id='word_1_541' title='bbox 977 3623 1096 3670; x_wconf 88' lang='lat' dir='ltr'><strong>erat</strong></span> <span class='ocrx_word' id='word_1_542' title='bbox 1120 3615 1214 3670; x_wconf 89' lang='lat' dir='ltr'><strong>Dei</strong></span> <span class='ocrx_word' id='word_1_543' title='bbox 1238 3631 1252 3680; x_wconf 90' lang='lat'><strong>;</strong></span> <span class='ocrx_word' id='word_1_544' title='bbox 1277 3620 1532 3669; x_wconf 88' lang='lat' dir='ltr'><strong>creatura</strong></span> <span class='ocrx_word' id='word_1_545' title='bbox 1561 3627 1714 3676; x_wconf 88' lang='lat' dir='ltr'><strong>vero,</strong></span> <span class='ocrx_word' id='word_1_546' title='bbox 1742 3627 1847 3681; x_wconf 92' lang='lat' dir='ltr'><strong>qua</strong></span> <span class='ocrx_word' id='word_1_547' title='bbox 1870 3613 2056 3668; x_wconf 87' lang='lat' dir='ltr'><strong>condi-</strong></span> 
     </span>
    </p>
   </div>
   <div class='ocr_carea' id='block_1_67' title="bbox 468 3703 2057 3776">
    <p class='ocr_par' dir='ltr' id='par_1_67' title="bbox 468 3703 2057 3776">
     <span class='ocr_line' id='line_1_67' title="bbox 468 3703 2057 3776; baseline -0.006 -11"><span class='ocrx_word' id='word_1_548' title='bbox 468 3717 561 3765; x_wconf 84' lang='lat' dir='ltr'><strong>tus</strong></span> <span class='ocrx_word' id='word_1_549' title='bbox 585 3716 725 3773; x_wconf 90' lang='lat' dir='ltr'><strong>erat,</strong></span> <span class='ocrx_word' id='word_1_550' title='bbox 766 3713 1118 3776; x_wconf 84' lang='lat' dir='ltr'><strong>etpotestate</strong></span> <span class='ocrx_word' id='word_1_551' title='bbox 1166 3721 1329 3773; x_wconf 89' lang='lat' dir='ltr'><strong>quam</strong></span> <span class='ocrx_word' id='word_1_552' title='bbox 1374 3721 1483 3760; x_wconf 91' lang='lat' dir='ltr'><strong>non</strong></span> <span class='ocrx_word' id='word_1_553' title='bbox 1534 3718 1652 3770; x_wconf 89' lang='lat' dir='ltr'><strong>sua,</strong></span> <span class='ocrx_word' id='word_1_554' title='bbox 1703 3705 1796 3758; x_wconf 89' lang='lat' dir='ltr'><strong>sed</strong></span> <span class='ocrx_word' id='word_1_555' title='bbox 1841 3703 2057 3759; x_wconf 84' lang='lat' dir='ltr'><strong>Domini</strong></span> 
     </span>
    </p>
   </div>
   <div class='ocr_carea' id='block_1_68' title="bbox 473 3792 2056 3866">
    <p class='ocr_par' dir='ltr' id='par_1_68' title="bbox 473 3792 2056 3866">
     <span class='ocr_line' id='line_1_68' title="bbox 473 3792 2056 3866; baseline -0.005 -12"><span class='ocrx_word' id='word_1_556' title='bbox 473 3799 740 3863; x_wconf 91' lang='lat' dir='ltr'><strong>omnium,</strong></span> <span class='ocrx_word' id='word_1_557' title='bbox 764 3797 1017 3866; x_wconf 62' lang='lat' dir='ltr'><strong>aequitate</strong></span> <span class='ocrx_word' id='word_1_558' title='bbox 1051 3803 1358 3864; x_wconf 86' lang='lat' dir='ltr'><strong>acceperat,</strong></span> <span class='ocrx_word' id='word_1_559' title='bbox 1384 3794 1480 3848; x_wconf 91' lang='lat' dir='ltr'><strong>Dei</strong></span> <span class='ocrx_word' id='word_1_560' title='bbox 1509 3802 1649 3848; x_wconf 90' lang='lat' dir='ltr'><strong>erat.</strong></span> <span class='ocrx_word' id='word_1_561' title='bbox 1673 3793 1852 3848; x_wconf 76' lang='lat' dir='ltr'><strong>Verba</strong></span> <span class='ocrx_word' id='word_1_562' title='bbox 1892 3792 2056 3848; x_wconf 87' lang='lat' dir='ltr'><strong>etiam</strong></span> 
     </span>
    </p>
   </div>
   <div class='ocr_carea' id='block_1_69' title="bbox 475 3882 2058 3960">
    <p class='ocr_par' dir='ltr' id='par_1_69' title="bbox 475 3882 2058 3960">
     <span class='ocr_line' id='line_1_69' title="bbox 475 3882 2058 3960; baseline -0.005 -15"><span class='ocrx_word' id='word_1_563' title='bbox 475 3891 589 3960; x_wconf 85' lang='lat' dir='ltr'><strong>ipsa</strong></span> <span class='ocrx_word' id='word_1_564' title='bbox 631 3888 1035 3960; x_wconf 80' lang='lat' dir='ltr'><strong>Scripturarum</strong></span> <span class='ocrx_word' id='word_1_565' title='bbox 1067 3887 1140 3941; x_wconf 89' lang='lat' dir='ltr'><strong>ita</strong></span> <span class='ocrx_word' id='word_1_566' title='bbox 1170 3901 1229 3940; x_wconf 91' lang='lat' dir='ltr'><strong>sc</strong></span> <span class='ocrx_word' id='word_1_567' title='bbox 1253 3886 1474 3940; x_wconf 84' lang='lat' dir='ltr'><strong>habent.</strong></span> <span class='ocrx_word' id='word_1_568' title='bbox 1507 3884 1560 3957; x_wconf 87' lang='grc' dir='ltr'><strong>(Ι</strong></span> <span class='ocrx_word' id='word_1_569' title='bbox 1597 3883 1726 3954; x_wconf 82' lang='lat' dir='ltr'><strong>Reg.</strong></span> <span class='ocrx_word' id='word_1_570' title='bbox 1754 3883 1840 3938; x_wconf 81' lang='grc'><strong>16.</strong></span> <span class='ocrx_word' id='word_1_571' title='bbox 1875 3882 1962 3955; x_wconf 77' lang='grc'><strong>15)</strong></span> <span class='ocrx_word' id='word_1_572' title='bbox 1987 3883 2058 3937; x_wconf 81' lang='lat' dir='ltr'><strong>Et</strong></span> 
     </span>
    </p>
   </div>
   <div class='ocr_carea' id='block_1_70' title="bbox 472 3975 2061 4048">
    <p class='ocr_par' dir='ltr' id='par_1_70' title="bbox 472 3975 2061 4048">
     <span class='ocr_line' id='line_1_70' title="bbox 472 3975 2061 4048; baseline -0.006 -12"><span class='ocrx_word' id='word_1_573' title='bbox 472 3982 702 4036; x_wconf 73' lang='lat' dir='ltr'><strong>perrexit</strong></span> <span class='ocrx_word' id='word_1_574' title='bbox 730 3979 967 4043; x_wconf 86' lang='lat' dir='ltr'><strong>Samuel,</strong></span> <span class='ocrx_word' id='word_1_575' title='bbox 1002 3979 1199 4048; x_wconf 89' lang='lat' dir='ltr'><strong>inquit,</strong></span> <span class='ocrx_word' id='word_1_576' title='bbox 1229 3987 1276 4031; x_wconf 87' lang='lat' dir='ltr'><strong>et</strong></span> <span class='ocrx_word' id='word_1_577' title='bbox 1309 3977 1436 4043; x_wconf 69' lang='lat' dir='ltr'><strong>abiit</strong></span> <span class='ocrx_word' id='word_1_578' title='bbox 1460 3977 1516 4030; x_wconf 89' lang='lat' dir='ltr'><strong>in</strong></span> <span class='ocrx_word' id='word_1_579' title='bbox 1547 3975 1834 4040; x_wconf 85' lang='lat' dir='ltr'><strong>Ramatha,</strong></span> <span class='ocrx_word' id='word_1_580' title='bbox 1866 3983 1915 4029; x_wconf 90' lang='lat' dir='ltr'><strong>et</strong></span> <span class='ocrx_word' id='word_1_581' title='bbox 1959 3976 2061 4045; x_wconf 87' lang='lat' dir='ltr'><strong>spi-</strong></span> 
     </span>
    </p>
   </div>
   <div class='ocr_carea' id='block_1_71' title="bbox 474 4065 2060 4135">
    <p class='ocr_par' dir='ltr' id='par_1_71' title="bbox 474 4065 2060 4135">
     <span class='ocr_line' id='line_1_71' title="bbox 474 4065 2060 4135; baseline -0.004 -11"><span class='ocrx_word' id='word_1_582' title='bbox 474 4070 612 4124; x_wconf 84' lang='lat' dir='ltr'><strong>ritus</strong></span> <span class='ocrx_word' id='word_1_583' title='bbox 637 4069 732 4124; x_wconf 87' lang='lat' dir='ltr'><strong>Dei</strong></span> <span class='ocrx_word' id='word_1_584' title='bbox 762 4068 971 4123; x_wconf 80' lang='lat' dir='ltr'><strong>recessit</strong></span> <span class='ocrx_word' id='word_1_585' title='bbox 992 4085 1024 4121; x_wconf 91' lang='lat' dir='ltr'><strong>a</strong></span> <span class='ocrx_word' id='word_1_586' title='bbox 1063 4065 1216 4130; x_wconf 90' lang='lat' dir='ltr'><strong>Saul,</strong></span> <span class='ocrx_word' id='word_1_587' title='bbox 1248 4075 1294 4119; x_wconf 90' lang='lat' dir='ltr'><strong>et</strong></span> <span class='ocrx_word' id='word_1_588' title='bbox 1323 4065 1712 4135; x_wconf 83' lang='lat' dir='ltr'><strong>comprehendit</strong></span> <span class='ocrx_word' id='word_1_589' title='bbox 1742 4081 1861 4118; x_wconf 85' lang='lat' dir='ltr'><strong>eum</strong></span> <span class='ocrx_word' id='word_1_590' title='bbox 1906 4065 2060 4135; x_wconf 83' lang='lat' dir='ltr'><strong>spiri-</strong></span> 
     </span>
    </p>
   </div>
   <div class='ocr_carea' id='block_1_72' title="bbox 477 4153 2062 4227">
    <p class='ocr_par' dir='ltr' id='par_1_72' title="bbox 477 4153 2062 4227">
     <span class='ocr_line' id='line_1_72' title="bbox 477 4153 2062 4227; baseline -0.004 -13"><span class='ocrx_word' id='word_1_591' title='bbox 477 4167 562 4214; x_wconf 86' lang='lat' dir='ltr'><strong>tus</strong></span> <span class='ocrx_word' id='word_1_592' title='bbox 587 4157 851 4227; x_wconf 83' lang='lat' dir='ltr'><strong>malignus</strong></span> <span class='ocrx_word' id='word_1_593' title='bbox 884 4175 917 4210; x_wconf 91' lang='lat' dir='ltr'><strong>a</strong></span> <span class='ocrx_word' id='word_1_594' title='bbox 959 4155 1211 4221; x_wconf 85' lang='lat' dir='ltr'><strong>Domino,</strong></span> <span class='ocrx_word' id='word_1_595' title='bbox 1242 4164 1290 4208; x_wconf 88' lang='lat' dir='ltr'><strong>et</strong></span> <span class='ocrx_word' id='word_1_596' title='bbox 1324 4154 1618 4223; x_wconf 68' lang='lat' dir='ltr'><strong>su/focabat</strong></span> <span class='ocrx_word' id='word_1_597' title='bbox 1646 4170 1785 4207; x_wconf 90' lang='lat' dir='ltr'><strong>eum.</strong></span> <span class='ocrx_word' id='word_1_598' title='bbox 1817 4153 2062 4208; x_wconf 73' lang='lat' dir='ltr'><strong>Etdixe-</strong></span> 
     </span>
    </p>
   </div>
   <div class='ocr_carea' id='block_1_73' title="bbox 478 4243 2062 4321">
    <p class='ocr_par' dir='ltr' id='par_1_73' title="bbox 478 4243 2062 4321">
     <span class='ocr_line' id='line_1_73' title="bbox 478 4243 2062 4321; baseline -0.004 -16"><span class='ocrx_word' id='word_1_599' title='bbox 478 4259 602 4305; x_wconf 86' lang='lat' dir='ltr'><strong>runt</strong></span> <span class='ocrx_word' id='word_1_600' title='bbox 625 4252 776 4321; x_wconf 80' lang='lat' dir='ltr'><strong>pueri</strong></span> <span class='ocrx_word' id='word_1_601' title='bbox 806 4248 938 4305; x_wconf 85' lang='lat' dir='ltr'><strong>Soul</strong></span> <span class='ocrx_word' id='word_1_602' title='bbox 966 4248 1036 4302; x_wconf 92' lang='lat' dir='ltr'><strong>ad</strong></span> <span class='ocrx_word' id='word_1_603' title='bbox 1060 4264 1176 4302; x_wconf 89' lang='lat' dir='ltr'><strong>eum</strong></span> <span class='ocrx_word' id='word_1_604' title='bbox 1201 4265 1220 4304; x_wconf 91' lang='lat'><strong><em>:</em></strong></span> <span class='ocrx_word' id='word_1_605' title='bbox 1251 4245 1388 4300; x_wconf 82' lang='lat' dir='ltr'><strong>Ecce</strong></span> <span class='ocrx_word' id='word_1_606' title='bbox 1411 4247 1628 4316; x_wconf 87' lang='lat' dir='ltr'><strong>spiritus</strong></span> <span class='ocrx_word' id='word_1_607' title='bbox 1650 4245 1865 4299; x_wconf 84' lang='lat' dir='ltr'><strong>Domini</strong></span> <span class='ocrx_word' id='word_1_608' title='bbox 1890 4243 2062 4299; x_wconf 84' lang='lat' dir='ltr'><strong>malus</strong></span> 
     </span>
    </p>
   </div>
   <div class='ocr_carea' id='block_1_74' title="bbox 478 4335 2065 4412">
    <p class='ocr_par' dir='ltr' id='par_1_74' title="bbox 478 4335 2065 4412">
     <span class='ocr_line' id='line_1_74' title="bbox 478 4335 2065 4412; baseline -0.004 -14"><span class='ocrx_word' id='word_1_609' title='bbox 478 4343 706 4412; x_wconf 75' lang='lat' dir='ltr'><strong>sufferat</strong></span> <span class='ocrx_word' id='word_1_610' title='bbox 750 4351 819 4397; x_wconf 83' lang='lat' dir='ltr'><strong>te.</strong></span> <span class='ocrx_word' id='word_1_611' title='bbox 851 4342 967 4397; x_wconf 83' lang='lat' dir='ltr'><strong>Hoc</strong></span> <span class='ocrx_word' id='word_1_612' title='bbox 1014 4341 1178 4412; x_wconf 85' lang='lat' dir='ltr'><strong>igitur</strong></span> <span class='ocrx_word' id='word_1_613' title='bbox 1223 4355 1252 4394; x_wconf 92' lang='lat' dir='ltr'><strong>a</strong></span> <span class='ocrx_word' id='word_1_614' title='bbox 1291 4338 1477 4408; x_wconf 89' lang='lat' dir='ltr'><strong>pueris</strong></span> <span class='ocrx_word' id='word_1_615' title='bbox 1527 4335 1645 4406; x_wconf 83' lang='lat' dir='ltr'><strong>ejus</strong></span> <span class='ocrx_word' id='word_1_616' title='bbox 1691 4337 1962 4407; x_wconf 88' lang='lat' dir='ltr'><strong>quomodo</strong></span> <span class='ocrx_word' id='word_1_617' title='bbox 1993 4337 2065 4392; x_wconf 89' lang='lat' dir='ltr'><strong>sit</strong></span> 
     </span>
    </p>
   </div>
   <div class='ocr_carea' id='block_1_75' title="bbox 481 4427 2065 4503">
    <p class='ocr_par' dir='ltr' id='par_1_75' title="bbox 481 4427 2065 4503">
     <span class='ocr_line' id='line_1_75' title="bbox 481 4427 2065 4503; baseline -0.004 -15"><span class='ocrx_word' id='word_1_618' title='bbox 481 4431 686 4488; x_wconf 88' lang='lat' dir='ltr'><strong>dictum</strong></span> <span class='ocrx_word' id='word_1_619' title='bbox 709 4433 932 4503; x_wconf 89' lang='lat' dir='ltr'><strong>spiritus</strong></span> <span class='ocrx_word' id='word_1_620' title='bbox 964 4432 1060 4496; x_wconf 82' lang='lat' dir='ltr'><strong>Dei</strong></span> <span class='ocrx_word' id='word_1_621' title='bbox 1099 4429 1389 4501; x_wconf 86' lang='lat' dir='ltr'><strong>malignus,</strong></span> <span class='ocrx_word' id='word_1_622' title='bbox 1421 4429 1701 4498; x_wconf 85' lang='lat' dir='ltr'><strong>superiora</strong></span> <span class='ocrx_word' id='word_1_623' title='bbox 1725 4427 1894 4482; x_wconf 90' lang='lat' dir='ltr'><strong>verba</strong></span> <span class='ocrx_word' id='word_1_624' title='bbox 1926 4428 2065 4482; x_wconf 89' lang='lat' dir='ltr'><strong>indi-</strong></span> 
     </span>
    </p>
   </div>
   <div class='ocr_carea' id='block_1_76' title="bbox 481 4520 2065 4593">
    <p class='ocr_par' dir='ltr' id='par_1_76' title="bbox 481 4520 2065 4593">
     <span class='ocr_line' id='line_1_76' title="bbox 481 4520 2065 4593; baseline -0.003 -15"><span class='ocrx_word' id='word_1_625' title='bbox 481 4524 611 4578; x_wconf 84' lang='lat' dir='ltr'><strong>cant</strong></span> <span class='ocrx_word' id='word_1_626' title='bbox 634 4525 907 4578; x_wconf 80' lang='lat' dir='ltr'><strong>narrantis</strong></span> <span class='ocrx_word' id='word_1_627' title='bbox 939 4522 1255 4593; x_wconf 70' lang='lat' dir='ltr'><strong>Scriptum,</strong></span> <span class='ocrx_word' id='word_1_628' title='bbox 1299 4528 1355 4575; x_wconf 91' lang='lat' dir='ltr'><strong>et</strong></span> <span class='ocrx_word' id='word_1_629' title='bbox 1380 4520 1612 4575; x_wconf 85' lang='lat' dir='ltr'><strong>dicentis</strong></span> <span class='ocrx_word' id='word_1_630' title='bbox 1646 4537 1658 4572; x_wconf 89' lang='lat'><strong>:</strong></span> <span class='ocrx_word' id='word_1_631' title='bbox 1688 4521 1906 4589; x_wconf 79' lang='lat' dir='ltr'><strong>spiritus</strong></span> <span class='ocrx_word' id='word_1_632' title='bbox 1949 4537 2065 4574; x_wconf 86' lang='lat' dir='ltr'><strong>rna-</strong></span> 
     </span>
    </p>
   </div>
   <div class='ocr_carea' id='block_1_77' title="bbox 483 4609 2061 4684">
    <p class='ocr_par' dir='ltr' id='par_1_77' title="bbox 483 4609 2061 4684">
     <span class='ocr_line' id='line_1_77' title="bbox 483 4609 2061 4684; baseline -0.002 -18"><span class='ocrx_word' id='word_1_633' title='bbox 483 4613 658 4684; x_wconf 86' lang='lat' dir='ltr'><strong>lignus</strong></span> <span class='ocrx_word' id='word_1_634' title='bbox 711 4629 744 4666; x_wconf 89' lang='lat' dir='ltr'><strong>a</strong></span> <span class='ocrx_word' id='word_1_635' title='bbox 798 4611 1046 4666; x_wconf 90' lang='lat' dir='ltr'><strong>Domino.</strong></span> <span class='ocrx_word' id='word_1_636' title='bbox 1096 4610 1407 4666; x_wconf 90' lang='lat' dir='ltr'><strong>Secundum</strong></span> <span class='ocrx_word' id='word_1_637' title='bbox 1456 4612 1562 4665; x_wconf 90' lang='lat' dir='ltr'><strong>hoc</strong></span> <span class='ocrx_word' id='word_1_638' title='bbox 1607 4611 1752 4664; x_wconf 79' lang='lat' dir='ltr'><strong>enim</strong></span> <span class='ocrx_word' id='word_1_639' title='bbox 1805 4609 2061 4675; x_wconf 85' lang='lat' dir='ltr'><strong>Domini,</strong></span> 
     </span>
    </p>
   </div>
   <div class='ocr_carea' id='block_1_78' title="bbox 484 4698 2068 4773">
    <p class='ocr_par' dir='ltr' id='par_1_78' title="bbox 484 4698 2068 4773">
     <span class='ocr_line' id='line_1_78' title="bbox 484 4698 2068 4773; baseline -0.002 -16"><span class='ocrx_word' id='word_1_640' title='bbox 484 4703 631 4773; x_wconf 90' lang='lat' dir='ltr'><strong>quod</strong></span> <span class='ocrx_word' id='word_1_641' title='bbox 663 4718 693 4756; x_wconf 92' lang='lat' dir='ltr'><strong>a</strong></span> <span class='ocrx_word' id='word_1_642' title='bbox 717 4701 964 4768; x_wconf 88' lang='lat' dir='ltr'><strong>Domino,</strong></span> <span class='ocrx_word' id='word_1_643' title='bbox 1000 4702 1128 4772; x_wconf 90' lang='lat' dir='ltr'><strong>quia</strong></span> <span class='ocrx_word' id='word_1_644' title='bbox 1164 4716 1262 4771; x_wconf 89' lang='lat' dir='ltr'><strong>per</strong></span> <span class='ocrx_word' id='word_1_645' title='bbox 1310 4700 1548 4770; x_wconf 88' lang='lat' dir='ltr'><strong>seipsnm</strong></span> <span class='ocrx_word' id='word_1_646' title='bbox 1596 4714 1798 4755; x_wconf 90' lang='lat' dir='ltr'><strong>necare</strong></span> <span class='ocrx_word' id='word_1_647' title='bbox 1856 4700 1884 4740; x_wconf 67' lang='grc' dir='ltr'>δ</span> <span class='ocrx_word' id='word_1_648' title='bbox 1929 4698 2068 4755; x_wconf 87' lang='lat' dir='ltr'><strong>velle</strong></span> 
     </span>
    </p>
   </div>
   <div class='ocr_carea' id='block_1_79' title="bbox 482 4787 2066 4860">
    <p class='ocr_par' dir='ltr' id='par_1_79' title="bbox 482 4787 2066 4860">
     <span class='ocr_line' id='line_1_79' title="bbox 482 4787 2066 4860; baseline -0.003 -12"><span class='ocrx_word' id='word_1_649' title='bbox 482 4791 718 4848; x_wconf 87' lang='lat' dir='ltr'><strong>habebat</strong></span> <span class='ocrx_word' id='word_1_650' title='bbox 749 4809 762 4843; x_wconf 91' lang='lat'><strong>:</strong></span> <span class='ocrx_word' id='word_1_651' title='bbox 792 4791 849 4846; x_wconf 91' lang='lat' dir='ltr'><strong>id</strong></span> <span class='ocrx_word' id='word_1_652' title='bbox 878 4799 963 4846; x_wconf 90' lang='lat' dir='ltr'><strong>est</strong></span> <span class='ocrx_word' id='word_1_653' title='bbox 992 4789 1454 4860; x_wconf 85' lang='lat' dir='ltr'><strong>comprehendere</strong></span> <span class='ocrx_word' id='word_1_654' title='bbox 1481 4787 1608 4844; x_wconf 90' lang='lat' dir='ltr'><strong>Saul</strong></span> <span class='ocrx_word' id='word_1_655' title='bbox 1638 4807 1649 4842; x_wconf 90' lang='lat'><strong>:</strong></span> <span class='ocrx_word' id='word_1_656' title='bbox 1687 4803 1846 4859; x_wconf 87' lang='lat' dir='ltr'><strong>posse</strong></span> <span class='ocrx_word' id='word_1_657' title='bbox 1885 4798 2066 4844; x_wconf 86' lang='lat' dir='ltr'><strong>autem</strong></span> 
     </span>
    </p>
   </div>
   <div class='ocr_carea' id='block_1_80' title="bbox 486 4880 2068 4952">
    <p class='ocr_par' dir='ltr' id='par_1_80' title="bbox 486 4880 2068 4952">
     <span class='ocr_line' id='line_1_80' title="bbox 486 4880 2068 4952; baseline -0.003 -12"><span class='ocrx_word' id='word_1_658' title='bbox 486 4901 594 4940; x_wconf 92' lang='lat' dir='ltr'><strong>non</strong></span> <span class='ocrx_word' id='word_1_659' title='bbox 642 4883 914 4952; x_wconf 81' lang='lat' dir='ltr'><strong>habebat,</strong></span> <span class='ocrx_word' id='word_1_660' title='bbox 970 4883 1077 4938; x_wconf 88' lang='lat' dir='ltr'><strong>nisi</strong></span> <span class='ocrx_word' id='word_1_661' title='bbox 1128 4896 1338 4938; x_wconf 87' lang='lat' dir='ltr'><strong>summa</strong></span> <span class='ocrx_word' id='word_1_662' title='bbox 1372 4880 1588 4950; x_wconf 75' lang='lat' dir='ltr'><strong>iustitia</strong></span> <span class='ocrx_word' id='word_1_663' title='bbox 1628 4883 1900 4936; x_wconf 88' lang='lat' dir='ltr'><strong>sineretur</strong></span> <span class='ocrx_word' id='word_1_664' title='bbox 1953 4899 1965 4935; x_wconf 92' lang='lat'>:</span> <span class='ocrx_word' id='word_1_665' title='bbox 2022 4883 2068 4936; x_wconf 89' lang='lat' dir='ltr'><strong>si</strong></span> 
     </span>
    </p>
   </div>
   <div class='ocr_carea' id='block_1_81' title="bbox 485 4969 2072 5043">
    <p class='ocr_par' dir='ltr' id='par_1_81' title="bbox 485 4969 2072 5043">
     <span class='ocr_line' id='line_1_81' title="bbox 485 4969 2072 5043; baseline -0.004 -12"><span class='ocrx_word' id='word_1_666' title='bbox 485 4973 793 5043; x_wconf 82' lang='lat' dir='ltr'><strong>enimjuste</strong></span> <span class='ocrx_word' id='word_1_667' title='bbox 816 4973 1056 5028; x_wconf 87' lang='lat' dir='ltr'><strong>vindicat</strong></span> <span class='ocrx_word' id='word_1_668' title='bbox 1083 4973 1250 5037; x_wconf 83' lang='lat' dir='ltr'><strong>Deus,</strong></span> <span class='ocrx_word' id='word_1_669' title='bbox 1279 4969 1732 5042; x_wconf 84' lang='lat' dir='ltr'><strong>quemadmodum</strong></span> <span class='ocrx_word' id='word_1_670' title='bbox 1782 4972 1896 5042; x_wconf 86' lang='lat' dir='ltr'><strong>ipse</strong></span> <span class='ocrx_word' id='word_1_671' title='bbox 1937 4971 2072 5027; x_wconf 89' lang='lat' dir='ltr'><strong>dicit</strong></span> 
     </span>
    </p>
   </div>
   <div class='ocr_carea' id='block_1_82' title="bbox 488 5059 2069 5133">
    <p class='ocr_par' dir='ltr' id='par_1_82' title="bbox 488 5059 2069 5133">
     <span class='ocr_line' id='line_1_82' title="bbox 488 5059 2069 5133; baseline -0.003 -15"><span class='ocrx_word' id='word_1_672' title='bbox 488 5062 778 5133; x_wconf 75' lang='lat' dir='ltr'><strong>Apostolus</strong></span> <span class='ocrx_word' id='word_1_673' title='bbox 814 5079 828 5116; x_wconf 91' lang='lat'><strong>:</strong></span> <span class='ocrx_word' id='word_1_674' title='bbox 873 5060 927 5130; x_wconf 85' lang='lat' dir='ltr'><strong>(I</strong></span> <span class='ocrx_word' id='word_1_675' title='bbox 957 5061 1109 5116; x_wconf 87' lang='lat' dir='ltr'><strong>Rom.</strong></span> <span class='ocrx_word' id='word_1_676' title='bbox 1154 5060 1212 5131; x_wconf 72' lang='grc'>2)</span> <span class='ocrx_word' id='word_1_677' title='bbox 1248 5077 1367 5114; x_wconf 86' lang='lat' dir='ltr'><strong>cum</strong></span> <span class='ocrx_word' id='word_1_678' title='bbox 1391 5059 1555 5114; x_wconf 87' lang='lat' dir='ltr'><strong>tradit</strong></span> <span class='ocrx_word' id='word_1_679' title='bbox 1580 5059 1812 5114; x_wconf 77' lang='lat' dir='ltr'><strong>homines</strong></span> <span class='ocrx_word' id='word_1_680' title='bbox 1840 5061 1910 5114; x_wconf 88' lang='lat' dir='ltr'><strong>ad</strong></span> <span class='ocrx_word' id='word_1_681' title='bbox 1941 5077 2069 5114; x_wconf 81' lang='lat' dir='ltr'><strong>con—</strong></span> 
     </span>
    </p>
   </div>
   <div class='ocr_carea' id='block_1_83' title="bbox 489 5151 2072 5223">
    <p class='ocr_par' dir='ltr' id='par_1_83' title="bbox 489 5151 2072 5223">
     <span class='ocr_line' id='line_1_83' title="bbox 489 5151 2072 5223; baseline -0.001 -14"><span class='ocrx_word' id='word_1_682' title='bbox 489 5153 835 5223; x_wconf 63' lang='lat' dir='ltr'><strong>cupiscentiam</strong></span> <span class='ocrx_word' id='word_1_683' title='bbox 867 5152 1040 5206; x_wconf 85' lang='lat' dir='ltr'><strong>cordis</strong></span> <span class='ocrx_word' id='word_1_684' title='bbox 1076 5167 1291 5216; x_wconf 85' lang='lat' dir='ltr'><strong>eorum;</strong></span> <span class='ocrx_word' id='word_1_685' title='bbox 1317 5151 1393 5206; x_wconf 83' lang='lat' dir='ltr'><strong>nil</strong></span> <span class='ocrx_word' id='word_1_686' title='bbox 1424 5151 1622 5220; x_wconf 73' lang='lat' dir='ltr'><strong>mirum</strong></span> <span class='ocrx_word' id='word_1_687' title='bbox 1651 5152 1694 5206; x_wconf 88' lang='lat' dir='ltr'><strong>si</strong></span> <span class='ocrx_word' id='word_1_688' title='bbox 1721 5152 2072 5207; x_wconf 87' lang='lat' dir='ltr'><strong>nihilominus</strong></span> 
     </span>
    </p>
   </div>
   <div class='ocr_carea' id='block_1_84' title="bbox 485 5241 2071 5313">
    <p class='ocr_par' dir='ltr' id='par_1_84' title="bbox 485 5241 2071 5313">
     <span class='ocr_line' id='line_1_84' title="bbox 485 5241 2071 5313; baseline 0 -18"><span class='ocrx_word' id='word_1_689' title='bbox 485 5243 632 5313; x_wconf 81' lang='lat' dir='ltr'><strong>juste</strong></span> <span class='ocrx_word' id='word_1_690' title='bbox 666 5241 952 5296; x_wconf 86' lang='lat' dir='ltr'><strong>vindicans</strong></span> <span class='ocrx_word' id='word_1_691' title='bbox 995 5241 1162 5294; x_wconf 87' lang='lat' dir='ltr'><strong>tradit</strong></span> <span class='ocrx_word' id='word_1_692' title='bbox 1203 5241 1368 5294; x_wconf 87' lang='lat' dir='ltr'><strong>etiam</strong></span> <span class='ocrx_word' id='word_1_693' title='bbox 1401 5255 1494 5295; x_wconf 89' lang='lat' dir='ltr'><strong>eos</strong></span> <span class='ocrx_word' id='word_1_694' title='bbox 1523 5242 1579 5295; x_wconf 85' lang='lat' dir='ltr'><strong>in</strong></span> <span class='ocrx_word' id='word_1_695' title='bbox 1626 5241 2071 5313; x_wconf 83' lang='lat' dir='ltr'><strong>concupiscentias</strong></span> 
     </span>
    </p>
   </div>
   <div class='ocr_carea' id='block_1_85' title="bbox 490 5329 2070 5401">
    <p class='ocr_par' dir='ltr' id='par_1_85' title="bbox 490 5329 2070 5401">
     <span class='ocr_line' id='line_1_85' title="bbox 490 5329 2070 5401; baseline -0.003 -14"><span class='ocrx_word' id='word_1_696' title='bbox 490 5333 717 5387; x_wconf 86' lang='lat' dir='ltr'><strong>aliorum</strong></span> <span class='ocrx_word' id='word_1_697' title='bbox 738 5346 934 5386; x_wconf 90' lang='lat' dir='ltr'><strong>nocere</strong></span> <span class='ocrx_word' id='word_1_698' title='bbox 958 5330 1277 5394; x_wconf 85' lang='lat' dir='ltr'><strong>volentium,</strong></span> <span class='ocrx_word' id='word_1_699' title='bbox 1311 5345 1407 5383; x_wconf 90' lang='lat' dir='ltr'><strong>sua</strong></span> <span class='ocrx_word' id='word_1_700' title='bbox 1448 5344 1662 5399; x_wconf 87' lang='lat' dir='ltr'><strong>semper</strong></span> <span class='ocrx_word' id='word_1_701' title='bbox 1707 5329 2070 5401; x_wconf 82' lang='lat' dir='ltr'><strong>incommuta-</strong></span> 
     </span>
    </p>
   </div>
   <div class='ocr_carea' id='block_1_86' title="bbox 495 5416 2070 5490">
    <p class='ocr_par' dir='ltr' id='par_1_86' title="bbox 495 5416 2070 5490">
     <span class='ocr_line' id='line_1_86' title="bbox 495 5416 2070 5490; baseline -0.004 -14"><span class='ocrx_word' id='word_1_702' title='bbox 495 5421 588 5477; x_wconf 75' lang='lat' dir='ltr'><strong>lili</strong></span> <span class='ocrx_word' id='word_1_703' title='bbox 632 5422 887 5490; x_wconf 66' lang='lat' dir='ltr'><strong>equitate</strong></span> <span class='ocrx_word' id='word_1_704' title='bbox 925 5427 1159 5474; x_wconf 79' lang='lat' dir='ltr'><strong>servata.</strong></span> <span class='ocrx_word' id='word_1_705' title='bbox 1190 5416 1743 5472; x_wconf 86' lang='lat' dir='ltr'><strong>Animadvertendum</strong></span> <span class='ocrx_word' id='word_1_706' title='bbox 1777 5427 1860 5472; x_wconf 89' lang='lat' dir='ltr'><strong>est</strong></span> <span class='ocrx_word' id='word_1_707' title='bbox 1905 5431 2034 5472; x_wconf 80' lang='lat' dir='ltr'><strong>sane</strong></span> <span class='ocrx_word' id='word_1_708' title='bbox 2056 5457 2070 5481; x_wconf 97' lang='lat'><strong>,</strong></span> 
     </span>
    </p>
   </div>
   <div class='ocr_carea' id='block_1_87' title="bbox 497 5506 2072 5581">
    <p class='ocr_par' dir='ltr' id='par_1_87' title="bbox 497 5506 2072 5581">
     <span class='ocr_line' id='line_1_87' title="bbox 497 5506 2072 5581; baseline -0.003 -14"><span class='ocrx_word' id='word_1_709' title='bbox 497 5527 620 5568; x_wconf 86' lang='lat' dir='ltr'><strong>cum</strong></span> <span class='ocrx_word' id='word_1_710' title='bbox 650 5513 1020 5567; x_wconf 81' lang='lat' dir='ltr'><strong>additamenta</strong></span> <span class='ocrx_word' id='word_1_711' title='bbox 1040 5510 1144 5565; x_wconf 87' lang='lat' dir='ltr'><strong>dici</strong></span> <span class='ocrx_word' id='word_1_712' title='bbox 1168 5509 1383 5581; x_wconf 87' lang='lat' dir='ltr'><strong>spiritus</strong></span> <span class='ocrx_word' id='word_1_713' title='bbox 1398 5507 1496 5562; x_wconf 87' lang='lat' dir='ltr'><strong>Dei</strong></span> <span class='ocrx_word' id='word_1_714' title='bbox 1523 5506 1717 5573; x_wconf 84' lang='lat' dir='ltr'><strong>malus,</strong></span> <span class='ocrx_word' id='word_1_715' title='bbox 1740 5524 1863 5564; x_wconf 88' lang='lat' dir='ltr'><strong>cum</strong></span> <span class='ocrx_word' id='word_1_716' title='bbox 1890 5518 2072 5563; x_wconf 87' lang='lat' dir='ltr'><strong>autem</strong></span> 
     </span>
    </p>
   </div>
   <div class='ocr_carea' id='block_1_88' title="bbox 497 5597 2075 5673">
    <p class='ocr_par' dir='ltr' id='par_1_88' title="bbox 497 5597 2075 5673">
     <span class='ocr_line' id='line_1_88' title="bbox 497 5597 2075 5673; baseline -0.004 -13"><span class='ocrx_word' id='word_1_717' title='bbox 497 5597 874 5660; x_wconf 83' lang='lat' dir='ltr'><strong>tantummodo</strong></span> <span class='ocrx_word' id='word_1_718' title='bbox 896 5603 1095 5659; x_wconf 91' lang='lat' dir='ltr'><strong>dicitur</strong></span> <span class='ocrx_word' id='word_1_719' title='bbox 1120 5603 1334 5673; x_wconf 83' lang='lat' dir='ltr'><strong>spiritus</strong></span> <span class='ocrx_word' id='word_1_720' title='bbox 1370 5601 1488 5666; x_wconf 88' lang='lat' dir='ltr'><strong>Dei,</strong></span> <span class='ocrx_word' id='word_1_721' title='bbox 1516 5599 1728 5654; x_wconf 89' lang='lat' dir='ltr'><strong>etiamsi</strong></span> <span class='ocrx_word' id='word_1_722' title='bbox 1771 5613 1880 5652; x_wconf 89' lang='lat' dir='ltr'><strong>non</strong></span> <span class='ocrx_word' id='word_1_723' title='bbox 1910 5599 2075 5653; x_wconf 85' lang='lat' dir='ltr'><strong>adda-</strong></span> 
     </span>
    </p>
   </div>
   <div class='ocr_carea' id='block_1_89' title="bbox 575 5758 1448 5832">
    <p class='ocr_par' dir='ltr' id='par_1_89' title="bbox 575 5758 1448 5832">
     <span class='ocr_line' id='line_1_89' title="bbox 575 5758 1448 5832; baseline -0.016 -11"><span class='ocrx_word' id='word_1_724' title='bbox 575 5778 597 5807; x_wconf 75' lang='grc'><em>³</em></span> <span class='ocrx_word' id='word_1_725' title='bbox 632 5765 821 5820; x_wconf 82' lang='lat' dir='ltr'><strong>Editus</strong></span> <span class='ocrx_word' id='word_1_726' title='bbox 846 5762 1176 5832; x_wconf 80' lang='lat' dir='ltr'><strong>Augustinus</strong></span> <span class='ocrx_word' id='word_1_727' title='bbox 1203 5758 1322 5812; x_wconf 78' lang='lat' dir='ltr'><strong>inde</strong></span> <span class='ocrx_word' id='word_1_728' title='bbox 1357 5758 1448 5832; x_wconf 68' lang='lat' dir='ltr'><strong>sit.</strong></span> 
     </span>
    </p>
   </div>
   <div class='ocr_carea' id='block_1_90' title="bbox 2155 3333 3741 3414">
    <p class='ocr_par' dir='ltr' id='par_1_90' title="bbox 2155 3333 3741 3414">
     <span class='ocr_line' id='line_1_90' title="bbox 2155 3333 3741 3414; baseline -0.006 -16"><span class='ocrx_word' id='word_1_729' title='bbox 2155 3343 2255 3398; x_wconf 87' lang='lat' dir='ltr'><strong>Dei</strong></span> <span class='ocrx_word' id='word_1_730' title='bbox 2283 3342 2550 3414; x_wconf 76' lang='lat' dir='ltr'><strong>ferebatur</strong></span> <span class='ocrx_word' id='word_1_731' title='bbox 2574 3357 2732 3413; x_wconf 81' lang='lat' dir='ltr'><strong>super</strong></span> <span class='ocrx_word' id='word_1_732' title='bbox 2752 3353 2918 3411; x_wconf 86' lang='lat' dir='ltr'><strong>aquas</strong></span> <span class='ocrx_word' id='word_1_733' title='bbox 2957 3339 3112 3412; x_wconf 81' lang='lat' dir='ltr'><strong>(Gen.</strong></span> <span class='ocrx_word' id='word_1_734' title='bbox 3155 3340 3203 3393; x_wconf 85' lang='lat' dir='ltr'><strong>i.</strong></span> <span class='ocrx_word' id='word_1_735' title='bbox 3240 3338 3317 3411; x_wconf 74' lang='grc'><strong>2).</strong></span> <span class='ocrx_word' id='word_1_736' title='bbox 3361 3336 3520 3401; x_wconf 84' lang='lat' dir='ltr'><strong>Nam,</strong></span> <span class='ocrx_word' id='word_1_737' title='bbox 3565 3343 3623 3390; x_wconf 92' lang='lat' dir='ltr'><strong>et</strong></span> <span class='ocrx_word' id='word_1_738' title='bbox 3669 3333 3741 3389; x_wconf 75' lang='lat' dir='ltr'><strong>ibi</strong></span> 
     </span>
    </p>
   </div>
   <div class='ocr_carea' id='block_1_91' title="bbox 2158 3427 3741 3505">
    <p class='ocr_par' dir='ltr' id='par_1_91' title="bbox 2158 3427 3741 3505">
     <span class='ocr_line' id='line_1_91' title="bbox 2158 3427 3741 3505; baseline -0.006 -15"><span class='ocrx_word' id='word_1_739' title='bbox 2158 3435 2421 3505; x_wconf 84' lang='lat' dir='ltr'><strong>Spiritum</strong></span> <span class='ocrx_word' id='word_1_740' title='bbox 2449 3441 2697 3490; x_wconf 87' lang='lat' dir='ltr'><strong>sanctum</strong></span> <span class='ocrx_word' id='word_1_741' title='bbox 2737 3434 2985 3502; x_wconf 86' lang='lat' dir='ltr'><strong>accipere</strong></span> <span class='ocrx_word' id='word_1_742' title='bbox 3011 3431 3140 3501; x_wconf 89' lang='lat' dir='ltr'><strong>quid</strong></span> <span class='ocrx_word' id='word_1_743' title='bbox 3185 3429 3467 3500; x_wconf 88' lang='lat' dir='ltr'><strong>impediat,</strong></span> <span class='ocrx_word' id='word_1_744' title='bbox 3498 3442 3607 3482; x_wconf 89' lang='lat' dir='ltr'><strong>non</strong></span> <span class='ocrx_word' id='word_1_745' title='bbox 3661 3427 3741 3480; x_wconf 82' lang='lat' dir='ltr'><strong>io-</strong></span> 
     </span>
    </p>
   </div>
   <div class='ocr_carea' id='block_1_92' title="bbox 2154 3519 3744 3597">
    <p class='ocr_par' dir='ltr' id='par_1_92' title="bbox 2154 3519 3744 3597">
     <span class='ocr_line' id='line_1_92' title="bbox 2154 3519 3744 3597; baseline -0.006 -14"><span class='ocrx_word' id='word_1_746' title='bbox 2154 3530 2335 3594; x_wconf 90' lang='lat' dir='ltr'><strong>venio,</strong></span> <span class='ocrx_word' id='word_1_747' title='bbox 2364 3543 2486 3584; x_wconf 89' lang='lat' dir='ltr'><strong>cum</strong></span> <span class='ocrx_word' id='word_1_748' title='bbox 2513 3528 2660 3582; x_wconf 90' lang='lat' dir='ltr'><strong>enim</strong></span> <span class='ocrx_word' id='word_1_749' title='bbox 2686 3541 2950 3597; x_wconf 89' lang='lat' dir='ltr'><strong>aquarum</strong></span> <span class='ocrx_word' id='word_1_750' title='bbox 2980 3525 3200 3580; x_wconf 89' lang='lat' dir='ltr'><strong>nomine</strong></span> <span class='ocrx_word' id='word_1_751' title='bbox 3243 3523 3332 3577; x_wconf 89' lang='lat' dir='ltr'><strong>illa</strong></span> <span class='ocrx_word' id='word_1_752' title='bbox 3373 3522 3630 3577; x_wconf 85' lang='lat' dir='ltr'><strong>materies</strong></span> <span class='ocrx_word' id='word_1_753' title='bbox 3664 3519 3744 3573; x_wconf 87' lang='lat' dir='ltr'><strong>in-</strong></span> 
     </span>
    </p>
   </div>
   <div class='ocr_carea' id='block_1_93' title="bbox 2157 3610 3742 3686">
    <p class='ocr_par' dir='ltr' id='par_1_93' title="bbox 2157 3610 3742 3686">
     <span class='ocr_line' id='line_1_93' title="bbox 2157 3610 3742 3686; baseline -0.006 -13"><span class='ocrx_word' id='word_1_754' title='bbox 2157 3619 2469 3673; x_wconf 90' lang='lat' dir='ltr'><strong>sinuaretur</strong></span> <span class='ocrx_word' id='word_1_755' title='bbox 2513 3615 2784 3683; x_wconf 78' lang='lat' dir='ltr'><strong>informis,</strong></span> <span class='ocrx_word' id='word_1_756' title='bbox 2817 3631 2936 3686; x_wconf 62' lang='lat' dir='ltr'><strong>qua:</strong></span> <span class='ocrx_word' id='word_1_757' title='bbox 2982 3615 3049 3670; x_wconf 87' lang='lat' dir='ltr'><strong>de</strong></span> <span class='ocrx_word' id='word_1_758' title='bbox 3089 3613 3262 3669; x_wconf 89' lang='lat' dir='ltr'><strong>nihilo</strong></span> <span class='ocrx_word' id='word_1_759' title='bbox 3286 3610 3432 3666; x_wconf 75' lang='lat' dir='ltr'><strong>facta</strong></span> <span class='ocrx_word' id='word_1_760' title='bbox 3465 3617 3571 3676; x_wconf 61' lang='lat' dir='ltr'><strong>est,</strong></span> <span class='ocrx_word' id='word_1_761' title='bbox 3601 3611 3742 3664; x_wconf 69' lang='lat' dir='ltr'><strong>unde</strong></span> 
     </span>
    </p>
   </div>
   <div class='ocr_carea' id='block_1_94' title="bbox 2157 3700 3740 3777">
    <p class='ocr_par' dir='ltr' id='par_1_94' title="bbox 2157 3700 3740 3777">
     <span class='ocr_line' id='line_1_94' title="bbox 2157 3700 3740 3777; baseline -0.007 -14"><span class='ocrx_word' id='word_1_762' title='bbox 2157 3709 2339 3764; x_wconf 87' lang='lat' dir='ltr'><strong>omnia</strong></span> <span class='ocrx_word' id='word_1_763' title='bbox 2379 3708 2620 3762; x_wconf 77' lang='lat' dir='ltr'><strong>ﬁerent:</strong></span> <span class='ocrx_word' id='word_1_764' title='bbox 2663 3708 2787 3776; x_wconf 87' lang='lat' dir='ltr'><strong>quis</strong></span> <span class='ocrx_word' id='word_1_765' title='bbox 2836 3706 3085 3777; x_wconf 85' lang='lat' dir='ltr'><strong>prohibet</strong></span> <span class='ocrx_word' id='word_1_766' title='bbox 3132 3703 3439 3772; x_wconf 85' lang='lat' dir='ltr'><strong>intelligere</strong></span> <span class='ocrx_word' id='word_1_767' title='bbox 3480 3700 3740 3769; x_wconf 83' lang='lat' dir='ltr'><strong>Spiritum</strong></span> 
     </span>
    </p>
   </div>
   <div class='ocr_carea' id='block_1_95' title="bbox 2145 3790 3741 3866">
    <p class='ocr_par' dir='ltr' id='par_1_95' title="bbox 2145 3790 3741 3866">
     <span class='ocr_line' id='line_1_95' title="bbox 2145 3790 3741 3866; baseline -0.008 -12"><span class='ocrx_word' id='word_1_768' title='bbox 2145 3807 2418 3854; x_wconf 85' lang='lat' dir='ltr'><strong>sanctum</strong></span> <span class='ocrx_word' id='word_1_769' title='bbox 2453 3798 2767 3863; x_wconf 87' lang='lat' dir='ltr'><strong>conditoris,</strong></span> <span class='ocrx_word' id='word_1_770' title='bbox 2801 3797 2946 3866; x_wconf 91' lang='lat' dir='ltr'><strong>quod</strong></span> <span class='ocrx_word' id='word_1_771' title='bbox 2977 3792 3418 3864; x_wconf 86' lang='lat' dir='ltr'><strong>superierebatur</strong></span> <span class='ocrx_word' id='word_1_772' title='bbox 3454 3790 3583 3845; x_wconf 89' lang='lat' dir='ltr'><strong>huic</strong></span> <span class='ocrx_word' id='word_1_773' title='bbox 3629 3804 3741 3843; x_wconf 84' lang='lat' dir='ltr'><strong>ma-</strong></span> 
     </span>
    </p>
   </div>
   <div class='ocr_carea' id='block_1_96' title="bbox 2159 3879 3744 3957">
    <p class='ocr_par' dir='ltr' id='par_1_96' title="bbox 2159 3879 3744 3957">
     <span class='ocr_line' id='line_1_96' title="bbox 2159 3879 3744 3957; baseline -0.007 -15"><span class='ocrx_word' id='word_1_774' title='bbox 2159 3888 2330 3952; x_wconf 65' lang='lat' dir='ltr'><strong>teriae,</strong></span> <span class='ocrx_word' id='word_1_775' title='bbox 2371 3901 2480 3942; x_wconf 91' lang='lat' dir='ltr'><strong>non</strong></span> <span class='ocrx_word' id='word_1_776' title='bbox 2523 3886 2764 3941; x_wconf 82' lang='lat' dir='ltr'><strong>locorum</strong></span> <span class='ocrx_word' id='word_1_777' title='bbox 2797 3885 3077 3955; x_wconf 81' lang='lat' dir='ltr'><strong>gradibus,</strong></span> <span class='ocrx_word' id='word_1_778' title='bbox 3109 3881 3518 3957; x_wconf 83' lang='lat' dir='ltr'><strong>intervallisque</strong></span> <span class='ocrx_word' id='word_1_779' title='bbox 3551 3879 3744 3949; x_wconf 86' lang='lat' dir='ltr'><strong>spatio-</strong></span> 
     </span>
    </p>
   </div>
   <div class='ocr_carea' id='block_1_97' title="bbox 2158 3974 3743 4049">
    <p class='ocr_par' dir='ltr' id='par_1_97' title="bbox 2158 3974 3743 4049">
     <span class='ocr_line' id='line_1_97' title="bbox 2158 3974 3743 4049; baseline -0.008 -14"><span class='ocrx_word' id='word_1_780' title='bbox 2158 3995 2313 4045; x_wconf 87' lang='lat' dir='ltr'><strong>rum;</strong></span> <span class='ocrx_word' id='word_1_781' title='bbox 2338 3977 2483 4049; x_wconf 89' lang='lat' dir='ltr'><strong>quod</strong></span> <span class='ocrx_word' id='word_1_782' title='bbox 2517 3991 2860 4047; x_wconf 89' lang='lat' dir='ltr'><strong>nequaquam</strong></span> <span class='ocrx_word' id='word_1_783' title='bbox 2891 3975 2958 4030; x_wconf 89' lang='lat' dir='ltr'><strong>de</strong></span> <span class='ocrx_word' id='word_1_784' title='bbox 2985 3974 3092 4029; x_wconf 88' lang='lat' dir='ltr'><strong>ulla</strong></span> <span class='ocrx_word' id='word_1_785' title='bbox 3120 3988 3180 4029; x_wconf 66' lang='lat' dir='ltr'><strong>re</strong></span> <span class='ocrx_word' id='word_1_786' title='bbox 3219 3974 3539 4045; x_wconf 87' lang='lat' dir='ltr'><strong>incorporea</strong></span> <span class='ocrx_word' id='word_1_787' title='bbox 3599 3979 3743 4024; x_wconf 72' lang='lat' dir='ltr'><strong>recte</strong></span> 
     </span>
    </p>
   </div>
   <div class='ocr_carea' id='block_1_98' title="bbox 2161 4059 3744 4141">
    <p class='ocr_par' dir='ltr' id='par_1_98' title="bbox 2161 4059 3744 4141">
     <span class='ocr_line' id='line_1_98' title="bbox 2161 4059 3744 4141; baseline -0.009 -15"><span class='ocrx_word' id='word_1_788' title='bbox 2161 4071 2376 4141; x_wconf 86' lang='lat' dir='ltr'><strong>dicitur,</strong></span> <span class='ocrx_word' id='word_1_789' title='bbox 2409 4069 2504 4124; x_wconf 85' lang='lat' dir='ltr'><strong>sed</strong></span> <span class='ocrx_word' id='word_1_790' title='bbox 2529 4066 2847 4123; x_wconf 71' lang='lat' dir='ltr'><strong>excellentia</strong></span> <span class='ocrx_word' id='word_1_791' title='bbox 2882 4075 2937 4121; x_wconf 91' lang='lat' dir='ltr'><strong>et</strong></span> <span class='ocrx_word' id='word_1_792' title='bbox 2979 4065 3273 4120; x_wconf 90' lang='lat' dir='ltr'><strong>eminentia</strong></span> <span class='ocrx_word' id='word_1_793' title='bbox 3299 4059 3633 4117; x_wconf 89' lang='lat' dir='ltr'><strong>dominantis</strong></span> <span class='ocrx_word' id='word_1_794' title='bbox 3660 4074 3744 4113; x_wconf 84' lang='lat' dir='ltr'><strong>su-</strong></span> 
     </span>
    </p>
   </div>
   <div class='ocr_carea' id='block_1_99' title="bbox 2160 4147 3740 4233">
    <p class='ocr_par' dir='ltr' id='par_1_99' title="bbox 2160 4147 3740 4233">
     <span class='ocr_line' id='line_1_99' title="bbox 2160 4147 3740 4233; baseline -0.008 -17"><span class='ocrx_word' id='word_1_795' title='bbox 2160 4173 2259 4233; x_wconf 90' lang='lat' dir='ltr'><strong>pra</strong></span> <span class='ocrx_word' id='word_1_796' title='bbox 2284 4161 2465 4216; x_wconf 87' lang='lat' dir='ltr'><strong>omnia</strong></span> <span class='ocrx_word' id='word_1_797' title='bbox 2489 4147 2801 4225; x_wconf 86' lang='lat' dir='ltr'><strong>voluntatis,</strong></span> <span class='ocrx_word' id='word_1_798' title='bbox 2838 4168 2898 4213; x_wconf 90' lang='lat' dir='ltr'><strong>ut</strong></span> <span class='ocrx_word' id='word_1_799' title='bbox 2937 4158 3118 4212; x_wconf 87' lang='lat' dir='ltr'><strong>omnia</strong></span> <span class='ocrx_word' id='word_1_800' title='bbox 3171 4152 3575 4211; x_wconf 83' lang='lat' dir='ltr'><strong>conderentur?</strong></span> <span class='ocrx_word' id='word_1_801' title='bbox 3604 4166 3740 4221; x_wconf 69' lang='lat' dir='ltr'><strong>pra-</strong></span> 
     </span>
    </p>
   </div>
   <div class='ocr_carea' id='block_1_100' title="bbox 2163 4246 3741 4314">
    <p class='ocr_par' dir='ltr' id='par_1_100' title="bbox 2163 4246 3741 4314">
     <span class='ocr_line' id='line_1_100' title="bbox 2163 4246 3741 4314; baseline -0.006 -8"><span class='ocrx_word' id='word_1_802' title='bbox 2163 4252 2352 4307; x_wconf 89' lang='lat' dir='ltr'><strong>sertim</strong></span> <span class='ocrx_word' id='word_1_803' title='bbox 2388 4265 2512 4306; x_wconf 87' lang='lat' dir='ltr'><strong>cum</strong></span> <span class='ocrx_word' id='word_1_804' title='bbox 2548 4265 2613 4305; x_wconf 85' lang='lat' dir='ltr'><strong>ea</strong></span> <span class='ocrx_word' id='word_1_805' title='bbox 2662 4249 2885 4314; x_wconf 87' lang='lat' dir='ltr'><strong>locutio,</strong></span> <span class='ocrx_word' id='word_1_806' title='bbox 2913 4248 3053 4303; x_wconf 89' lang='lat' dir='ltr'><strong>sicut</strong></span> <span class='ocrx_word' id='word_1_807' title='bbox 3081 4247 3293 4301; x_wconf 84' lang='lat' dir='ltr'><strong>illarum</strong></span> <span class='ocrx_word' id='word_1_808' title='bbox 3343 4246 3741 4314; x_wconf 76' lang='lat' dir='ltr'><strong>scripturarum</strong></span> 
     </span>
    </p>
   </div>
   <div class='ocr_carea' id='block_1_101' title="bbox 2163 4340 3744 4414">
    <p class='ocr_par' dir='ltr' id='par_1_101' title="bbox 2163 4340 3744 4414">
     <span class='ocr_line' id='line_1_101' title="bbox 2163 4340 3744 4414; baseline -0.006 -14"><span class='ocrx_word' id='word_1_809' title='bbox 2163 4361 2282 4401; x_wconf 85' lang='lat' dir='ltr'><strong>mos</strong></span> <span class='ocrx_word' id='word_1_810' title='bbox 2309 4352 2414 4410; x_wconf 90' lang='lat' dir='ltr'><strong>est,</strong></span> <span class='ocrx_word' id='word_1_811' title='bbox 2451 4345 2615 4400; x_wconf 90' lang='lat' dir='ltr'><strong>etiam</strong></span> <span class='ocrx_word' id='word_1_812' title='bbox 2637 4343 3013 4414; x_wconf 87' lang='lat' dir='ltr'><strong>propheticum</strong></span> <span class='ocrx_word' id='word_1_813' title='bbox 3042 4340 3311 4410; x_wconf 88' lang='lat' dir='ltr'><strong>quoddam</strong></span> <span class='ocrx_word' id='word_1_814' title='bbox 3344 4347 3507 4392; x_wconf 85' lang='lat' dir='ltr'><strong>sonat</strong></span> <span class='ocrx_word' id='word_1_815' title='bbox 3549 4345 3744 4407; x_wconf 82' lang='lat' dir='ltr'><strong>myste-</strong></span> 
     </span>
    </p>
   </div>
   <div class='ocr_carea' id='block_1_102' title="bbox 2166 4429 3744 4507">
    <p class='ocr_par' dir='ltr' id='par_1_102' title="bbox 2166 4429 3744 4507">
     <span class='ocr_line' id='line_1_102' title="bbox 2166 4429 3744 4507; baseline -0.006 -15"><span class='ocrx_word' id='word_1_816' title='bbox 2166 4439 2326 4503; x_wconf 90' lang='lat' dir='ltr'><strong>rium,</strong></span> <span class='ocrx_word' id='word_1_817' title='bbox 2350 4451 2457 4507; x_wconf 91' lang='lat' dir='ltr'><strong>quo</strong></span> <span class='ocrx_word' id='word_1_818' title='bbox 2479 4434 2647 4490; x_wconf 82' lang='lat' dir='ltr'><strong>futuri</strong></span> <span class='ocrx_word' id='word_1_819' title='bbox 2672 4434 3013 4504; x_wconf 82' lang='lat' dir='ltr'><strong>baptismatis</strong></span> <span class='ocrx_word' id='word_1_820' title='bbox 3033 4447 3196 4501; x_wconf 89' lang='lat' dir='ltr'><strong>aqua,</strong></span> <span class='ocrx_word' id='word_1_821' title='bbox 3228 4440 3284 4487; x_wconf 90' lang='lat' dir='ltr'><strong>et</strong></span> <span class='ocrx_word' id='word_1_822' title='bbox 3316 4429 3526 4499; x_wconf 81' lang='lat' dir='ltr'><strong>Spiritu</strong></span> <span class='ocrx_word' id='word_1_823' title='bbox 3561 4437 3744 4484; x_wconf 79' lang='lat' dir='ltr'><strong>sancto</strong></span> 
     </span>
    </p>
   </div>
   <div class='ocr_carea' id='block_1_103' title="bbox 2167 4518 3745 4602">
    <p class='ocr_par' dir='ltr' id='par_1_103' title="bbox 2167 4518 3745 4602">
     <span class='ocr_line' id='line_1_103' title="bbox 2167 4518 3745 4602; baseline -0.008 -19"><span class='ocrx_word' id='word_1_824' title='bbox 2167 4528 2427 4583; x_wconf 90' lang='lat' dir='ltr'><strong>nascituri</strong></span> <span class='ocrx_word' id='word_1_825' title='bbox 2448 4526 2629 4597; x_wconf 87' lang='lat' dir='ltr'><strong>populi</strong></span> <span class='ocrx_word' id='word_1_826' title='bbox 2658 4525 2979 4596; x_wconf 77' lang='lat' dir='ltr'><strong>ﬁgurantur.</strong></span> <span class='ocrx_word' id='word_1_827' title='bbox 3014 4522 3148 4602; x_wconf 33' lang='lat' dir='ltr'><strong>Non.</strong></span> <span class='ocrx_word' id='word_1_828' title='bbox 3170 4537 3300 4593; x_wconf 83' lang='lat' dir='ltr'><strong>ergo</strong></span> <span class='ocrx_word' id='word_1_829' title='bbox 3345 4521 3515 4590; x_wconf 79' lang='lat' dir='ltr'><strong>cogit,</strong></span> <span class='ocrx_word' id='word_1_830' title='bbox 3558 4529 3621 4574; x_wconf 86' lang='lat' dir='ltr'><strong>ut</strong></span> <span class='ocrx_word' id='word_1_831' title='bbox 3669 4518 3745 4572; x_wconf 85' lang='lat' dir='ltr'><strong>di-</strong></span> 
     </span>
    </p>
   </div>
   <div class='ocr_carea' id='block_1_104' title="bbox 2168 4608 3741 4685">
    <p class='ocr_par' dir='ltr' id='par_1_104' title="bbox 2168 4608 3741 4685">
     <span class='ocr_line' id='line_1_104' title="bbox 2168 4608 3741 4685; baseline -0.007 -13"><span class='ocrx_word' id='word_1_832' title='bbox 2168 4626 2314 4672; x_wconf 90' lang='lat' dir='ltr'><strong>ctum</strong></span> <span class='ocrx_word' id='word_1_833' title='bbox 2342 4625 2448 4682; x_wconf 89' lang='lat' dir='ltr'><strong>est,</strong></span> <span class='ocrx_word' id='word_1_834' title='bbox 2475 4627 2524 4670; x_wconf 92' lang='lat' dir='ltr'><strong>et</strong></span> <span class='ocrx_word' id='word_1_835' title='bbox 2545 4617 2761 4685; x_wconf 84' lang='lat' dir='ltr'><strong>spiritus</strong></span> <span class='ocrx_word' id='word_1_836' title='bbox 2790 4615 2890 4669; x_wconf 88' lang='lat' dir='ltr'><strong>Dei</strong></span> <span class='ocrx_word' id='word_1_837' title='bbox 2911 4612 3179 4683; x_wconf 76' lang='lat' dir='ltr'><strong>ferebatur</strong></span> <span class='ocrx_word' id='word_1_838' title='bbox 3197 4628 3352 4682; x_wconf 83' lang='lat' dir='ltr'><strong>super</strong></span> <span class='ocrx_word' id='word_1_839' title='bbox 3375 4625 3544 4682; x_wconf 84' lang='lat' dir='ltr'><strong>aquas</strong></span> <span class='ocrx_word' id='word_1_840' title='bbox 3561 4650 3577 4673; x_wconf 93' lang='lat'><strong>,</strong></span> <span class='ocrx_word' id='word_1_841' title='bbox 3602 4608 3741 4663; x_wconf 83' lang='lat' dir='ltr'><strong>illum</strong></span> 
     </span>
    </p>
   </div>
   <div class='ocr_carea' id='block_1_105' title="bbox 2172 4698 3746 4777">
    <p class='ocr_par' dir='ltr' id='par_1_105' title="bbox 2172 4698 3746 4777">
     <span class='ocr_line' id='line_1_105' title="bbox 2172 4698 3746 4777; baseline -0.006 -17"><span class='ocrx_word' id='word_1_842' title='bbox 2172 4707 2470 4777; x_wconf 85' lang='lat' dir='ltr'><strong>intelligere</strong></span> <span class='ocrx_word' id='word_1_843' title='bbox 2496 4706 2746 4775; x_wconf 90' lang='lat' dir='ltr'><strong>spiritum</strong></span> <span class='ocrx_word' id='word_1_844' title='bbox 2776 4704 2942 4776; x_wconf 89' lang='lat' dir='ltr'><strong>(sicut</strong></span> <span class='ocrx_word' id='word_1_845' title='bbox 2990 4701 3232 4757; x_wconf 87' lang='lat' dir='ltr'><strong>nonnulli</strong></span> <span class='ocrx_word' id='word_1_846' title='bbox 3273 4698 3605 4771; x_wconf 86' lang='lat' dir='ltr'><strong>intelligunt)</strong></span> <span class='ocrx_word' id='word_1_847' title='bbox 3646 4712 3746 4768; x_wconf 82' lang='lat' dir='ltr'><strong>quo</strong></span> 
     </span>
    </p>
   </div>
   <div class='ocr_carea' id='block_1_106' title="bbox 2171 4789 3742 4860">
    <p class='ocr_par' dir='ltr' id='par_1_106' title="bbox 2171 4789 3742 4860">
     <span class='ocr_line' id='line_1_106' title="bbox 2171 4789 3742 4860; baseline -0.006 -11"><span class='ocrx_word' id='word_1_848' title='bbox 2171 4796 2358 4850; x_wconf 89' lang='lat' dir='ltr'><strong>mundi</strong></span> <span class='ocrx_word' id='word_1_849' title='bbox 2387 4793 2556 4849; x_wconf 87' lang='lat' dir='ltr'><strong>moles</strong></span> <span class='ocrx_word' id='word_1_850' title='bbox 2578 4795 2829 4848; x_wconf 83' lang='lat' dir='ltr'><strong>universa</strong></span> <span class='ocrx_word' id='word_1_851' title='bbox 2859 4793 2964 4847; x_wconf 87' lang='lat' dir='ltr'><strong>ista</strong></span> <span class='ocrx_word' id='word_1_852' title='bbox 2993 4805 3254 4860; x_wconf 87' lang='lat' dir='ltr'><strong>corporea</strong></span> <span class='ocrx_word' id='word_1_853' title='bbox 3280 4789 3430 4842; x_wconf 88' lang='lat' dir='ltr'><strong>velut</strong></span> <span class='ocrx_word' id='word_1_854' title='bbox 3456 4789 3742 4849; x_wconf 85' lang='lat' dir='ltr'><strong>animatur,</strong></span> 
     </span>
    </p>
   </div>
   <div class='ocr_carea' id='block_1_107' title="bbox 2170 4870 3745 4955">
    <p class='ocr_par' dir='ltr' id='par_1_107' title="bbox 2170 4870 3745 4955">
     <span class='ocr_line' id='line_1_107' title="bbox 2170 4870 3745 4955; baseline -0.007 -13"><span class='ocrx_word' id='word_1_855' title='bbox 2170 4889 2238 4942; x_wconf 91' lang='lat' dir='ltr'><strong>ad</strong></span> <span class='ocrx_word' id='word_1_856' title='bbox 2277 4886 2637 4941; x_wconf 89' lang='lat' dir='ltr'><strong>ministerium</strong></span> <span class='ocrx_word' id='word_1_857' title='bbox 2682 4870 3018 4955; x_wconf 84' lang='lat' dir='ltr'><strong>quorumque</strong></span> <span class='ocrx_word' id='word_1_858' title='bbox 3061 4881 3426 4952; x_wconf 80' lang='lat' dir='ltr'><strong>gignentium,</strong></span> <span class='ocrx_word' id='word_1_859' title='bbox 3453 4888 3513 4933; x_wconf 91' lang='lat' dir='ltr'><strong>et</strong></span> <span class='ocrx_word' id='word_1_860' title='bbox 3554 4878 3611 4932; x_wconf 92' lang='lat' dir='ltr'><strong>in</strong></span> <span class='ocrx_word' id='word_1_861' title='bbox 3658 4892 3745 4932; x_wconf 81' lang='lat' dir='ltr'><strong>sua</strong></span> 
     </span>
    </p>
   </div>
   <div class='ocr_carea' id='block_1_108' title="bbox 2173 4972 3742 5048">
    <p class='ocr_par' dir='ltr' id='par_1_108' title="bbox 2173 4972 3742 5048">
     <span class='ocr_line' id='line_1_108' title="bbox 2173 4972 3742 5048; baseline -0.01 -14"><span class='ocrx_word' id='word_1_862' title='bbox 2173 4979 2354 5048; x_wconf 86' lang='lat' dir='ltr'><strong>specie</strong></span> <span class='ocrx_word' id='word_1_863' title='bbox 2416 4977 2864 5032; x_wconf 84' lang='lat' dir='ltr'><strong>continendamm</strong></span> <span class='ocrx_word' id='word_1_864' title='bbox 2928 4972 3287 5042; x_wconf 88' lang='lat' dir='ltr'><strong>corporalium</strong></span> <span class='ocrx_word' id='word_1_865' title='bbox 3351 4979 3742 5024; x_wconf 88' lang='lat' dir='ltr'><strong>creaturarum.</strong></span> 
     </span>
    </p>
   </div>
   <div class='ocr_carea' id='block_1_109' title="bbox 2169 5057 3746 5133">
    <p class='ocr_par' dir='ltr' id='par_1_109' title="bbox 2169 5057 3746 5133">
     <span class='ocr_line' id='line_1_109' title="bbox 2169 5057 3746 5133; baseline -0.01 -9"><span class='ocrx_word' id='word_1_866' title='bbox 2169 5069 2431 5125; x_wconf 83' lang='lat' dir='ltr'><strong>Creatura</strong></span> <span class='ocrx_word' id='word_1_867' title='bbox 2463 5074 2547 5121; x_wconf 89' lang='lat' dir='ltr'><strong>est</strong></span> <span class='ocrx_word' id='word_1_868' title='bbox 2569 5065 2712 5119; x_wconf 90' lang='lat' dir='ltr'><strong>enim</strong></span> <span class='ocrx_word' id='word_1_869' title='bbox 2739 5062 2997 5133; x_wconf 87' lang='lat' dir='ltr'><strong>quidquid</strong></span> <span class='ocrx_word' id='word_1_870' title='bbox 3016 5069 3100 5115; x_wconf 89' lang='lat' dir='ltr'><strong>est</strong></span> <span class='ocrx_word' id='word_1_871' title='bbox 3127 5060 3252 5116; x_wconf 88' lang='lat' dir='ltr'><strong>tale.</strong></span> <span class='ocrx_word' id='word_1_872' title='bbox 3275 5059 3409 5114; x_wconf 89' lang='lat' dir='ltr'><strong>Illud</strong></span> <span class='ocrx_word' id='word_1_873' title='bbox 3429 5059 3593 5113; x_wconf 85' lang='lat' dir='ltr'><strong>etiam</strong></span> <span class='ocrx_word' id='word_1_874' title='bbox 3615 5057 3746 5127; x_wconf 85' lang='lat' dir='ltr'><strong>quod</strong></span> 
     </span>
    </p>
   </div>
   <div class='ocr_carea' id='block_1_110' title="bbox 2174 5144 3748 5227">
    <p class='ocr_par' dir='ltr' id='par_1_110' title="bbox 2174 5144 3748 5227">
     <span class='ocr_line' id='line_1_110' title="bbox 2174 5144 3748 5227; baseline -0.008 -15"><span class='ocrx_word' id='word_1_875' title='bbox 2174 5157 2437 5227; x_wconf 84' lang='lat' dir='ltr'><strong>scriptum</strong></span> <span class='ocrx_word' id='word_1_876' title='bbox 2466 5162 2550 5209; x_wconf 90' lang='lat' dir='ltr'><strong>est</strong></span> <span class='ocrx_word' id='word_1_877' title='bbox 2581 5172 2594 5207; x_wconf 89' lang='lat'><strong>:</strong></span> <span class='ocrx_word' id='word_1_878' title='bbox 2629 5151 2778 5222; x_wconf 82' lang='lat' dir='ltr'><strong>(Sap.</strong></span> <span class='ocrx_word' id='word_1_879' title='bbox 2813 5153 2864 5205; x_wconf 82' lang='lat' dir='ltr'><strong>i.</strong></span> <span class='ocrx_word' id='word_1_880' title='bbox 2896 5152 2951 5222; x_wconf 91' lang='lat'><strong>7)</strong></span> <span class='ocrx_word' id='word_1_881' title='bbox 2997 5151 3247 5221; x_wconf 84' lang='lat' dir='ltr'><strong>quoniam</strong></span> <span class='ocrx_word' id='word_1_882' title='bbox 3281 5144 3515 5219; x_wconf 80' lang='lat' dir='ltr'><strong>Spiritus</strong></span> <span class='ocrx_word' id='word_1_883' title='bbox 3542 5145 3748 5200; x_wconf 73' lang='lat' dir='ltr'><strong>Domini</strong></span> 
     </span>
    </p>
   </div>
   <div class='ocr_carea' id='block_1_111' title="bbox 2176 5236 3746 5316">
    <p class='ocr_par' dir='ltr' id='par_1_111' title="bbox 2176 5236 3746 5316">
     <span class='ocr_line' id='line_1_111' title="bbox 2176 5236 3746 5316; baseline -0.007 -17"><span class='ocrx_word' id='word_1_884' title='bbox 2176 5246 2382 5316; x_wconf 86' lang='lat' dir='ltr'><strong>replevit</strong></span> <span class='ocrx_word' id='word_1_885' title='bbox 2410 5243 2582 5298; x_wconf 80' lang='lat' dir='ltr'><strong>orbem</strong></span> <span class='ocrx_word' id='word_1_886' title='bbox 2612 5253 2892 5306; x_wconf 86' lang='lat' dir='ltr'><strong>terrarum,</strong></span> <span class='ocrx_word' id='word_1_887' title='bbox 2936 5256 3046 5295; x_wconf 89' lang='lat' dir='ltr'><strong>non</strong></span> <span class='ocrx_word' id='word_1_888' title='bbox 3095 5241 3308 5303; x_wconf 88' lang='lat' dir='ltr'><strong>desunt,</strong></span> <span class='ocrx_word' id='word_1_889' title='bbox 3359 5237 3452 5306; x_wconf 89' lang='lat' dir='ltr'><strong>qui</strong></span> <span class='ocrx_word' id='word_1_890' title='bbox 3505 5236 3746 5291; x_wconf 84' lang='lat' dir='ltr'><strong>eumdem</strong></span> 
     </span>
    </p>
   </div>
   <div class='ocr_carea' id='block_1_112' title="bbox 2175 5326 3748 5407">
    <p class='ocr_par' dir='ltr' id='par_1_112' title="bbox 2175 5326 3748 5407">
     <span class='ocr_line' id='line_1_112' title="bbox 2175 5326 3748 5407; baseline -0.008 -15"><span class='ocrx_word' id='word_1_891' title='bbox 2175 5337 2425 5407; x_wconf 78' lang='lat' dir='ltr'><strong>Spiritum</strong></span> <span class='ocrx_word' id='word_1_892' title='bbox 2455 5334 2625 5389; x_wconf 89' lang='lat' dir='ltr'><strong>velint</strong></span> <span class='ocrx_word' id='word_1_893' title='bbox 2653 5332 2932 5400; x_wconf 87' lang='lat' dir='ltr'><strong>accipere;</strong></span> <span class='ocrx_word' id='word_1_894' title='bbox 2980 5329 3303 5384; x_wconf 88' lang='lat' dir='ltr'><strong>invisibilem</strong></span> <span class='ocrx_word' id='word_1_895' title='bbox 3355 5326 3566 5382; x_wconf 88' lang='lat' dir='ltr'><strong>scilicet</strong></span> <span class='ocrx_word' id='word_1_896' title='bbox 3610 5340 3748 5382; x_wconf 80' lang='lat' dir='ltr'><strong>crea-</strong></span> 
     </span>
    </p>
   </div>
   <div class='ocr_carea' id='block_1_113' title="bbox 2180 5420 3748 5490">
    <p class='ocr_par' dir='ltr' id='par_1_113' title="bbox 2180 5420 3748 5490">
     <span class='ocr_line' id='line_1_113' title="bbox 2180 5420 3748 5490; baseline -0.008 -6"><span class='ocrx_word' id='word_1_897' title='bbox 2180 5440 2357 5484; x_wconf 86' lang='lat' dir='ltr'><strong>turam</strong></span> <span class='ocrx_word' id='word_1_898' title='bbox 2382 5435 2577 5482; x_wconf 90' lang='lat' dir='ltr'><strong>cuncta</strong></span> <span class='ocrx_word' id='word_1_899' title='bbox 2615 5423 2850 5478; x_wconf 88' lang='lat' dir='ltr'><strong>visibilia</strong></span> <span class='ocrx_word' id='word_1_900' title='bbox 2895 5421 3187 5477; x_wconf 89' lang='lat' dir='ltr'><strong>universali</strong></span> <span class='ocrx_word' id='word_1_901' title='bbox 3218 5421 3448 5490; x_wconf 82' lang='lat' dir='ltr'><strong>quadam</strong></span> <span class='ocrx_word' id='word_1_902' title='bbox 3477 5420 3748 5489; x_wconf 82' lang='lat' dir='ltr'><strong>conspira-</strong></span> 
     </span>
    </p>
   </div>
   <div class='ocr_carea' id='block_1_114' title="bbox 2183 5509 3747 5588">
    <p class='ocr_par' dir='ltr' id='par_1_114' title="bbox 2183 5509 3747 5588">
     <span class='ocr_line' id='line_1_114' title="bbox 2183 5509 3747 5588; baseline -0.011 -13"><span class='ocrx_word' id='word_1_903' title='bbox 2183 5522 2326 5575; x_wconf 88' lang='lat' dir='ltr'><strong>tione</strong></span> <span class='ocrx_word' id='word_1_904' title='bbox 2381 5516 2719 5588; x_wconf 82' lang='lat' dir='ltr'><strong>vegelantem</strong></span> <span class='ocrx_word' id='word_1_905' title='bbox 2784 5523 2946 5581; x_wconf 88' lang='lat' dir='ltr'><strong>atque</strong></span> <span class='ocrx_word' id='word_1_906' title='bbox 2994 5512 3379 5566; x_wconf 87' lang='lat' dir='ltr'><strong>continentem.</strong></span> <span class='ocrx_word' id='word_1_907' title='bbox 3429 5509 3537 5564; x_wconf 83' lang='lat' dir='ltr'><strong>Sed</strong></span> <span class='ocrx_word' id='word_1_908' title='bbox 3583 5523 3747 5576; x_wconf 76' lang='lat' dir='ltr'><strong>neque</strong></span> 
     </span>
    </p>
   </div>
   <div class='ocr_carea' id='block_1_115' title="bbox 2183 5600 3744 5678">
    <p class='ocr_par' dir='ltr' id='par_1_115' title="bbox 2183 5600 3744 5678">
     <span class='ocr_line' id='line_1_115' title="bbox 2183 5600 3744 5678; baseline -0.01 -10"><span class='ocrx_word' id='word_1_909' title='bbox 2183 5615 2271 5668; x_wconf 83' lang='lat' dir='ltr'><strong>hic</strong></span> <span class='ocrx_word' id='word_1_910' title='bbox 2318 5611 2644 5678; x_wconf 60' lang='lat' dir='ltr'><strong>videoqnid</strong></span> <span class='ocrx_word' id='word_1_911' title='bbox 2684 5608 2942 5677; x_wconf 84' lang='lat' dir='ltr'><strong>impediat</strong></span> <span class='ocrx_word' id='word_1_912' title='bbox 2975 5604 3236 5674; x_wconf 85' lang='lat' dir='ltr'><strong>Spiritum</strong></span> <span class='ocrx_word' id='word_1_913' title='bbox 3269 5613 3519 5658; x_wconf 84' lang='lat' dir='ltr'><strong>sanctum</strong></span> <span class='ocrx_word' id='word_1_914' title='bbox 3561 5600 3744 5656; x_wconf 41' lang='lat' dir='ltr'><strong>intuiti.</strong></span> 
     </span>
    </p>
   </div>
   <div class='ocr_carea' id='block_1_116' title="bbox 575 5807 2915 5893">
    <p class='ocr_par' dir='ltr' id='par_1_116' title="bbox 575 5807 2915 5893">
     <span class='ocr_line' id='line_1_116' title="bbox 575 5807 2915 5893; baseline -0.015 -1"><span class='ocrx_word' id='word_1_915' title='bbox 575 5837 602 5876; x_wconf 72' lang='grc' dir='ltr'><strong>ι’</strong></span> <span class='ocrx_word' id='word_1_916' title='bbox 1338 5807 1549 5882; x_wconf 45' lang='grc' dir='ltr'><strong>ἆίάριτη</strong></span> <span class='ocrx_word' id='word_1_917' title='bbox 1602 5825 1896 5893; x_wconf 67' lang='grc' dir='ltr'><strong>εηῇοεαι·ε;</strong></span> <span class='ocrx_word' id='word_1_918' title='bbox 1941 5822 2033 5876; x_wconf 89' lang='lat' dir='ltr'><strong>sed</strong></span> <span class='ocrx_word' id='word_1_919' title='bbox 2074 5817 2212 5874; x_wconf 82' lang='lat' dir='ltr'><strong>infra</strong></span> <span class='ocrx_word' id='word_1_920' title='bbox 2247 5812 2372 5869; x_wconf 79' lang='lat' dir='ltr'><strong>dicit</strong></span> <span class='ocrx_word' id='word_1_921' title='bbox 2408 5827 2590 5865; x_wconf 84' lang='lat' dir='ltr'><strong>nocere</strong></span> <span class='ocrx_word' id='word_1_922' title='bbox 2617 5807 2915 5862; x_wconf 78' lang='lat' dir='ltr'><strong>nolentium.</strong></span> 
     </span>
    </p>
   </div>
  </div>
