  <div class='ocr_page' id='page_1' title='image "/cluster/home/n/w/nwhite01/storage/ocr_20150623/104/uva.x000827061/342.png"; bbox 0 0 3912 6344; ppageno 0'>
   <div class='ocr_carea' id='block_1_1' title="bbox 148 409 265 469">
    <p class='ocr_par' dir='ltr' id='par_1_1' title="bbox 148 409 265 469">
     <span class='ocr_line' id='line_1_1' title="bbox 148 409 265 469; baseline 0.026 -3"><span class='ocrx_word' id='word_1_1' title='bbox 148 409 265 469; x_wconf 73' lang='lat'><strong>669</strong></span> 
     </span>
    </p>
   </div>
   <div class='ocr_carea' id='block_1_2' title="bbox 1046 415 2519 485">
    <p class='ocr_par' dir='ltr' id='par_1_2' title="bbox 1046 415 2519 485">
     <span class='ocr_line' id='line_1_2' title="bbox 1046 415 2519 485; baseline 0.003 -12"><span class='ocrx_word' id='word_1_2' title='bbox 1046 415 1503 485; x_wconf 61' lang='lat' dir='ltr'><strong>QUESTIONES</strong></span> <span class='ocrx_word' id='word_1_3' title='bbox 1538 415 1688 476; x_wconf 73' lang='lat' dir='ltr'><strong>XXX</strong></span> <span class='ocrx_word' id='word_1_4' title='bbox 1727 416 1952 476; x_wconf 76' lang='lat' dir='ltr'><strong>SUPER</strong></span> <span class='ocrx_word' id='word_1_5' title='bbox 1985 418 2226 475; x_wconf 77' lang='lat' dir='ltr'><strong>LlBllOS</strong></span> <span class='ocrx_word' id='word_1_6' title='bbox 2263 418 2519 477; x_wconf 75' lang='lat' dir='ltr'><strong>REGUM.</strong></span> 
     </span>
    </p>
   </div>
   <div class='ocr_carea' id='block_1_3' title="bbox 3285 435 3386 491">
    <p class='ocr_par' dir='ltr' id='par_1_3' title="bbox 3285 435 3386 491">
     <span class='ocr_line' id='line_1_3' title="bbox 3285 435 3386 491; baseline 0.03 -3"><span class='ocrx_word' id='word_1_7' title='bbox 3285 435 3386 491; x_wconf 74' lang='lat'><strong>670</strong></span> 
     </span>
    </p>
   </div>
   <div class='ocr_carea' id='block_1_4' title="bbox 152 528 3384 610">
    <p class='ocr_par' dir='ltr' id='par_1_4' title="bbox 152 528 3384 610">
     <span class='ocr_line' id='line_1_4' title="bbox 152 528 3384 610; baseline 0.007 -30"><span class='ocrx_word' id='word_1_8' title='bbox 152 541 312 597; x_wconf 84' lang='lat' dir='ltr'><strong>gere,</strong></span> <span class='ocrx_word' id='word_1_9' title='bbox 342 541 465 582; x_wconf 88' lang='lat' dir='ltr'><strong>cum</strong></span> <span class='ocrx_word' id='word_1_10' title='bbox 493 529 604 602; x_wconf 84' lang='lat' dir='ltr'><strong>ipse</strong></span> <span class='ocrx_word' id='word_1_11' title='bbox 629 528 772 586; x_wconf 86' lang='lat' dir='ltr'><strong>Deus</strong></span> <span class='ocrx_word' id='word_1_12' title='bbox 799 530 944 586; x_wconf 87' lang='lat' dir='ltr'><strong>dicat</strong></span> <span class='ocrx_word' id='word_1_13' title='bbox 985 532 1124 602; x_wconf 88' lang='lat' dir='ltr'><strong>apud</strong></span> <span class='ocrx_word' id='word_1_14' title='bbox 1149 532 1472 604; x_wconf 89' lang='lat' dir='ltr'><strong>Prophetam</strong></span> <span class='ocrx_word' id='word_1_15' title='bbox 1498 534 1726 590; x_wconf 67' lang='lat' dir='ltr'><strong>:cmlum</strong></span> <span class='ocrx_word' id='word_1_16' title='bbox 1755 538 1806 599; x_wconf 71' lang='grc' dir='ltr'><strong>Α</strong></span> <span class='ocrx_word' id='word_1_17' title='bbox 1830 532 2071 587; x_wconf 83' lang='lat' dir='ltr'><strong>additum</strong></span> <span class='ocrx_word' id='word_1_18' title='bbox 2119 532 2312 598; x_wconf 80' lang='lat' dir='ltr'><strong>malus,</strong></span> <span class='ocrx_word' id='word_1_19' title='bbox 2363 537 2488 603; x_wconf 80' lang='lat' dir='ltr'><strong>quia</strong></span> <span class='ocrx_word' id='word_1_20' title='bbox 2536 536 2692 605; x_wconf 89' lang='lat' dir='ltr'><strong>paulo</strong></span> <span class='ocrx_word' id='word_1_21' title='bbox 2731 540 2977 610; x_wconf 79' lang='lat' dir='ltr'><strong>superius</strong></span> <span class='ocrx_word' id='word_1_22' title='bbox 3015 542 3130 610; x_wconf 81' lang='lat' dir='ltr'><strong>jam</strong></span> <span class='ocrx_word' id='word_1_23' title='bbox 3185 545 3384 602; x_wconf 89' lang='lat' dir='ltr'><strong>dictum</strong></span> 
     </span>
    </p>
   </div>
   <div class='ocr_carea' id='block_1_5' title="bbox 153 619 1724 696">
    <p class='ocr_par' dir='ltr' id='par_1_5' title="bbox 153 619 1724 696">
     <span class='ocr_line' id='line_1_5' title="bbox 153 619 1724 696; baseline 0.006 -26"><span class='ocrx_word' id='word_1_24' title='bbox 153 623 215 670; x_wconf 86' lang='lat' dir='ltr'><strong>et</strong></span> <span class='ocrx_word' id='word_1_25' title='bbox 246 623 453 672; x_wconf 82' lang='lat' dir='ltr'><strong>terram</strong></span> <span class='ocrx_word' id='word_1_26' title='bbox 477 633 577 689; x_wconf 89' lang='lat' dir='ltr'><strong>ego</strong></span> <span class='ocrx_word' id='word_1_27' title='bbox 610 619 806 690; x_wconf 82' lang='lat' dir='ltr'><strong>impleo</strong></span> <span class='ocrx_word' id='word_1_28' title='bbox 835 638 849 674; x_wconf 71' lang='grc' dir='ltr'>ε</span> <span class='ocrx_word' id='word_1_29' title='bbox 890 621 1022 692; x_wconf 86' lang='lat' dir='ltr'><strong>(Jer.</strong></span> <span class='ocrx_word' id='word_1_30' title='bbox 1054 621 1141 676; x_wconf 75' lang='lat'><strong>22.</strong></span> <span class='ocrx_word' id='word_1_31' title='bbox 1183 624 1275 696; x_wconf 74' lang='grc'><strong>24)</strong></span> <span class='ocrx_word' id='word_1_32' title='bbox 1303 641 1410 680; x_wconf 89' lang='lat' dir='ltr'><strong>non</strong></span> <span class='ocrx_word' id='word_1_33' title='bbox 1436 626 1578 680; x_wconf 85' lang='lat' dir='ltr'><strong>enim</strong></span> <span class='ocrx_word' id='word_1_34' title='bbox 1607 626 1724 681; x_wconf 87' lang='lat' dir='ltr'><strong>sine</strong></span> 
     </span>
    </p>
   </div>
   <div class='ocr_carea' id='block_1_6' title="bbox 153 708 1719 782">
    <p class='ocr_par' dir='ltr' id='par_1_6' title="bbox 153 708 1719 782">
     <span class='ocr_line' id='line_1_6' title="bbox 153 708 1719 782; baseline 0.008 -21"><span class='ocrx_word' id='word_1_35' title='bbox 153 721 260 762; x_wconf 85' lang='lat' dir='ltr'><strong>suo</strong></span> <span class='ocrx_word' id='word_1_36' title='bbox 294 708 499 778; x_wconf 76' lang='lat' dir='ltr'><strong>Spiritu</strong></span> <span class='ocrx_word' id='word_1_37' title='bbox 547 721 733 768; x_wconf 87' lang='lat' dir='ltr'><strong>sancto</strong></span> <span class='ocrx_word' id='word_1_38' title='bbox 763 713 949 782; x_wconf 91' lang='lat' dir='ltr'><strong>implet</strong></span> <span class='ocrx_word' id='word_1_39' title='bbox 995 712 1137 770; x_wconf 88' lang='lat' dir='ltr'><strong>Deus</strong></span> <span class='ocrx_word' id='word_1_40' title='bbox 1169 717 1365 772; x_wconf 63' lang='lat' dir='ltr'><strong>celum</strong></span> <span class='ocrx_word' id='word_1_41' title='bbox 1395 728 1448 773; x_wconf 94' lang='lat' dir='ltr'><strong>et</strong></span> <span class='ocrx_word' id='word_1_42' title='bbox 1496 728 1719 775; x_wconf 91' lang='lat' dir='ltr'><strong>terram.</strong></span> 
     </span>
    </p>
   </div>
   <div class='ocr_carea' id='block_1_7' title="bbox 152 793 1723 876">
    <p class='ocr_par' dir='ltr' id='par_1_7' title="bbox 152 793 1723 876">
     <span class='ocr_line' id='line_1_7' title="bbox 152 793 1723 876; baseline 0.011 -29"><span class='ocrx_word' id='word_1_43' title='bbox 152 793 298 862; x_wconf 85' lang='lat' dir='ltr'><strong>Quid</strong></span> <span class='ocrx_word' id='word_1_44' title='bbox 327 812 456 868; x_wconf 86' lang='lat' dir='ltr'><strong>ergo</strong></span> <span class='ocrx_word' id='word_1_45' title='bbox 487 802 678 856; x_wconf 88' lang='lat' dir='ltr'><strong>mirum</strong></span> <span class='ocrx_word' id='word_1_46' title='bbox 703 803 749 856; x_wconf 89' lang='lat' dir='ltr'><strong>si</strong></span> <span class='ocrx_word' id='word_1_47' title='bbox 771 802 836 857; x_wconf 93' lang='lat' dir='ltr'><strong>de</strong></span> <span class='ocrx_word' id='word_1_48' title='bbox 859 803 1060 872; x_wconf 80' lang='lat' dir='ltr'><strong>Spiritu</strong></span> <span class='ocrx_word' id='word_1_49' title='bbox 1085 814 1271 860; x_wconf 90' lang='lat' dir='ltr'><strong>sancto</strong></span> <span class='ocrx_word' id='word_1_50' title='bbox 1284 808 1399 876; x_wconf 86' lang='lat' dir='ltr'><strong>ejus</strong></span> <span class='ocrx_word' id='word_1_51' title='bbox 1419 809 1617 866; x_wconf 87' lang='lat' dir='ltr'><strong>dictum</strong></span> <span class='ocrx_word' id='word_1_52' title='bbox 1640 818 1723 865; x_wconf 93' lang='lat' dir='ltr'><strong>est</strong></span> 
     </span>
    </p>
   </div>
   <div class='ocr_carea' id='block_1_8' title="bbox 150 886 1723 965">
    <p class='ocr_par' dir='ltr' id='par_1_8' title="bbox 150 886 1723 965">
     <span class='ocr_line' id='line_1_8' title="bbox 150 886 1723 965; baseline 0.008 -27"><span class='ocrx_word' id='word_1_53' title='bbox 150 886 388 955; x_wconf 82' lang='lat' dir='ltr'><strong>replevit</strong></span> <span class='ocrx_word' id='word_1_54' title='bbox 415 890 599 943; x_wconf 91' lang='lat' dir='ltr'><strong>orbem</strong></span> <span class='ocrx_word' id='word_1_55' title='bbox 636 893 944 946; x_wconf 85' lang='lat' dir='ltr'><strong>terrarum?</strong></span> <span class='ocrx_word' id='word_1_56' title='bbox 969 893 1127 947; x_wconf 83' lang='lat' dir='ltr'><strong>aliter</strong></span> <span class='ocrx_word' id='word_1_57' title='bbox 1150 895 1293 948; x_wconf 92' lang='lat' dir='ltr'><strong>enim</strong></span> <span class='ocrx_word' id='word_1_58' title='bbox 1321 898 1490 965; x_wconf 85' lang='lat' dir='ltr'><strong>replet</strong></span> <span class='ocrx_word' id='word_1_59' title='bbox 1528 900 1723 953; x_wconf 82' lang='lat' dir='ltr'><strong>sancti-</strong></span> 
     </span>
    </p>
   </div>
   <div class='ocr_carea' id='block_1_9' title="bbox 151 973 1718 1062">
    <p class='ocr_par' dir='ltr' id='par_1_9' title="bbox 151 973 1718 1062">
     <span class='ocr_line' id='line_1_9' title="bbox 151 973 1718 1062; baseline 0.011 -35"><span class='ocrx_word' id='word_1_60' title='bbox 151 973 392 1041; x_wconf 79' lang='lat' dir='ltr'><strong>ﬁcando,</strong></span> <span class='ocrx_word' id='word_1_61' title='bbox 427 981 565 1034; x_wconf 87' lang='lat' dir='ltr'><strong>sicut</strong></span> <span class='ocrx_word' id='word_1_62' title='bbox 610 983 675 1037; x_wconf 92' lang='lat' dir='ltr'><strong>de</strong></span> <span class='ocrx_word' id='word_1_63' title='bbox 724 982 998 1051; x_wconf 85' lang='lat' dir='ltr'><strong>Stephano</strong></span> <span class='ocrx_word' id='word_1_64' title='bbox 1043 983 1214 1054; x_wconf 82' lang='lat' dir='ltr'><strong>(Acta.</strong></span> <span class='ocrx_word' id='word_1_65' title='bbox 1269 987 1321 1040; x_wconf 90' lang='lat'><strong>6.</strong></span> <span class='ocrx_word' id='word_1_66' title='bbox 1354 988 1386 1042; x_wconf 82' lang='lat'><strong>5</strong></span> <span class='ocrx_word' id='word_1_67' title='bbox 1436 998 1485 1042; x_wconf 90' lang='lat' dir='ltr'><strong>et</strong></span> <span class='ocrx_word' id='word_1_68' title='bbox 1532 991 1583 1044; x_wconf 89' lang='lat'><strong>7.</strong></span> <span class='ocrx_word' id='word_1_69' title='bbox 1629 991 1718 1062; x_wconf 78' lang='grc'><strong>55)</strong></span> 
     </span>
    </p>
   </div>
   <div class='ocr_carea' id='block_1_10' title="bbox 149 1064 1721 1143">
    <p class='ocr_par' dir='ltr' id='par_1_10' title="bbox 149 1064 1721 1143">
     <span class='ocr_line' id='line_1_10' title="bbox 149 1064 1721 1143; baseline 0.011 -25"><span class='ocrx_word' id='word_1_70' title='bbox 149 1064 392 1121; x_wconf 88' lang='lat' dir='ltr'><strong>dicitur:</strong></span> <span class='ocrx_word' id='word_1_71' title='bbox 425 1069 644 1139; x_wconf 81' lang='lat' dir='ltr'><strong>repletus</strong></span> <span class='ocrx_word' id='word_1_72' title='bbox 687 1083 761 1125; x_wconf 85' lang='lat' dir='ltr'><strong>est</strong></span> <span class='ocrx_word' id='word_1_73' title='bbox 805 1071 1003 1143; x_wconf 79' lang='lat' dir='ltr'><strong>Spiritu</strong></span> <span class='ocrx_word' id='word_1_74' title='bbox 1039 1085 1239 1139; x_wconf 85' lang='lat' dir='ltr'><strong>sancto,</strong></span> <span class='ocrx_word' id='word_1_75' title='bbox 1296 1087 1352 1131; x_wconf 90' lang='lat' dir='ltr'><strong>et</strong></span> <span class='ocrx_word' id='word_1_76' title='bbox 1397 1079 1462 1132; x_wconf 89' lang='lat' dir='ltr'><strong>de</strong></span> <span class='ocrx_word' id='word_1_77' title='bbox 1509 1067 1721 1136; x_wconf 70' lang='lat' dir='ltr'><strong>czeteris</strong></span> 
     </span>
    </p>
   </div>
   <div class='ocr_carea' id='block_1_11' title="bbox 151 1155 1718 1240">
    <p class='ocr_par' dir='ltr' id='par_1_11' title="bbox 151 1155 1718 1240">
     <span class='ocr_line' id='line_1_11' title="bbox 151 1155 1718 1240; baseline 0.011 -32"><span class='ocrx_word' id='word_1_78' title='bbox 151 1155 374 1212; x_wconf 83' lang='lat' dir='ltr'><strong>talibus.</strong></span> <span class='ocrx_word' id='word_1_79' title='bbox 426 1160 596 1215; x_wconf 84' lang='lat' dir='ltr'><strong>Aliter</strong></span> <span class='ocrx_word' id='word_1_80' title='bbox 646 1178 774 1233; x_wconf 85' lang='lat' dir='ltr'><strong>ergo</strong></span> <span class='ocrx_word' id='word_1_81' title='bbox 818 1164 988 1234; x_wconf 90' lang='lat' dir='ltr'><strong>replet</strong></span> <span class='ocrx_word' id='word_1_82' title='bbox 1032 1177 1057 1204; x_wconf 74' lang='grc' dir='ltr'>ι</span> <span class='ocrx_word' id='word_1_83' title='bbox 1107 1167 1477 1223; x_wconf 83' lang='lat' dir='ltr'><strong>sanctiﬁcante</strong></span> <span class='ocrx_word' id='word_1_84' title='bbox 1523 1172 1718 1240; x_wconf 88' lang='lat' dir='ltr'><strong>gratia,</strong></span> 
     </span>
    </p>
   </div>
   <div class='ocr_carea' id='block_1_12' title="bbox 148 1246 1720 1328">
    <p class='ocr_par' dir='ltr' id='par_1_12' title="bbox 148 1246 1720 1328">
     <span class='ocr_line' id='line_1_12' title="bbox 148 1246 1720 1328; baseline 0.01 -28"><span class='ocrx_word' id='word_1_85' title='bbox 148 1246 295 1300; x_wconf 82' lang='lat' dir='ltr'><strong>sicut</strong></span> <span class='ocrx_word' id='word_1_86' title='bbox 319 1251 574 1318; x_wconf 90' lang='lat' dir='ltr'><strong>quosdam</strong></span> <span class='ocrx_word' id='word_1_87' title='bbox 622 1263 857 1318; x_wconf 85' lang='lat' dir='ltr'><strong>sanctos,</strong></span> <span class='ocrx_word' id='word_1_88' title='bbox 900 1255 1057 1308; x_wconf 83' lang='lat' dir='ltr'><strong>aliter</strong></span> <span class='ocrx_word' id='word_1_89' title='bbox 1089 1255 1336 1310; x_wconf 86' lang='lat' dir='ltr'><strong>adstante</strong></span> <span class='ocrx_word' id='word_1_90' title='bbox 1376 1267 1536 1328; x_wconf 87' lang='lat' dir='ltr'><strong>atque</strong></span> <span class='ocrx_word' id='word_1_91' title='bbox 1574 1261 1720 1315; x_wconf 87' lang='lat' dir='ltr'><strong>ordi-</strong></span> 
     </span>
    </p>
   </div>
   <div class='ocr_carea' id='block_1_13' title="bbox 146 1346 1714 1419">
    <p class='ocr_par' dir='ltr' id='par_1_13' title="bbox 146 1346 1714 1419">
     <span class='ocr_line' id='line_1_13' title="bbox 146 1346 1714 1419; baseline 0.009 -26"><span class='ocrx_word' id='word_1_92' title='bbox 146 1349 318 1410; x_wconf 83' lang='lat' dir='ltr'><strong>nante</strong></span> <span class='ocrx_word' id='word_1_93' title='bbox 347 1346 629 1411; x_wconf 71' lang='lat' dir='ltr'><strong>praesentia</strong></span> <span class='ocrx_word' id='word_1_94' title='bbox 672 1347 810 1400; x_wconf 91' lang='lat' dir='ltr'><strong>sicut</strong></span> <span class='ocrx_word' id='word_1_95' title='bbox 840 1348 1037 1400; x_wconf 87' lang='lat' dir='ltr'><strong>omnia.</strong></span> <span class='ocrx_word' id='word_1_96' title='bbox 1087 1347 1447 1413; x_wconf 84' lang='lat' dir='ltr'><strong>Quamobrem</strong></span> <span class='ocrx_word' id='word_1_97' title='bbox 1493 1354 1676 1407; x_wconf 91' lang='lat' dir='ltr'><strong>nescio</strong></span> <span class='ocrx_word' id='word_1_98' title='bbox 1701 1395 1714 1419; x_wconf 93' lang='lat'><strong>,</strong></span> 
     </span>
    </p>
   </div>
   <div class='ocr_carea' id='block_1_14' title="bbox 145 1433 1718 1510">
    <p class='ocr_par' dir='ltr' id='par_1_14' title="bbox 145 1433 1718 1510">
     <span class='ocr_line' id='line_1_14' title="bbox 145 1433 1718 1510; baseline 0.01 -29"><span class='ocrx_word' id='word_1_99' title='bbox 145 1438 334 1484; x_wconf 91' lang='lat' dir='ltr'><strong>utrum</strong></span> <span class='ocrx_word' id='word_1_100' title='bbox 360 1442 506 1487; x_wconf 90' lang='lat' dir='ltr'><strong>certo</strong></span> <span class='ocrx_word' id='word_1_101' title='bbox 541 1433 721 1504; x_wconf 90' lang='lat' dir='ltr'><strong>aliquo</strong></span> <span class='ocrx_word' id='word_1_102' title='bbox 756 1436 1076 1490; x_wconf 81' lang='lat' dir='ltr'><strong>documento</strong></span> <span class='ocrx_word' id='word_1_103' title='bbox 1114 1437 1505 1507; x_wconf 88' lang='lat' dir='ltr'><strong>scripturarum</strong></span> <span class='ocrx_word' id='word_1_104' title='bbox 1548 1444 1718 1510; x_wconf 89' lang='lat' dir='ltr'><strong>possit</strong></span> 
     </span>
    </p>
   </div>
   <div class='ocr_carea' id='block_1_15' title="bbox 142 1521 1716 1602">
    <p class='ocr_par' dir='ltr' id='par_1_15' title="bbox 142 1521 1716 1602">
     <span class='ocr_line' id='line_1_15' title="bbox 142 1521 1716 1602; baseline 0.01 -31"><span class='ocrx_word' id='word_1_105' title='bbox 142 1521 380 1587; x_wconf 90' lang='lat' dir='ltr'><strong>ostendi,</strong></span> <span class='ocrx_word' id='word_1_106' title='bbox 435 1538 557 1576; x_wconf 91' lang='lat' dir='ltr'><strong>cum</strong></span> <span class='ocrx_word' id='word_1_107' title='bbox 597 1525 714 1580; x_wconf 87' lang='lat' dir='ltr'><strong>sine</strong></span> <span class='ocrx_word' id='word_1_108' title='bbox 742 1525 849 1579; x_wconf 92' lang='lat' dir='ltr'><strong>ullo</strong></span> <span class='ocrx_word' id='word_1_109' title='bbox 879 1526 1241 1594; x_wconf 74' lang='lat' dir='ltr'><strong>adtlitamento</strong></span> <span class='ocrx_word' id='word_1_110' title='bbox 1264 1528 1460 1584; x_wconf 90' lang='lat' dir='ltr'><strong>dicitur</strong></span> <span class='ocrx_word' id='word_1_111' title='bbox 1486 1530 1716 1602; x_wconf 76' lang='lat' dir='ltr'><strong>Spiritus</strong></span> 
     </span>
    </p>
   </div>
   <div class='ocr_carea' id='block_1_16' title="bbox 143 1605 1712 1689">
    <p class='ocr_par' dir='ltr' id='par_1_16' title="bbox 143 1605 1712 1689">
     <span class='ocr_line' id='line_1_16' title="bbox 143 1605 1712 1689; baseline 0.011 -30"><span class='ocrx_word' id='word_1_112' title='bbox 143 1605 269 1672; x_wconf 87' lang='lat' dir='ltr'><strong>Dei,</strong></span> <span class='ocrx_word' id='word_1_113' title='bbox 301 1609 384 1664; x_wconf 90' lang='lat' dir='ltr'><strong>vel</strong></span> <span class='ocrx_word' id='word_1_114' title='bbox 433 1609 661 1680; x_wconf 78' lang='lat' dir='ltr'><strong>Spiritus</strong></span> <span class='ocrx_word' id='word_1_115' title='bbox 711 1612 943 1678; x_wconf 84' lang='lat' dir='ltr'><strong>Domini,</strong></span> <span class='ocrx_word' id='word_1_116' title='bbox 967 1611 1167 1683; x_wconf 89' lang='lat' dir='ltr'><strong>aliquid</strong></span> <span class='ocrx_word' id='word_1_117' title='bbox 1198 1616 1341 1671; x_wconf 90' lang='lat' dir='ltr'><strong>aliud</strong></span> <span class='ocrx_word' id='word_1_118' title='bbox 1385 1619 1673 1689; x_wconf 83' lang='lat' dir='ltr'><strong>signiﬁcari</strong></span> <span class='ocrx_word' id='word_1_119' title='bbox 1697 1663 1712 1686; x_wconf 92' lang='lat'><strong>,</strong></span> 
     </span>
    </p>
   </div>
   <div class='ocr_carea' id='block_1_17' title="bbox 140 1698 1712 1779">
    <p class='ocr_par' dir='ltr' id='par_1_17' title="bbox 140 1698 1712 1779">
     <span class='ocr_line' id='line_1_17' title="bbox 140 1698 1712 1779; baseline 0.01 -29"><span class='ocrx_word' id='word_1_120' title='bbox 140 1711 310 1765; x_wconf 88' lang='lat' dir='ltr'><strong>quam</strong></span> <span class='ocrx_word' id='word_1_121' title='bbox 339 1698 600 1767; x_wconf 85' lang='lat' dir='ltr'><strong>Spiritum</strong></span> <span class='ocrx_word' id='word_1_122' title='bbox 643 1711 906 1757; x_wconf 91' lang='lat' dir='ltr'><strong>sanctum.</strong></span> <span class='ocrx_word' id='word_1_123' title='bbox 949 1703 1053 1758; x_wconf 91' lang='lat' dir='ltr'><strong>Sed</strong></span> <span class='ocrx_word' id='word_1_124' title='bbox 1092 1712 1146 1759; x_wconf 90' lang='lat' dir='ltr'><strong>et</strong></span> <span class='ocrx_word' id='word_1_125' title='bbox 1179 1706 1224 1760; x_wconf 91' lang='lat' dir='ltr'><strong>si</strong></span> <span class='ocrx_word' id='word_1_126' title='bbox 1255 1716 1337 1768; x_wconf 89' lang='lat' dir='ltr'><strong>est</strong></span> <span class='ocrx_word' id='word_1_127' title='bbox 1381 1706 1517 1763; x_wconf 83' lang='lat' dir='ltr'><strong>forte</strong></span> <span class='ocrx_word' id='word_1_128' title='bbox 1569 1713 1712 1779; x_wconf 89' lang='lat' dir='ltr'><strong>quod</strong></span> 
     </span>
    </p>
   </div>
   <div class='ocr_carea' id='block_1_18' title="bbox 141 1786 1712 1860">
    <p class='ocr_par' dir='ltr' id='par_1_18' title="bbox 141 1786 1712 1860">
     <span class='ocr_line' id='line_1_18' title="bbox 141 1786 1712 1860; baseline 0.009 -20"><span class='ocrx_word' id='word_1_129' title='bbox 141 1786 198 1840; x_wconf 86' lang='lat' dir='ltr'><strong>in</strong></span> <span class='ocrx_word' id='word_1_130' title='bbox 227 1791 635 1856; x_wconf 68' lang='lat' dir='ltr'><strong>praesentiarum</strong></span> <span class='ocrx_word' id='word_1_131' title='bbox 683 1808 788 1847; x_wconf 92' lang='lat' dir='ltr'><strong>non</strong></span> <span class='ocrx_word' id='word_1_132' title='bbox 831 1801 1101 1860; x_wconf 89' lang='lat' dir='ltr'><strong>occurrat,</strong></span> <span class='ocrx_word' id='word_1_133' title='bbox 1127 1795 1256 1849; x_wconf 90' lang='lat' dir='ltr'><strong>illud</strong></span> <span class='ocrx_word' id='word_1_134' title='bbox 1285 1804 1433 1852; x_wconf 91' lang='lat' dir='ltr'><strong>certe</strong></span> <span class='ocrx_word' id='word_1_135' title='bbox 1477 1798 1712 1855; x_wconf 89' lang='lat' dir='ltr'><strong>arbitror</strong></span> 
     </span>
    </p>
   </div>
   <div class='ocr_carea' id='block_1_19' title="bbox 1826 621 3385 706">
    <p class='ocr_par' dir='ltr' id='par_1_19' title="bbox 1826 621 3385 706">
     <span class='ocr_line' id='line_1_19' title="bbox 1826 621 3385 706; baseline 0.01 -31"><span class='ocrx_word' id='word_1_136' title='bbox 1826 629 1963 687; x_wconf 85' lang='lat' dir='ltr'><strong>erat,</strong></span> <span class='ocrx_word' id='word_1_137' title='bbox 1993 630 2047 676; x_wconf 89' lang='lat' dir='ltr'><strong>et</strong></span> <span class='ocrx_word' id='word_1_138' title='bbox 2065 621 2132 675; x_wconf 92' lang='lat' dir='ltr'><strong>de</strong></span> <span class='ocrx_word' id='word_1_139' title='bbox 2161 623 2436 678; x_wconf 83' lang='lat' dir='ltr'><strong>vicinitate</strong></span> <span class='ocrx_word' id='word_1_140' title='bbox 2463 623 2750 694; x_wconf 71' lang='lat' dir='ltr'><strong>Scriptum</strong></span> <span class='ocrx_word' id='word_1_141' title='bbox 2772 630 3049 685; x_wconf 79' lang='lat' dir='ltr'><strong>subaudiri</strong></span> <span class='ocrx_word' id='word_1_142' title='bbox 3071 639 3134 687; x_wconf 71' lang='lat' dir='ltr'><strong>et‘</strong></span> <span class='ocrx_word' id='word_1_143' title='bbox 3159 635 3385 706; x_wconf 71' lang='lat' dir='ltr'><strong>intelligi</strong></span> 
     </span>
    </p>
   </div>
   <div class='ocr_carea' id='block_1_20' title="bbox 1822 717 3382 797">
    <p class='ocr_par' dir='ltr' id='par_1_20' title="bbox 1822 717 3382 797">
     <span class='ocr_line' id='line_1_20' title="bbox 1822 717 3382 797; baseline 0.01 -28"><span class='ocrx_word' id='word_1_144' title='bbox 1822 725 2052 785; x_wconf 83' lang='lat' dir='ltr'><strong>poterat.</strong></span> <span class='ocrx_word' id='word_1_145' title='bbox 2106 717 2185 771; x_wconf 87' lang='lat' dir='ltr'><strong>lta</strong></span> <span class='ocrx_word' id='word_1_146' title='bbox 2207 717 2347 772; x_wconf 92' lang='lat' dir='ltr'><strong>enim</strong></span> <span class='ocrx_word' id='word_1_147' title='bbox 2376 718 2429 771; x_wconf 91' lang='lat' dir='ltr'><strong>in</strong></span> <span class='ocrx_word' id='word_1_148' title='bbox 2453 719 2710 788; x_wconf 81' lang='lat' dir='ltr'><strong>ejusmodi</strong></span> <span class='ocrx_word' id='word_1_149' title='bbox 2736 725 3134 793; x_wconf 81' lang='lat' dir='ltr'><strong>exemplaribus</strong></span> <span class='ocrx_word' id='word_1_150' title='bbox 3157 726 3382 797; x_wconf 76' lang='lat' dir='ltr'><strong>legitur:</strong></span> 
     </span>
    </p>
   </div>
   <div class='ocr_carea' id='block_1_21' title="bbox 1825 804 3387 887">
    <p class='ocr_par' dir='ltr' id='par_1_21' title="bbox 1825 804 3387 887">
     <span class='ocr_line' id='line_1_21' title="bbox 1825 804 3387 887; baseline 0.01 -29"><span class='ocrx_word' id='word_1_151' title='bbox 1825 804 1986 874; x_wconf 82' lang='lat' dir='ltr'><strong>(Ibid.</strong></span> <span class='ocrx_word' id='word_1_152' title='bbox 2014 806 2104 877; x_wconf 69' lang='lat'><strong>23)</strong></span> <span class='ocrx_word' id='word_1_153' title='bbox 2144 806 2752 878; x_wconf 66' lang='lat' dir='ltr'><strong>Igiturquandocunque</strong></span> <span class='ocrx_word' id='word_1_154' title='bbox 2773 814 2983 881; x_wconf 82' lang='lat' dir='ltr'><strong>spiritus</strong></span> <span class='ocrx_word' id='word_1_155' title='bbox 2997 815 3091 868; x_wconf 87' lang='lat' dir='ltr'><strong>Dei</strong></span> <span class='ocrx_word' id='word_1_156' title='bbox 3105 818 3387 887; x_wconf 85' lang='lat' dir='ltr'><strong>arripiebat</strong></span> 
     </span>
    </p>
   </div>
   <div class='ocr_carea' id='block_1_22' title="bbox 1825 893 3385 970">
    <p class='ocr_par' dir='ltr' id='par_1_22' title="bbox 1825 893 3385 970">
     <span class='ocr_line' id='line_1_22' title="bbox 1825 893 3385 970; baseline 0.008 -22"><span class='ocrx_word' id='word_1_157' title='bbox 1825 893 1978 958; x_wconf 87' lang='lat' dir='ltr'><strong>Saul,</strong></span> <span class='ocrx_word' id='word_1_158' title='bbox 2002 894 2210 948; x_wconf 77' lang='lat' dir='ltr'><strong>tollebat</strong></span> <span class='ocrx_word' id='word_1_159' title='bbox 2244 895 2414 949; x_wconf 83' lang='lat' dir='ltr'><strong>David</strong></span> <span class='ocrx_word' id='word_1_160' title='bbox 2451 899 2737 962; x_wconf 76' lang='lat' dir='ltr'><strong>citharam,</strong></span> <span class='ocrx_word' id='word_1_161' title='bbox 2786 910 2833 953; x_wconf 85' lang='lat' dir='ltr'><strong>et</strong></span> <span class='ocrx_word' id='word_1_162' title='bbox 2874 904 3188 970; x_wconf 86' lang='lat' dir='ltr'><strong>percutiebat</strong></span> <span class='ocrx_word' id='word_1_163' title='bbox 3224 923 3385 961; x_wconf 84' lang='lat' dir='ltr'><strong>manu</strong></span> 
     </span>
    </p>
   </div>
   <div class='ocr_carea' id='block_1_23' title="bbox 1822 985 3386 1054">
    <p class='ocr_par' dir='ltr' id='par_1_23' title="bbox 1822 985 3386 1054">
     <span class='ocr_line' id='line_1_23' title="bbox 1822 985 3386 1054; baseline 0.008 -16"><span class='ocrx_word' id='word_1_164' title='bbox 1822 1002 1940 1050; x_wconf 82' lang='lat' dir='ltr'><strong>sua,</strong></span> <span class='ocrx_word' id='word_1_165' title='bbox 1976 995 2021 1039; x_wconf 86' lang='lat' dir='ltr'><strong>et</strong></span> <span class='ocrx_word' id='word_1_166' title='bbox 2045 985 2436 1054; x_wconf 75' lang='lat' dir='ltr'><strong>refocillabatur</strong></span> <span class='ocrx_word' id='word_1_167' title='bbox 2462 987 2613 1054; x_wconf 89' lang='lat' dir='ltr'><strong>Saul,</strong></span> <span class='ocrx_word' id='word_1_168' title='bbox 2642 1000 2689 1043; x_wconf 88' lang='lat' dir='ltr'><strong>et</strong></span> <span class='ocrx_word' id='word_1_169' title='bbox 2712 989 2870 1045; x_wconf 61' lang='lat' dir='ltr'><strong>leuius</strong></span> <span class='ocrx_word' id='word_1_170' title='bbox 2896 992 3113 1048; x_wconf 80' lang='lat' dir='ltr'><strong>habebat</strong></span> <span class='ocrx_word' id='word_1_171' title='bbox 3142 1011 3159 1049; x_wconf 90' lang='lat'><strong><em>:</em></strong></span> <span class='ocrx_word' id='word_1_172' title='bbox 3184 998 3386 1051; x_wconf 84' lang='lat' dir='ltr'><strong>recede-</strong></span> 
     </span>
    </p>
   </div>
   <div class='ocr_carea' id='block_1_24' title="bbox 1823 1065 3386 1153">
    <p class='ocr_par' dir='ltr' id='par_1_24' title="bbox 1823 1065 3386 1153">
     <span class='ocr_line' id='line_1_24' title="bbox 1823 1065 3386 1153; baseline 0.009 -27"><span class='ocrx_word' id='word_1_173' title='bbox 1823 1073 1908 1126; x_wconf 85' lang='lat' dir='ltr'><strong>bat</strong></span> <span class='ocrx_word' id='word_1_174' title='bbox 1931 1079 2064 1128; x_wconf 82' lang='lat' dir='ltr'><strong>enim</strong></span> <span class='ocrx_word' id='word_1_175' title='bbox 2096 1078 2159 1128; x_wconf 89' lang='lat' dir='ltr'><strong>ab</strong></span> <span class='ocrx_word' id='word_1_176' title='bbox 2207 1092 2265 1129; x_wconf 91' lang='lat' dir='ltr'><strong>eo</strong></span> <span class='ocrx_word' id='word_1_177' title='bbox 2312 1077 2528 1147; x_wconf 85' lang='lat' dir='ltr'><strong>spiritus</strong></span> <span class='ocrx_word' id='word_1_178' title='bbox 2554 1077 2746 1131; x_wconf 73' lang='lat' dir='ltr'><strong>malus:</strong></span> <span class='ocrx_word' id='word_1_179' title='bbox 2787 1078 2911 1134; x_wconf 84' lang='lat' dir='ltr'><strong>Sive</strong></span> <span class='ocrx_word' id='word_1_180' title='bbox 2953 1065 3078 1153; x_wconf 55' lang='lat' dir='ltr'><strong>e&#39;rgo</strong></span> <span class='ocrx_word' id='word_1_181' title='bbox 3119 1085 3258 1153; x_wconf 87' lang='lat' dir='ltr'><strong>quod</strong></span> <span class='ocrx_word' id='word_1_182' title='bbox 3304 1085 3386 1140; x_wconf 89' lang='lat' dir='ltr'><strong>dl-</strong></span> 
     </span>
    </p>
   </div>
   <div class='ocr_carea' id='block_1_25' title="bbox 1821 1167 3382 1241">
    <p class='ocr_par' dir='ltr' id='par_1_25' title="bbox 1821 1167 3382 1241">
     <span class='ocr_line' id='line_1_25' title="bbox 1821 1167 3382 1241; baseline 0.007 -21"><span class='ocrx_word' id='word_1_183' title='bbox 1821 1176 1964 1221; x_wconf 91' lang='lat' dir='ltr'><strong>ctum</strong></span> <span class='ocrx_word' id='word_1_184' title='bbox 2006 1167 2094 1221; x_wconf 90' lang='lat' dir='ltr'><strong>hic</strong></span> <span class='ocrx_word' id='word_1_185' title='bbox 2133 1181 2241 1220; x_wconf 90' lang='lat' dir='ltr'><strong>non</strong></span> <span class='ocrx_word' id='word_1_186' title='bbox 2272 1176 2371 1232; x_wconf 88' lang='lat' dir='ltr'><strong>est,</strong></span> <span class='ocrx_word' id='word_1_187' title='bbox 2421 1171 2639 1239; x_wconf 74' lang='lat' dir='ltr'><strong>spiritus</strong></span> <span class='ocrx_word' id='word_1_188' title='bbox 2685 1170 2817 1235; x_wconf 91' lang='lat' dir='ltr'><strong>Dei,</strong></span> <span class='ocrx_word' id='word_1_189' title='bbox 2866 1172 2958 1226; x_wconf 90' lang='lat' dir='ltr'><strong>sed</strong></span> <span class='ocrx_word' id='word_1_190' title='bbox 3013 1177 3382 1241; x_wconf 84' lang='lat' dir='ltr'><strong>tantummodo</strong></span> 
     </span>
    </p>
   </div>
   <div class='ocr_carea' id='block_1_26' title="bbox 1818 1257 3373 1334">
    <p class='ocr_par' dir='ltr' id='par_1_26' title="bbox 1818 1257 3373 1334">
     <span class='ocr_line' id='line_1_26' title="bbox 1818 1257 3373 1334; baseline 0.006 -24"><span class='ocrx_word' id='word_1_191' title='bbox 1818 1258 2030 1321; x_wconf 72' lang='lat' dir='ltr'><strong>spiritus</strong></span> <span class='ocrx_word' id='word_1_192' title='bbox 2059 1257 2246 1324; x_wconf 83' lang='lat' dir='ltr'><strong>malus,</strong></span> <span class='ocrx_word' id='word_1_193' title='bbox 2271 1261 2414 1329; x_wconf 90' lang='lat' dir='ltr'><strong>quod</strong></span> <span class='ocrx_word' id='word_1_194' title='bbox 2438 1261 2510 1314; x_wconf 88' lang='lat' dir='ltr'><strong>ibi</strong></span> <span class='ocrx_word' id='word_1_195' title='bbox 2532 1262 2710 1317; x_wconf 90' lang='lat' dir='ltr'><strong>minus</strong></span> <span class='ocrx_word' id='word_1_196' title='bbox 2723 1260 2924 1330; x_wconf 87' lang='lat' dir='ltr'><strong>dictum</strong></span> <span class='ocrx_word' id='word_1_197' title='bbox 2953 1272 3084 1326; x_wconf 83' lang='lat' dir='ltr'><strong>erat,</strong></span> <span class='ocrx_word' id='word_1_198' title='bbox 3119 1273 3373 1334; x_wconf 87' lang='lat' dir='ltr'><strong>tanquam</strong></span> 
     </span>
    </p>
   </div>
   <div class='ocr_carea' id='block_1_27' title="bbox 1819 1344 3390 1424">
    <p class='ocr_par' dir='ltr' id='par_1_27' title="bbox 1819 1344 3390 1424">
     <span class='ocr_line' id='line_1_27' title="bbox 1819 1344 3390 1424; baseline 0.007 -25"><span class='ocrx_word' id='word_1_199' title='bbox 1819 1344 2086 1401; x_wconf 79' lang='lat' dir='ltr'><strong>redditum</strong></span> <span class='ocrx_word' id='word_1_200' title='bbox 2113 1358 2373 1424; x_wconf 82' lang='lat' dir='ltr'><strong>apparet:</strong></span> <span class='ocrx_word' id='word_1_201' title='bbox 2407 1350 2518 1403; x_wconf 87' lang='lat' dir='ltr'><strong>sive</strong></span> <span class='ocrx_word' id='word_1_202' title='bbox 2565 1351 2690 1418; x_wconf 88' lang='lat' dir='ltr'><strong>quia</strong></span> <span class='ocrx_word' id='word_1_203' title='bbox 2735 1353 2984 1421; x_wconf 86' lang='lat' dir='ltr'><strong>superius</strong></span> <span class='ocrx_word' id='word_1_204' title='bbox 3029 1354 3390 1424; x_wconf 67' lang='lat' dir='ltr'><strong>ita-positum-</strong></span> 
     </span>
    </p>
   </div>
   <div class='ocr_carea' id='block_1_28' title="bbox 1817 1422 3376 1507">
    <p class='ocr_par' dir='ltr' id='par_1_28' title="bbox 1817 1422 3376 1507">
     <span class='ocr_line' id='line_1_28' title="bbox 1817 1422 3376 1507; baseline 0.008 -21"><span class='ocrx_word' id='word_1_205' title='bbox 1817 1442 1932 1487; x_wconf 87' lang='lat' dir='ltr'><strong>erat</strong></span> <span class='ocrx_word' id='word_1_206' title='bbox 1960 1449 1975 1487; x_wconf 90' lang='lat'><strong>:</strong></span> <span class='ocrx_word' id='word_1_207' title='bbox 2001 1434 2160 1506; x_wconf 84' lang='lat' dir='ltr'><strong>(Ibid.</strong></span> <span class='ocrx_word' id='word_1_208' title='bbox 2182 1422 2266 1490; x_wconf 32' lang='grc'><strong>’15</strong></span> <span class='ocrx_word' id='word_1_209' title='bbox 2294 1448 2342 1490; x_wconf 88' lang='lat' dir='ltr'><strong>et</strong></span> <span class='ocrx_word' id='word_1_210' title='bbox 2368 1437 2452 1507; x_wconf 81' lang='lat' dir='ltr'><strong>l6)</strong></span> <span class='ocrx_word' id='word_1_211' title='bbox 2472 1448 2519 1492; x_wconf 91' lang='lat' dir='ltr'><strong>et</strong></span> <span class='ocrx_word' id='word_1_212' title='bbox 2540 1424 2784 1493; x_wconf 77' lang='lat' dir='ltr'><strong>dixerunt</strong></span> <span class='ocrx_word' id='word_1_213' title='bbox 2806 1441 2939 1495; x_wconf 82' lang='lat' dir='ltr'><strong>servi</strong></span> <span class='ocrx_word' id='word_1_214' title='bbox 2963 1440 3093 1496; x_wconf 87' lang='lat' dir='ltr'><strong>Saul</strong></span> <span class='ocrx_word' id='word_1_215' title='bbox 3123 1422 3190 1496; x_wconf 78' lang='lat' dir='ltr'><strong>ad</strong></span> <span class='ocrx_word' id='word_1_216' title='bbox 3210 1462 3330 1498; x_wconf 87' lang='lat' dir='ltr'><strong>eum</strong></span> <span class='ocrx_word' id='word_1_217' title='bbox 3358 1462 3376 1499; x_wconf 93' lang='lat'><strong><em>:</em></strong></span> 
     </span>
    </p>
   </div>
   <div class='ocr_carea' id='block_1_29' title="bbox 1815 1521 3378 1598">
    <p class='ocr_par' dir='ltr' id='par_1_29' title="bbox 1815 1521 3378 1598">
     <span class='ocr_line' id='line_1_29' title="bbox 1815 1521 3378 1598; baseline 0.008 -24"><span class='ocrx_word' id='word_1_218' title='bbox 1815 1537 1929 1575; x_wconf 88' lang='lat' dir='ltr'><strong>ecce</strong></span> <span class='ocrx_word' id='word_1_219' title='bbox 1950 1521 2175 1592; x_wconf 76' lang='lat' dir='ltr'><strong>Spiritus</strong></span> <span class='ocrx_word' id='word_1_220' title='bbox 2202 1525 2299 1578; x_wconf 87' lang='lat' dir='ltr'><strong>Dei</strong></span> <span class='ocrx_word' id='word_1_221' title='bbox 2329 1525 2498 1580; x_wconf 81' lang='lat' dir='ltr'><strong>malus</strong></span> <span class='ocrx_word' id='word_1_222' title='bbox 2535 1529 2764 1596; x_wconf 71' lang='lat' dir='ltr'><strong>exagitat</strong></span> <span class='ocrx_word' id='word_1_223' title='bbox 2798 1539 2878 1594; x_wconf 86' lang='lat' dir='ltr'><strong>te;</strong></span> <span class='ocrx_word' id='word_1_224' title='bbox 2905 1529 3085 1598; x_wconf 89' lang='lat' dir='ltr'><strong>jubeat</strong></span> <span class='ocrx_word' id='word_1_225' title='bbox 3123 1530 3378 1586; x_wconf 86' lang='lat' dir='ltr'><strong>Dominus</strong></span> 
     </span>
    </p>
   </div>
   <div class='ocr_carea' id='block_1_30' title="bbox 1815 1614 3377 1689">
    <p class='ocr_par' dir='ltr' id='par_1_30' title="bbox 1815 1614 3377 1689">
     <span class='ocr_line' id='line_1_30' title="bbox 1815 1614 3377 1689; baseline 0.008 -26"><span class='ocrx_word' id='word_1_226' title='bbox 1815 1621 2020 1674; x_wconf 82' lang='lat' dir='ltr'><strong>noster;</strong></span> <span class='ocrx_word' id='word_1_227' title='bbox 2051 1621 2097 1665; x_wconf 90' lang='lat' dir='ltr'><strong>et</strong></span> <span class='ocrx_word' id='word_1_228' title='bbox 2118 1614 2250 1666; x_wconf 85' lang='lat' dir='ltr'><strong>servi</strong></span> <span class='ocrx_word' id='word_1_229' title='bbox 2269 1614 2366 1676; x_wconf 90' lang='lat' dir='ltr'><strong>tui,</strong></span> <span class='ocrx_word' id='word_1_230' title='bbox 2389 1616 2478 1684; x_wconf 85' lang='lat' dir='ltr'><strong>qui</strong></span> <span class='ocrx_word' id='word_1_231' title='bbox 2507 1632 2681 1670; x_wconf 86' lang='lat' dir='ltr'><strong>coram</strong></span> <span class='ocrx_word' id='word_1_232' title='bbox 2703 1627 2750 1670; x_wconf 87' lang='lat' dir='ltr'><strong>te</strong></span> <span class='ocrx_word' id='word_1_233' title='bbox 2774 1628 2916 1683; x_wconf 83' lang='lat' dir='ltr'><strong>sunt,</strong></span> <span class='ocrx_word' id='word_1_234' title='bbox 2941 1631 3176 1689; x_wconf 70' lang='lat' dir='ltr'><strong>quierant</strong></span> <span class='ocrx_word' id='word_1_235' title='bbox 3207 1622 3377 1675; x_wconf 85' lang='lat' dir='ltr'><strong>homi-</strong></span> 
     </span>
    </p>
   </div>
   <div class='ocr_carea' id='block_1_31' title="bbox 1814 1702 3376 1779">
    <p class='ocr_par' dir='ltr' id='par_1_31' title="bbox 1814 1702 3376 1779">
     <span class='ocr_line' id='line_1_31' title="bbox 1814 1702 3376 1779; baseline 0.008 -27"><span class='ocrx_word' id='word_1_236' title='bbox 1814 1716 1928 1752; x_wconf 88' lang='lat' dir='ltr'><strong>nem</strong></span> <span class='ocrx_word' id='word_1_237' title='bbox 1949 1702 2190 1754; x_wconf 73' lang='lat' dir='ltr'><strong>scientem</strong></span> <span class='ocrx_word' id='word_1_238' title='bbox 2221 1702 2442 1772; x_wconf 77' lang='lat' dir='ltr'><strong>psallere</strong></span> <span class='ocrx_word' id='word_1_239' title='bbox 2488 1706 2709 1769; x_wconf 86' lang='lat' dir='ltr'><strong>cithara,</strong></span> <span class='ocrx_word' id='word_1_240' title='bbox 2745 1716 2802 1759; x_wconf 87' lang='lat' dir='ltr'><strong>ut</strong></span> <span class='ocrx_word' id='word_1_241' title='bbox 2843 1709 3050 1777; x_wconf 87' lang='lat' dir='ltr'><strong>quando</strong></span> <span class='ocrx_word' id='word_1_242' title='bbox 3097 1712 3376 1779; x_wconf 68' lang='lat' dir='ltr'><strong>arripuerit</strong></span> 
     </span>
    </p>
   </div>
   <div class='ocr_carea' id='block_1_32' title="bbox 1811 1793 3378 1870">
    <p class='ocr_par' dir='ltr' id='par_1_32' title="bbox 1811 1793 3378 1870">
     <span class='ocr_line' id='line_1_32' title="bbox 1811 1793 3378 1870; baseline 0.007 -26"><span class='ocrx_word' id='word_1_243' title='bbox 1811 1800 1861 1846; x_wconf 87' lang='lat' dir='ltr'><strong>te</strong></span> <span class='ocrx_word' id='word_1_244' title='bbox 1882 1793 2221 1863; x_wconf 70' lang='lat' dir='ltr'><strong>spiritusDei</strong></span> <span class='ocrx_word' id='word_1_245' title='bbox 2248 1795 2418 1849; x_wconf 85' lang='lat' dir='ltr'><strong>malus</strong></span> <span class='ocrx_word' id='word_1_246' title='bbox 2437 1836 2450 1860; x_wconf 94' lang='lat'><strong>,</strong></span> <span class='ocrx_word' id='word_1_247' title='bbox 2483 1796 2673 1866; x_wconf 74' lang='lat' dir='ltr'><strong>psailat</strong></span> <span class='ocrx_word' id='word_1_248' title='bbox 2694 1803 2855 1852; x_wconf 75' lang='lat' dir='ltr'><strong>manu</strong></span> <span class='ocrx_word' id='word_1_249' title='bbox 2876 1816 2994 1864; x_wconf 88' lang='lat' dir='ltr'><strong>sua,</strong></span> <span class='ocrx_word' id='word_1_250' title='bbox 3030 1809 3078 1853; x_wconf 86' lang='lat' dir='ltr'><strong>et</strong></span> <span class='ocrx_word' id='word_1_251' title='bbox 3103 1802 3260 1856; x_wconf 77' lang='lat' dir='ltr'><strong>levius</strong></span> <span class='ocrx_word' id='word_1_252' title='bbox 3301 1803 3378 1870; x_wconf 82' lang='lat' dir='ltr'><strong>fe-</strong></span> 
     </span>
    </p>
   </div>
   <div class='ocr_carea' id='block_1_33' title="bbox 139 1881 3377 1961">
    <p class='ocr_par' dir='ltr' id='par_1_33' title="bbox 139 1881 3377 1961">
     <span class='ocr_line' id='line_1_33' title="bbox 139 1881 3377 1961; baseline 0.007 -30"><span class='ocrx_word' id='word_1_253' title='bbox 139 1892 251 1932; x_wconf 89' lang='lat' dir='ltr'><strong>non</strong></span> <span class='ocrx_word' id='word_1_254' title='bbox 280 1887 482 1935; x_wconf 88' lang='lat' dir='ltr'><strong>temere</strong></span> <span class='ocrx_word' id='word_1_255' title='bbox 513 1881 615 1936; x_wconf 91' lang='lat' dir='ltr'><strong>dici</strong></span> <span class='ocrx_word' id='word_1_256' title='bbox 645 1883 892 1951; x_wconf 92' lang='lat' dir='ltr'><strong>quotiens</strong></span> <span class='ocrx_word' id='word_1_257' title='bbox 925 1885 979 1937; x_wconf 90' lang='lat' dir='ltr'><strong>in</strong></span> <span class='ocrx_word' id='word_1_258' title='bbox 1009 1886 1208 1939; x_wconf 87' lang='lat' dir='ltr'><strong>sanctis</strong></span> <span class='ocrx_word' id='word_1_259' title='bbox 1232 1885 1456 1954; x_wconf 86' lang='lat' dir='ltr'><strong>eloquiis</strong></span> <span class='ocrx_word' id='word_1_260' title='bbox 1478 1903 1712 1944; x_wconf 90' lang='lat' dir='ltr'><strong>comme-</strong></span> <span class='ocrx_word' id='word_1_261' title='bbox 1737 1891 1784 1950; x_wconf 89' lang='lat' dir='ltr'><strong>B</strong></span> <span class='ocrx_word' id='word_1_262' title='bbox 1813 1898 1919 1936; x_wconf 68' lang='grc' dir='ltr'><strong>τωο</strong></span> <span class='ocrx_word' id='word_1_263' title='bbox 1939 1882 2055 1939; x_wconf 77' lang='lat' dir='ltr'><strong>Non</strong></span> <span class='ocrx_word' id='word_1_264' title='bbox 2081 1893 2199 1939; x_wconf 60' lang='lat' dir='ltr'><strong>erat</strong></span> <span class='ocrx_word' id='word_1_265' title='bbox 2227 1900 2384 1954; x_wconf 61' lang='lat' dir='ltr'><strong>opus.</strong></span> <span class='ocrx_word' id='word_1_266' title='bbox 2407 1894 2466 1940; x_wconf 74' lang='grc' dir='ltr'><strong>ιη</strong></span> <span class='ocrx_word' id='word_1_267' title='bbox 2488 1903 2701 1942; x_wconf 66' lang='lat' dir='ltr'><strong>rursum</strong></span> <span class='ocrx_word' id='word_1_268' title='bbox 2725 1889 3016 1957; x_wconf 66' lang='lat' dir='ltr'><strong>diceretur.</strong></span> <span class='ocrx_word' id='word_1_269' title='bbox 3033 1893 3377 1961; x_wconf 82' lang='lat' dir='ltr'><strong>quandocun-</strong></span> 
     </span>
    </p>
   </div>
   <div class='ocr_carea' id='block_1_34' title="bbox 137 1967 1708 2044">
    <p class='ocr_par' dir='ltr' id='par_1_34' title="bbox 137 1967 1708 2044">
     <span class='ocr_line' id='line_1_34' title="bbox 137 1967 1708 2044; baseline 0.008 -24"><span class='ocrx_word' id='word_1_270' title='bbox 137 1977 390 2022; x_wconf 79' lang='lat' dir='ltr'><strong>moratur</strong></span> <span class='ocrx_word' id='word_1_271' title='bbox 420 1967 648 2039; x_wconf 88' lang='lat' dir='ltr'><strong>Spiritus</strong></span> <span class='ocrx_word' id='word_1_272' title='bbox 672 1972 788 2037; x_wconf 88' lang='lat' dir='ltr'><strong>Dei,</strong></span> <span class='ocrx_word' id='word_1_273' title='bbox 831 1987 930 2027; x_wconf 91' lang='lat' dir='ltr'><strong>nec</strong></span> <span class='ocrx_word' id='word_1_274' title='bbox 972 1974 1187 2028; x_wconf 88' lang='lat' dir='ltr'><strong>additur</strong></span> <span class='ocrx_word' id='word_1_275' title='bbox 1217 1975 1440 2044; x_wconf 86' lang='lat' dir='ltr'><strong>aliquid,</strong></span> <span class='ocrx_word' id='word_1_276' title='bbox 1469 1978 1582 2033; x_wconf 83' lang='lat' dir='ltr'><strong>sive</strong></span> <span class='ocrx_word' id='word_1_277' title='bbox 1622 1980 1708 2034; x_wconf 91' lang='lat' dir='ltr'><strong>ille</strong></span> 
     </span>
    </p>
   </div>
   <div class='ocr_carea' id='block_1_35' title="bbox 136 2057 1709 2135">
    <p class='ocr_par' dir='ltr' id='par_1_35' title="bbox 136 2057 1709 2135">
     <span class='ocr_line' id='line_1_35' title="bbox 136 2057 1709 2135; baseline 0.008 -24"><span class='ocrx_word' id='word_1_278' title='bbox 136 2057 312 2124; x_wconf 87' lang='lat' dir='ltr'><strong>Patri,</strong></span> <span class='ocrx_word' id='word_1_279' title='bbox 341 2069 395 2113; x_wconf 92' lang='lat' dir='ltr'><strong>et</strong></span> <span class='ocrx_word' id='word_1_280' title='bbox 417 2061 551 2115; x_wconf 88' lang='lat' dir='ltr'><strong>Filio</strong></span> <span class='ocrx_word' id='word_1_281' title='bbox 577 2063 1044 2119; x_wconf 88' lang='lat' dir='ltr'><strong>consubstantialis</strong></span> <span class='ocrx_word' id='word_1_282' title='bbox 1065 2064 1296 2135; x_wconf 89' lang='lat' dir='ltr'><strong>Spiritus</strong></span> <span class='ocrx_word' id='word_1_283' title='bbox 1334 2076 1572 2134; x_wconf 89' lang='lat' dir='ltr'><strong>sanctus,</strong></span> <span class='ocrx_word' id='word_1_284' title='bbox 1596 2070 1709 2125; x_wconf 85' lang='lat' dir='ltr'><strong>sive</strong></span> 
     </span>
    </p>
   </div>
   <div class='ocr_carea' id='block_1_36' title="bbox 133 2147 1707 2225">
    <p class='ocr_par' dir='ltr' id='par_1_36' title="bbox 133 2147 1707 2225">
     <span class='ocr_line' id='line_1_36' title="bbox 133 2147 1707 2225; baseline 0.009 -26"><span class='ocrx_word' id='word_1_285' title='bbox 133 2147 326 2217; x_wconf 85' lang='lat' dir='ltr'><strong>aliqua</strong></span> <span class='ocrx_word' id='word_1_286' title='bbox 375 2151 660 2205; x_wconf 76' lang='lat' dir='ltr'><strong>invisibilis</strong></span> <span class='ocrx_word' id='word_1_287' title='bbox 706 2163 952 2207; x_wconf 87' lang='lat' dir='ltr'><strong>creatura</strong></span> <span class='ocrx_word' id='word_1_288' title='bbox 1004 2155 1357 2225; x_wconf 80' lang='lat' dir='ltr'><strong>intelligatur,</strong></span> <span class='ocrx_word' id='word_1_289' title='bbox 1395 2158 1592 2212; x_wconf 88' lang='lat' dir='ltr'><strong>malum</strong></span> <span class='ocrx_word' id='word_1_290' title='bbox 1629 2167 1707 2213; x_wconf 90' lang='lat' dir='ltr'><strong>ta-</strong></span> 
     </span>
    </p>
   </div>
   <div class='ocr_carea' id='block_1_37' title="bbox 131 2241 1702 2312">
    <p class='ocr_par' dir='ltr' id='par_1_37' title="bbox 131 2241 1702 2312">
     <span class='ocr_line' id='line_1_37' title="bbox 131 2241 1702 2312; baseline 0.006 -20"><span class='ocrx_word' id='word_1_291' title='bbox 131 2254 264 2293; x_wconf 89' lang='lat' dir='ltr'><strong>men</strong></span> <span class='ocrx_word' id='word_1_292' title='bbox 308 2255 415 2293; x_wconf 91' lang='lat' dir='ltr'><strong>non</strong></span> <span class='ocrx_word' id='word_1_293' title='bbox 441 2255 598 2309; x_wconf 91' lang='lat' dir='ltr'><strong>posse</strong></span> <span class='ocrx_word' id='word_1_294' title='bbox 642 2241 887 2312; x_wconf 79' lang='lat' dir='ltr'><strong>intelligi,</strong></span> <span class='ocrx_word' id='word_1_295' title='bbox 923 2244 1026 2297; x_wconf 88' lang='lat' dir='ltr'><strong>nisi</strong></span> <span class='ocrx_word' id='word_1_296' title='bbox 1062 2244 1224 2297; x_wconf 89' lang='lat' dir='ltr'><strong>etiam</strong></span> <span class='ocrx_word' id='word_1_297' title='bbox 1254 2245 1484 2300; x_wconf 86' lang='lat' dir='ltr'><strong>addatur</strong></span> <span class='ocrx_word' id='word_1_298' title='bbox 1512 2247 1702 2302; x_wconf 84' lang='lat' dir='ltr'><strong>malus.</strong></span> 
     </span>
    </p>
   </div>
   <div class='ocr_carea' id='block_1_38' title="bbox 130 2327 1706 2400">
    <p class='ocr_par' dir='ltr' id='par_1_38' title="bbox 130 2327 1706 2400">
     <span class='ocr_line' id='line_1_38' title="bbox 130 2327 1706 2400; baseline 0.006 -19"><span class='ocrx_word' id='word_1_299' title='bbox 130 2327 285 2381; x_wconf 73' lang='lat' dir='ltr'><strong>Malo</strong></span> <span class='ocrx_word' id='word_1_300' title='bbox 315 2331 478 2394; x_wconf 92' lang='lat' dir='ltr'><strong>enim,</strong></span> <span class='ocrx_word' id='word_1_301' title='bbox 510 2332 632 2398; x_wconf 81' lang='lat' dir='ltr'><strong>quia</strong></span> <span class='ocrx_word' id='word_1_302' title='bbox 656 2331 791 2386; x_wconf 87' lang='lat' dir='ltr'><strong>bene</strong></span> <span class='ocrx_word' id='word_1_303' title='bbox 831 2333 1000 2386; x_wconf 84' lang='lat' dir='ltr'><strong>utitur</strong></span> <span class='ocrx_word' id='word_1_304' title='bbox 1036 2333 1200 2400; x_wconf 90' lang='lat' dir='ltr'><strong>Deus,</strong></span> <span class='ocrx_word' id='word_1_305' title='bbox 1231 2335 1298 2389; x_wconf 91' lang='lat' dir='ltr'><strong>ad</strong></span> <span class='ocrx_word' id='word_1_306' title='bbox 1347 2336 1706 2391; x_wconf 87' lang='lat' dir='ltr'><strong>ministerium</strong></span> 
     </span>
    </p>
   </div>
   <div class='ocr_carea' id='block_1_39' title="bbox 129 2418 1705 2496">
    <p class='ocr_par' dir='ltr' id='par_1_39' title="bbox 129 2418 1705 2496">
     <span class='ocr_line' id='line_1_39' title="bbox 129 2418 1705 2496; baseline 0.006 -23"><span class='ocrx_word' id='word_1_307' title='bbox 129 2418 321 2486; x_wconf 84' lang='lat' dir='ltr'><strong>iudicii</strong></span> <span class='ocrx_word' id='word_1_308' title='bbox 370 2422 472 2486; x_wconf 93' lang='lat' dir='ltr'><strong>sui,</strong></span> <span class='ocrx_word' id='word_1_309' title='bbox 511 2424 808 2492; x_wconf 85' lang='lat' dir='ltr'><strong>appellatur</strong></span> <span class='ocrx_word' id='word_1_310' title='bbox 852 2426 1015 2478; x_wconf 85' lang='lat' dir='ltr'><strong>etiam</strong></span> <span class='ocrx_word' id='word_1_311' title='bbox 1062 2425 1174 2494; x_wconf 92' lang='lat' dir='ltr'><strong>ipse</strong></span> <span class='ocrx_word' id='word_1_312' title='bbox 1219 2422 1438 2496; x_wconf 88' lang='lat' dir='ltr'><strong>spiritus</strong></span> <span class='ocrx_word' id='word_1_313' title='bbox 1490 2427 1586 2483; x_wconf 85' lang='lat' dir='ltr'><strong>Dei</strong></span> <span class='ocrx_word' id='word_1_314' title='bbox 1638 2430 1705 2483; x_wconf 90' lang='lat' dir='ltr'><strong>ad</strong></span> 
     </span>
    </p>
   </div>
   <div class='ocr_carea' id='block_1_40' title="bbox 127 2513 1703 2588">
    <p class='ocr_par' dir='ltr' id='par_1_40' title="bbox 127 2513 1703 2588">
     <span class='ocr_line' id='line_1_40' title="bbox 127 2513 1703 2588; baseline 0.006 -22"><span class='ocrx_word' id='word_1_315' title='bbox 127 2513 429 2569; x_wconf 89' lang='lat' dir='ltr'><strong>vindictam</strong></span> <span class='ocrx_word' id='word_1_316' title='bbox 470 2518 766 2583; x_wconf 89' lang='lat' dir='ltr'><strong>malorum,</strong></span> <span class='ocrx_word' id='word_1_317' title='bbox 802 2525 856 2571; x_wconf 94' lang='lat' dir='ltr'><strong>et</strong></span> <span class='ocrx_word' id='word_1_318' title='bbox 901 2518 1257 2588; x_wconf 89' lang='lat' dir='ltr'><strong>disciplinam,</strong></span> <span class='ocrx_word' id='word_1_319' title='bbox 1309 2521 1393 2574; x_wconf 86' lang='lat' dir='ltr'><strong>vel</strong></span> <span class='ocrx_word' id='word_1_320' title='bbox 1441 2519 1703 2577; x_wconf 88' lang='lat' dir='ltr'><strong>bonorum</strong></span> 
     </span>
    </p>
   </div>
   <div class='ocr_carea' id='block_1_41' title="bbox 127 2604 546 2676">
    <p class='ocr_par' dir='ltr' id='par_1_41' title="bbox 127 2604 546 2676">
     <span class='ocr_line' id='line_1_41' title="bbox 127 2604 546 2676; baseline 0.007 -21"><span class='ocrx_word' id='word_1_321' title='bbox 127 2604 546 2676; x_wconf 87' lang='lat' dir='ltr'><strong>probationem._</strong></span> 
     </span>
    </p>
   </div>
   <div class='ocr_carea' id='block_1_42' title="bbox 216 2693 1703 2768">
    <p class='ocr_par' dir='ltr' id='par_1_42' title="bbox 216 2693 1703 2768">
     <span class='ocr_line' id='line_1_42' title="bbox 216 2693 1703 2768; baseline 0.007 -25"><span class='ocrx_word' id='word_1_322' title='bbox 216 2711 235 2742; x_wconf 84' lang='grc'><strong><em>‹</em></strong></span> <span class='ocrx_word' id='word_1_323' title='bbox 282 2693 392 2748; x_wconf 84' lang='lat' dir='ltr'><strong>Nec</strong></span> <span class='ocrx_word' id='word_1_324' title='bbox 436 2694 561 2749; x_wconf 88' lang='lat' dir='ltr'><strong>illud</strong></span> <span class='ocrx_word' id='word_1_325' title='bbox 587 2693 698 2764; x_wconf 88' lang='lat' dir='ltr'><strong>jam</strong></span> <span class='ocrx_word' id='word_1_326' title='bbox 739 2711 957 2752; x_wconf 90' lang='lat' dir='ltr'><strong>movere</strong></span> <span class='ocrx_word' id='word_1_327' title='bbox 1004 2711 1102 2751; x_wconf 92' lang='lat' dir='ltr'><strong>nos</strong></span> <span class='ocrx_word' id='word_1_328' title='bbox 1128 2697 1303 2760; x_wconf 90' lang='lat' dir='ltr'><strong>debet,</strong></span> <span class='ocrx_word' id='word_1_329' title='bbox 1351 2698 1491 2766; x_wconf 92' lang='lat' dir='ltr'><strong>quod</strong></span> <span class='ocrx_word' id='word_1_330' title='bbox 1517 2707 1703 2768; x_wconf 91' lang='lat' dir='ltr'><strong>postea</strong></span> 
     </span>
    </p>
   </div>
   <div class='ocr_carea' id='block_1_43' title="bbox 128 2784 1701 2857">
    <p class='ocr_par' dir='ltr' id='par_1_43' title="bbox 128 2784 1701 2857">
     <span class='ocr_line' id='line_1_43' title="bbox 128 2784 1701 2857; baseline 0.005 -22"><span class='ocrx_word' id='word_1_331' title='bbox 128 2784 400 2853; x_wconf 79' lang='lat' dir='ltr'><strong>scriptum</strong></span> <span class='ocrx_word' id='word_1_332' title='bbox 443 2793 570 2838; x_wconf 87' lang='lat' dir='ltr'><strong>est:</strong></span> <span class='ocrx_word' id='word_1_333' title='bbox 612 2785 666 2856; x_wconf 87' lang='grc'><strong>(1</strong></span> <span class='ocrx_word' id='word_1_334' title='bbox 721 2785 849 2856; x_wconf 83' lang='lat' dir='ltr'><strong>Reg.</strong></span> <span class='ocrx_word' id='word_1_335' title='bbox 907 2787 990 2841; x_wconf 81' lang='grc'><strong>19.</strong></span> <span class='ocrx_word' id='word_1_336' title='bbox 1039 2787 1129 2857; x_wconf 74' lang='lat'><strong>25)</strong></span> <span class='ocrx_word' id='word_1_337' title='bbox 1177 2788 1424 2842; x_wconf 89' lang='lat' dir='ltr'><strong>eumdem</strong></span> <span class='ocrx_word' id='word_1_338' title='bbox 1486 2787 1701 2843; x_wconf 87' lang='lat' dir='ltr'><strong>Saulem</strong></span> 
     </span>
    </p>
   </div>
   <div class='ocr_carea' id='block_1_44' title="bbox 129 2877 1701 2949">
    <p class='ocr_par' dir='ltr' id='par_1_44' title="bbox 129 2877 1701 2949">
     <span class='ocr_line' id='line_1_44' title="bbox 129 2877 1701 2949; baseline 0.003 -18"><span class='ocrx_word' id='word_1_339' title='bbox 129 2877 330 2946; x_wconf 83' lang='lat' dir='ltr'><strong>spiritu</strong></span> <span class='ocrx_word' id='word_1_340' title='bbox 370 2877 465 2932; x_wconf 89' lang='lat' dir='ltr'><strong>Dei</strong></span> <span class='ocrx_word' id='word_1_341' title='bbox 518 2893 680 2948; x_wconf 85' lang='lat' dir='ltr'><strong>super</strong></span> <span class='ocrx_word' id='word_1_342' title='bbox 719 2894 776 2934; x_wconf 93' lang='lat' dir='ltr'><strong>se</strong></span> <span class='ocrx_word' id='word_1_343' title='bbox 824 2877 964 2934; x_wconf 80' lang='lat' dir='ltr'><strong>facto</strong></span> <span class='ocrx_word' id='word_1_344' title='bbox 1000 2879 1370 2949; x_wconf 80' lang='lat' dir='ltr'><strong>praphetasse.</strong></span> <span class='ocrx_word' id='word_1_345' title='bbox 1423 2878 1701 2945; x_wconf 83' lang='lat' dir='ltr'><strong>Quomodo</strong></span> 
     </span>
    </p>
   </div>
   <div class='ocr_carea' id='block_1_45' title="bbox 126 2952 1701 3038">
    <p class='ocr_par' dir='ltr' id='par_1_45' title="bbox 126 2952 1701 3038">
     <span class='ocr_line' id='line_1_45' title="bbox 126 2952 1701 3038; baseline 0.001 -18"><span class='ocrx_word' id='word_1_346' title='bbox 126 2975 259 3034; x_wconf 87' lang='lat' dir='ltr'><strong>post</strong></span> <span class='ocrx_word' id='word_1_347' title='bbox 291 2952 490 3021; x_wconf 86' lang='lat' dir='ltr'><strong>bonum</strong></span> <span class='ocrx_word' id='word_1_348' title='bbox 525 2969 774 3036; x_wconf 86' lang='lat' dir='ltr'><strong>spiritum</strong></span> <span class='ocrx_word' id='word_1_349' title='bbox 804 2967 1022 3038; x_wconf 91' lang='lat' dir='ltr'><strong>spiritus</strong></span> <span class='ocrx_word' id='word_1_350' title='bbox 1044 2968 1235 3033; x_wconf 89' lang='lat' dir='ltr'><strong>malus,</strong></span> <span class='ocrx_word' id='word_1_351' title='bbox 1265 2977 1320 3022; x_wconf 90' lang='lat' dir='ltr'><strong>et</strong></span> <span class='ocrx_word' id='word_1_352' title='bbox 1347 2984 1559 3023; x_wconf 85' lang='lat' dir='ltr'><strong>rursum</strong></span> <span class='ocrx_word' id='word_1_353' title='bbox 1578 2978 1701 3036; x_wconf 92' lang='lat' dir='ltr'><strong>post</strong></span> 
     </span>
    </p>
   </div>
   <div class='ocr_carea' id='block_1_46' title="bbox 127 3056 1701 3114">
    <p class='ocr_par' dir='ltr' id='par_1_46' title="bbox 127 3056 1701 3114">
     <span class='ocr_line' id='line_1_46' title="bbox 127 3056 1701 3114; baseline 0.003 -5"><span class='ocrx_word' id='word_1_354' title='bbox 127 3056 338 3111; x_wconf 87' lang='lat' dir='ltr'><strong>malum</strong></span> <span class='ocrx_word' id='word_1_355' title='bbox 408 3058 621 3112; x_wconf 85' lang='lat' dir='ltr'><strong>bonus?</strong></span> <span class='ocrx_word' id='word_1_356' title='bbox 699 3056 809 3113; x_wconf 80' lang='lat' dir='ltr'><strong>Hoc</strong></span> <span class='ocrx_word' id='word_1_357' title='bbox 856 3059 998 3114; x_wconf 91' lang='lat' dir='ltr'><strong>enim</strong></span> <span class='ocrx_word' id='word_1_358' title='bbox 1065 3058 1124 3111; x_wconf 80' lang='lat' dir='ltr'><strong>fit</strong></span> <span class='ocrx_word' id='word_1_359' title='bbox 1184 3073 1289 3112; x_wconf 91' lang='lat' dir='ltr'><strong>non</strong></span> <span class='ocrx_word' id='word_1_360' title='bbox 1343 3059 1701 3114; x_wconf 88' lang='lat' dir='ltr'><strong>mutabilitate</strong></span> 
     </span>
    </p>
   </div>
   <div class='ocr_carea' id='block_1_47' title="bbox 126 3147 1699 3217">
    <p class='ocr_par' dir='ltr' id='par_1_47' title="bbox 126 3147 1699 3217">
     <span class='ocr_line' id='line_1_47' title="bbox 126 3147 1699 3217; baseline 0.001 -16"><span class='ocrx_word' id='word_1_361' title='bbox 126 3147 368 3216; x_wconf 86' lang='lat' dir='ltr'><strong>Spiritus</strong></span> <span class='ocrx_word' id='word_1_362' title='bbox 417 3150 618 3212; x_wconf 89' lang='lat' dir='ltr'><strong>sancti,</strong></span> <span class='ocrx_word' id='word_1_363' title='bbox 678 3150 768 3217; x_wconf 89' lang='lat' dir='ltr'><strong>qui</strong></span> <span class='ocrx_word' id='word_1_364' title='bbox 822 3158 906 3204; x_wconf 91' lang='lat' dir='ltr'><strong>est</strong></span> <span class='ocrx_word' id='word_1_365' title='bbox 959 3149 1307 3202; x_wconf 79' lang='lat' dir='ltr'><strong>immutabilis</strong></span> <span class='ocrx_word' id='word_1_366' title='bbox 1367 3165 1488 3203; x_wconf 92' lang='lat' dir='ltr'><strong>cum</strong></span> <span class='ocrx_word' id='word_1_367' title='bbox 1539 3149 1699 3203; x_wconf 85' lang='lat' dir='ltr'><strong>Patre</strong></span> 
     </span>
    </p>
   </div>
   <div class='ocr_carea' id='block_1_48' title="bbox 1813 1976 3371 2048">
    <p class='ocr_par' dir='ltr' id='par_1_48' title="bbox 1813 1976 3371 2048">
     <span class='ocr_line' id='line_1_48' title="bbox 1813 1976 3371 2048; baseline 0.006 -21"><span class='ocrx_word' id='word_1_368' title='bbox 1813 1989 1917 2044; x_wconf 89' lang='lat' dir='ltr'><strong>que</strong></span> <span class='ocrx_word' id='word_1_369' title='bbox 1957 1976 2178 2047; x_wconf 79' lang='lat' dir='ltr'><strong>spiritus</strong></span> <span class='ocrx_word' id='word_1_370' title='bbox 2210 1976 2304 2031; x_wconf 89' lang='lat' dir='ltr'><strong>Dei</strong></span> <span class='ocrx_word' id='word_1_371' title='bbox 2357 1979 2653 2046; x_wconf 87' lang='lat' dir='ltr'><strong>arripiebat</strong></span> <span class='ocrx_word' id='word_1_372' title='bbox 2703 1979 2870 2046; x_wconf 88' lang='lat' dir='ltr'><strong>Saul,</strong></span> <span class='ocrx_word' id='word_1_373' title='bbox 2914 1983 3111 2038; x_wconf 85' lang='lat' dir='ltr'><strong>addere</strong></span> <span class='ocrx_word' id='word_1_374' title='bbox 3153 1983 3371 2048; x_wconf 80' lang='lat' dir='ltr'><strong>malum,</strong></span> 
     </span>
    </p>
   </div>
   <div class='ocr_carea' id='block_1_49' title="bbox 1809 2065 3022 2136">
    <p class='ocr_par' dir='ltr' id='par_1_49' title="bbox 1809 2065 3022 2136">
     <span class='ocr_line' id='line_1_49' title="bbox 1809 2065 3022 2136; baseline 0.007 -20"><span class='ocrx_word' id='word_1_375' title='bbox 1809 2065 1935 2131; x_wconf 91' lang='lat' dir='ltr'><strong>quia</strong></span> <span class='ocrx_word' id='word_1_376' title='bbox 1964 2071 2147 2118; x_wconf 88' lang='lat' dir='ltr'><strong>notum</strong></span> <span class='ocrx_word' id='word_1_377' title='bbox 2175 2075 2308 2128; x_wconf 89' lang='lat' dir='ltr'><strong>erat,</strong></span> <span class='ocrx_word' id='word_1_378' title='bbox 2343 2065 2408 2120; x_wconf 93' lang='lat' dir='ltr'><strong>de</strong></span> <span class='ocrx_word' id='word_1_379' title='bbox 2433 2082 2539 2136; x_wconf 91' lang='lat' dir='ltr'><strong>quo</strong></span> <span class='ocrx_word' id='word_1_380' title='bbox 2565 2076 2699 2123; x_wconf 89' lang='lat' dir='ltr'><strong>tunc</strong></span> <span class='ocrx_word' id='word_1_381' title='bbox 2731 2071 3022 2126; x_wconf 90' lang='lat' dir='ltr'><strong>diceretur.</strong></span> 
     </span>
    </p>
   </div>
   <div class='ocr_carea' id='block_1_50' title="bbox 1877 2153 3374 2231">
    <p class='ocr_par' dir='ltr' id='par_1_50' title="bbox 1877 2153 3374 2231">
     <span class='ocr_line' id='line_1_50' title="bbox 1877 2153 3374 2231; baseline 0.007 -26"><span class='ocrx_word' id='word_1_382' title='bbox 1877 2153 1904 2192; x_wconf 75' lang='grc' dir='ltr'><em>ά</em></span> <span class='ocrx_word' id='word_1_383' title='bbox 1958 2173 1978 2205; x_wconf 71' lang='grc' dir='ltr'><strong><em>ι</em></strong></span> <span class='ocrx_word' id='word_1_384' title='bbox 2030 2155 2214 2224; x_wconf 83' lang='lat' dir='ltr'><strong>itaque</strong></span> <span class='ocrx_word' id='word_1_385' title='bbox 2281 2155 2408 2210; x_wconf 89' lang='lat' dir='ltr'><strong>Saul</strong></span> <span class='ocrx_word' id='word_1_386' title='bbox 2461 2168 2682 2227; x_wconf 85' lang='lat' dir='ltr'><strong>propter</strong></span> <span class='ocrx_word' id='word_1_387' title='bbox 2725 2159 3144 2215; x_wconf 86' lang='lat' dir='ltr'><strong>inobedientiam</strong></span> <span class='ocrx_word' id='word_1_388' title='bbox 3189 2175 3374 2231; x_wconf 88' lang='lat' dir='ltr'><strong>repro-</strong></span> 
     </span>
    </p>
   </div>
   <div class='ocr_carea' id='block_1_51' title="bbox 1807 2241 3370 2320">
    <p class='ocr_par' dir='ltr' id='par_1_51' title="bbox 1807 2241 3370 2320">
     <span class='ocr_line' id='line_1_51' title="bbox 1807 2241 3370 2320; baseline 0.006 -24"><span class='ocrx_word' id='word_1_389' title='bbox 1807 2241 1953 2306; x_wconf 90' lang='lat' dir='ltr'><strong>bato,</strong></span> <span class='ocrx_word' id='word_1_390' title='bbox 1991 2243 2154 2297; x_wconf 91' lang='lat' dir='ltr'><strong>mittit</strong></span> <span class='ocrx_word' id='word_1_391' title='bbox 2214 2245 2474 2300; x_wconf 91' lang='lat' dir='ltr'><strong>Dominus</strong></span> <span class='ocrx_word' id='word_1_392' title='bbox 2520 2247 2735 2302; x_wconf 90' lang='lat' dir='ltr'><strong>Samuel</strong></span> <span class='ocrx_word' id='word_1_393' title='bbox 2779 2249 2846 2302; x_wconf 88' lang='lat' dir='ltr'><strong>ad</strong></span> <span class='ocrx_word' id='word_1_394' title='bbox 2891 2248 3016 2313; x_wconf 86' lang='lat' dir='ltr'><strong>lsai,</strong></span> <span class='ocrx_word' id='word_1_395' title='bbox 3059 2260 3113 2304; x_wconf 90' lang='lat' dir='ltr'><strong>et</strong></span> <span class='ocrx_word' id='word_1_396' title='bbox 3157 2258 3370 2320; x_wconf 87' lang='lat' dir='ltr'><strong>sumptu</strong></span> 
     </span>
    </p>
   </div>
   <div class='ocr_carea' id='block_1_52' title="bbox 1805 2335 3375 2408">
    <p class='ocr_par' dir='ltr' id='par_1_52' title="bbox 1805 2335 3375 2408">
     <span class='ocr_line' id='line_1_52' title="bbox 1805 2335 3375 2408; baseline 0.004 -20"><span class='ocrx_word' id='word_1_397' title='bbox 1805 2347 1974 2388; x_wconf 90' lang='lat' dir='ltr'><strong>cornu</strong></span> <span class='ocrx_word' id='word_1_398' title='bbox 2013 2335 2116 2390; x_wconf 88' lang='lat' dir='ltr'><strong>olei</strong></span> <span class='ocrx_word' id='word_1_399' title='bbox 2163 2337 2317 2390; x_wconf 88' lang='lat' dir='ltr'><strong>unxit</strong></span> <span class='ocrx_word' id='word_1_400' title='bbox 2364 2338 2417 2390; x_wconf 92' lang='lat' dir='ltr'><strong>in</strong></span> <span class='ocrx_word' id='word_1_401' title='bbox 2464 2343 2666 2408; x_wconf 82' lang='lat' dir='ltr'><strong>regem.</strong></span> <span class='ocrx_word' id='word_1_402' title='bbox 2701 2338 2889 2392; x_wconf 84' lang='lat' dir='ltr'><strong>David.</strong></span> <span class='ocrx_word' id='word_1_403' title='bbox 2941 2338 3048 2393; x_wconf 89' lang='lat' dir='ltr'><strong>Sed</strong></span> <span class='ocrx_word' id='word_1_404' title='bbox 3095 2340 3375 2395; x_wconf 84' lang='lat' dir='ltr'><strong>videamus</strong></span> 
     </span>
    </p>
   </div>
   <div class='ocr_carea' id='block_1_53' title="bbox 1805 2426 3373 2499">
    <p class='ocr_par' dir='ltr' id='par_1_53' title="bbox 1805 2426 3373 2499">
     <span class='ocr_line' id='line_1_53' title="bbox 1805 2426 3373 2499; baseline 0.004 -22"><span class='ocrx_word' id='word_1_405' title='bbox 1805 2426 2053 2480; x_wconf 85' lang='lat' dir='ltr'><strong>eumdem</strong></span> <span class='ocrx_word' id='word_1_406' title='bbox 2081 2426 2247 2481; x_wconf 87' lang='lat' dir='ltr'><strong>D&#39;avid</strong></span> <span class='ocrx_word' id='word_1_407' title='bbox 2270 2428 2537 2496; x_wconf 82' lang='lat' dir='ltr'><strong>quomodo</strong></span> <span class='ocrx_word' id='word_1_408' title='bbox 2559 2426 2829 2481; x_wconf 87' lang='lat' dir='ltr'><strong>Christum</strong></span> <span class='ocrx_word' id='word_1_409' title='bbox 2850 2429 3159 2498; x_wconf 87' lang='lat' dir='ltr'><strong>prophetice</strong></span> <span class='ocrx_word' id='word_1_410' title='bbox 3208 2430 3373 2499; x_wconf 76' lang='lat' dir='ltr'><strong>signi-</strong></span> 
     </span>
    </p>
   </div>
   <div class='ocr_carea' id='block_1_54' title="bbox 1805 2515 3366 2586">
    <p class='ocr_par' dir='ltr' id='par_1_54' title="bbox 1805 2515 3366 2586">
     <span class='ocr_line' id='line_1_54' title="bbox 1805 2515 3366 2586; baseline 0.001 -16"><span class='ocrx_word' id='word_1_411' title='bbox 1805 2515 2065 2571; x_wconf 80' lang='lat' dir='ltr'><strong>ﬁcaverit.</strong></span> <span class='ocrx_word' id='word_1_412' title='bbox 2103 2529 2125 2556; x_wconf 77' lang='grc' dir='ltr'><strong>ο</strong></span> <span class='ocrx_word' id='word_1_413' title='bbox 2165 2518 2332 2572; x_wconf 91' lang='lat' dir='ltr'><strong>David</strong></span> <span class='ocrx_word' id='word_1_414' title='bbox 2372 2518 2515 2571; x_wconf 90' lang='lat' dir='ltr'><strong>enim</strong></span> <span class='ocrx_word' id='word_1_415' title='bbox 2561 2516 2950 2586; x_wconf 84' lang='lat' dir='ltr'><strong>interpretatur</strong></span> <span class='ocrx_word' id='word_1_416' title='bbox 2984 2534 3143 2572; x_wconf 83' lang='lat' dir='ltr'><strong>manu</strong></span> <span class='ocrx_word' id='word_1_417' title='bbox 3188 2517 3366 2583; x_wconf 81' lang='lat' dir='ltr'><strong>fortis,</strong></span> 
     </span>
    </p>
   </div>
   <div class='ocr_carea' id='block_1_55' title="bbox 1806 2603 3365 2673">
    <p class='ocr_par' dir='ltr' id='par_1_55' title="bbox 1806 2603 3365 2673">
     <span class='ocr_line' id='line_1_55' title="bbox 1806 2603 3365 2673; baseline 0.002 -16"><span class='ocrx_word' id='word_1_418' title='bbox 1806 2604 1918 2657; x_wconf 86' lang='lat' dir='ltr'><strong>sive</strong></span> <span class='ocrx_word' id='word_1_419' title='bbox 1944 2604 2333 2659; x_wconf 87' lang='lat' dir='ltr'><strong>desiderabilis.</strong></span> <span class='ocrx_word' id='word_1_420' title='bbox 2367 2605 2436 2658; x_wconf 88' lang='lat' dir='ltr'><strong>Et</strong></span> <span class='ocrx_word' id='word_1_421' title='bbox 2468 2606 2595 2673; x_wconf 90' lang='lat' dir='ltr'><strong>quid</strong></span> <span class='ocrx_word' id='word_1_422' title='bbox 2629 2603 2819 2672; x_wconf 76' lang='lat' dir='ltr'><strong>fortius</strong></span> <span class='ocrx_word' id='word_1_423' title='bbox 2848 2605 3000 2659; x_wconf 88' lang='lat' dir='ltr'><strong>leone</strong></span> <span class='ocrx_word' id='word_1_424' title='bbox 3022 2605 3111 2659; x_wconf 91' lang='lat' dir='ltr'><strong>illo</strong></span> <span class='ocrx_word' id='word_1_425' title='bbox 3134 2605 3200 2660; x_wconf 92' lang='lat' dir='ltr'><strong>de</strong></span> <span class='ocrx_word' id='word_1_426' title='bbox 3223 2607 3365 2660; x_wconf 86' lang='lat' dir='ltr'><strong>tribu</strong></span> 
     </span>
    </p>
   </div>
   <div class='ocr_carea' id='block_1_56' title="bbox 1803 2689 3370 2765">
    <p class='ocr_par' dir='ltr' id='par_1_56' title="bbox 1803 2689 3370 2765">
     <span class='ocr_line' id='line_1_56' title="bbox 1803 2689 3370 2765; baseline 0.004 -21"><span class='ocrx_word' id='word_1_427' title='bbox 1803 2689 1960 2757; x_wconf 87' lang='lat' dir='ltr'><strong>Juda,</strong></span> <span class='ocrx_word' id='word_1_428' title='bbox 1991 2692 2169 2762; x_wconf 79' lang='lat' dir='ltr'><strong>(Apoc.</strong></span> <span class='ocrx_word' id='word_1_429' title='bbox 2211 2693 2261 2746; x_wconf 83' lang='lat'><strong>5.</strong></span> <span class='ocrx_word' id='word_1_430' title='bbox 2298 2695 2352 2764; x_wconf 83' lang='lat'><strong>5)</strong></span> <span class='ocrx_word' id='word_1_431' title='bbox 2401 2695 2490 2762; x_wconf 91' lang='lat' dir='ltr'><strong>qui</strong></span> <span class='ocrx_word' id='word_1_432' title='bbox 2522 2695 2652 2748; x_wconf 88' lang='lat' dir='ltr'><strong>vicit</strong></span> <span class='ocrx_word' id='word_1_433' title='bbox 2682 2695 2972 2748; x_wconf 82' lang='lat' dir='ltr'><strong>mundum?</strong></span> <span class='ocrx_word' id='word_1_434' title='bbox 2997 2696 3061 2749; x_wconf 88' lang='lat' dir='ltr'><strong>Et</strong></span> <span class='ocrx_word' id='word_1_435' title='bbox 3085 2696 3211 2765; x_wconf 90' lang='lat' dir='ltr'><strong>quid</strong></span> <span class='ocrx_word' id='word_1_436' title='bbox 3237 2697 3370 2750; x_wconf 82' lang='lat' dir='ltr'><strong>desi-</strong></span> 
     </span>
    </p>
   </div>
   <div class='ocr_carea' id='block_1_57' title="bbox 1799 2781 3363 2854">
    <p class='ocr_par' dir='ltr' id='par_1_57' title="bbox 1799 2781 3363 2854">
     <span class='ocr_line' id='line_1_57' title="bbox 1799 2781 3363 2854; baseline 0.004 -20"><span class='ocrx_word' id='word_1_437' title='bbox 1799 2781 2092 2836; x_wconf 87' lang='lat' dir='ltr'><strong>derabilius</strong></span> <span class='ocrx_word' id='word_1_438' title='bbox 2114 2783 2224 2846; x_wconf 78' lang='lat' dir='ltr'><strong>illo,</strong></span> <span class='ocrx_word' id='word_1_439' title='bbox 2254 2784 2319 2837; x_wconf 92' lang='lat' dir='ltr'><strong>de</strong></span> <span class='ocrx_word' id='word_1_440' title='bbox 2350 2799 2457 2852; x_wconf 91' lang='lat' dir='ltr'><strong>quo</strong></span> <span class='ocrx_word' id='word_1_441' title='bbox 2483 2783 2714 2837; x_wconf 86' lang='lat' dir='ltr'><strong>dicitur:</strong></span> <span class='ocrx_word' id='word_1_442' title='bbox 2750 2783 2867 2854; x_wconf 71' lang='lat' dir='ltr'><strong>(Ag.</strong></span> <span class='ocrx_word' id='word_1_443' title='bbox 2895 2786 2949 2837; x_wconf 75' lang='lat'><strong>2.</strong></span> <span class='ocrx_word' id='word_1_444' title='bbox 2984 2786 3038 2854; x_wconf 88' lang='lat'>8)</span> <span class='ocrx_word' id='word_1_445' title='bbox 3085 2788 3245 2841; x_wconf 86' lang='lat' dir='ltr'><strong>veniet</strong></span> <span class='ocrx_word' id='word_1_446' title='bbox 3271 2786 3363 2840; x_wconf 82' lang='lat' dir='ltr'><strong>de-</strong></span> 
     </span>
    </p>
   </div>
   <div class='ocr_carea' id='block_1_58' title="bbox 1801 2872 3362 2944">
    <p class='ocr_par' dir='ltr' id='par_1_58' title="bbox 1801 2872 3362 2944">
     <span class='ocr_line' id='line_1_58' title="bbox 1801 2872 3362 2944; baseline 0.005 -20"><span class='ocrx_word' id='word_1_447' title='bbox 1801 2872 2061 2925; x_wconf 82' lang='lat' dir='ltr'><strong>sideratus</strong></span> <span class='ocrx_word' id='word_1_448' title='bbox 2087 2874 2284 2926; x_wconf 85' lang='lat' dir='ltr'><strong>cunctis</strong></span> <span class='ocrx_word' id='word_1_449' title='bbox 2310 2872 2838 2944; x_wconf 63' lang='lat' dir='ltr'><strong>gentibusf‘Ungitur</strong></span> <span class='ocrx_word' id='word_1_450' title='bbox 2860 2877 2960 2929; x_wconf 92' lang='lat' dir='ltr'><strong>iste</strong></span> <span class='ocrx_word' id='word_1_451' title='bbox 2989 2875 3152 2930; x_wconf 86' lang='lat' dir='ltr'><strong>David</strong></span> <span class='ocrx_word' id='word_1_452' title='bbox 3184 2879 3236 2930; x_wconf 92' lang='lat' dir='ltr'><strong>in</strong></span> <span class='ocrx_word' id='word_1_453' title='bbox 3278 2893 3362 2932; x_wconf 87' lang='lat' dir='ltr'><strong>re-</strong></span> 
     </span>
    </p>
   </div>
   <div class='ocr_carea' id='block_1_59' title="bbox 1803 2960 3361 3031">
    <p class='ocr_par' dir='ltr' id='par_1_59' title="bbox 1803 2960 3361 3031">
     <span class='ocr_line' id='line_1_59' title="bbox 1803 2960 3361 3031; baseline 0.004 -18"><span class='ocrx_word' id='word_1_454' title='bbox 1803 2975 1944 3029; x_wconf 90' lang='lat' dir='ltr'><strong>gem,</strong></span> <span class='ocrx_word' id='word_1_455' title='bbox 1967 2960 2207 3015; x_wconf 83' lang='lat' dir='ltr'><strong>futurum</strong></span> <span class='ocrx_word' id='word_1_456' title='bbox 2230 2962 2556 3020; x_wconf 87' lang='lat' dir='ltr'><strong>denuntians</strong></span> <span class='ocrx_word' id='word_1_457' title='bbox 2576 2976 2674 3031; x_wconf 86' lang='lat' dir='ltr'><strong>per</strong></span> <span class='ocrx_word' id='word_1_458' title='bbox 2689 2964 2990 3018; x_wconf 90' lang='lat' dir='ltr'><strong>unctionem</strong></span> <span class='ocrx_word' id='word_1_459' title='bbox 3014 2966 3178 3028; x_wconf 85' lang='lat' dir='ltr'><strong>illam,</strong></span> <span class='ocrx_word' id='word_1_460' title='bbox 3207 2967 3361 3021; x_wconf 80' lang='lat' dir='ltr'><strong>Chri-</strong></span> 
     </span>
    </p>
   </div>
   <div class='ocr_carea' id='block_1_60' title="bbox 1802 3050 3363 3123">
    <p class='ocr_par' dir='ltr' id='par_1_60' title="bbox 1802 3050 3363 3123">
     <span class='ocr_line' id='line_1_60' title="bbox 1802 3050 3363 3123; baseline 0.005 -22"><span class='ocrx_word' id='word_1_461' title='bbox 1802 3057 1946 3102; x_wconf 89' lang='lat' dir='ltr'><strong>stum</strong></span> <span class='ocrx_word' id='word_1_462' title='bbox 1984 3069 1994 3100; x_wconf 89' lang='lat'><strong>:</strong></span> <span class='ocrx_word' id='word_1_463' title='bbox 2026 3050 2274 3106; x_wconf 85' lang='lat' dir='ltr'><strong>Christus</strong></span> <span class='ocrx_word' id='word_1_464' title='bbox 2303 3052 2446 3106; x_wconf 88' lang='lat' dir='ltr'><strong>enim</strong></span> <span class='ocrx_word' id='word_1_465' title='bbox 2474 3067 2505 3105; x_wconf 91' lang='lat' dir='ltr'><strong>a</strong></span> <span class='ocrx_word' id='word_1_466' title='bbox 2531 3053 2821 3108; x_wconf 86' lang='lat' dir='ltr'><strong>chrismate</strong></span> <span class='ocrx_word' id='word_1_467' title='bbox 2847 3055 3160 3123; x_wconf 88' lang='lat' dir='ltr'><strong>appellatur.</strong></span> <span class='ocrx_word' id='word_1_468' title='bbox 3197 3055 3363 3109; x_wconf 88' lang='lat' dir='ltr'><strong>David</strong></span> 
     </span>
    </p>
   </div>
   <div class='ocr_carea' id='block_1_61' title="bbox 1806 3137 3364 3212">
    <p class='ocr_par' dir='ltr' id='par_1_61' title="bbox 1806 3137 3364 3212">
     <span class='ocr_line' id='line_1_61' title="bbox 1806 3137 3364 3212; baseline 0.004 -21"><span class='ocrx_word' id='word_1_469' title='bbox 1806 3139 1873 3192; x_wconf 86' lang='lat' dir='ltr'><strong>ab</strong></span> <span class='ocrx_word' id='word_1_470' title='bbox 1905 3137 2082 3193; x_wconf 84' lang='lat' dir='ltr'><strong>oflicio</strong></span> <span class='ocrx_word' id='word_1_471' title='bbox 2109 3140 2364 3209; x_wconf 89' lang='lat' dir='ltr'><strong>pastorali</strong></span> <span class='ocrx_word' id='word_1_472' title='bbox 2399 3155 2672 3210; x_wconf 84' lang='lat' dir='ltr'><strong>pecorum,</strong></span> <span class='ocrx_word' id='word_1_473' title='bbox 2721 3143 2788 3196; x_wconf 87' lang='lat' dir='ltr'><strong>ad</strong></span> <span class='ocrx_word' id='word_1_474' title='bbox 2829 3143 3102 3197; x_wconf 82' lang='lat' dir='ltr'><strong>hominum</strong></span> <span class='ocrx_word' id='word_1_475' title='bbox 3142 3158 3364 3212; x_wconf 87' lang='lat' dir='ltr'><strong>regnum</strong></span> 
     </span>
    </p>
   </div>
   <div class='ocr_carea' id='block_1_62' title="bbox 122 3215 3364 3301">
    <p class='ocr_par' dir='ltr' id='par_1_62' title="bbox 122 3215 3364 3301">
     <span class='ocr_line' id='line_1_62' title="bbox 122 3215 3364 3301; baseline 0.003 -8"><span class='ocrx_word' id='word_1_476' title='bbox 122 3215 187 3293; x_wconf 78' lang='lat' dir='ltr'><strong>et</strong></span> <span class='ocrx_word' id='word_1_477' title='bbox 212 3237 366 3300; x_wconf 84' lang='lat' dir='ltr'><strong>Filio,</strong></span> <span class='ocrx_word' id='word_1_478' title='bbox 421 3238 518 3292; x_wconf 86' lang='lat' dir='ltr'><strong>sed</strong></span> <span class='ocrx_word' id='word_1_479' title='bbox 562 3215 916 3294; x_wconf 77' lang='lat' dir='ltr'><strong>mutabilitate</strong></span> <span class='ocrx_word' id='word_1_480' title='bbox 956 3239 1119 3292; x_wconf 89' lang='lat' dir='ltr'><strong>animi</strong></span> <span class='ocrx_word' id='word_1_481' title='bbox 1157 3239 1374 3292; x_wconf 82' lang='lat' dir='ltr'><strong>humani</strong></span> <span class='ocrx_word' id='word_1_482' title='bbox 1405 3239 1515 3292; x_wconf 91' lang='lat' dir='ltr'><strong>Deo</strong></span> <span class='ocrx_word' id='word_1_483' title='bbox 1566 3254 1698 3293; x_wconf 89' lang='lat' dir='ltr'><strong>cun-</strong></span> <span class='ocrx_word' id='word_1_484' title='bbox 1728 3215 1771 3277; x_wconf 87' lang='lat' dir='ltr'>C</span> <span class='ocrx_word' id='word_1_485' title='bbox 1805 3229 2146 3283; x_wconf 77' lang='lat' dir='ltr'><strong>transfertur-</strong></span> <span class='ocrx_word' id='word_1_486' title='bbox 2175 3229 2367 3284; x_wconf 69' lang='lat' dir='ltr'><strong>Noster</strong></span> <span class='ocrx_word' id='word_1_487' title='bbox 2393 3239 2570 3284; x_wconf 55' lang='lat' dir='ltr'><strong>autem</strong></span> <span class='ocrx_word' id='word_1_488' title='bbox 2605 3230 2770 3286; x_wconf 75' lang='lat' dir='ltr'><strong>David</strong></span> <span class='ocrx_word' id='word_1_489' title='bbox 2805 3232 2918 3301; x_wconf 80' lang='lat' dir='ltr'><strong>ipse</strong></span> <span class='ocrx_word' id='word_1_490' title='bbox 2946 3232 3102 3286; x_wconf 66' lang='lat' dir='ltr'><strong>Iesus</strong></span> <span class='ocrx_word' id='word_1_491' title='bbox 3142 3234 3208 3288; x_wconf 72' lang='lat' dir='ltr'><strong>ab</strong></span> <span class='ocrx_word' id='word_1_492' title='bbox 3249 3234 3364 3287; x_wconf 63' lang='lat' dir='ltr'><strong>ovi-</strong></span> 
     </span>
    </p>
   </div>
   <div class='ocr_carea' id='block_1_63' title="bbox 121 3326 1699 3394">
    <p class='ocr_par' dir='ltr' id='par_1_63' title="bbox 121 3326 1699 3394">
     <span class='ocr_line' id='line_1_63' title="bbox 121 3326 1699 3394; baseline 0 -14"><span class='ocrx_word' id='word_1_493' title='bbox 121 3335 218 3380; x_wconf 88' lang='lat' dir='ltr'><strong>cta</strong></span> <span class='ocrx_word' id='word_1_494' title='bbox 273 3326 660 3392; x_wconf 88' lang='lat' dir='ltr'><strong>distribuente,</strong></span> <span class='ocrx_word' id='word_1_495' title='bbox 720 3328 832 3381; x_wconf 87' lang='lat' dir='ltr'><strong>sive</strong></span> <span class='ocrx_word' id='word_1_496' title='bbox 886 3327 1040 3381; x_wconf 91' lang='lat' dir='ltr'><strong>malis</strong></span> <span class='ocrx_word' id='word_1_497' title='bbox 1085 3342 1185 3394; x_wconf 91' lang='lat' dir='ltr'><strong>pro</strong></span> <span class='ocrx_word' id='word_1_498' title='bbox 1234 3329 1428 3381; x_wconf 89' lang='lat' dir='ltr'><strong>merito</strong></span> <span class='ocrx_word' id='word_1_499' title='bbox 1477 3329 1699 3382; x_wconf 90' lang='lat' dir='ltr'><strong>damna-</strong></span> 
     </span>
    </p>
   </div>
   <div class='ocr_carea' id='block_1_64' title="bbox 121 3417 1700 3488">
    <p class='ocr_par' dir='ltr' id='par_1_64' title="bbox 121 3417 1700 3488">
     <span class='ocr_line' id='line_1_64' title="bbox 121 3417 1700 3488; baseline 0.001 -17"><span class='ocrx_word' id='word_1_500' title='bbox 121 3417 327 3482; x_wconf 83' lang='lat' dir='ltr'><strong>tionis,</strong></span> <span class='ocrx_word' id='word_1_501' title='bbox 382 3417 462 3470; x_wconf 85' lang='lat' dir='ltr'><strong>vel</strong></span> <span class='ocrx_word' id='word_1_502' title='bbox 515 3418 937 3482; x_wconf 89' lang='lat' dir='ltr'><strong>emendationis,</strong></span> <span class='ocrx_word' id='word_1_503' title='bbox 977 3417 1088 3472; x_wconf 90' lang='lat' dir='ltr'><strong>sive</strong></span> <span class='ocrx_word' id='word_1_504' title='bbox 1116 3417 1273 3472; x_wconf 87' lang='lat' dir='ltr'><strong>bonis</strong></span> <span class='ocrx_word' id='word_1_505' title='bbox 1315 3434 1414 3486; x_wconf 90' lang='lat' dir='ltr'><strong>pro</strong></span> <span class='ocrx_word' id='word_1_506' title='bbox 1454 3417 1700 3488; x_wconf 90' lang='lat' dir='ltr'><strong>largitate</strong></span> 
     </span>
    </p>
   </div>
   <div class='ocr_carea' id='block_1_65' title="bbox 122 3492 1697 3576">
    <p class='ocr_par' dir='ltr' id='par_1_65' title="bbox 122 3492 1697 3576">
     <span class='ocr_line' id='line_1_65' title="bbox 122 3492 1697 3576; baseline 0.001 -18"><span class='ocrx_word' id='word_1_507' title='bbox 122 3508 323 3575; x_wconf 68' lang='lat' dir='ltr'><strong>gratia:</strong></span> <span class='ocrx_word' id='word_1_508' title='bbox 377 3502 506 3561; x_wconf 61' lang='lat' dir='ltr'><strong>suat.</strong></span> <span class='ocrx_word' id='word_1_509' title='bbox 550 3492 870 3576; x_wconf 88' lang='lat' dir='ltr'><strong>Quanquam</strong></span> <span class='ocrx_word' id='word_1_510' title='bbox 917 3507 1084 3561; x_wconf 90' lang='lat' dir='ltr'><strong>videri</strong></span> <span class='ocrx_word' id='word_1_511' title='bbox 1132 3507 1302 3574; x_wconf 87' lang='lat' dir='ltr'><strong>possit</strong></span> <span class='ocrx_word' id='word_1_512' title='bbox 1340 3507 1500 3560; x_wconf 90' lang='lat' dir='ltr'><strong>etiam</strong></span> <span class='ocrx_word' id='word_1_513' title='bbox 1556 3507 1697 3560; x_wconf 89' lang='lat' dir='ltr'><strong>idem</strong></span> 
     </span>
    </p>
   </div>
   <div class='ocr_carea' id='block_1_66' title="bbox 120 3592 1696 3675">
    <p class='ocr_par' dir='ltr' id='par_1_66' title="bbox 120 3592 1696 3675">
     <span class='ocr_line' id='line_1_66' title="bbox 120 3592 1696 3675; baseline 0 -25"><span class='ocrx_word' id='word_1_514' title='bbox 120 3596 297 3650; x_wconf 77' lang='lat' dir='ltr'><strong>fuisse</strong></span> <span class='ocrx_word' id='word_1_515' title='bbox 327 3597 418 3649; x_wconf 90' lang='lat' dir='ltr'><strong>Dei</strong></span> <span class='ocrx_word' id='word_1_516' title='bbox 462 3592 694 3675; x_wconf 69' lang='lat' dir='ltr'><strong>Spiritus</strong></span> <span class='ocrx_word' id='word_1_517' title='bbox 743 3611 955 3665; x_wconf 88' lang='lat' dir='ltr'><strong>semper</strong></span> <span class='ocrx_word' id='word_1_518' title='bbox 987 3596 1040 3649; x_wconf 90' lang='lat' dir='ltr'><strong>in</strong></span> <span class='ocrx_word' id='word_1_519' title='bbox 1079 3595 1208 3649; x_wconf 88' lang='lat' dir='ltr'><strong>Saul</strong></span> <span class='ocrx_word' id='word_1_520' title='bbox 1238 3615 1249 3650; x_wconf 90' lang='lat'>:</span> <span class='ocrx_word' id='word_1_521' title='bbox 1285 3597 1460 3650; x_wconf 91' lang='lat' dir='ltr'><strong>malus</strong></span> <span class='ocrx_word' id='word_1_522' title='bbox 1519 3605 1696 3650; x_wconf 88' lang='lat' dir='ltr'><strong>autem</strong></span> 
     </span>
    </p>
   </div>
   <div class='ocr_carea' id='block_1_67' title="bbox 119 3683 1692 3755">
    <p class='ocr_par' dir='ltr' id='par_1_67' title="bbox 119 3683 1692 3755">
     <span class='ocr_line' id='line_1_67' title="bbox 119 3683 1692 3755; baseline 0 -17"><span class='ocrx_word' id='word_1_523' title='bbox 119 3685 223 3747; x_wconf 90' lang='lat' dir='ltr'><strong>illi,</strong></span> <span class='ocrx_word' id='word_1_524' title='bbox 248 3686 398 3754; x_wconf 80' lang='lat' dir='ltr'><strong>quod</strong></span> <span class='ocrx_word' id='word_1_525' title='bbox 427 3685 544 3755; x_wconf 85' lang='lat' dir='ltr'><strong>ejus</strong></span> <span class='ocrx_word' id='word_1_526' title='bbox 569 3685 869 3739; x_wconf 82' lang='lat' dir='ltr'><strong>sanctitatis</strong></span> <span class='ocrx_word' id='word_1_527' title='bbox 895 3699 1064 3752; x_wconf 82' lang='lat' dir='ltr'><strong>capax</strong></span> <span class='ocrx_word' id='word_1_528' title='bbox 1095 3699 1200 3738; x_wconf 90' lang='lat' dir='ltr'><strong>non</strong></span> <span class='ocrx_word' id='word_1_529' title='bbox 1224 3691 1388 3737; x_wconf 87' lang='lat' dir='ltr'><strong>esset.</strong></span> <span class='ocrx_word' id='word_1_530' title='bbox 1439 3683 1543 3738; x_wconf 89' lang='lat' dir='ltr'><strong>Sed</strong></span> <span class='ocrx_word' id='word_1_531' title='bbox 1589 3700 1692 3738; x_wconf 92' lang='lat' dir='ltr'><strong>non</strong></span> 
     </span>
    </p>
   </div>
   <div class='ocr_carea' id='block_1_68' title="bbox 120 3774 1699 3846">
    <p class='ocr_par' dir='ltr' id='par_1_68' title="bbox 120 3774 1699 3846">
     <span class='ocr_line' id='line_1_68' title="bbox 120 3774 1699 3846; baseline 0.001 -18"><span class='ocrx_word' id='word_1_532' title='bbox 120 3784 274 3829; x_wconf 87' lang='lat' dir='ltr'><strong>recte</strong></span> <span class='ocrx_word' id='word_1_533' title='bbox 310 3774 412 3828; x_wconf 93' lang='lat' dir='ltr'><strong>hoc</strong></span> <span class='ocrx_word' id='word_1_534' title='bbox 457 3775 710 3829; x_wconf 89' lang='lat' dir='ltr'><strong>videtur:</strong></span> <span class='ocrx_word' id='word_1_535' title='bbox 741 3775 911 3846; x_wconf 55' lang='lat' dir='ltr'><strong>tutior;</strong></span> <span class='ocrx_word' id='word_1_536' title='bbox 953 3782 1036 3828; x_wconf 91' lang='lat' dir='ltr'><strong>est</strong></span> <span class='ocrx_word' id='word_1_537' title='bbox 1068 3775 1211 3827; x_wconf 92' lang='lat' dir='ltr'><strong>enim</strong></span> <span class='ocrx_word' id='word_1_538' title='bbox 1263 3775 1350 3828; x_wconf 91' lang='lat' dir='ltr'><strong>ille</strong></span> <span class='ocrx_word' id='word_1_539' title='bbox 1389 3789 1598 3839; x_wconf 88' lang='lat' dir='ltr'><strong>sensus,</strong></span> <span class='ocrx_word' id='word_1_540' title='bbox 1643 3782 1699 3829; x_wconf 90' lang='lat' dir='ltr'><strong>et</strong></span> 
     </span>
    </p>
   </div>
   <div class='ocr_carea' id='block_1_69' title="bbox 119 3861 1692 3933">
    <p class='ocr_par' dir='ltr' id='par_1_69' title="bbox 119 3861 1692 3933">
     <span class='ocr_line' id='line_1_69' title="bbox 119 3861 1692 3933; baseline 0.001 -19"><span class='ocrx_word' id='word_1_541' title='bbox 119 3863 330 3926; x_wconf 89' lang='lat' dir='ltr'><strong>verior,</strong></span> <span class='ocrx_word' id='word_1_542' title='bbox 363 3870 422 3914; x_wconf 88' lang='lat' dir='ltr'><strong>ut</strong></span> <span class='ocrx_word' id='word_1_543' title='bbox 450 3877 548 3932; x_wconf 92' lang='lat' dir='ltr'><strong>pro</strong></span> <span class='ocrx_word' id='word_1_544' title='bbox 573 3863 931 3917; x_wconf 89' lang='lat' dir='ltr'><strong>mutabilitate</strong></span> <span class='ocrx_word' id='word_1_545' title='bbox 971 3861 1269 3917; x_wconf 83' lang='lat' dir='ltr'><strong>all‘ectionis</strong></span> <span class='ocrx_word' id='word_1_546' title='bbox 1299 3864 1548 3917; x_wconf 76' lang='lat' dir='ltr'><strong>humana:</strong></span> <span class='ocrx_word' id='word_1_547' title='bbox 1581 3865 1692 3933; x_wconf 89' lang='lat' dir='ltr'><strong>spi-</strong></span> 
     </span>
    </p>
   </div>
   <div class='ocr_carea' id='block_1_70' title="bbox 119 3950 1689 4020">
    <p class='ocr_par' dir='ltr' id='par_1_70' title="bbox 119 3950 1689 4020">
     <span class='ocr_line' id='line_1_70' title="bbox 119 3950 1689 4020; baseline 0.002 -17"><span class='ocrx_word' id='word_1_548' title='bbox 119 3951 264 4004; x_wconf 87' lang='lat' dir='ltr'><strong>ritus</strong></span> <span class='ocrx_word' id='word_1_549' title='bbox 289 3950 386 4004; x_wconf 88' lang='lat' dir='ltr'><strong>Dei</strong></span> <span class='ocrx_word' id='word_1_550' title='bbox 411 3952 584 4006; x_wconf 91' lang='lat' dir='ltr'><strong>bonus</strong></span> <span class='ocrx_word' id='word_1_551' title='bbox 614 3952 641 3992; x_wconf 74' lang='lat' dir='ltr'><strong>b</strong></span> <span class='ocrx_word' id='word_1_552' title='bbox 666 3953 863 4007; x_wconf 87' lang='lat' dir='ltr'><strong>bonum</strong></span> <span class='ocrx_word' id='word_1_553' title='bbox 888 3950 1102 4014; x_wconf 78' lang='lat' dir='ltr'><strong>alliciat,</strong></span> <span class='ocrx_word' id='word_1_554' title='bbox 1131 3952 1214 4004; x_wconf 85' lang='lat' dir='ltr'><strong>vel</strong></span> <span class='ocrx_word' id='word_1_555' title='bbox 1237 3953 1303 4005; x_wconf 92' lang='lat' dir='ltr'><strong>ad</strong></span> <span class='ocrx_word' id='word_1_556' title='bbox 1328 3954 1689 4020; x_wconf 87' lang='lat' dir='ltr'><strong>prophetiam,</strong></span> 
     </span>
    </p>
   </div>
   <div class='ocr_carea' id='block_1_71' title="bbox 119 4034 1692 4110">
    <p class='ocr_par' dir='ltr' id='par_1_71' title="bbox 119 4034 1692 4110">
     <span class='ocr_line' id='line_1_71' title="bbox 119 4034 1692 4110; baseline 0.001 -17"><span class='ocrx_word' id='word_1_557' title='bbox 119 4041 207 4094; x_wconf 87' lang='lat' dir='ltr'><strong>vel</strong></span> <span class='ocrx_word' id='word_1_558' title='bbox 236 4034 304 4094; x_wconf 88' lang='lat' dir='ltr'><strong>ad</strong></span> <span class='ocrx_word' id='word_1_559' title='bbox 330 4056 465 4108; x_wconf 90' lang='lat' dir='ltr'><strong>opus</strong></span> <span class='ocrx_word' id='word_1_560' title='bbox 495 4042 771 4110; x_wconf 88' lang='lat' dir='ltr'><strong>quodlibet</strong></span> <span class='ocrx_word' id='word_1_561' title='bbox 803 4040 946 4094; x_wconf 89' lang='lat' dir='ltr'><strong>aliud</strong></span> <span class='ocrx_word' id='word_1_562' title='bbox 981 4042 1035 4094; x_wconf 90' lang='lat' dir='ltr'><strong>in</strong></span> <span class='ocrx_word' id='word_1_563' title='bbox 1063 4057 1283 4096; x_wconf 90' lang='lat' dir='ltr'><strong>munere</strong></span> <span class='ocrx_word' id='word_1_564' title='bbox 1311 4035 1522 4105; x_wconf 78' lang='lat' dir='ltr'><strong>divino;</strong></span> <span class='ocrx_word' id='word_1_565' title='bbox 1579 4041 1692 4094; x_wconf 80' lang='lat' dir='ltr'><strong>alli-</strong></span> 
     </span>
    </p>
   </div>
   <div class='ocr_carea' id='block_1_72' title="bbox 117 4121 1688 4199">
    <p class='ocr_par' dir='ltr' id='par_1_72' title="bbox 117 4121 1688 4199">
     <span class='ocr_line' id='line_1_72' title="bbox 117 4121 1688 4199; baseline 0.001 -15"><span class='ocrx_word' id='word_1_566' title='bbox 117 4129 232 4184; x_wconf 89' lang='lat' dir='ltr'><strong>ciat</strong></span> <span class='ocrx_word' id='word_1_567' title='bbox 261 4121 442 4183; x_wconf 67' lang='lat' dir='ltr'><strong>autem</strong></span> <span class='ocrx_word' id='word_1_568' title='bbox 473 4129 663 4193; x_wconf 89' lang='lat' dir='ltr'><strong>malus,</strong></span> <span class='ocrx_word' id='word_1_569' title='bbox 693 4140 716 4168; x_wconf 76' lang='grc' dir='ltr'><strong>ο</strong></span> <span class='ocrx_word' id='word_1_570' title='bbox 745 4131 834 4197; x_wconf 89' lang='lat' dir='ltr'><strong>qui</strong></span> <span class='ocrx_word' id='word_1_571' title='bbox 883 4138 1100 4199; x_wconf 91' lang='lat' dir='ltr'><strong>propter</strong></span> <span class='ocrx_word' id='word_1_572' title='bbox 1157 4131 1514 4184; x_wconf 88' lang='lat' dir='ltr'><strong>ministerium</strong></span> <span class='ocrx_word' id='word_1_573' title='bbox 1551 4132 1688 4185; x_wconf 87' lang='lat' dir='ltr'><strong>divi-</strong></span> 
     </span>
    </p>
   </div>
   <div class='ocr_carea' id='block_1_73' title="bbox 117 4218 1690 4286">
    <p class='ocr_par' dir='ltr' id='par_1_73' title="bbox 117 4218 1690 4286">
     <span class='ocr_line' id='line_1_73' title="bbox 117 4218 1690 4286; baseline 0.001 -15"><span class='ocrx_word' id='word_1_574' title='bbox 117 4233 203 4272; x_wconf 69' lang='lat' dir='ltr'><strong>na:</strong></span> <span class='ocrx_word' id='word_1_575' title='bbox 228 4219 500 4286; x_wconf 72' lang='lat' dir='ltr'><strong>aequitatis</strong></span> <span class='ocrx_word' id='word_1_576' title='bbox 525 4219 702 4273; x_wconf 88' lang='lat' dir='ltr'><strong>omnia</strong></span> <span class='ocrx_word' id='word_1_577' title='bbox 739 4218 1135 4283; x_wconf 87' lang='lat' dir='ltr'><strong>distribuentis,</strong></span> <span class='ocrx_word' id='word_1_578' title='bbox 1178 4227 1232 4273; x_wconf 92' lang='lat' dir='ltr'><strong>et</strong></span> <span class='ocrx_word' id='word_1_579' title='bbox 1256 4220 1504 4273; x_wconf 91' lang='lat' dir='ltr'><strong>omnibus</strong></span> <span class='ocrx_word' id='word_1_580' title='bbox 1548 4227 1690 4273; x_wconf 88' lang='lat' dir='ltr'><strong>recte</strong></span> 
     </span>
    </p>
   </div>
   <div class='ocr_carea' id='block_1_74' title="bbox 118 4309 1688 4381">
    <p class='ocr_par' dir='ltr' id='par_1_74' title="bbox 118 4309 1688 4381">
     <span class='ocr_line' id='line_1_74' title="bbox 118 4309 1688 4381; baseline -0.002 -16"><span class='ocrx_word' id='word_1_581' title='bbox 118 4311 326 4365; x_wconf 86' lang='lat' dir='ltr'><strong>utentis</strong></span> <span class='ocrx_word' id='word_1_582' title='bbox 361 4311 558 4365; x_wconf 90' lang='lat' dir='ltr'><strong>dicitur</strong></span> <span class='ocrx_word' id='word_1_583' title='bbox 586 4320 640 4366; x_wconf 93' lang='lat' dir='ltr'><strong>et</strong></span> <span class='ocrx_word' id='word_1_584' title='bbox 669 4312 783 4381; x_wconf 84' lang='lat' dir='ltr'><strong>ipse</strong></span> <span class='ocrx_word' id='word_1_585' title='bbox 806 4309 1038 4379; x_wconf 89' lang='lat' dir='ltr'><strong>Spiritus</strong></span> <span class='ocrx_word' id='word_1_586' title='bbox 1061 4311 1153 4363; x_wconf 89' lang='lat' dir='ltr'><strong>Dei</strong></span> <span class='ocrx_word' id='word_1_587' title='bbox 1185 4328 1196 4362; x_wconf 92' lang='lat'><strong>:</strong></span> <span class='ocrx_word' id='word_1_588' title='bbox 1235 4311 1534 4378; x_wconf 71' lang='lat' dir='ltr'><strong>praesertim</strong></span> <span class='ocrx_word' id='word_1_589' title='bbox 1564 4310 1688 4378; x_wconf 84' lang='lat' dir='ltr'><strong>quia</strong></span> 
     </span>
    </p>
   </div>
   <div class='ocr_carea' id='block_1_75' title="bbox 120 4398 1682 4470">
    <p class='ocr_par' dir='ltr' id='par_1_75' title="bbox 120 4398 1682 4470">
     <span class='ocr_line' id='line_1_75' title="bbox 120 4398 1682 4470; baseline -0.001 -16"><span class='ocrx_word' id='word_1_590' title='bbox 120 4400 324 4454; x_wconf 79' lang='lat' dir='ltr'><strong>dictum</strong></span> <span class='ocrx_word' id='word_1_591' title='bbox 347 4408 429 4453; x_wconf 75' lang='lat' dir='ltr'><strong>est</strong></span> <span class='ocrx_word' id='word_1_592' title='bbox 461 4398 508 4470; x_wconf 94' lang='lat' dir='ltr'><strong>(I</strong></span> <span class='ocrx_word' id='word_1_593' title='bbox 536 4399 661 4469; x_wconf 82' lang='lat' dir='ltr'><strong>Reg.</strong></span> <span class='ocrx_word' id='word_1_594' title='bbox 693 4400 776 4453; x_wconf 83' lang='grc'><strong>16.</strong></span> <span class='ocrx_word' id='word_1_595' title='bbox 809 4400 896 4469; x_wconf 78' lang='grc'><strong>14)</strong></span> <span class='ocrx_word' id='word_1_596' title='bbox 940 4401 1146 4452; x_wconf 84' lang='lat' dir='ltr'><strong>recessit</strong></span> <span class='ocrx_word' id='word_1_597' title='bbox 1176 4399 1238 4451; x_wconf 89' lang='lat' dir='ltr'><strong>ab</strong></span> <span class='ocrx_word' id='word_1_598' title='bbox 1265 4417 1323 4452; x_wconf 87' lang='lat' dir='ltr'><strong>eo</strong></span> <span class='ocrx_word' id='word_1_599' title='bbox 1345 4401 1556 4468; x_wconf 85' lang='lat' dir='ltr'><strong>spiritus</strong></span> <span class='ocrx_word' id='word_1_600' title='bbox 1571 4400 1682 4464; x_wconf 86' lang='lat' dir='ltr'><strong>Dei,</strong></span> 
     </span>
    </p>
   </div>
   <div class='ocr_carea' id='block_1_76' title="bbox 117 4487 1686 4557">
    <p class='ocr_par' dir='ltr' id='par_1_76' title="bbox 117 4487 1686 4557">
     <span class='ocr_line' id='line_1_76' title="bbox 117 4487 1686 4557; baseline 0.002 -17"><span class='ocrx_word' id='word_1_601' title='bbox 117 4496 165 4540; x_wconf 80' lang='lat' dir='ltr'><strong>et</strong></span> <span class='ocrx_word' id='word_1_602' title='bbox 193 4487 581 4555; x_wconf 87' lang='lat' dir='ltr'><strong>comprehendit</strong></span> <span class='ocrx_word' id='word_1_603' title='bbox 627 4504 744 4540; x_wconf 87' lang='lat' dir='ltr'><strong>eum</strong></span> <span class='ocrx_word' id='word_1_604' title='bbox 792 4488 1003 4557; x_wconf 85' lang='lat' dir='ltr'><strong>spiritus</strong></span> <span class='ocrx_word' id='word_1_605' title='bbox 1048 4487 1306 4557; x_wconf 84' lang='lat' dir='ltr'><strong>malignus</strong></span> <span class='ocrx_word' id='word_1_606' title='bbox 1355 4507 1386 4541; x_wconf 90' lang='lat' dir='ltr'><strong>a</strong></span> <span class='ocrx_word' id='word_1_607' title='bbox 1423 4489 1686 4553; x_wconf 86' lang='lat' dir='ltr'><strong>Domino;</strong></span> 
     </span>
    </p>
   </div>
   <div class='ocr_carea' id='block_1_77' title="bbox 119 4576 1685 4644">
    <p class='ocr_par' dir='ltr' id='par_1_77' title="bbox 119 4576 1685 4644">
     <span class='ocr_line' id='line_1_77' title="bbox 119 4576 1685 4644; baseline 0.003 -15"><span class='ocrx_word' id='word_1_608' title='bbox 119 4576 266 4630; x_wconf 89' lang='lat' dir='ltr'><strong>nullo</strong></span> <span class='ocrx_word' id='word_1_609' title='bbox 295 4586 454 4644; x_wconf 89' lang='lat' dir='ltr'><strong>pacto</strong></span> <span class='ocrx_word' id='word_1_610' title='bbox 482 4578 623 4630; x_wconf 91' lang='lat' dir='ltr'><strong>enim</strong></span> <span class='ocrx_word' id='word_1_611' title='bbox 677 4587 852 4644; x_wconf 90' lang='lat' dir='ltr'><strong>potest</strong></span> <span class='ocrx_word' id='word_1_612' title='bbox 901 4578 1039 4632; x_wconf 90' lang='lat' dir='ltr'><strong>idem</strong></span> <span class='ocrx_word' id='word_1_613' title='bbox 1071 4579 1238 4632; x_wconf 90' lang='lat' dir='ltr'><strong>videri</strong></span> <span class='ocrx_word' id='word_1_614' title='bbox 1291 4579 1579 4634; x_wconf 90' lang='lat' dir='ltr'><strong>recessisse</strong></span> <span class='ocrx_word' id='word_1_615' title='bbox 1630 4588 1685 4634; x_wconf 91' lang='lat' dir='ltr'><strong>et</strong></span> 
     </span>
    </p>
   </div>
   <div class='ocr_carea' id='block_1_78' title="bbox 118 4666 1686 4739">
    <p class='ocr_par' dir='ltr' id='par_1_78' title="bbox 118 4666 1686 4739">
     <span class='ocr_line' id='line_1_78' title="bbox 118 4666 1686 4739; baseline 0.003 -21"><span class='ocrx_word' id='word_1_616' title='bbox 118 4666 561 4735; x_wconf 81' lang='lat' dir='ltr'><strong>apprehendisse.</strong></span> <span class='ocrx_word' id='word_1_617' title='bbox 589 4666 759 4721; x_wconf 89' lang='lat' dir='ltr'><strong>Porro</strong></span> <span class='ocrx_word' id='word_1_618' title='bbox 794 4674 970 4722; x_wconf 89' lang='lat' dir='ltr'><strong>autem</strong></span> <span class='ocrx_word' id='word_1_619' title='bbox 1014 4669 1067 4721; x_wconf 90' lang='lat' dir='ltr'><strong>in</strong></span> <span class='ocrx_word' id='word_1_620' title='bbox 1111 4668 1382 4723; x_wconf 82' lang='lat' dir='ltr'><strong>nonnullis</strong></span> <span class='ocrx_word' id='word_1_621' title='bbox 1415 4670 1686 4739; x_wconf 82' lang='lat' dir='ltr'><strong>exempla-</strong></span> 
     </span>
    </p>
   </div>
   <div class='ocr_carea' id='block_1_79' title="bbox 118 4741 1681 4830">
    <p class='ocr_par' dir='ltr' id='par_1_79' title="bbox 118 4741 1681 4830">
     <span class='ocr_line' id='line_1_79' title="bbox 118 4741 1681 4830; baseline 0.004 -22"><span class='ocrx_word' id='word_1_622' title='bbox 118 4755 292 4818; x_wconf 87' lang='lat' dir='ltr'><strong>ribus,</strong></span> <span class='ocrx_word' id='word_1_623' title='bbox 325 4767 380 4810; x_wconf 89' lang='lat' dir='ltr'><strong>et</strong></span> <span class='ocrx_word' id='word_1_624' title='bbox 407 4757 484 4809; x_wconf 92' lang='lat' dir='ltr'><strong>eis</strong></span> <span class='ocrx_word' id='word_1_625' title='bbox 517 4758 771 4820; x_wconf 86' lang='lat' dir='ltr'><strong>maxime,</strong></span> <span class='ocrx_word' id='word_1_626' title='bbox 802 4760 893 4827; x_wconf 92' lang='lat' dir='ltr'><strong>qui</strong></span> <span class='ocrx_word' id='word_1_627' title='bbox 924 4741 988 4813; x_wconf 80' lang='lat' dir='ltr'><strong>de</strong></span> <span class='ocrx_word' id='word_1_628' title='bbox 1009 4759 1187 4830; x_wconf 87' lang='lat' dir='ltr'><strong>lingua</strong></span> <span class='ocrx_word' id='word_1_629' title='bbox 1220 4759 1441 4814; x_wconf 64' lang='lat' dir='ltr'><strong>Hebraea</strong></span> <span class='ocrx_word' id='word_1_630' title='bbox 1465 4761 1531 4814; x_wconf 90' lang='lat' dir='ltr'><strong>ad</strong></span> <span class='ocrx_word' id='word_1_631' title='bbox 1559 4775 1681 4814; x_wconf 89' lang='lat' dir='ltr'><strong>ver—</strong></span> 
     </span>
    </p>
   </div>
   <div class='ocr_carea' id='block_1_80' title="bbox 116 4845 1686 4918">
    <p class='ocr_par' dir='ltr' id='par_1_80' title="bbox 116 4845 1686 4918">
     <span class='ocr_line' id='line_1_80' title="bbox 116 4845 1686 4918; baseline 0.003 -19"><span class='ocrx_word' id='word_1_632' title='bbox 116 4845 244 4899; x_wconf 85' lang='lat' dir='ltr'><strong>bum</strong></span> <span class='ocrx_word' id='word_1_633' title='bbox 273 4846 524 4900; x_wconf 90' lang='lat' dir='ltr'><strong>videntur</strong></span> <span class='ocrx_word' id='word_1_634' title='bbox 561 4862 834 4916; x_wconf 79' lang='lat' dir='ltr'><strong>expressa,</strong></span> <span class='ocrx_word' id='word_1_635' title='bbox 881 4849 1152 4902; x_wconf 89' lang='lat' dir='ltr'><strong>invenitur</strong></span> <span class='ocrx_word' id='word_1_636' title='bbox 1182 4847 1409 4918; x_wconf 77' lang='lat' dir='ltr'><strong>Spiritus</strong></span> <span class='ocrx_word' id='word_1_637' title='bbox 1433 4849 1528 4902; x_wconf 89' lang='lat' dir='ltr'><strong>Dei</strong></span> <span class='ocrx_word' id='word_1_638' title='bbox 1569 4850 1686 4904; x_wconf 90' lang='lat' dir='ltr'><strong>sine</strong></span> 
     </span>
    </p>
   </div>
   <div class='ocr_carea' id='block_1_81' title="bbox 119 4935 1683 5008">
    <p class='ocr_par' dir='ltr' id='par_1_81' title="bbox 119 4935 1683 5008">
     <span class='ocr_line' id='line_1_81' title="bbox 119 4935 1683 5008; baseline 0.006 -22"><span class='ocrx_word' id='word_1_639' title='bbox 119 4935 487 4991; x_wconf 80' lang='lat' dir='ltr'><strong>additamento</strong></span> <span class='ocrx_word' id='word_1_640' title='bbox 527 4939 756 5006; x_wconf 90' lang='lat' dir='ltr'><strong>positus,</strong></span> <span class='ocrx_word' id='word_1_641' title='bbox 799 4947 852 4992; x_wconf 91' lang='lat' dir='ltr'><strong>et</strong></span> <span class='ocrx_word' id='word_1_642' title='bbox 901 4939 1216 5008; x_wconf 81' lang='lat' dir='ltr'><strong>intelligitur</strong></span> <span class='ocrx_word' id='word_1_643' title='bbox 1260 4941 1453 5004; x_wconf 90' lang='lat' dir='ltr'><strong>malus,</strong></span> <span class='ocrx_word' id='word_1_644' title='bbox 1504 4956 1568 4995; x_wconf 88' lang='lat' dir='ltr'><strong>ex</strong></span> <span class='ocrx_word' id='word_1_645' title='bbox 1619 4957 1683 4996; x_wconf 91' lang='lat' dir='ltr'><strong>eo</strong></span> 
     </span>
    </p>
   </div>
   <div class='ocr_carea' id='block_1_82' title="bbox 119 5025 1676 5094">
    <p class='ocr_par' dir='ltr' id='par_1_82' title="bbox 119 5025 1676 5094">
     <span class='ocr_line' id='line_1_82' title="bbox 119 5025 1676 5094; baseline 0.006 -20"><span class='ocrx_word' id='word_1_646' title='bbox 119 5025 260 5091; x_wconf 88' lang='lat' dir='ltr'><strong>quod</strong></span> <span class='ocrx_word' id='word_1_647' title='bbox 287 5026 583 5094; x_wconf 88' lang='lat' dir='ltr'><strong>arripiebat</strong></span> <span class='ocrx_word' id='word_1_648' title='bbox 611 5027 760 5090; x_wconf 88' lang='lat' dir='ltr'><strong>Saul,</strong></span> <span class='ocrx_word' id='word_1_649' title='bbox 803 5036 856 5081; x_wconf 92' lang='lat' dir='ltr'><strong>et</strong></span> <span class='ocrx_word' id='word_1_650' title='bbox 890 5027 1164 5082; x_wconf 83' lang='lat' dir='ltr'><strong>reﬁciebat</strong></span> <span class='ocrx_word' id='word_1_651' title='bbox 1191 5045 1312 5084; x_wconf 93' lang='lat' dir='ltr'><strong>eum</strong></span> <span class='ocrx_word' id='word_1_652' title='bbox 1345 5030 1510 5084; x_wconf 88' lang='lat' dir='ltr'><strong>David</strong></span> <span class='ocrx_word' id='word_1_653' title='bbox 1555 5041 1676 5085; x_wconf 85' lang='lat' dir='ltr'><strong>tan-</strong></span> 
     </span>
    </p>
   </div>
   <div class='ocr_carea' id='block_1_83' title="bbox 117 5115 1674 5184">
    <p class='ocr_par' dir='ltr' id='par_1_83' title="bbox 117 5115 1674 5184">
     <span class='ocr_line' id='line_1_83' title="bbox 117 5115 1674 5184; baseline 0.003 -16"><span class='ocrx_word' id='word_1_654' title='bbox 117 5116 290 5180; x_wconf 73' lang='lat' dir='ltr'><strong>gendo</strong></span> <span class='ocrx_word' id='word_1_655' title='bbox 320 5116 601 5170; x_wconf 88' lang='lat' dir='ltr'><strong>citharam.</strong></span> <span class='ocrx_word' id='word_1_656' title='bbox 650 5115 986 5172; x_wconf 82' lang='lat' dir='ltr'><strong>Manifestum</strong></span> <span class='ocrx_word' id='word_1_657' title='bbox 1031 5125 1117 5171; x_wconf 91' lang='lat' dir='ltr'><strong>est</strong></span> <span class='ocrx_word' id='word_1_658' title='bbox 1157 5127 1355 5184; x_wconf 89' lang='lat' dir='ltr'><strong>tamen,</strong></span> <span class='ocrx_word' id='word_1_659' title='bbox 1408 5120 1525 5174; x_wconf 92' lang='lat' dir='ltr'><strong>ideo</strong></span> <span class='ocrx_word' id='word_1_660' title='bbox 1570 5135 1674 5173; x_wconf 92' lang='lat' dir='ltr'><strong>non</strong></span> 
     </span>
    </p>
   </div>
   <div class='ocr_carea' id='block_1_84' title="bbox 184 5288 1678 5361">
    <p class='ocr_par' dir='ltr' id='par_1_84' title="bbox 184 5288 1678 5361">
     <span class='ocr_line' id='line_1_84' title="bbox 184 5288 1678 5361; baseline 0.002 -19"><span class='ocrx_word' id='word_1_661' title='bbox 184 5299 207 5361; x_wconf 62' lang='grc' dir='ltr'><strong>ξ</strong></span> <span class='ocrx_word' id='word_1_662' title='bbox 242 5288 508 5361; x_wconf 83' lang='lat' dir='ltr'><strong>Nonnulla</strong></span> <span class='ocrx_word' id='word_1_663' title='bbox 550 5291 822 5361; x_wconf 89' lang='lat' dir='ltr'><strong>adduntur</strong></span> <span class='ocrx_word' id='word_1_664' title='bbox 849 5290 903 5344; x_wconf 91' lang='lat' dir='ltr'><strong>in</strong></span> <span class='ocrx_word' id='word_1_665' title='bbox 929 5291 1110 5355; x_wconf 89' lang='lat' dir='ltr'><strong>editis,</strong></span> <span class='ocrx_word' id='word_1_666' title='bbox 1143 5305 1262 5359; x_wconf 72' lang='lat' dir='ltr'><strong>qua:</strong></span> <span class='ocrx_word' id='word_1_667' title='bbox 1314 5305 1501 5346; x_wconf 87' lang='lat' dir='ltr'><strong>revera</strong></span> <span class='ocrx_word' id='word_1_668' title='bbox 1528 5306 1678 5361; x_wconf 84' lang='lat' dir='ltr'><strong>repe-</strong></span> 
     </span>
    </p>
   </div>
   <div class='ocr_carea' id='block_1_85' title="bbox 121 5357 1033 5426">
    <p class='ocr_par' dir='ltr' id='par_1_85' title="bbox 121 5357 1033 5426">
     <span class='ocr_line' id='line_1_85' title="bbox 121 5357 1033 5426; baseline 0.001 -16"><span class='ocrx_word' id='word_1_669' title='bbox 121 5357 233 5410; x_wconf 90' lang='lat' dir='ltr'><strong>titio</strong></span> <span class='ocrx_word' id='word_1_670' title='bbox 255 5359 594 5426; x_wconf 86' lang='lat' dir='ltr'><strong>superiorum</strong></span> <span class='ocrx_word' id='word_1_671' title='bbox 623 5360 871 5414; x_wconf 89' lang='lat' dir='ltr'><strong>videntur</strong></span> <span class='ocrx_word' id='word_1_672' title='bbox 896 5375 1033 5414; x_wconf 85' lang='lat' dir='ltr'><strong>esse.</strong></span> 
     </span>
    </p>
   </div>
   <div class='ocr_carea' id='block_1_86' title="bbox 188 5426 623 5483">
    <p class='ocr_par' dir='ltr' id='par_1_86' title="bbox 188 5426 623 5483">
     <span class='ocr_line' id='line_1_86' title="bbox 188 5426 623 5483; baseline 0.002 -3"><span class='ocrx_word' id='word_1_673' title='bbox 188 5427 214 5466; x_wconf 67' lang='grc' dir='ltr'>δ</span> <span class='ocrx_word' id='word_1_674' title='bbox 265 5426 452 5481; x_wconf 82' lang='lat' dir='ltr'><strong>Editus</strong></span> <span class='ocrx_word' id='word_1_675' title='bbox 483 5429 623 5483; x_wconf 88' lang='lat' dir='ltr'><strong>bene.</strong></span> 
     </span>
    </p>
   </div>
   <div class='ocr_carea' id='block_1_87' title="bbox 187 5495 939 5551">
    <p class='ocr_par' dir='ltr' id='par_1_87' title="bbox 187 5495 939 5551">
     <span class='ocr_line' id='line_1_87' title="bbox 187 5495 939 5551; baseline 0.004 -3"><span class='ocrx_word' id='word_1_676' title='bbox 187 5505 209 5533; x_wconf 73' lang='grc' dir='ltr'><strong><em>ε</em></strong></span> <span class='ocrx_word' id='word_1_677' title='bbox 253 5495 490 5550; x_wconf 80' lang='lat' dir='ltr'><strong>Additur</strong></span> <span class='ocrx_word' id='word_1_678' title='bbox 520 5498 572 5550; x_wconf 87' lang='lat' dir='ltr'><strong>in</strong></span> <span class='ocrx_word' id='word_1_679' title='bbox 600 5498 758 5551; x_wconf 80' lang='lat' dir='ltr'><strong>editis</strong></span> <span class='ocrx_word' id='word_1_680' title='bbox 787 5498 939 5551; x_wconf 81' lang='lat' dir='ltr'><strong>male.</strong></span> 
     </span>
    </p>
   </div>
   <div class='ocr_carea' id='block_1_88' title="bbox 169 5563 1673 5686">
    <p class='ocr_par' dir='ltr' id='par_1_88' title="bbox 169 5563 1673 5686">
     <span class='ocr_line' id='line_1_88' title="bbox 169 5563 1673 5686; baseline 0.002 -70"><span class='ocrx_word' id='word_1_681' title='bbox 169 5563 244 5686; x_wconf 47' lang='grc' dir='ltr'><strong>ἑῇ</strong></span> <span class='ocrx_word' id='word_1_682' title='bbox 272 5564 496 5634; x_wconf 87' lang='lat' dir='ltr'><strong>Sumpta</strong></span> <span class='ocrx_word' id='word_1_683' title='bbox 541 5575 667 5620; x_wconf 88' lang='lat' dir='ltr'><strong>sunt</strong></span> <span class='ocrx_word' id='word_1_684' title='bbox 707 5568 821 5621; x_wconf 67' lang='lat' dir='ltr'><strong>huic</strong></span> <span class='ocrx_word' id='word_1_685' title='bbox 871 5583 936 5621; x_wconf 83' lang='lat' dir='ltr'><strong>ex</strong></span> <span class='ocrx_word' id='word_1_686' title='bbox 992 5583 1110 5636; x_wconf 88' lang='lat' dir='ltr'><strong>cap.</strong></span> <span class='ocrx_word' id='word_1_687' title='bbox 1162 5567 1195 5621; x_wconf 85' lang='lat'><strong>9</strong></span> <span class='ocrx_word' id='word_1_688' title='bbox 1248 5567 1436 5621; x_wconf 88' lang='lat' dir='ltr'><strong>lsidori</strong></span> <span class='ocrx_word' id='word_1_689' title='bbox 1483 5569 1535 5621; x_wconf 89' lang='lat' dir='ltr'><strong>in</strong></span> <span class='ocrx_word' id='word_1_690' title='bbox 1582 5567 1673 5620; x_wconf 90' lang='lat' dir='ltr'><strong>lib.</strong></span> 
     </span>
     <span class='ocr_line' id='line_1_89' title="bbox 245 5649 299 5686; baseline 0 0"><span class='ocrx_word' id='word_1_691' title='bbox 245 5649 299 5686; x_wconf 73' lang='grc' dir='ltr'><strong>ε.</strong></span> 
     </span>
    </p>
   </div>
   <div class='ocr_carea' id='block_1_89' title="bbox 123 5647 299 5686">
    <p class='ocr_par' dir='ltr' id='par_1_89' title="bbox 123 5647 299 5686">
     <span class='ocr_line' id='line_1_90' title="bbox 123 5647 299 5686; baseline 0.017 -3"><span class='ocrx_word' id='word_1_692' title='bbox 123 5647 136 5683; x_wconf 94' lang='grc'><strong>1</strong></span> <span class='ocrx_word' id='word_1_693' title='bbox 170 5647 299 5686; x_wconf 65' lang='lat' dir='ltr'><strong>“BE.</strong></span> 
     </span>
    </p>
   </div>
   <div class='ocr_carea' id='block_1_90' title="bbox 192 5649 1670 5786">
    <p class='ocr_par' dir='ltr' id='par_1_90' title="bbox 192 5649 1670 5786">
     <span class='ocr_line' id='line_1_91' title="bbox 192 5649 1670 5786; baseline 0.001 -29"><span class='ocrx_word' id='word_1_694' title='bbox 192 5649 564 5786; x_wconf 41' lang='lat' dir='ltr'><strong>Ecgbompara‘</strong></span> <span class='ocrx_word' id='word_1_695' title='bbox 586 5705 700 5786; x_wconf 53' lang='lat' dir='ltr'><strong>hgec</strong></span> <span class='ocrx_word' id='word_1_696' title='bbox 729 5720 849 5758; x_wconf 88' lang='lat' dir='ltr'><strong>eum</strong></span> <span class='ocrx_word' id='word_1_697' title='bbox 882 5705 1135 5786; x_wconf 68' lang='lat' dir='ltr'><strong>iis,_qu_:e</strong></span> <span class='ocrx_word' id='word_1_698' title='bbox 1158 5706 1320 5786; x_wconf 59' lang='lat' dir='ltr'><strong>tradit</strong></span> <span class='ocrx_word' id='word_1_699' title='bbox 1348 5706 1570 5786; x_wconf 51' lang='lat' dir='ltr'><strong>August.</strong></span> <span class='ocrx_word' id='word_1_700' title='bbox 1617 5722 1670 5759; x_wconf 92' lang='lat' dir='ltr'><strong>n.</strong></span> 
     </span>
    </p>
   </div>
   <div class='ocr_carea' id='block_1_91' title="bbox 129 5769 1680 5843">
    <p class='ocr_par' dir='ltr' id='par_1_91' title="bbox 129 5769 1680 5843">
     <span class='ocr_line' id='line_1_92' title="bbox 129 5769 1680 5843; baseline 0.003 -21"><span class='ocrx_word' id='word_1_701' title='bbox 129 5769 351 5825; x_wconf 71' lang='lat' dir='ltr'><strong>Lscrm.</strong></span> <span class='ocrx_word' id='word_1_702' title='bbox 374 5769 496 5828; x_wconf 52' lang='lat' dir='ltr'><strong>L&#39;in</strong></span> <span class='ocrx_word' id='word_1_703' title='bbox 526 5773 662 5827; x_wconf 86' lang='lat' dir='ltr'><strong>Psal.</strong></span> <span class='ocrx_word' id='word_1_704' title='bbox 684 5789 860 5827; x_wconf 76' lang='lat' dir='ltr'><strong>xxxiv.</strong></span> <span class='ocrx_word' id='word_1_705' title='bbox 882 5769 1049 5830; x_wconf 76' lang='lat' dir='ltr'><strong>Verba</strong></span> <span class='ocrx_word' id='word_1_706' title='bbox 1079 5777 1222 5829; x_wconf 65' lang='lat' dir='ltr'><strong>haec:</strong></span> <span class='ocrx_word' id='word_1_707' title='bbox 1243 5774 1408 5827; x_wconf 75' lang='lat' dir='ltr'><strong>David</strong></span> <span class='ocrx_word' id='word_1_708' title='bbox 1433 5769 1680 5843; x_wconf 77' lang='lat' dir='ltr'><strong>interpre—</strong></span> 
     </span>
    </p>
   </div>
   <div class='ocr_carea' id='block_1_92' title="bbox 1802 3318 3364 3390">
    <p class='ocr_par' dir='ltr' id='par_1_92' title="bbox 1802 3318 3364 3390">
     <span class='ocr_line' id='line_1_93' title="bbox 1802 3318 3364 3390; baseline 0.003 -18"><span class='ocrx_word' id='word_1_709' title='bbox 1802 3320 1902 3373; x_wconf 91' lang='lat' dir='ltr'><strong>bus</strong></span> <span class='ocrx_word' id='word_1_710' title='bbox 1916 3319 2152 3372; x_wconf 67' lang='lat' dir='ltr'><strong>Iudaicae</strong></span> <span class='ocrx_word' id='word_1_711' title='bbox 2165 3319 2334 3387; x_wconf 90' lang='lat' dir='ltr'><strong>plebis</strong></span> <span class='ocrx_word' id='word_1_712' title='bbox 2355 3318 2583 3384; x_wconf 85' lang='lat' dir='ltr'><strong>ablatus,</strong></span> <span class='ocrx_word' id='word_1_713' title='bbox 2607 3320 2660 3372; x_wconf 91' lang='lat' dir='ltr'><strong>in</strong></span> <span class='ocrx_word' id='word_1_714' title='bbox 2683 3335 2904 3390; x_wconf 85' lang='lat' dir='ltr'><strong>regnum</strong></span> <span class='ocrx_word' id='word_1_715' title='bbox 2935 3322 3171 3389; x_wconf 87' lang='lat' dir='ltr'><strong>gentium</strong></span> <span class='ocrx_word' id='word_1_716' title='bbox 3194 3330 3364 3376; x_wconf 84' lang='lat' dir='ltr'><strong>trans-</strong></span> 
     </span>
    </p>
   </div>
   <div class='ocr_carea' id='block_1_93' title="bbox 1800 3407 3363 3478">
    <p class='ocr_par' dir='ltr' id='par_1_93' title="bbox 1800 3407 3363 3478">
     <span class='ocr_line' id='line_1_94' title="bbox 1800 3407 3363 3478; baseline 0.004 -18"><span class='ocrx_word' id='word_1_717' title='bbox 1800 3408 1939 3461; x_wconf 89' lang='lat' dir='ltr'><strong>latus</strong></span> <span class='ocrx_word' id='word_1_718' title='bbox 1978 3419 2078 3462; x_wconf 88' lang='lat' dir='ltr'><strong>est.</strong></span> <span class='ocrx_word' id='word_1_719' title='bbox 2111 3408 2170 3462; x_wconf 91' lang='lat' dir='ltr'><strong>ln</strong></span> <span class='ocrx_word' id='word_1_720' title='bbox 2209 3407 2390 3463; x_wconf 72' lang='lat' dir='ltr'><strong>Judaea</strong></span> <span class='ocrx_word' id='word_1_721' title='bbox 2422 3411 2564 3463; x_wconf 91' lang='lat' dir='ltr'><strong>enim</strong></span> <span class='ocrx_word' id='word_1_722' title='bbox 2595 3409 2748 3478; x_wconf 89' lang='lat' dir='ltr'><strong>plebe</strong></span> <span class='ocrx_word' id='word_1_723' title='bbox 2769 3425 2874 3463; x_wconf 92' lang='lat' dir='ltr'><strong>non</strong></span> <span class='ocrx_word' id='word_1_724' title='bbox 2899 3421 2979 3464; x_wconf 90' lang='lat' dir='ltr'><strong>est</strong></span> <span class='ocrx_word' id='word_1_725' title='bbox 3021 3412 3177 3465; x_wconf 89' lang='lat' dir='ltr'><strong>modo</strong></span> <span class='ocrx_word' id='word_1_726' title='bbox 3206 3412 3363 3466; x_wconf 88' lang='lat' dir='ltr'><strong>Chri-</strong></span> 
     </span>
    </p>
   </div>
   <div class='ocr_carea' id='block_1_94' title="bbox 1800 3496 3359 3571">
    <p class='ocr_par' dir='ltr' id='par_1_94' title="bbox 1800 3496 3359 3571">
     <span class='ocr_line' id='line_1_95' title="bbox 1800 3496 3359 3571; baseline 0.003 -21"><span class='ocrx_word' id='word_1_727' title='bbox 1800 3507 1908 3559; x_wconf 87' lang='lat' dir='ltr'><strong>tus,</strong></span> <span class='ocrx_word' id='word_1_728' title='bbox 1933 3497 2245 3558; x_wconf 84' lang='lat' dir='ltr'><strong>ablatusest</strong></span> <span class='ocrx_word' id='word_1_729' title='bbox 2276 3496 2456 3563; x_wconf 90' lang='lat' dir='ltr'><strong>modo,</strong></span> <span class='ocrx_word' id='word_1_730' title='bbox 2487 3513 2630 3552; x_wconf 89' lang='lat' dir='ltr'><strong>nunc</strong></span> <span class='ocrx_word' id='word_1_731' title='bbox 2651 3499 2887 3567; x_wconf 87' lang='lat' dir='ltr'><strong>gentium</strong></span> <span class='ocrx_word' id='word_1_732' title='bbox 2930 3515 3119 3569; x_wconf 82' lang='lat' dir='ltr'><strong>greges</strong></span> <span class='ocrx_word' id='word_1_733' title='bbox 3167 3502 3359 3571; x_wconf 87' lang='lat' dir='ltr'><strong>pascit.</strong></span> 
     </span>
    </p>
   </div>
   <div class='ocr_carea' id='block_1_95' title="bbox 1797 3589 3358 3657">
    <p class='ocr_par' dir='ltr' id='par_1_95' title="bbox 1797 3589 3358 3657">
     <span class='ocr_line' id='line_1_96' title="bbox 1797 3589 3358 3657; baseline 0.004 -16"><span class='ocrx_word' id='word_1_734' title='bbox 1797 3589 1929 3642; x_wconf 83' lang='lat' dir='ltr'><strong>Erat</strong></span> <span class='ocrx_word' id='word_1_735' title='bbox 1976 3598 2154 3643; x_wconf 86' lang='lat' dir='ltr'><strong>autem</strong></span> <span class='ocrx_word' id='word_1_736' title='bbox 2205 3590 2371 3644; x_wconf 91' lang='lat' dir='ltr'><strong>David</strong></span> <span class='ocrx_word' id='word_1_737' title='bbox 2433 3590 2489 3643; x_wconf 91' lang='lat' dir='ltr'><strong>in</strong></span> <span class='ocrx_word' id='word_1_738' title='bbox 2534 3591 2760 3645; x_wconf 87' lang='lat' dir='ltr'><strong>canticis</strong></span> <span class='ocrx_word' id='word_1_739' title='bbox 2814 3591 3032 3644; x_wconf 88' lang='lat' dir='ltr'><strong>musicis</strong></span> <span class='ocrx_word' id='word_1_740' title='bbox 3081 3593 3358 3657; x_wconf 84' lang='lat' dir='ltr'><strong>eruditus;</strong></span> 
     </span>
    </p>
   </div>
   <div class='ocr_carea' id='block_1_96' title="bbox 1798 3678 3360 3749">
    <p class='ocr_par' dir='ltr' id='par_1_96' title="bbox 1798 3678 3360 3749">
     <span class='ocr_line' id='line_1_97' title="bbox 1798 3678 3360 3749; baseline -0.001 -13"><span class='ocrx_word' id='word_1_741' title='bbox 1798 3683 2132 3736; x_wconf 90' lang='lat' dir='ltr'><strong>diversorum</strong></span> <span class='ocrx_word' id='word_1_742' title='bbox 2149 3681 2290 3734; x_wconf 89' lang='lat' dir='ltr'><strong>enim</strong></span> <span class='ocrx_word' id='word_1_743' title='bbox 2315 3695 2566 3734; x_wconf 89' lang='lat' dir='ltr'><strong>sonorum</strong></span> <span class='ocrx_word' id='word_1_744' title='bbox 2591 3679 2923 3734; x_wconf 89' lang='lat' dir='ltr'><strong>rationabilis</strong></span> <span class='ocrx_word' id='word_1_745' title='bbox 2949 3678 3360 3749; x_wconf 81' lang='lat' dir='ltr'><strong>modulatusque</strong></span> 
     </span>
    </p>
   </div>
   <div class='ocr_carea' id='block_1_97' title="bbox 1796 3770 3358 3837">
    <p class='ocr_par' dir='ltr' id='par_1_97' title="bbox 1796 3770 3358 3837">
     <span class='ocr_line' id='line_1_98' title="bbox 1796 3770 3358 3837; baseline -0.001 -10"><span class='ocrx_word' id='word_1_746' title='bbox 1796 3780 2091 3827; x_wconf 90' lang='lat' dir='ltr'><strong>concentus</strong></span> <span class='ocrx_word' id='word_1_747' title='bbox 2139 3772 2391 3826; x_wconf 83' lang='lat' dir='ltr'><strong>concordi</strong></span> <span class='ocrx_word' id='word_1_748' title='bbox 2437 3771 2698 3824; x_wconf 81' lang='lat' dir='ltr'><strong>varietate</strong></span> <span class='ocrx_word' id='word_1_749' title='bbox 2740 3779 3050 3837; x_wconf 89' lang='lat' dir='ltr'><strong>eompactus</strong></span> <span class='ocrx_word' id='word_1_750' title='bbox 3096 3770 3358 3825; x_wconf 61' lang='lat' dir='ltr'><strong>ordinate</strong></span> 
     </span>
    </p>
   </div>
   <div class='ocr_carea' id='block_1_98' title="bbox 1795 3857 3356 3926">
    <p class='ocr_par' dir='ltr' id='par_1_98' title="bbox 1795 3857 3356 3926">
     <span class='ocr_line' id='line_1_99' title="bbox 1795 3857 3356 3926; baseline -0.001 -10"><span class='ocrx_word' id='word_1_751' title='bbox 1795 3861 2046 3916; x_wconf 76' lang='lat' dir='ltr'><strong>Ecclesia:</strong></span> <span class='ocrx_word' id='word_1_752' title='bbox 2063 3861 2302 3915; x_wconf 88' lang='lat' dir='ltr'><strong>insinuat</strong></span> <span class='ocrx_word' id='word_1_753' title='bbox 2313 3860 2570 3913; x_wconf 88' lang='lat' dir='ltr'><strong>unitatem</strong></span> <span class='ocrx_word' id='word_1_754' title='bbox 2581 3899 2595 3921; x_wconf 94' lang='lat'><strong>,</strong></span> <span class='ocrx_word' id='word_1_755' title='bbox 2619 3869 2737 3926; x_wconf 63' lang='lat' dir='ltr'><strong>qua;</strong></span> <span class='ocrx_word' id='word_1_756' title='bbox 2755 3858 2920 3911; x_wconf 91' lang='lat' dir='ltr'><strong>variis</strong></span> <span class='ocrx_word' id='word_1_757' title='bbox 2933 3857 3105 3911; x_wconf 89' lang='lat' dir='ltr'><strong>modis</strong></span> <span class='ocrx_word' id='word_1_758' title='bbox 3119 3858 3356 3926; x_wconf 78' lang='lat' dir='ltr'><strong>quotidie</strong></span> 
     </span>
    </p>
   </div>
   <div class='ocr_carea' id='block_1_99' title="bbox 1793 3947 3356 4017">
    <p class='ocr_par' dir='ltr' id='par_1_99' title="bbox 1793 3947 3356 4017">
     <span class='ocr_line' id='line_1_100' title="bbox 1793 3947 3356 4017; baseline -0.001 -12"><span class='ocrx_word' id='word_1_759' title='bbox 1793 3959 2029 4013; x_wconf 90' lang='lat' dir='ltr'><strong>resonat,</strong></span> <span class='ocrx_word' id='word_1_760' title='bbox 2055 3959 2108 4004; x_wconf 91' lang='lat' dir='ltr'><strong>et</strong></span> <span class='ocrx_word' id='word_1_761' title='bbox 2137 3950 2398 4004; x_wconf 85' lang='lat' dir='ltr'><strong>suavitate</strong></span> <span class='ocrx_word' id='word_1_762' title='bbox 2425 3949 2652 4017; x_wconf 87' lang='lat' dir='ltr'><strong>mystica</strong></span> <span class='ocrx_word' id='word_1_763' title='bbox 2680 3947 3005 4001; x_wconf 89' lang='lat' dir='ltr'><strong>modulatur.</strong></span> <span class='ocrx_word' id='word_1_764' title='bbox 3036 3947 3140 4003; x_wconf 85' lang='lat' dir='ltr'><strong>Iste</strong></span> <span class='ocrx_word' id='word_1_765' title='bbox 3180 3949 3356 4004; x_wconf 88' lang='lat' dir='ltr'><strong>adhuc</strong></span> 
     </span>
    </p>
   </div>
   <div class='ocr_carea' id='block_1_100' title="bbox 1790 4036 3354 4110">
    <p class='ocr_par' dir='ltr' id='par_1_100' title="bbox 1790 4036 3354 4110">
     <span class='ocr_line' id='line_1_101' title="bbox 1790 4036 3354 4110; baseline -0.001 -16"><span class='ocrx_word' id='word_1_766' title='bbox 1790 4056 1924 4110; x_wconf 88' lang='lat' dir='ltr'><strong>puer</strong></span> <span class='ocrx_word' id='word_1_767' title='bbox 1950 4043 2003 4094; x_wconf 89' lang='lat' dir='ltr'><strong>in</strong></span> <span class='ocrx_word' id='word_1_768' title='bbox 2041 4041 2246 4094; x_wconf 88' lang='lat' dir='ltr'><strong>cithara</strong></span> <span class='ocrx_word' id='word_1_769' title='bbox 2297 4039 2556 4101; x_wconf 89' lang='lat' dir='ltr'><strong>suaviter,</strong></span> <span class='ocrx_word' id='word_1_770' title='bbox 2589 4037 2696 4091; x_wconf 90' lang='lat' dir='ltr'><strong>imo</strong></span> <span class='ocrx_word' id='word_1_771' title='bbox 2738 4036 2950 4091; x_wconf 80' lang='lat' dir='ltr'><strong>fortiter</strong></span> <span class='ocrx_word' id='word_1_772' title='bbox 2981 4053 3197 4102; x_wconf 88' lang='lat' dir='ltr'><strong>canens,</strong></span> <span class='ocrx_word' id='word_1_773' title='bbox 3239 4053 3354 4092; x_wconf 90' lang='lat' dir='ltr'><strong>ma-</strong></span> 
     </span>
    </p>
   </div>
   <div class='ocr_carea' id='block_1_101' title="bbox 1790 4127 3353 4204">
    <p class='ocr_par' dir='ltr' id='par_1_101' title="bbox 1790 4127 3353 4204">
     <span class='ocr_line' id='line_1_102' title="bbox 1790 4127 3353 4204; baseline -0.003 -18"><span class='ocrx_word' id='word_1_774' title='bbox 1790 4134 1994 4204; x_wconf 87' lang='lat' dir='ltr'><strong>lignum</strong></span> <span class='ocrx_word' id='word_1_775' title='bbox 2029 4133 2293 4200; x_wconf 88' lang='lat' dir='ltr'><strong>spiritum,</strong></span> <span class='ocrx_word' id='word_1_776' title='bbox 2323 4131 2413 4199; x_wconf 90' lang='lat' dir='ltr'><strong>qui</strong></span> <span class='ocrx_word' id='word_1_777' title='bbox 2461 4128 2782 4197; x_wconf 88' lang='lat' dir='ltr'><strong>operabatur</strong></span> <span class='ocrx_word' id='word_1_778' title='bbox 2822 4128 2876 4182; x_wconf 92' lang='lat' dir='ltr'><strong>in</strong></span> <span class='ocrx_word' id='word_1_779' title='bbox 2927 4127 3106 4190; x_wconf 90' lang='lat' dir='ltr'><strong>Saule,</strong></span> <span class='ocrx_word' id='word_1_780' title='bbox 3137 4143 3353 4198; x_wconf 83' lang='lat' dir='ltr'><strong>compe-</strong></span> 
     </span>
    </p>
   </div>
   <div class='ocr_carea' id='block_1_102' title="bbox 1791 4219 3347 4289">
    <p class='ocr_par' dir='ltr' id='par_1_102' title="bbox 1791 4219 3347 4289">
     <span class='ocr_line' id='line_1_103' title="bbox 1791 4219 3347 4289; baseline -0.003 -11"><span class='ocrx_word' id='word_1_781' title='bbox 1791 4225 1947 4278; x_wconf 86' lang='lat' dir='ltr'><strong>seuit.</strong></span> <span class='ocrx_word' id='word_1_782' title='bbox 1963 4243 1980 4273; x_wconf 71' lang='grc' dir='ltr'><strong>ι</strong></span> <span class='ocrx_word' id='word_1_783' title='bbox 2004 4222 2135 4274; x_wconf 82' lang='lat' dir='ltr'><strong>Nam</strong></span> <span class='ocrx_word' id='word_1_784' title='bbox 2156 4221 2274 4289; x_wconf 89' lang='lat' dir='ltr'><strong>quis</strong></span> <span class='ocrx_word' id='word_1_785' title='bbox 2302 4221 2520 4274; x_wconf 66' lang='lat' dir='ltr'><strong>citharae</strong></span> <span class='ocrx_word' id='word_1_786' title='bbox 2545 4219 2686 4273; x_wconf 85' lang='lat' dir='ltr'><strong>illius</strong></span> <span class='ocrx_word' id='word_1_787' title='bbox 2708 4227 2858 4272; x_wconf 89' lang='lat' dir='ltr'><strong>tanta</strong></span> <span class='ocrx_word' id='word_1_788' title='bbox 2880 4219 3051 4272; x_wconf 89' lang='lat' dir='ltr'><strong>virtus</strong></span> <span class='ocrx_word' id='word_1_789' title='bbox 3075 4219 3224 4272; x_wconf 84' lang='lat' dir='ltr'><strong>erat?</strong></span> <span class='ocrx_word' id='word_1_790' title='bbox 3253 4219 3347 4273; x_wconf 88' lang='lat' dir='ltr'><strong>sed</strong></span> 
     </span>
    </p>
   </div>
   <div class='ocr_carea' id='block_1_103' title="bbox 1788 4307 3348 4383">
    <p class='ocr_par' dir='ltr' id='par_1_103' title="bbox 1788 4307 3348 4383">
     <span class='ocr_line' id='line_1_104' title="bbox 1788 4307 3348 4383; baseline -0.003 -16"><span class='ocrx_word' id='word_1_791' title='bbox 1788 4313 1960 4383; x_wconf 85' lang='lat' dir='ltr'><strong>ﬁgura</strong></span> <span class='ocrx_word' id='word_1_792' title='bbox 1994 4311 2171 4366; x_wconf 89' lang='lat' dir='ltr'><strong>crucis</strong></span> <span class='ocrx_word' id='word_1_793' title='bbox 2195 4310 2419 4374; x_wconf 81' lang='lat' dir='ltr'><strong>Christi,</strong></span> <span class='ocrx_word' id='word_1_794' title='bbox 2475 4325 2594 4378; x_wconf 76' lang='lat' dir='ltr'><strong>qua:</strong></span> <span class='ocrx_word' id='word_1_795' title='bbox 2639 4308 2704 4362; x_wconf 89' lang='lat' dir='ltr'><strong>de</strong></span> <span class='ocrx_word' id='word_1_796' title='bbox 2744 4308 2892 4377; x_wconf 90' lang='lat' dir='ltr'><strong>ligno</strong></span> <span class='ocrx_word' id='word_1_797' title='bbox 2939 4316 2994 4361; x_wconf 91' lang='lat' dir='ltr'><strong>et</strong></span> <span class='ocrx_word' id='word_1_798' title='bbox 3037 4307 3348 4363; x_wconf 80' lang='lat' dir='ltr'><strong>extensione</strong></span> 
     </span>
    </p>
   </div>
   <div class='ocr_carea' id='block_1_104' title="bbox 1787 4398 3345 4471">
    <p class='ocr_par' dir='ltr' id='par_1_104' title="bbox 1787 4398 3345 4471">
     <span class='ocr_line' id='line_1_105' title="bbox 1787 4398 3345 4471; baseline -0.004 -14"><span class='ocrx_word' id='word_1_799' title='bbox 1787 4417 2076 4457; x_wconf 89' lang='lat' dir='ltr'><strong>nervorum</strong></span> <span class='ocrx_word' id='word_1_800' title='bbox 2109 4402 2334 4471; x_wconf 85' lang='lat' dir='ltr'><strong>mystice</strong></span> <span class='ocrx_word' id='word_1_801' title='bbox 2363 4399 2666 4470; x_wconf 91' lang='lat' dir='ltr'><strong>gerebatur,</strong></span> <span class='ocrx_word' id='word_1_802' title='bbox 2696 4399 2914 4467; x_wconf 87' lang='lat' dir='ltr'><strong>ipsaque</strong></span> <span class='ocrx_word' id='word_1_803' title='bbox 2949 4398 3128 4467; x_wconf 90' lang='lat' dir='ltr'><strong>passio</strong></span> <span class='ocrx_word' id='word_1_804' title='bbox 3155 4398 3345 4451; x_wconf 58' lang='lat' dir='ltr'><strong>canta‘</strong></span> 
     </span>
    </p>
   </div>
   <div class='ocr_carea' id='block_1_105' title="bbox 1789 4486 3346 4556">
    <p class='ocr_par' dir='ltr' id='par_1_105' title="bbox 1789 4486 3346 4556">
     <span class='ocr_line' id='line_1_106' title="bbox 1789 4486 3346 4556; baseline -0.003 -10"><span class='ocrx_word' id='word_1_805' title='bbox 1789 4493 1970 4556; x_wconf 91' lang='lat' dir='ltr'><strong>batur,</strong></span> <span class='ocrx_word' id='word_1_806' title='bbox 1995 4492 2048 4544; x_wconf 91' lang='lat' dir='ltr'><strong>in</strong></span> <span class='ocrx_word' id='word_1_807' title='bbox 2077 4492 2179 4545; x_wconf 91' lang='lat' dir='ltr'><strong>hoc</strong></span> <span class='ocrx_word' id='word_1_808' title='bbox 2226 4490 2466 4543; x_wconf 88' lang='lat' dir='ltr'><strong>tribuens</strong></span> <span class='ocrx_word' id='word_1_809' title='bbox 2508 4488 2785 4541; x_wconf 88' lang='lat' dir='ltr'><strong>moraliter</strong></span> <span class='ocrx_word' id='word_1_810' title='bbox 2807 4487 3132 4554; x_wconf 86' lang='lat' dir='ltr'><strong>exemplum,</strong></span> <span class='ocrx_word' id='word_1_811' title='bbox 3160 4496 3220 4541; x_wconf 92' lang='lat' dir='ltr'><strong>ut</strong></span> <span class='ocrx_word' id='word_1_812' title='bbox 3267 4486 3346 4541; x_wconf 81' lang='lat' dir='ltr'><strong>fa-</strong></span> 
     </span>
    </p>
   </div>
   <div class='ocr_carea' id='block_1_106' title="bbox 1788 4576 3342 4644">
    <p class='ocr_par' dir='ltr' id='par_1_106' title="bbox 1788 4576 3342 4644">
     <span class='ocr_line' id='line_1_107' title="bbox 1788 4576 3342 4644; baseline -0.006 -5"><span class='ocrx_word' id='word_1_813' title='bbox 1788 4593 1930 4640; x_wconf 88' lang='lat' dir='ltr'><strong>stum</strong></span> <span class='ocrx_word' id='word_1_814' title='bbox 1970 4583 2195 4636; x_wconf 91' lang='lat' dir='ltr'><strong>divitum</strong></span> <span class='ocrx_word' id='word_1_815' title='bbox 2241 4593 2488 4633; x_wconf 88' lang='lat' dir='ltr'><strong>sermone</strong></span> <span class='ocrx_word' id='word_1_816' title='bbox 2539 4577 2724 4631; x_wconf 89' lang='lat' dir='ltr'><strong>humili</strong></span> <span class='ocrx_word' id='word_1_817' title='bbox 2780 4577 2847 4631; x_wconf 92' lang='lat' dir='ltr'><strong>ad</strong></span> <span class='ocrx_word' id='word_1_818' title='bbox 2895 4576 3096 4644; x_wconf 90' lang='lat' dir='ltr'><strong>aliquid</strong></span> <span class='ocrx_word' id='word_1_819' title='bbox 3144 4578 3342 4632; x_wconf 86' lang='lat' dir='ltr'><strong>bonum</strong></span> 
     </span>
    </p>
   </div>
   <div class='ocr_carea' id='block_1_107' title="bbox 1783 4687 2152 4744">
    <p class='ocr_par' dir='ltr' id='par_1_107' title="bbox 1783 4687 2152 4744">
     <span class='ocr_line' id='line_1_108' title="bbox 1783 4687 2152 4744; baseline -0.005 -18"><span class='ocrx_word' id='word_1_820' title='bbox 1783 4687 2152 4744; x_wconf 82' lang='lat' dir='ltr'><strong>provocemus.</strong></span> 
     </span>
    </p>
   </div>
   <div class='ocr_carea' id='block_1_108' title="bbox 1861 4756 3344 4828">
    <p class='ocr_par' dir='ltr' id='par_1_108' title="bbox 1861 4756 3344 4828">
     <span class='ocr_line' id='line_1_109' title="bbox 1861 4756 3344 4828; baseline 0.001 -18"><span class='ocrx_word' id='word_1_821' title='bbox 1861 4761 1882 4800; x_wconf 80' lang='lat' dir='ltr'><strong>f</strong></span> <span class='ocrx_word' id='word_1_822' title='bbox 1916 4780 1933 4810; x_wconf 73' lang='grc' dir='ltr'>ι</span> <span class='ocrx_word' id='word_1_823' title='bbox 1967 4760 2288 4828; x_wconf 86' lang='lat' dir='ltr'><strong>Plerumque</strong></span> <span class='ocrx_word' id='word_1_824' title='bbox 2308 4759 2468 4813; x_wconf 84' lang='lat' dir='ltr'><strong>etiam</strong></span> <span class='ocrx_word' id='word_1_825' title='bbox 2505 4761 2765 4828; x_wconf 90' lang='lat' dir='ltr'><strong>superbus</strong></span> <span class='ocrx_word' id='word_1_826' title='bbox 2788 4757 2934 4811; x_wconf 91' lang='lat' dir='ltr'><strong>dives</strong></span> <span class='ocrx_word' id='word_1_827' title='bbox 2954 4756 3344 4812; x_wconf 82' lang='lat' dir='ltr'><strong>exhortationis</strong></span> 
     </span>
    </p>
   </div>
   <div class='ocr_carea' id='block_1_109' title="bbox 1785 4847 3339 4919">
    <p class='ocr_par' dir='ltr' id='par_1_109' title="bbox 1785 4847 3339 4919">
     <span class='ocr_line' id='line_1_110' title="bbox 1785 4847 3339 4919; baseline -0.004 -13"><span class='ocrx_word' id='word_1_828' title='bbox 1785 4852 2156 4907; x_wconf 86' lang='lat' dir='ltr'><strong>blandimento</strong></span> <span class='ocrx_word' id='word_1_829' title='bbox 2182 4851 2476 4919; x_wconf 88' lang='lat' dir='ltr'><strong>placandus</strong></span> <span class='ocrx_word' id='word_1_830' title='bbox 2498 4859 2615 4902; x_wconf 89' lang='lat' dir='ltr'><strong>est:</strong></span> <span class='ocrx_word' id='word_1_831' title='bbox 2645 4848 2851 4917; x_wconf 78' lang='lat' dir='ltr'><strong>quiaet</strong></span> <span class='ocrx_word' id='word_1_832' title='bbox 2876 4847 3190 4915; x_wconf 90' lang='lat' dir='ltr'><strong>plerumque</strong></span> <span class='ocrx_word' id='word_1_833' title='bbox 3211 4847 3339 4907; x_wconf 84' lang='lat' dir='ltr'><strong>dura</strong></span> 
     </span>
    </p>
   </div>
   <div class='ocr_carea' id='block_1_110' title="bbox 1791 4935 3343 5009">
    <p class='ocr_par' dir='ltr' id='par_1_110' title="bbox 1791 4935 3343 5009">
     <span class='ocr_line' id='line_1_111' title="bbox 1791 4935 3343 5009; baseline -0.003 -14"><span class='ocrx_word' id='word_1_834' title='bbox 1791 4945 1814 4981; x_wconf 75' lang='grc'>⁸</span> <span class='ocrx_word' id='word_1_835' title='bbox 1845 4941 2067 4996; x_wconf 86' lang='lat' dir='ltr'><strong>vulnera</strong></span> <span class='ocrx_word' id='word_1_836' title='bbox 2105 4956 2203 5009; x_wconf 89' lang='lat' dir='ltr'><strong>per</strong></span> <span class='ocrx_word' id='word_1_837' title='bbox 2259 4940 2399 4994; x_wconf 86' lang='lat' dir='ltr'><strong>lenia</strong></span> <span class='ocrx_word' id='word_1_838' title='bbox 2447 4935 3056 5000; x_wconf 70' lang='lat' dir='ltr'><strong>fomenta‘mollescunt,</strong></span> <span class='ocrx_word' id='word_1_839' title='bbox 3089 4945 3144 4990; x_wconf 89' lang='lat' dir='ltr'><strong>et</strong></span> <span class='ocrx_word' id='word_1_840' title='bbox 3193 4935 3343 4990; x_wconf 82' lang='lat' dir='ltr'><strong>furor</strong></span> 
     </span>
    </p>
   </div>
   <div class='ocr_carea' id='block_1_111' title="bbox 1784 5027 3339 5098">
    <p class='ocr_par' dir='ltr' id='par_1_111' title="bbox 1784 5027 3339 5098">
     <span class='ocr_line' id='line_1_112' title="bbox 1784 5027 3339 5098; baseline -0.002 -14"><span class='ocrx_word' id='word_1_841' title='bbox 1784 5031 2097 5084; x_wconf 86' lang='lat' dir='ltr'><strong>insanorum</strong></span> <span class='ocrx_word' id='word_1_842' title='bbox 2127 5045 2268 5098; x_wconf 66' lang='lat' dir='ltr'><strong>saepe</strong></span> <span class='ocrx_word' id='word_1_843' title='bbox 2296 5029 2361 5082; x_wconf 88' lang='lat' dir='ltr'><strong>ad</strong></span> <span class='ocrx_word' id='word_1_844' title='bbox 2384 5028 2630 5091; x_wconf 89' lang='lat' dir='ltr'><strong>salutem,</strong></span> <span class='ocrx_word' id='word_1_845' title='bbox 2665 5027 2873 5080; x_wconf 85' lang='lat' dir='ltr'><strong>medico</strong></span> <span class='ocrx_word' id='word_1_846' title='bbox 2902 5027 3226 5090; x_wconf 89' lang='lat' dir='ltr'><strong>blandiente,</strong></span> <span class='ocrx_word' id='word_1_847' title='bbox 3252 5041 3339 5081; x_wconf 78' lang='lat' dir='ltr'><strong>re-</strong></span> 
     </span>
    </p>
   </div>
   <div class='ocr_carea' id='block_1_112' title="bbox 1784 5116 3336 5186">
    <p class='ocr_par' dir='ltr' id='par_1_112' title="bbox 1784 5116 3336 5186">
     <span class='ocr_line' id='line_1_113' title="bbox 1784 5116 3336 5186; baseline -0.003 -12"><span class='ocrx_word' id='word_1_848' title='bbox 1784 5120 2000 5175; x_wconf 89' lang='lat' dir='ltr'><strong>ducitur</strong></span> <span class='ocrx_word' id='word_1_849' title='bbox 2032 5138 2044 5172; x_wconf 87' lang='lat'><strong>:</strong></span> <span class='ocrx_word' id='word_1_850' title='bbox 2076 5132 2303 5186; x_wconf 87' lang='lat' dir='ltr'><strong>cumque</strong></span> <span class='ocrx_word' id='word_1_851' title='bbox 2326 5117 2406 5172; x_wconf 90' lang='lat' dir='ltr'><strong>eis</strong></span> <span class='ocrx_word' id='word_1_852' title='bbox 2441 5118 2496 5171; x_wconf 89' lang='lat' dir='ltr'><strong>in</strong></span> <span class='ocrx_word' id='word_1_853' title='bbox 2533 5116 2813 5171; x_wconf 89' lang='lat' dir='ltr'><strong>dulcedine</strong></span> <span class='ocrx_word' id='word_1_854' title='bbox 2858 5117 3301 5172; x_wconf 87' lang='lat' dir='ltr'><strong>eondescenditur</strong></span> <span class='ocrx_word' id='word_1_855' title='bbox 3322 5156 3336 5179; x_wconf 90' lang='lat'><strong>,</strong></span> 
     </span>
    </p>
   </div>
   <div class='ocr_carea' id='block_1_113' title="bbox 1784 5290 3340 5362">
    <p class='ocr_par' dir='ltr' id='par_1_113' title="bbox 1784 5290 3340 5362">
     <span class='ocr_line' id='line_1_114' title="bbox 1784 5290 3340 5362; baseline 0.001 -18"><span class='ocrx_word' id='word_1_856' title='bbox 1784 5302 1928 5344; x_wconf 86' lang='lat' dir='ltr'><strong>tatur</strong></span> <span class='ocrx_word' id='word_1_857' title='bbox 1954 5309 2110 5362; x_wconf 79' lang='lat' dir='ltr'><strong>manu</strong></span> <span class='ocrx_word' id='word_1_858' title='bbox 2133 5292 2284 5362; x_wconf 80' lang='lat' dir='ltr'><strong>[ortis</strong></span> <span class='ocrx_word' id='word_1_859' title='bbox 2319 5306 2488 5360; x_wconf 89' lang='lat' dir='ltr'><strong>usque</strong></span> <span class='ocrx_word' id='word_1_860' title='bbox 2508 5291 2633 5345; x_wconf 92' lang='lat' dir='ltr'><strong>dum</strong></span> <span class='ocrx_word' id='word_1_861' title='bbox 2669 5290 2920 5346; x_wconf 90' lang='lat' dir='ltr'><strong>devenias</strong></span> <span class='ocrx_word' id='word_1_862' title='bbox 2947 5291 3014 5345; x_wconf 88' lang='lat' dir='ltr'><strong>ad</strong></span> <span class='ocrx_word' id='word_1_863' title='bbox 3056 5307 3116 5344; x_wconf 88' lang='lat' dir='ltr'><strong>ea</strong></span> <span class='ocrx_word' id='word_1_864' title='bbox 3148 5310 3160 5344; x_wconf 91' lang='lat'><strong>:</strong></span> <span class='ocrx_word' id='word_1_865' title='bbox 3188 5296 3340 5362; x_wconf 79' lang='lat' dir='ltr'><strong>ungi-</strong></span> 
     </span>
    </p>
   </div>
   <div class='ocr_carea' id='block_1_114' title="bbox 1785 5360 3338 5430">
    <p class='ocr_par' dir='ltr' id='par_1_114' title="bbox 1785 5360 3338 5430">
     <span class='ocr_line' id='line_1_115' title="bbox 1785 5360 3338 5430; baseline 0.003 -18"><span class='ocrx_word' id='word_1_866' title='bbox 1785 5371 1873 5413; x_wconf 84' lang='lat' dir='ltr'><strong>tur</strong></span> <span class='ocrx_word' id='word_1_867' title='bbox 1901 5363 2005 5425; x_wconf 19' lang='lat' dir='ltr'><strong>iste,</strong></span> <span class='ocrx_word' id='word_1_868' title='bbox 2028 5360 2210 5430; x_wconf 68' lang='lat' dir='ltr'><strong>David,</strong></span> <span class='ocrx_word' id='word_1_869' title='bbox 2239 5371 2368 5423; x_wconf 89' lang='lat' dir='ltr'><strong>etc.;</strong></span> <span class='ocrx_word' id='word_1_870' title='bbox 2392 5363 2669 5430; x_wconf 86' lang='lat' dir='ltr'><strong>desumpta</strong></span> <span class='ocrx_word' id='word_1_871' title='bbox 2695 5369 2906 5427; x_wconf 53' lang='lat' dir='ltr'><strong>suntex</strong></span> <span class='ocrx_word' id='word_1_872' title='bbox 2935 5361 3108 5428; x_wconf 90' lang='lat' dir='ltr'><strong>capite</strong></span> <span class='ocrx_word' id='word_1_873' title='bbox 3133 5361 3200 5416; x_wconf 86' lang='lat'><strong>87</strong></span> <span class='ocrx_word' id='word_1_874' title='bbox 3217 5360 3338 5417; x_wconf 85' lang='lat' dir='ltr'><strong>libri</strong></span> 
     </span>
    </p>
   </div>
   <div class='ocr_carea' id='block_1_115' title="bbox 1785 5427 3341 5498">
    <p class='ocr_par' dir='ltr' id='par_1_115' title="bbox 1785 5427 3341 5498">
     <span class='ocr_line' id='line_1_116' title="bbox 1785 5427 3341 5498; baseline 0.001 -16"><span class='ocrx_word' id='word_1_875' title='bbox 1785 5446 1918 5493; x_wconf 71' lang='grc' dir='ltr'>χχιι,</span> <span class='ocrx_word' id='word_1_876' title='bbox 1949 5439 2129 5482; x_wconf 87' lang='lat' dir='ltr'><strong>contra</strong></span> <span class='ocrx_word' id='word_1_877' title='bbox 2154 5427 2412 5482; x_wconf 82' lang='lat' dir='ltr'><strong>Faustum</strong></span> <span class='ocrx_word' id='word_1_878' title='bbox 2442 5444 2455 5481; x_wconf 92' lang='lat'><strong>:</strong></span> <span class='ocrx_word' id='word_1_879' title='bbox 2487 5427 2647 5497; x_wconf 83' lang='lat' dir='ltr'><strong>atque</strong></span> <span class='ocrx_word' id='word_1_880' title='bbox 2672 5445 2738 5482; x_wconf 88' lang='lat' dir='ltr'><strong>ex</strong></span> <span class='ocrx_word' id='word_1_881' title='bbox 2763 5445 2823 5482; x_wconf 91' lang='lat' dir='ltr'><strong>ea</strong></span> <span class='ocrx_word' id='word_1_882' title='bbox 2848 5427 3063 5498; x_wconf 84' lang='lat' dir='ltr'><strong>quidem</strong></span> <span class='ocrx_word' id='word_1_883' title='bbox 3084 5445 3150 5498; x_wconf 10' lang='lat' dir='ltr'><strong>ire</strong></span> <span class='ocrx_word' id='word_1_884' title='bbox 3177 5431 3341 5497; x_wconf 82' lang='lat' dir='ltr'><strong>conji-</strong></span> 
     </span>
    </p>
   </div>
   <div class='ocr_carea' id='block_1_116' title="bbox 1785 5497 3337 5569">
    <p class='ocr_par' dir='ltr' id='par_1_116' title="bbox 1785 5497 3337 5569">
     <span class='ocr_line' id='line_1_117' title="bbox 1785 5497 3337 5569; baseline 0.003 -17"><span class='ocrx_word' id='word_1_885' title='bbox 1785 5500 1956 5553; x_wconf 90' lang='lat' dir='ltr'><strong>cimus</strong></span> <span class='ocrx_word' id='word_1_886' title='bbox 1979 5499 2325 5569; x_wconf 85' lang='lat' dir='ltr'><strong>pleraqueex</strong></span> <span class='ocrx_word' id='word_1_887' title='bbox 2357 5498 2828 5569; x_wconf 81' lang='lat' dir='ltr'><strong>subsequentibus,</strong></span> <span class='ocrx_word' id='word_1_888' title='bbox 2853 5497 3047 5569; x_wconf 84' lang='lat' dir='ltr'><strong>quibus</strong></span> <span class='ocrx_word' id='word_1_889' title='bbox 3082 5497 3228 5552; x_wconf 89' lang='lat' dir='ltr'><strong>locus</strong></span> <span class='ocrx_word' id='word_1_890' title='bbox 3249 5499 3337 5556; x_wconf 85' lang='lat' dir='ltr'><strong>hic</strong></span> 
     </span>
    </p>
   </div>
   <div class='ocr_carea' id='block_1_117' title="bbox 1783 5567 3032 5637">
    <p class='ocr_par' dir='ltr' id='par_1_117' title="bbox 1783 5567 3032 5637">
     <span class='ocr_line' id='line_1_118' title="bbox 1783 5567 3032 5637; baseline -0.003 -15"><span class='ocrx_word' id='word_1_891' title='bbox 1783 5569 2103 5637; x_wconf 80' lang='lat' dir='ltr'><strong>explicatur,</strong></span> <span class='ocrx_word' id='word_1_892' title='bbox 2132 5582 2200 5621; x_wconf 82' lang='lat' dir='ltr'><strong>ex</strong></span> <span class='ocrx_word' id='word_1_893' title='bbox 2229 5567 2523 5636; x_wconf 86' lang='lat' dir='ltr'><strong>Augustino</strong></span> <span class='ocrx_word' id='word_1_894' title='bbox 2546 5567 2709 5621; x_wconf 79' lang='lat' dir='ltr'><strong>fuisse</strong></span> <span class='ocrx_word' id='word_1_895' title='bbox 2736 5567 3032 5636; x_wconf 86' lang='lat' dir='ltr'><strong>desumpta.</strong></span> 
     </span>
    </p>
   </div>
   <div class='ocr_carea' id='block_1_118' title="bbox 1862 5635 3339 5706">
    <p class='ocr_par' dir='ltr' id='par_1_118' title="bbox 1862 5635 3339 5706">
     <span class='ocr_line' id='line_1_119' title="bbox 1862 5635 3339 5706; baseline 0.001 -16"><span class='ocrx_word' id='word_1_896' title='bbox 1862 5641 1879 5676; x_wconf 75' lang='grc' dir='ltr'>ῐ</span> <span class='ocrx_word' id='word_1_897' title='bbox 1935 5635 2331 5706; x_wconf 78' lang='lat' dir='ltr'><strong>Subsequentia</strong></span> <span class='ocrx_word' id='word_1_898' title='bbox 2373 5637 2622 5706; x_wconf 82' lang='lat' dir='ltr'><strong>perquire</strong></span> <span class='ocrx_word' id='word_1_899' title='bbox 2645 5638 2697 5690; x_wconf 92' lang='lat' dir='ltr'><strong>in</strong></span> <span class='ocrx_word' id='word_1_900' title='bbox 2733 5652 2784 5705; x_wconf 90' lang='lat' dir='ltr'><strong>p.</strong></span> <span class='ocrx_word' id='word_1_901' title='bbox 2816 5639 2849 5690; x_wconf 81' lang='lat'><strong>5</strong></span> <span class='ocrx_word' id='word_1_902' title='bbox 2882 5635 3168 5690; x_wconf 85' lang='lat' dir='ltr'><strong>Pastoralis</strong></span> <span class='ocrx_word' id='word_1_903' title='bbox 3209 5635 3339 5691; x_wconf 83' lang='lat' dir='ltr'><strong>Gre-</strong></span> 
     </span>
    </p>
   </div>
   <div class='ocr_carea' id='block_1_119' title="bbox 1786 5703 2544 5828">
    <p class='ocr_par' dir='ltr' id='par_1_119' title="bbox 1786 5703 2544 5828">
     <span class='ocr_line' id='line_1_120' title="bbox 1786 5703 2544 5828; baseline -0.001 -69"><span class='ocrx_word' id='word_1_904' title='bbox 1786 5707 1916 5776; x_wconf 90' lang='lat' dir='ltr'><strong>gorii</strong></span> <span class='ocrx_word' id='word_1_905' title='bbox 1960 5703 2440 5828; x_wconf 59' lang='lat' dir='ltr'><strong>.‘llagnidladmonit.</strong></span> 
     </span>
     <span class='ocr_line' id='line_1_121' title="bbox 1861 5773 2544 5828; baseline -0.003 0"><span class='ocrx_word' id='word_1_906' title='bbox 1861 5779 1883 5815; x_wconf 70' lang='grc' dir='ltr'>ε</span> <span class='ocrx_word' id='word_1_907' title='bbox 1915 5776 2051 5828; x_wconf 84' lang='lat' dir='ltr'><strong>Edttt</strong></span> <span class='ocrx_word' id='word_1_908' title='bbox 2086 5789 2100 5825; x_wconf 88' lang='lat'><strong>:</strong></span> <span class='ocrx_word' id='word_1_909' title='bbox 2175 5793 2267 5828; x_wconf 81' lang='lat' dir='ltr'><strong>ura</strong></span> <span class='ocrx_word' id='word_1_910' title='bbox 2300 5785 2346 5828; x_wconf 88' lang='lat' dir='ltr'><strong>et</strong></span> <span class='ocrx_word' id='word_1_911' title='bbox 2365 5773 2544 5828; x_wconf 79' lang='lat' dir='ltr'><strong>vulner</strong></span> 
     </span>
    </p>
   </div>
   <div class='ocr_carea' id='block_1_120' title="bbox 1861 5773 2596 5829">
    <p class='ocr_par' dir='ltr' id='par_1_120' title="bbox 1861 5773 2596 5829">
     <span class='ocr_line' id='line_1_122' title="bbox 1861 5773 2596 5829; baseline 0 -1"><span class='ocrx_word' id='word_1_912' title='bbox 1861 5779 1883 5815; x_wconf 70' lang='grc' dir='ltr'>ε</span> <span class='ocrx_word' id='word_1_913' title='bbox 1915 5773 2059 5828; x_wconf 83' lang='lat' dir='ltr'><strong>Editi</strong></span> <span class='ocrx_word' id='word_1_914' title='bbox 2086 5789 2100 5825; x_wconf 88' lang='lat'><strong>:</strong></span> <span class='ocrx_word' id='word_1_915' title='bbox 2134 5773 2267 5828; x_wconf 71' lang='lat' dir='ltr'><strong>dura</strong></span> <span class='ocrx_word' id='word_1_916' title='bbox 2300 5785 2346 5829; x_wconf 88' lang='lat' dir='ltr'><strong>et</strong></span> <span class='ocrx_word' id='word_1_917' title='bbox 2365 5773 2596 5828; x_wconf 70' lang='lat' dir='ltr'><strong>vulnera.</strong></span> 
     </span>
    </p>
   </div>
  </div>
