3912 6314
546 379 644 437 671

1614 378 1890 438 CLAUDII
1926 377 2390 441 TAUNNENSIS
2411 380 2732 440 ’EPlSCOP'
3707 382 3792 437 672

544 497 770 567 languor
796 493 1022 550 insaniae
1042 493 1319 563 mitigatur
1347 507 1363 548 :
1393 505 1567 563 neque
1614 495 1760 548 enim
1786 493 2122 564 negligenter
2147 496 2200 557 Α
2219 493 2359 565 fecit
2373 493 2664 550 diabolum.
2688 494 2748 549 ιη
2784 493 2962 550 fronte
2984 494 3274 564 percussit,
3302 502 3366 565 et
3393 494 3598 549 cecidit
3629 507 3698 547 ex
3740 508 3798 547 eo

544 581 861 638 intuendum
884 590 990 650 est,
1019 584 1163 653 quod
1198 595 1325 639 eum
1369 581 1588 637 Sauleln
1614 583 1837 652 spiritus
1862 583 2122 639 adversus

544 671 842 734 invaderet,
875 674 1212 742 apprehensa
1243 672 1413 727 David
1450 670 1677 737 cithara,
1702 671 1821 741 ejus
1843 662 2120 728 vesaniam

543 760 788 816 sedabat.
816 752 957 829 Quid
988 756 1133 818 enim
1172 778 1271 832 per
1300 762 1541 828 Saulem,
1588 763 1690 818 nisi
1734 763 1895 819 elatio
1930 771 2124 833 poten-

545 851 716 904 tium?
745 850 813 905 Et
839 851 969 920 quid
993 866 1091 920 per
1116 853 1284 906 David
1315 834 1576 916 innuitur,
1614 853 1717 908 nisi
1748 852 1969 908 humilis
2012 855 2123 909 vita

543 941 891 994 sanctorum?
912 939 1045 995 Cum
1079 955 1211 1010 ergo
1250 939 1379 995 Saul
1403 940 1472 995 ab
1499 942 1777 997 immundo
1805 943 1996 1011 spiritu
2028 952 2122 997 ar-

545 1030 762 1100 ripitur,
808 1031 978 1085 David
1022 1038 1283 1095 canente,
1326 1029 1444 1098 ejus
1482 1031 1703 1085 vesania
1744 1038 2119 1099 temperatur:

542 1121 671 1188 quia
692 1135 817 1175 cum
844 1133 1035 1175 sensus
1070 1120 1370 1189 potentium
1407 1134 1505 1188 per
1537 1119 1823 1175 elationem
1862 1105 1921 1173 in
1974 1119 2124 1176 t'uro-

544 1227 659 1267 rem
710 1212 960 1276 vertitur,
992 1212 1213 1282 dignum
1242 1220 1362 1275 est,
1391 1218 1455 1265 ut
1492 1211 1567 1265 ad
1602 1210 1831 1265 salutem
1879 1211 2079 1266 mentis
2106 1250 2122 1276 ,

538 1302 697 1371 quasi
720 1301 1006 1357 dulcedine
1026 1303 1271 1368 citharae,
1296 1302 1584 1358 locutionis
1598 1308 1796 1355 nostra
1819 1300 2125 1370 tranquilli-

496 1414 521 1437 κ
543 1401 654 1448 tate
680 1400 981 1449 revocetur.
1026 1411 1048 1445 ο

615 1481 667 1553 (l
699 1481 831 1553 Reg.
890 1480 1006 1554 l7.)
1031 1481 1162 1537 Post
1197 1482 1321 1536 haec
1342 1480 1512 1536 David
1539 1481 1595 1536 in
1621 1479 1809 1551 pratlio
1850 1478 2123 1550 gigantem

543 1574 840 1644 superavit.
873 1584 900 1614 ι
935 1591 956 1624 ι
989 1572 1124 1628 Cum
1182 1573 1445 1627 adversus
1499 1571 1755 1641 populum
1802 1571 1902 1626 Dei
1932 1570 2124 1625 alieni-

545 1678 697 1735 gena:
722 1662 1067 1726 dimicarent,
1102 1662 1421 1732 provocavit
1446 1662 1697 1732 superbia
1719 1660 2080 1715 humilitatem
2105 1700 2121 1725 ,

544 1755 861 1826 provocavit
894 1754 1143 1810 diabolus
1177 1752 1474 1809 Christum.
1507 1754 1730 1823 Accepit
1756 1767 1905 1836 arma
1931 1752 2124 1809 bellica

2225 582 2346 639 loco
2384 585 2653 653 corporis,
2682 584 2772 640 ubi
2797 585 3011 657 signum
3040 583 3248 640 Christi
3290 599 3399 640 non
3426 580 3630 640 habuit
3657 601 3673 636 :
3711 590 3798 636 hoc

2224 689 2440 745 quoque
2466 675 2589 731 licet
2603 677 2873 742 attendas,
2897 675 3145 746 quinque~
3160 672 3367 745 lapides
3388 675 3575 745 posuit
3603 686 3622 727 :
3643 688 3797 727 unum

2222 764 2390 819 misit.
2420 764 2669 834 Quinque
2703 764 2823 818 libri
2870 776 2891 803 θ
2939 765 3070 834 legis
3113 773 3257 830 sunt,
3295 766 3390 821 sed
3427 765 3619 820 unitas
3662 764 3799 817 vicit.

2226 853 2402 925 (Rom.
2452 854 2540 909 15.
2570 853 2659 925 10)
2695 854 2975 908 Plenitudo
3019 854 3157 907 enim
3177 855 3307 925 legis
3331 856 3588 917 Charitas,
3626 862 3687 908 ut
3738 854 3802 906 ait

2222 942 2512 1012 Apostolus
2556 961 2568 996 :
2600 942 2760 1013 (Eph.
2790 942 2844 995 4.
2877 943 2912 995 2
2937 954 2985 997 et
3029 944 3085 1016 3)
3130 945 3437 1012 stt/ferentes
3489 944 3715 997 inuicem
3751 944 3800 998 is

2224 1032 2520 1097 dilectione,
2542 1033 2806 1088 studentes
2839 1051 3046 1089 servare
3074 1044 3329 1089 unitatem
3358 1035 3577 1104 spiritus
3614 1035 3672 1087 in
3702 1035 3805 1086 rin-

2225 1121 2342 1176 culo
2370 1124 2535 1186 pacis.
2566 1124 2792 1180 Demum
2818 1123 2910 1179 illo
2931 1140 3209 1195 percusso,
3240 1134 3403 1193 atque
3430 1124 3669 1193 dejecto,
3702 1124 3805 1194 gla-

2225 1211 2373 1266 dium
2398 1210 2514 1279 ejus
2534 1213 2774 1277 abstulit,
2804 1220 2859 1267 et
2874 1229 2995 1268 mox
3012 1223 3173 1284 caput
3196 1214 3267 1268 illi
3307 1214 3536 1268 abscidit
3569 1228 3587 1267 :
3625 1220 3684 1268 et
3712 1213 3805 1266 hoc

2224 1298 2354 1354 facit
2382 1308 2567 1355 noster
2590 1300 2778 1365 David,
2802 1300 2983 1369 dejicit
3006 1303 3281 1358 diabolum
3311 1304 3375 1358 de
3398 1305 3509 1358 suis
3542 1321 3553 1356 :
3592 1302 3806 1372 quando

2225 1396 2405 1444 autem
2426 1388 2655 1442 credunt
2691 1390 2873 1459 magni
2900 1390 3037 1460 ejus,
3070 1406 3207 1459 quos
3233 1391 3321 1445 ille
3357 1392 3412 1444 in
3441 1406 3607 1445 manu
3655 1389 3809 1444 habe

2224 1476 2339 1542 bat,
2372 1487 2427 1532 et
2454 1478 2519 1531 de
2548 1478 2744 1548 quibus
2789 1488 3013 1535 caeteras
3037 1481 3248 1540 animas
3292 1482 3627 1544 trucidabat,
3681 1495 3806 1535 con-

2226 1575 2443 1621 vertunt
2470 1568 2680 1639 linguas
2706 1584 2833 1624 suas
2875 1578 3063 1625 contra
3112 1570 3407 1635 diabolum,
3446 1578 3500 1624 et
3523 1572 3609 1626 sic
3642 1569 3807 1625 Goliz

2225 1655 2293 1721 de
2320 1656 2498 1726 gladio
2546 1673 2644 1711 suo
2682 1667 2844 1727 caput
2870 1659 3084 1720 incidit.
3126 1659 3151 1700 ά
3191 1660 3456 1717 Convenit
3493 1662 3666 1716 etiam
3714 1660 3808 1714 hoc

2228 1747 2304 1801 illi
2344 1747 2477 1812 viro,
2509 1748 2600 1817 qui
2640 1759 2788 1804 recta
2818 1749 2921 1805 ﬁde
2951 1748 3092 1820 (qua:
3118 1752 3393 1822 plerisque
3436 1752 3649 1806 sanctis
3679 1751 3809 1806 solet

543 1855 763 1902 sanctus
787 1846 979 1911 David,
1006 1853 1067 1900 ul
1093 1845 1351 1901 adversus
1369 1844 1582 1900 Goliam
1622 1830 1977 1915 procederet,
2004 1846 2120 1901 hac
2150 1830 2194 1889 Β
2222 1837 2291 1891 ad
2307 1835 2580 1905 justitiam
2605 1838 2875 1909 deputari)
2904 1854 2967 1894 ea
2998 1840 3115 1910 ipsa
3146 1839 3442 1911 Scripturre
3468 1856 3668 1904 sacrae,
3697 1856 3809 1909 quae

542 1954 695 1993 arma
718 1953 816 2008 per
841 1945 1065 1993 aetatem
1104 1946 1159 1991 et
1184 1950 1409 2005 parvam
1446 1944 1712 1991 staturam
1736 1936 1979 2005 corporis
2002 1950 2126 2005 por-

543 2039 661 2087 tare
687 2046 795 2086 non
821 2029 1020 2094 valuit;
1063 2027 1262 2097 abiecit
1297 2028 1608 2094 onerantis,
1638 2028 1850 2097 accepit
1887 2027 2128 2095 quisque

542 2120 751 2191 lapides
775 2120 843 2174 de
868 2118 1099 2174 ﬂuminea
1128 2126 1185 2173 et
1230 2118 1411 2186 pesuit
1450 2118 1524 2172 in-
1546 2132 1675 2174 vase
1716 2115 1973 2187 pastorali
2000 2134 2012 2168 :
2042 2115 2128 2169 bis

543 2215 787 2263 armatus
810 2208 1339 2277 processit-,etvicit:
1355 2208 1460 2263 hoc
1481 2208 1698 2277 quidem
1714 2206 1804 2262 ille
1816 2206 1985 2262 David
2000 2206 2125 2273 ;.sed

542 2300 802 2370 mysteria
814 2299 1321 2369 perscrutemur._ln
1336 2298 1507 2353 David
1519 2299 1771 2355 Christus
1783 2297 2125 2368 intelligitur,

540 2392 635 2461 qui
658 2398 902 2460 tempore
923 2388 1271 2445 revelationis
1290 2388 1425 2444 Novi
1448 2389 1780 2445 Testamenti
1795 2426 1812 2455 ,
1846 2388 2129 2443 insinuan-

542 2479 625 2536 da:
644 2489 699 2534 et
712 2480 1155 2536 commendandae
1186 2481 1375 2551 gratiae
1387 2480 1678 2548 providens
1691 2494 1841 2534 arma
1856 2478 2125 2549 deposuit,

542 2568 784 2639 quinque
806 2568 1026 2637 lapides
1049 2568 1173 2622 tulit
1203 2586 1216 2622 :
1246 2568 1496 2638 deposuit
1520 2582 1651 2640 ergo
1676 2569 1979 2639 corporalia
2027 2567 2128 2624 Sa-

540 2667 821 2715 cramenta
872 2659 1044 2730 legis,
1083 2675 1204 2729 quae
1240 2675 1349 2714 non
1392 2669 1521 2715 sunt
1548 2660 1798 2730 imposita
1838 2661 2122 2732 gentibus;

542 2749 793 2819 deposuit
828 2765 949 2818 quae
989 2766 1095 2803 non
1136 2751 1489 2805 observamus
1516 2768 1529 2803 :
1556 2764 1656 2806 nos
1698 2751 1844 2805 enim
1886 2760 2127 2808 veterem

542 2838 717 2908 legem
741 2838 996 2909 legimus,
1053 2845 1110 2892 et
1154 2836 1262 2891 nun
1300 2840 1671 2895 observamus.
1705 2838 1812 2894 Sed
1841 2846 2022 2895 tamen
2058 2840 2127 2896 ad

544 2927 784 2996 aliquam
832 2927 1282 2999 significationem
1327 2930 1653 2999 promissam
1678 2937 1736 2984 et
1760 2930 1998 2999 positam
2040 2931 2127 2985 in-

544 3017 857 3089 telligimus.
918 3017 1164 3088 Denique
1210 3020 1327 3073 haec
1374 3035 1526 3074 arma
1568 3018 1822 3088 deposuit
1865 3030 2125 3091 tanquam

544 3118 711 3160 onera
736 3114 1203 3162 sacramentorum
1227 3107 1428 3161 veteris
1463 3107 1627 3178 legis;
1655 3114 1711 3161 et
1737 3107 1909 3176 ipsam
1953 3107 2128 3179 legem

546 3197 755 3266 accepit
788 3215 799 3248 :
830 3197 1071 3266 quinque
1098 3197 1241 3250 enim
1264 3196 1473 3266 lapides
1497 3196 1737 3266 quinque
1766 3197 1937 3253 libros
1958 3197 2129 3267 Moysi

539 3286 871 3358 signiﬁcant.
901 3288 1052 3344 Tulit
1090 3303 1219 3357 ergo
1246 3287 1365 3343 illos
1394 3288 1635 3358 quinque
1680 3288 1885 3359 lapides
1918 3290 1987 3345 de
2029 3287 2128 3344 ου-

549 3376 720 3441 mine,
753 3378 806 3432 id
826 3386 911 3433 est
939 3378 1007 3432 de
1036 3378 1270 3434 mulo:
1300 3378 1501 3433 labitur
1526 3380 1677 3433 enim‘
1691 3378 1923 3435 mortale
1950 3394 2127 3435 sacu—

544 3465 678 3531 lum,
706 3476 761 3521 et
787 3466 1104 3535 praeterfluit
1127 3467 1386 3535 quidquid
1408 3467 1557 3521 venit
1578 3468 1630 3520 in
1654 3467 1933 3522 mundum.
1959 3468 2130 3523 Erant

540 3556 687 3610 enim
720 3556 773 3609 in
805 3556 1047 3619 llumine,
1079 3565 1333 3625 tanquam
1366 3556 1422 3610 in
1451 3557 1649 3627 populo
1682 3557 1777 3613 illo
1804 3558 2004 3625 primo,
2053 3556 2129 3611 la-

540 3642 697 3713 pides
739 3652 895 3697 erant
937 3644 1047 3697 illic
1088 3645 1327 3707 inutiles,
1375 3653 1428 3700 et
1472 3646 1772 3701 vacabant:
1802 3644 2130 3700 Trausibant

542 3747 705 3801 supra
730 3730 943 3798 ﬂuvios,
969 3734 1063 3787 sed
1089 3734 1221 3803 quid
1244 3732 1372 3789 fecit
1404 3733 1572 3788 David
1590 3774 1603 3797 ,
1637 3744 1697 3789 ut
1723 3734 1806 3787 lex
1836 3734 1952 3802 ipsa
1980 3734 2129 3788 utilis

543 3822 730 3875 esset?
775 3822 986 3890 accepit
1020 3823 1251 3889 gratiam
1286 3840 1298 3874 :
1334 3820 1549 3891 (Roma.
1594 3824 1647 3876 5.
1710 3823 1816 3895 10)
1862 3824 1947 3878 lex
1984 3824 2128 3880 enim

544 3913 661 3967 sine
687 3914 862 3983 gratia
889 3912 1098 3982 impleri
1123 3928 1227 3966 non
1256 3920 1465 3981 potest;
1492 3914 1769 3983 plenitudo
1803 3916 1951 3971 enim
1993 3915 2130 3985 legis

538 4004 810 4059 Charitas.
837 4004 970 4070 Quia
992 4018 1122 4073 ergo
1148 4003 1320 4073 gratia
1334 4002 1463 4058 fecit
1486 4004 1708 4073 implere
1724 4006 1903 4074 legem
1927 4023 1938 4059 :
1964 4006 2132 4077 signi-

546 4093 743 4147 ﬁcatur
783 4101 963 4147 autem
994 4093 1168 4163 gratia
1191 4092 1330 4147 lacte
1357 4111 1370 4146 :
1399 4095 1503 4151 hoc
1549 4095 1695 4148 enim
1741 4104 1824 4149 est
1870 4096 1926 4149 in
1967 4109 2131 4150 carne

546 4186 863 4253 gratuitum,
891 4183 982 4239 ubi
1012 4192 1186 4237 mater
1214 4198 1321 4237 non
1343 4184 1538 4253 quaerit
1561 4184 1827 4254 accipere,
1854 4184 1951 4239 sed
1980 4192 2129 4239 sata—

546 4277 623 4348 git
649 4277 809 4341 dare;
853 4277 959 4331 hoe
986 4284 1161 4330 mater
1187 4276 1357 4346 gratis
1406 4277 1519 4342 dat,
1563 4284 1620 4332 et
1656 4275 2036 4340 contristatur,
2084 4274 2131 4330 si

548 4368 691 4424 desit
719 4367 811 4438 qui
836 4366 1088 4435 accipiat.
1117 4362 1397 4432 Quomodo
1422 4380 1551 4435 ergo
1588 4366 1759 4420 David
1781 4365 2021 4421 ostendit
2050 4364 2130 4419 le-

2227 1928 2519 1988 hareticus
2544 1930 2721 1997 atl‘ert,
2757 1931 3064 1986 testimonia
3108 1932 3329 2003 colligit,
3360 1941 3415 2001 et
3445 1932 3658 1988 erroris
3702 1934 3809 2001 ejus

2227 2018 2584 2088 pertinaciam
2634 2031 2658 2059 θ
2703 2025 2831 2075 ωσι
2877 2022 3170 2077 convincit.
3201 2021 3402 2077 Contra
3447 2036 3548 2076 nos
3575 2036 3810 2090 namque

2228 2108 2355 2162 dum
2375 2109 2717 2180 sacrae'legis
2754 2112 3067 2166 tesitimonia
3094 2120 3407 2181 apportant,
3439 2126 3630 2166 secum
3662 2110 3810 2164 nobis

2229 2196 2485 2261 aderunt,
2522 2198 2664 2253 unde
2692 2199 3001 2255 vincantur.
3034 2200 3187 2256 Unde
3208 2209 3265 2256 et
3294 2202 3465 2255 David
3494 2209 3693 2271 typum
3725 2200 3811 2255 De

2228 2289 2358 2343 mini
2396 2287 2413 2327 ί
2448 2289 2596 2359 (quia
2654 2290 2908 2346 videlicet
2959 2307 3121 2345 manu
3162 2292 3318 2362 [ortis
3369 2290 3807 2361 interpretatur).

2226 2376 2411 2433 Colias
2426 2391 2554 2432 vero
2580 2378 2957 2436 bareticorum
2982 2381 3291 2451 superbiam
3303 2382 3525 2453 signans
3553 2398 3567 2433 :
3602 2380 3715 2436 hoc
3738 2395 3810 2434 rc—

2227 2468 2329 2535 bus
2362 2467 2527 2535 locuti
2562 2475 2710 2533 sunt,
2751 2471 2895 2539 quod
2932 2486 3032 2525 nos
3058 2471 3241 2526 verbis
3278 2464 3595 2526 asserimus.
3631 2469 3809 2526 Golias

2228 2557 2428 2627 quippe
2462 2574 2584 2613 cum
2611 2559 2811 2629 gladio,
2840 2560 3009 2614 David
3045 2575 3175 2615 vero
3223 2576 3346 2615 cum
3385 2577 3519 2631 pera
3554 2560 3809 2631 pastorali

2226 2647 2377 2701 venit
2404 2647 2471 2701 ad
2500 2647 2745 2718 praelium
2770 2667 2782 2703 :
2818 2649 2914 2704 sed
2936 2650 3185 2705 eumdem
3214 2642 3425 2705 Goliam
3454 2649 3627 2704 David
3655 2664 3805 2721 supe-

2227 2751 2377 2801 rans,
2400 2752 2498 2791 suo
2521 2738 2720 2792 occidit
2748 2737 2926 2807 gladio
2963 2755 2977 2791 :
3010 2738 3153 2807 quod
3182 2752 3284 2793 nos
3312 2752 3529 2809 quoque
3558 2739 3770 2810 agimus
3790 2780 3804 2801 ,

2228 2827 2321 2897 qui
2348 2828 2602 2896 promissi
2629 2827 2796 2883 David
2829 2828 3092 2889 membra,
3116 2844 3184 2882 ex
3216 2826 3333 2897 eius
3358 2828 3476 2883 ﬁeri
3502 2828 3810 2898 dignatione

2230 2922 2549 2977 meruimus.
2579 2920 2714 2977 Nam
2742 2936 2863 2976 cum
2892 2920 3279 2991 superbientes
3302 2920 3613 2987 haereticos,
3644 2929 3701 2975 et
3736 2935 3811 2974 sa-

2230 3025 2337 3067 crae
2380 3010 2675 3079 Scriptum
2704 3010 3003 3066 sententias
3034 3008 3375 3074 deterentes;
3388 3000 3595 3064 eisdem
3630 3009 3809 3063 verbis

2233 3109 2396 3171 atque
2440 3099 2754 3165 sententiis,
2804 3114 2940 3169 quas
2980 3096 3281 3169 proferunt,
3333 3099 3626 3163 vincimus,
3662 3098 3808 3168 quasi

2155 3164 2201 3228 Ο
2232 3164 2433 3249 elatum
2460 3189 2667 3248 Goliam
2692 3164 2789 3245 suo
2814 3164 2999 3262 gladii;
3022 3190 3416 3245 detruncamus.

2304 3282 2357 3355 (1
2384 3282 2511 3352 Reg.
2565 3282 2649 3337 18.
2692 3281 2771 3352 7.)
2806 3300 2824 3333 ι
2865 3281 3075 3338 Interea
3102 3282 3333 3337 victoria
3366 3281 3539 3336 David
3571 3272 3803 3335 animum

2232 3372 2362 3428 Saul
2409 3382 2606 3443 regem‘
2633 3371 2873 3438 offendit,
2923 3372 3290 3442 indignantis,
3334 3373 3358 3412 ε
3401 3371 3547 3440 quod
3600 3372 3706 3425 sibi
3758 3373 3809 3423 in

2230 3462 2391 3526 mille,
2423 3471 2471 3516 et
2496 3462 2664 3515 David
2686 3456 2741 3515 in
2761 3461 3129 3535 decemymillia
3158 3460 3567 3515 acclamantium
3582 3462 3805 3530 publica:

2229 3553 2606 3626 gratulationis
2646 3568 2742 3608 ore
2786 3553 3104 3607 insonareut
3146 3552 3320 3606 :hinc
3351 3551 3554 3605 invidia
3608 3549 3801 3606 Saulis.

2229 3656 2285 3701 et
2312 3662 2495 3703 semen
2523 3646 2773 3702 odiorum
2802 3646 3061 3701 adversus
3090 3645 3263 3700 David
3297 3663 3310 3699 :
3341 3646 3488 3715 quod
3532 3645 3808 3700 insidiator

2231 3738 2478 3803 callidus,
2510 3746 2567 3791 ut
2615 3739 2737 3794 sine
2759 3738 2973 3792 insidiis
3010 3739 3124 3793 suis
3166 3738 3342 3806 possit
3385 3735 3584 3792 oﬁ’erre
3623 3736 3808 3790 discri-

2232 3828 2388 3894 mini,
2413 3827 2523 3898 (l8.
2560 3827 2645 3881 l7.
2675 3826 2746 3881 25
2781 3834 2830 3882 et
2861 3825 3093 3899 subseq.)
3137 3826 3329 3883 statuit
3359 3841 3484 3881 eum
3526 3826 3722 3880 Michol
3754 3826 3807 3878 ﬁ-

2230 3918 2317 3975 lia
2342 3934 2454 3975 sum
2472 3919 2675 3987 nuptiis
2710 3918 2945 3988 alligari,
2975 3919 3025 3972 si
3052 3927 3272 3974 centum
3302 3919 3408 3973 sibi
3437 3918 3803 3988 allophilorum

2230 4008 2496 4076 praeputia
2516 4007 2689 4061 victor
2706 4006 2947 4071 olTerret,
2970 4021 3071 4076 pro
3090 4008 3288 4076 quibus
3312 4016 3559 4073 centum,
3581 4008 3802 4061 ducenta

2232 4096 2382 4151 dedit
2412 4114 2425 4150 :
2454 4104 2511 4151 et
2532 4097 2676 4151 unde
2705 4098 2945 4151 creditus
2974 4106 3060 4153 est
3080 4098 3247 4168 regio
3271 4097 3456 4166 perire
3494 4105 3639 4158 voto,
3688 4111 3803 4150 mox

2234 4193 2427 4242 auctus
2453 4195 2539 4242 est
2568 4187 2874 4257 gloriosiori
2901 4188 3194 4257 triumpho.
3242 4187 3319 4242 ita
3369 4196 3424 4241 et
3449 4186 3642 4250 Judaei,
3684 4186 3803 4239 dum

2234 4286 2420 4336 contra
2436 4280 2767 4335 voluntatem
2784 4278 2881 4334 Dei
2924 4280 3199 4335 Christum
3216 4279 3523 4335 interﬁcere
3549 4280 3801 4339 nituntur,

2232 4384 2332 4439 per
2374 4370 2430 4424 id
2458 4369 2685 4424 salutem
2709 4370 2951 4440 gentium
2983 4378 3233 4439 egerunt,
3260 4384 3359 4440 per
3386 4370 3532 4439 quod
3571 4369 3802 4424 credide—

548 4474 669 4531 gem
712 4459 831 4513 sine
871 4459 1047 4528 gratia
1075 4458 1291 4528 operari
1320 4472 1428 4512 non
1456 4457 1650 4527 posse?
1697 4457 1809 4511 nisi
1842 4472 1967 4513 cum
2007 4456 2131 4511 illos
2154 4495 2208 4554 Β
2234 4468 2364 4514 runt
2390 4461 2758 4533 exstinguere.
2784 4458 2938 4526 Quod
2963 4475 3093 4516 vero
3115 4459 3286 4516 David
3307 4460 3802 4544 priusalienigena-

546 4548 755 4618 lapides
799 4548 1058 4619 quinque,
1107 4546 1304 4617 quibus
1345 4546 1685 4618 signiﬁcatur
1738 4547 1829 4603 lex
1881 4548 1937 4601 in
1974 4546 2130 4602 libris
2154 4546 2197 4554 "
2232 4564 2352 4603 rum
2379 4550 2644 4618 praeputia
2669 4549 2869 4614 attulit,
2893 4557 2949 4604 et
2973 4550 3055 4605 sic
3086 4549 3263 4605 denuo
3289 4549 3413 4604 lilia:
3448 4548 3582 4605 Saul
3615 4548 3803 4619 nuptiis

548 4641 808 4710 quinque,
841 4655 977 4709 quos
1021 4639 1347 4710 conjungere
1392 4642 1560 4697 voluit
1596 4642 1806 4713 gratiae,
1851 4642 2035 4712 posuit
2074 4643 2129 4697 in
2232 4639 2410 4702 haesit,
2449 4638 2814 4708 signiﬁcabat,
2848 4639 2993 4709 quod
3044 4638 3296 4695 Christus
3320 4654 3427 4694 non
3467 4639 3620 4709 prius
3657 4652 3803 4708 syna-

548 4746 676 4786 vase
701 4732 980 4801 pastorali,
1008 4747 1115 4801 quo
1142 4732 1223 4787 lac
1244 4733 1489 4802 mulgere
1511 4741 1887 4788 consueverat.
1913 4733 2012 4788 His
2043 4748 2131 4787 ar-
2233 4746 2426 4802 gogam
2449 4730 2721 4787 connubio
2752 4746 2854 4787 suo
2882 4731 3193 4802 sponderet,
3224 4731 3330 4786 nisi
3376 4738 3504 4785 ante
3549 4730 3804 4801 gloriosus

549 4830 727 4876 matus
752 4821 1015 4889 processit
1043 4821 1301 4876 adversus
1330 4820 1542 4876 Goliam
1564 4823 1797 4891 superbe
1822 4828 2126 4891 putantem,
2233 4823 2289 4877 in
2312 4820 2563 4891 gentibus
2587 4820 2763 4877 ﬁeret.
2791 4819 2950 4880 Prius
2984 4820 3132 4876 enim
3153 4819 3210 4875 in
3254 4819 3567 4876 nationibus
3593 4831 3799 4871 reseca-

549 4914 615 4967 de
644 4928 700 4968 se
724 4920 1163 4983 pratsumentem.
1196 4912 1343 4966 Tulit
1376 4928 1545 4967 unum
1592 4912 1851 4983 lapidem,
1881 4913 1910 4953 ιι
1955 4922 2011 4969 et
2034 4912 2130 4967 de-
2233 4910 2312 4965 vit
2331 4909 2513 4966 cernis
2536 4909 2986 4980 pollutionem,et
3011 4916 3200 4979 postea
3230 4906 3514 4979 copulatus
3540 4913 3625 4961 est
3645 4919 3796 4976 syna-

622 5126 647 5196 Ρ
685 5112 1018 5196 Augustinus
1042 5113 1132 5196 llic
1157 5128 1386 5196 quoque
1412 5130 1510 5196 nos
1554 5116 1934 5196 docet‘,nguett_t
1977 5115 2123 5196 scili:
2247 5125 2323 5196 ..ι
2356 5115 2561 5196 ,Εᾴἰιιιε
2601 5114 2766 5169 lecti:
2804 5121 2939 5185 puto
2954 5113 3142 5183 utique
3171 5112 3457 5183 legendum
3486 5127 3610 5166 cum
3644 5109 3796 5164 Clau-

556 5194 638 5242 eet
659 5183 1017 5254 explicantem
1050 5183 1190 5257 Psal.
1223 5183 1716 5257 eruundescripsit
1736 5185 2009 5257 Claudius,
2029 5185 2123 5257 sed
2228 5184 2319 5257 diu
2350 5183 2499 5257 legis.
2805 5183 2843 5257 '_
3048 5244 3054 5257 ι

553 5272 659 5311 non
720 5246 1054 5315 constanter,
1072 5254 1161 5307 .uti
1206 5255 1330 5307 alibi
1376 5255 1533 5317 solet,
1566 5246 1919 5319 adamussim,
1942 5246 2005 5309 et
2044 5254 2122 5310 uti
2296 5253 2325 5294 ά
2353 5246 2649 5374 ῡῖεειιηιὲιιε
2679 5260 2807 5306 sunt
2831 5252 2935 5305 ista
2972 5246 3219 5315 ex‘num.
3249 5249 3317 5303 2t
3341 5248 3500 5374 [ﬁlias
3549 5262 3664 5318 cap.
3698 5246 3797 5314 16.1

553 5324 659 5374 dici
688 5339 804 5374 mos
826 5333 929 5374 est.
956 5323 1025 5374 ad
1051 5321 1280 5374 litteram
1307 5338 1505 5374 ηερμες
1533 5324 1788 5374 nonnulla
1824 5338 1891 5374 ex
1921 5338 1985 5374 eo
2023 5338 2122 5374 er-
2228 5321 2322 5374 lib.
2354 5338 2487 5374 xvm
2582 5360 2595 5373 .
2624 5321 2872 5374 Gregorii
2906 5320 3188 5374 Moralium
3214 5317 3268 5373 in
3293 5317 3358 5374 Jo
3400 5358 3414 5373 .

552 5324 659 5379 diei
688 5339 804 5377 mos
826 5333 929 5385 est,
956 5323 1025 5376 ad
1051 5321 1280 5375 litteram
1307 5338 1505 5391 usque;
1533 5324 1788 5379 nonnulla
1824 5317 1985 5392 exeo
2023 5338 2122 5378 et-
2228 5321 2322 5377 lib.
2354 5338 2487 5377 xvm
2537 5317 2595 5375 S.
2624 5321 2872 5392 Gregorii
2906 5320 3188 5376 Moralium
3214 5317 3268 5373 in
3293 5317 3414 5375 Job.

554 5394 745 5463 eerpit,
774 5393 1058 5463 ethrevius
1088 5392 1270 5454 tradit,
1301 5393 1640 5463 aliaprorsus
1665 5394 1940 5463 exscribit.
1958 5391 2121 5463 Com—
2307 5404 2330 5463 9
2360 5392 2549 5463 Editus
2580 5409 2591 5443 :
2625 5391 2767 5463 inde.

554 5456 709 5532 par'a,
734 5456 994 5532 obsecro,
1014 5462 1149 5532 bzec,
1181 5476 1301 5532 qua:
1330 5456 1493 5515 habet
1516 5461 1929 5526 Claudiu's,cum
1957 5461 2126 5532 Enar-
2308 5460 2326 5499 ί
2355 5460 2485 5525 Quae
2511 5460 2825 5529 parenthesi
2863 5458 3279 5524 concluduntur,
3310 5458 3365 5513 in
3404 5456 3664 5529 Gregorio
3701 5469 3797 5506 non

554 5529 1139 5602 ratioueAugustiuiin
1166 5530 1630 5602 psalmum,qu_em_
1652 5532 1759 5602 dixi
1789 5529 2122 5602 cxun.Sed,
2231 5538 2463 5602 exstant.
2716 5600 2722 5602 ν
3022 5598 3068 5602 Α
3382 5593 3406 5602 Δ
3438 5596 3486 5602 __
3557 5596 3569 5602 Α
3628 5597 3637 5602 _
3713 5594 3743 5602 η

554 5609 614 5655 ut
644 5593 901 5663 arbitror,
933 5615 998 5654 ex
1027 5593 1234 5654 Isidoro
1275 5593 1569 5669 quiestflO
1617 5599 1673 5654 in
1704 5601 1879 5671 tReg.
1917 5601 2125 5656 exseri-
2305 5603 2331 5640 ε
2382 5599 2502 5655 llzec
2538 5600 2789 5672 perquire
2842 5615 2960 5668 cap.
3015 5598 3095 5661 ll,
3152 5602 3207 5651 et
3243 5593 3573 5667 scq.lsidori
3627 5597 3673 5650 in
3713 5593 3795 5646 lib.

556 5670 799 5724 nsithmc
835 5670 1107 5724 Claudius.
2234 5686 2249 5724 ι
2288 5670 2435 5724 Reg.‘

556 5670 663 5740 psit
682 5670 799 5725 haec
835 5670 1107 5724 Claudius.
1840 5670 1845 5671 ⁷
2234 5686 2249 5725 l
2288 5670 2435 5740 Reg.‘

630 5685 663 5724 ιι
685 5685 799 5725 nmo
835 5685 1107 5724 blandius.
2234 5686 2249 5725 ι
2288 5685 2395 5741 tteg

630 5740 657 5780 Β
680 5740 1009 5809 Augustinus
1033 5741 1207 5796 editus
1235 5756 1247 5793 ε
1277 5741 1546 5797 inimicum
1570 5741 1623 5796 in
1659 5741 1827 5810 fronte
1848 5740 2119 5810 percussit.
