3912 6322
117 368 233 423 675

1017 366 1478 433 ρυίῑετιοΝΕδ
1518 364 1664 420 XXX
1706 363 1932 421 SUPER
1971 365 2217 425 LIBROS
2258 368 2518 425 REGUM.

3272 369 3376 424 67‘

114 497 299 552 gogm.
335 482 626 551 Postquam
669 483 831 546 enim,
883 482 1021 537 sicut
1069 482 1329 551 scriptum
1362 491 1465 544 est,
1520 478 1697 549 (Rom.
1730 479 1779 537 Α
1805 480 2046 551 contigit,
2072 482 2128 535 et
2160 483 2335 541 tertiis
2376 481 2743 538 nihilominus.
2790 480 2983 537 Postea
3009 496 3136 537 vero
3166 499 3287 541 cum
3320 496 3376 541 et

115 572 212 624 11.
256 570 351 641 25)
396 570 656 626 introierit
683 570 953 640 plenitudo
982 571 1232 640 gentium,
1269 578 1390 623 tunc
1420 569 1588 622 omnis
1614 565 1700 619 Is-

116 663 236 715 rael
267 661 447 715 salvus
500 661 614 729 ﬁat.
647 662 698 731 (l
735 661 859 729 Reg.
894 662 977 715 18.
1009 660 1100 730 97)
1128 660 1292 730 Dupla
1316 670 1516 722 autem,
1550 659 1604 711 id
1622 665 1704 711 est

114 752 385 815 ducenta,
410 752 669 821 praeputia
700 751 878 804 attulit
901 752 1014 804 sive
1044 765 1141 820 pro
1175 749 1395 811 Judaeis,
1448 756 1501 802 et
1534 747 1705 817 genti-

114 842 225 897 bus
248 843 553 912 acquisitis,
592 842 705 895 sive
729 842 856 909 quia
887 841 1058 911 major
1083 848 1165 895 est
1190 854 1445 899 numerus
1473 837 1705 907 acquisi-

116 928 289 984 tionis
320 929 498 999 populi
528 930 788 1000 gentium,
817 944 978 999 quam
1004 929 1341 984 credentium
1371 926 1697 982 Judieorum.

114 1016 289 1070 Auxit
314 1018 506 1071 deinde
532 1017 713 1070 odium
740 1016 868 1071 Saul
898 1018 1157 1072 adversus
1191 1017 1359 1070 David
1386 1017 1437 1069 in
1462 1024 1669 1069 tantum
1686 1056 1699 1079 ,

114 1114 176 1158 ut
201 1121 304 1160 rex
332 1107 401 1159 ad
437 1106 701 1162 medelam
732 1108 813 1162 sui
842 1109 1063 1178 spiritus
1088 1106 1255 1161 David
1282 1108 1347 1161 de
1388 1121 1536 1161 more
1561 1106 1704 1174 psal-

115 1198 329 1253 lentem
372 1198 556 1268 jaculo
620 1209 911 1254 conaretur
952 1198 1241 1267 conﬁgere.
1303 1196 1413 1268 (l9.
1462 1196 1548 1267 10)
1595 1195 1701 1250 Sed

112 1288 250 1357 quid
288 1296 392 1353 est,
426 1288 569 1357 quod
596 1288 723 1343 dum
754 1287 971 1342 Saulcm
993 1288 1214 1356 spiritus
1238 1287 1499 1341 adversus
1548 1285 1699 1339 inva-

113 1376 308 1441 deret,
358 1377 693 1447 apprehensa
748 1376 917 1430 David
963 1376 1205 1439 cithara,
1252 1375 1369 1444 ejus
1424 1375 1699 1429 vesaniam

114 1464 442 1533 mitigabat?
466 1478 563 1533 per
584 1464 802 1519 Saulem
847 1465 992 1520 enim
1033 1463 1340 1520 Judaeorum
1375 1464 1558 1529 elatio,
1602 1477 1701 1533 per

116 1554 294 1609 David
318 1562 497 1607 autem
528 1554 808 1611 humilitas
850 1552 1227 1625 (signiﬁcatur)
1269 1553 1693 1624 signiﬁcabatur.

113 1644 255 1699 Cum
284 1658 416 1712 ergo
440 1642 566 1697 Saul
592 1642 661 1696 ab
683 1643 962 1715 immundo
982 1643 1254 1719 (arripitur
1284 1642 1494 1711 spiritu,
1528 1641 1697 1697 David

112 1740 374 1797 canente,
403 1731 517 1799 ejus
549 1731 767 1785 vesania
794 1738 1144 1800 temperatur,
1176 1731 1301 1800 quia
1331 1745 1453 1785 cum
1505 1744 1697 1784 sensus

1804 568 1917 635 ipse
1941 567 2069 623 Saul
2098 571 2354 634 venisset,
2377 571 2546 639 fartus
2568 581 2643 625 est
2672 589 2829 642 super
2855 590 2973 627 eum
3012 574 3227 643 spiritus
3251 576 3374 644 Det,

1805 668 1853 713 et
1884 659 2184 713 ambulabat
2219 662 2532 730 ingrediens,
2559 672 2605 715 et
2634 664 2973 734 prophetabat
3003 678 3049 716 ﬂ.

1883 764 1902 797 ι
1939 747 2053 802 Non
2100 750 2245 803 enim
2290 759 2467 819 potest
2497 752 2615 815 hic,
2673 754 2773 807 nisi
2806 754 3026 821 spiritus
3071 754 3244 810 bonus
3295 756 3377 819 in—

1808 833 1994 905 telligi,
2022 850 2119 905 per
2149 852 2304 906 quem
2331 840 2503 892 sancti
2534 838 2813 908 Propheta:
2845 841 3145 899 futurarum
3193 861 3374 905 rerum

1808 921 2070 992 imagines
2134 933 2189 978 et
2243 928 2358 980 visa
2396 928 2709 981 cernebant.
2764 928 2880 984 Non
2916 946 2981 985 ex
3036 946 3099 987 eo
3142 940 3371 1000 tantum,

1805 1011 1933 1079 quia
1959 1012 2162 1066 dictum
2187 1023 2289 1080 est,
2317 1025 2365 1068 et
2392 1016 2737 1085 prophetabat
2764 1030 2781 1067 ε
2817 1034 2940 1072 nam
2969 1020 3023 1073 in
3052 1022 3376 1091 exemplari.

1803 1102 1925 1165 bus,
1954 1117 2073 1171 qua:
2099 1112 2225 1158 sunt
2258 1120 2327 1159 ex
2352 1105 2603 1169 Hebrzeo,
2632 1108 2734 1162 hoc
2764 1122 2981 1178 quoque
3007 1111 3375 1175 invenitur.‘de

1804 1184 1998 1253 spiritu
2026 1187 2167 1241 malo
2190 1186 2390 1243 dictum
2411 1191 2517 1243 ita:
2549 1190 2597 1259 (I
2625 1190 2752 1260 Reg.
2773 1208 2928 1259 xvm,
2962 1195 3048 1266 10)
3078 1196 3203 1252 Post
3232 1199 3371 1255 diem

1801 1284 1976 1333 autem
2015 1273 2241 1329 alterum
2279 1277 2466 1331 inuasit
2513 1280 2726 1349 spiritus
2768 1280 2865 1334 Dei
2902 1283 3071 1339 malus
3121 1284 3282 1353 Saul,
3324 1296 3372 1341 et

1799 1362 2137 1432 prophetabat
2174 1362 2227 1417 in
2257 1364 2424 1418 medio
2463 1366 2644 1421 domus
2666 1384 2815 1423 sua:
2838 1372 2969 1424 etin
3002 1372 3120 1428 aliis
3166 1376 3374 1432 divina-

1801 1468 1920 1507 rum
1936 1451 2337 1523 Scripturarum
2388 1456 2521 1512 locis
2559 1473 2699 1529 saepe
2748 1461 3041 1529 invenitur,
3074 1467 3216 1535 quod
3247 1484 3371 1537 pro-

1798 1541 1981 1610 phetia
2011 1557 2117 1597 non
2148 1552 2353 1599 tantum
2379 1542 2536 1610 bon'a,
2571 1550 2663 1603 sed
2706 1558 2761 1604 et
2804 1552 2944 1607 mala
2976 1554 3200 1611 dicitur:
3232 1556 3250 1614 l
3274 1542 3370 1616 Ill

1799 1629 1928 1704 Reg.
1961 1647 2113 1697 xvut,
2137 1634 2225 1698 16,
2252 1635 2337 1699 18,
2356 1635 2448 1700 22,
2479 1636 2568 1702 25,
2594 1638 2683 1709 40)
2707 1648 2761 1694 et
2786 1643 3060 1711 propheta:
3088 1647 3218 1703 dicti
3244 1658 3371 1705 sunt

1797 1722 2023 1815 Baalim,
2052 1736 2107 1780 et
2130 1728 2511 1799 exprobratum
2531 1739 2616 1785 est
2636 1732 2979 1801 quibusdam,
2996 1738 3121 1805 quia
3141 1742 3372 1815 prophe-

111 1822 433 1878 Iudaeorum
479 1838 575 1893 per
618 1822 1009 1891 blasphemiam
1046 1822 1100 1877 in
1141 1820 1379 1875 furorem
1425 1822 1655 1875 vertitur
1679 1861 1693 1885 ,
1726 1802 1772 1860 Β
1802 1814 1984 1871 tabant
2012 1816 2065 1871 in
2092 1814 2237 1871 Baal.
2272 1817 2387 1873 Non
2424 1834 2554 1889 ergo
2593 1833 2875 1891 propterea
2903 1802 3257 1895 necesse
3287 1834 3369 1887 in-

114 1914 347 1984 dignum
382 1922 463 1968 cst
490 1922 547 1968 ut
573 1916 641 1967 ad
674 1906 900 1968 salutem
950 1922 1153 1968 mentes
1191 1928 1377 1967 eorum
1408 1914 1560 1982 quasi
1586 1912 1700 1969 dul-

114 2005 314 2059 cedine
340 2006 581 2069 citharae,
610 2005 899 2059 locutionis
937 2004 1273 2073 Evangelicas
1307 2005 1698 2074 tranquillitate

117 2107 463 2152 revocentur.
498 2096 592 2168 1(Ῑ
625 2097 749 2167 Reg.
783 2098 868 2152 19.
912 2097 977 2165 μ
1024 2106 1072 2151 et
1100 2098 1328 2168 subseq.)
1376 2096 1536 2152 Mittit
1566 2095 1698 2150 Saul

115 2188 363 2241 custodes
391 2188 459 2241 ad
484 2188 695 2241 dommn
724 2187 910 2251 David,
936 2196 991 2240 ut
1023 2186 1341 2241 custodirent
1372 2202 1509 2249 eum,
1537 2194 1583 2239 et
1614 2187 1696 2240 in-

116 2279 469 2347 terﬁceretur,
492 2280 924 2334 abscessitautem
950 2278 1118 2333 David
1150 2288 1319 2341 nocte,
1352 2286 1400 2331 et
1428 2277 1583 2345 fugit,
1610 2285 1695 2329 at-

114 2386 217 2438 que
239 2370 474 2424 salvatus
496 2380 592 2423 est:
610 2387 827 2441 cumque
851 2371 1107 2424 venissent
1130 2368 1298 2421 nuntii
1326 2365 1474 2431 Saul,
1492 2368 1697 2423 invene-

116 2468 239 2512 runt
268 2470 500 2521 statuam
548 2461 603 2514 in
644 2460 775 2513 lecto
813 2459 984 2515 David
1021 2461 1267 2529 positam,
1315 2467 1365 2511 et
1398 2457 1585 2526 pellem
1618 2458 1697 2526 pi-

115 2549 287 2604 losam
337 2566 617 2619 caprarum
660 2550 729 2602 ad
771 2560 926 2618 caput
975 2550 1108 2617 eius.
1156 2568 1173 2600 ι
1227 2548 1525 2604 Audiamus
1567 2544 1696 2617 ergo

116 2637 246 2705 quid
279 2638 381 2691 hoc
407 2632 691 2706 signiﬁcet,
721 2637 863 2705 quod
899 2636 1109 2694 miserit
1138 2636 1268 2692 Saul
1297 2636 1362 2691 ad
1388 2636 1697 2693 custodiet}-

116 2726 243 2779 dam
275 2727 494 2780 domum
517 2727 701 2790 David,
728 2735 786 2781 ut
813 2742 937 2781 eum
974 2726 1319 2782 interficeret.
1346 2725 1459 2785 Hoc
1478 2740 1594 2783 non
1628 2726 1694 2785 ad

118 2830 341 2871 crucem
375 2816 604 2880 Domini,
629 2814 720 2869 sed
760 2825 938 2869 tamen
971 2814 1037 2868 ad
1059 2815 1365 2883 passionem
1395 2815 1511 2884 ejus
1534 2815 1697 2882 perti-

117 2911 211 2958 net
243 2903 571 2959 :crucilixus
625 2903 780 2957 enim
810 2902 1077 2967 Christus,
1108 2910 1161 2957 et
1212 2909 1479 2967 mortuus,
1515 2909 1569 2956 et
1610 2916 1694 2956 se—

114 2994 301 3061 pultus
332 3002 434 3048 est.
464 2994 593 3047 Erat
619 3008 747 3062 ergo
779 2992 867 3046 illa
899 2992 1173 3060 sepultura
1204 3001 1457 3061 tanquam
1479 2991 1689 3059 domus,

117 3084 187 3141 ad
226 3097 393 3152 quam
444 3082 849 3138 custodiendam
890 3081 1038 3136 misit
1083 3095 1308 3151 regnum
1352 3078 1689 3145 Iudaeorum,

1804 1902 1969 1994 telligi
1998 1904 2171 1962 bonus
2216 1908 2458 1977 spiritus,
2495 1912 2586 1981 qui
2631 1912 2807 1969 lactus
2850 1924 2935 1973 est
2972 1928 3160 1987 pOStea
3210 1938 3372 1994 super

1800 1991 1926 2047 Saul
1946 2034 1961 2060 ,
1990 1996 2121 2067 quia
2143 1996 2344 2077 dictum
2373 2008 2457 2056 est
2498 2020 2510 2054 :
2546 2002 2613 2056 Et
2652 2006 2952 2061 ambulabat
2974 1991 3291 2081 ingrediens,
3320 2022 3370 2069 et

1796 2082 2157 2151 prop/ietabat,
2182 2086 2274 2141 sed
2312 2089 2437 2157 quia
2463 2091 2577 2143 sine
2604 2092 2970 2150 additamento
3001 2102 3232 2166 positum
3262 2113 3367 2168 est,

1798 2177 1846 2221 et
1868 2169 2039 2240 factus
2061 2183 2133 2227 est
2159 2175 2372 2243 spiritus
2392 2177 2488 2230 Dei
2508 2196 2664 2248 super
2683 2198 2800 2233 eum
2827 2197 2844 2232 :
2862 2200 2966 2238 non
2992 2188 3133 2241 enim
3158 2190 3296 2247 sicut
3314 2192 3367 2246 in

1800 2256 1889 2309 illo
1914 2258 2032 2313 loco
2058 2261 2259 2315 dictum
2283 2274 2401 2318 erat
2423 2282 2603 2335 supra,
2630 2270 2845 2338 spiritus
2864 2273 2962 2327 Dei
2989 2278 3157 2330 malus
3178 2292 3197 2328 .'
3220 2290 3280 2334 ut
3300 2296 3367 2337 ex

1798 2346 1899 2439 hoc
1920 2359 2103 2418 posset
2129 2356 2290 2411 etiam
2322 2355 2377 2409 in
2399 2362 2852 2428 consequentibus
2882 2344 3178 2433 subaudiri,
3210 2372 3368 2439 quin-

1797 2437 1906 2493 imo
1961 2442 2241 2512 superiora
2289 2448 2460 2516 magis
2506 2451 2782 2521 magisque
2840 2463 3167 2513 attestantur
3218 2437 3366 2517 illum

1796 2529 2043 2598 spiritum
2076 2532 2170 2586 Dei
2221 2534 2421 2593 bonum
2472 2536 2659 2603 fuisse,
2691 2550 2746 2596 et
2777 2558 2902 2609 vere
2952 2548 3363 2616 propheticum:

1796 2617 1964 2712 Dav-id
1984 2621 2127 2712 enim
2158 2632 2276 2678 erat
2322 2640 2444 2681 cum
2485 2626 2755 2686 Samuelc.
2782 2633 2846 2699 (I
2877 2634 3000 2705 Reg.
3034 2652 3147 2705 six,
3180 2641 3271 2712 20)
3295 2642 3363 2699 Et

1797 2708 1938 2762 misit
1990 2709 2125 2769 Saul
2196 2716 2404 2769 nuntios
2432 2755 2448 2781 ,
2503 2719 2594 2787 qui
2648 2724 3090 2790 apprehenderat
3152 2708 3323 2785 David
3348 2749 3367 2795 ;

1794 2799 2011 2867 quando
2038 2808 2216 2859 autem
2248 2803 2462 2862 Samuel
2496 2818 2616 2873 erat
2646 2810 2787 2866 inter
2810 2817 3099 2884 prophetas
3149 2829 3204 2873 et
3240 2837 3364 2881 rem,

1796 2896 1884 2943 tus
1916 2894 2343 2964 prophetarum,
2392 2901 2486 2968 qui
2536 2902 2629 2955 illo
2667 2910 2906 2973 tempore
2951 2911 3363 2979 pr0phetahant,

1794 2984 1991 3075 nuntii,
2025 2986 2117 3055 qui
2164 2989 2314 3044 missi
2344 3002 2491 3058 sunt,
2538 3009 2760 3066 accepto
2811 3001 2878 3054 ab
2930 3004 3119 3057 eodem
3162 3005 3366 3075 Spiritu

1792 3073 2271 3163 prophetaverunt,
2309 3082 2594 3152 missisque
2621 3087 2739 3142 aliis
2768 3089 2871 3145 hoc
2894 3094 3136 3163 contigit,
3164 3073 3217 3150 ei
3253 3106 3367 3152 ter—

122 3174 363 3243 quando
394 3173 645 3228 custodes
710 3172 934 3227 adhibiti
1000 3181 1125 3227 sunt
1173 3172 1416 3241 sepulcro
1470 3171 1690 3228 Christi.
1721 3154 1764 3217 ε
1799 3159 1887 3252 {iis
1906 3162 2251 3221 nihilominus
2284 3185 2297 3220 :
2330 3179 2518 3237 postea
2558 3188 2679 3232 cum
2711 3186 2766 3231 et
2796 3179 2909 3247 ipse
2939 3154 3069 3237 Sani
3108 3154 3365 3252 venisset,

115 3263 339 3334 (Matth.
372 3264 463 3335 28)
508 3263 788 3331 Quomodo
817 3279 945 3334 ergo
970 3265 1237 3339 custodita
1266 3272 1350 3317 est
1387 3264 1599 3329 domus,
1646 3264 1690 3318 si

117 3353 292 3407 David
327 3352 594 3422 ﬁgurabat
622 3352 916 3419 Christum,
966 3362 1027 3408 ut
1078 3353 1325 3408 Christus
1362 3352 1693 3433 interﬁcere-

117 3452 228 3507 tur,
257 3444 385 3497 dum
436 3458 541 3498 non
582 3444 636 3497 in
691 3444 967 3511 sepultura
1004 3443 1271 3507 Christus,
1305 3444 1399 3497 sed
1435 3445 1488 3500 in
1526 3458 1690 3500 cruce

113 3534 187 3587 sit
211 3532 561 3588 interiectus?
581 3532 834 3589 Refertur
859 3536 1069 3609 ergoad
1096 3550 1291 3603 corpus
1314 3534 1536 3598 Christi,
1564 3536 1691 3604 quia
1730 3606 1735 3612 _

115 3621 425 3677 interficere
471 3621 768 3687 Christum,
821 3633 939 3677 erat
982 3623 1172 3677 tollere
1223 3638 1420 3678 nomen
1468 3622 1687 3680 Christi.

112 3709 303 3779 Neque
331 3710 473 3763 enim
502 3710 814 3765 crederetur
859 3712 913 3766 in
943 3712 1239 3777 Christum,
1270 3713 1315 3765 si
1350 3713 1688 3789 mendacium

113 3802 750 3869 prxvaleretcustodum,
780 3803 871 3867 qui
895 3804 1133 3871 corrupti
1165 3811 1308 3865 sunt,
1339 3804 1685 3861 utdicerent:

113 3892 281 3961 (Ibid.
313 3892 401 3944 ‘28.
450 3891 537 3961 15)
572 3891 706 3955 Quia
731 3890 1101 3946 dormientibus
1140 3893 1305 3950 nobis,
1331 3903 1580 3946 venerunt
1610 3894 1691 3948 di~

111 3980 304 4048 scipuli
331 3980 464 4048 ejus,
492 3992 537 4031 et
564 3980 891 4033 abstulerunt
919 3997 1037 4033 eum
1061 3995 1078 4031 :
1102 3981 1203 4035 hoc
1234 3989 1317 4035 est
1343 3982 1525 4049 itaque
1552 3982 1689 4035 velle

110 4072 392 4134 Christum
418 4072 743 4135 interﬁcere,
771 4087 964 4131 nomen
992 4073 1409 4126 resurrectionis
1454 4071 1568 4141 ejus
1596 4086 1691 4126 ex-

113 4164 412 4232 stinguere,
436 4173 494 4215 nt
516 4156 850 4218 mendaci-um
873 4164 1159 4232 Evangelio
1189 4163 1559 4233 praeferretur.
1582 4164 1688 4222 Sed

115 4253 257 4306 sicut
280 4251 409 4305 illud
430 4268 535 4311 non
571 4253 736 4307 valuit
758 4254 905 4319 Saul,
933 4263 993 4308 ut
1028 4254 1355 4308 interﬁceret
1398 4254 1588 4320 David,
1612 4256 1690 4309 sic

112 4359 216 4399 nec
259 4344 363 4399 hoc
402 4346 577 4412 potuit
612 4360 834 4421 regnum
871 4346 1175 4406 Judaeorum
1202 4345 1435 4412 edicere,
1468 4354 1527 4400 ut
1577 4361 1689 4401 mei-

114 4436 347 4495 moriam
370 4436 567 4494 Christi
597 4436 818 4493 deleret.
846 4435 937 4495 lsti
967 4444 1144 4490 autmn
1194 4435 1284 4502 qui
1324 4435 1391 4489 de
1415 4434 1544 4489 Saul
1578 4438 1688 4492 vir-

113 4534 253 4589 tute,
286 4525 444 4583 idest
474 4524 542 4585 de
567 4538 731 4593 regno
755 4523 1059 4585 Iudaeorum
1099 4527 1151 4580 in
1182 4524 1457 4587 Christum
1482 4542 1685 4596 praesu-

114 4631 264 4672 mere
289 4616 601 4679 voluerunt:
615 4615 952 4677 oﬂ‘cnderum
981 4617 1033 4670 in
1063 4616 1295 4685 lapidem
1338 4616 1682 4684 odensimis.

114 4714 374 4771 tanquam
398 4704 452 4756 in
477 4711 737 4763 statuam:
764 4713 818 4765 et
836 4705 1019 4765 hmdus
1040 4705 1156 4774 ejus
1180 4706 1328 4767 visus
1350 4716 1468 4761 erat
1494 4722 1683 4777 agnus,

114 4785 243 4858 quia'
272 4791 327 4842 in
365 4805 525 4859 quem
559 4804 836 4859 peccatum
873 4807 978 4849 non
1010 4793 1350 4858 invenerunt,
1382 4795 1533 4862 quasi
1564 4810 1687 4863 pec-

115 4888 354 4932 catorem
388 4881 655 4946 persecuti
684 4889 827 4935 sunt.
874 4880 1042 4951 Igitur
1083 4882 1252 4937 David
1304 4884 1462 4953 regi-.e
1495 4900 1685 4940 manus

116 4959 321 5021 factum
366 4970 609 5031 evitans,
648 4970 869 5039 ejusque
912 4973 1340 5039 persecutionem
1391 4974 1685 5038 declinans,

117 5056 167 5123 (l
211 5057 346 5126 Reg.
390 5060 476 5111 19.
515 5076 561 5111 υ.
618 5060 683 5114 18
724 5070 772 5113 st
812 5060 1038 5130 subseq.)
1072 5062 1222 5114 venit
1260 5063 1328 5117 ad
1358 5061 1685 5129 Samuelem,

116 5156 170 5202 et
202 5146 355 5201 misit
378 5146 504 5202 Saul
545 5150 781 5214 nuntios,
830 5150 920 5219 qui
964 5150 1434 5219 apprehenderent
1481 5152 1684 5207 David:

119 5236 339 5291 Samuel
363 5246 540 5291 autem
564 5248 687 5316 erat
737 5240 873 5293 inter
915 5237 1205 5309 prophetas
1241 5247 1297 5293 et
1340 5249 1517 5299 castus
1559 5256 1686 5310 pro—

116 5330 425 5399 phetarum,
450 5328 540 5395 qui
570 5327 659 5383 illo
687 5337 925 5401 tempore
954 5329 1411 5399 prophetaverunt
1441 5348 1452 5383 :
1489 5329 1556 5401 (υ.
1596 5331 1686 5385 20.

118 5418 177 5471 21
224 5426 275 5471 et
308 5416 538 5486 subseq.)
566 5418 737 5472 nuntii
761 5426 959 5482 autem,
1000 5418 1091 5487 qui
1122 5418 1272 5473 missi
1299 5426 1445 5481 sunt,
1470 5428 1692 5489 accepto

120 5506 360 5575 ejusdem
382 5506 572 5576 spiritu
604 5508 1079 5578 prophetaverunt,
1119 5509 1407 5578 missisque
1434 5509 1555 5563 aliis
1590 5511 1692 5565 hoc

1796 3249 1968 3316 factus
1991 3262 2065 3307 est
2092 3256 2247 3309 etiam
2274 3274 2429 3328 super
2450 3278 2564 3315 eum
2594 3262 2820 3331 Spiritus
2844 3268 2959 3334 Dei,
2989 3282 3037 3324 et
3066 3249 3368 3332 ambulabat

1794 3346 2107 3415 ingrediens,
2134 3360 2183 3403 et
2208 3356 2567 3421 prophetabat.
2616 3356 2749 3413 Cum
2786 3359 2929 3412 enim
2970 3361 3163 3417 dicitur
3194 3362 3367 3419 factus

1795 3443 1878 3493 est
1910 3438 2072 3492 etiam
2101 3453 2263 3508 super
2292 3442 2437 3509 ipsos
2465 3446 2684 3513 spiritus
2722 3446 2838 3511 Dei,
2884 3457 2937 3501 et
2974 3450 3369 3518 pr0phetahant

1794 3534 1848 3601 et
1898 3528 2019 3600 ipsi.
2054 3531 2197 3588 idem
2231 3536 2418 3604 utique
2448 3538 2668 3606 spiritus
2693 3549 2829 3605 erat,
2861 3541 2954 3609 qui
2989 3551 3107 3596 erat
3139 3543 3193 3596 in
3241 3558 3367 3617 pro-

1792 3618 2010 3691 phetis:
2048 3622 2188 3679 inter
2216 3640 2373 3694 quos,
2420 3636 2474 3681 et
2517 3627 2731 3683 Samuel
2778 3631 3026 3686 inventus
3054 3641 3156 3685 est.
3207 3634 3274 3687 Et
3300 3650 3368 3690 ex

1794 3708 1899 3763 hoc
1927 3710 2111 3780 utique
2147 3728 2370 3769 necesse
2400 3725 2484 3770 est
2514 3717 2735 3787 intelligi
2782 3718 2928 3772 illum
2976 3721 3225 3788 spiritum
3274 3722 3369 3777 ho-

1794 3814 1941 3852 num.
1971 3800 2147 3871 Atque
2178 3804 2297 3857 ideo
2319 3806 2545 3873 quaestio
2584 3805 2866 3875 diligenter
2898 3808 3232 3863 discutienda
3260 3819 3366 3877 est,

1792 3889 2063 3955 quomodo
2085 3901 2137 3943 et
2160 3886 2237 3944 illi
2273 3908 2397 3946 cum
2427 3894 2578 3947 missi
2608 3904 2789 3949 essent
2820 3896 2886 3949 ad
2934 3899 3223 3952 tenendum
3271 3900 3369 3954 ho-

1792 3976 2015 4041 minem,
2062 3986 2116 4032 et
2152 3981 2219 4033 ad
2260 3995 2448 4035 necem
2501 3982 2821 4048 ducendum,
2868 3984 2960 4040 tali
3006 3986 3196 4055 spiritu
3229 3987 3366 4042 allici

1792 4079 2123 4135 meruerunt,
2151 4080 2204 4125 et
2234 4070 2361 4126 Saul
2390 4074 2626 4143 ipse,qui
2659 4075 2877 4129 miserat
2904 4078 3127 4131 veniens
3154 4086 3208 4148 et
3232 4080 3364 4148 ipsc,

1791 4164 1847 4211 et
1871 4158 2183 4227 sanguinem
2234 4161 2570 4216 innocentem
2608 4179 2855 4231 quaerens
2898 4146 3199 4232 ell‘undere,
3231 4146 3368 4225 acci-

1790 4261 1919 4315 pere
1950 4250 2149 4303 meruit
2180 4251 2429 4319 spiritum
2452 4252 2622 4315 illum,
2657 4261 2709 4306 et
2744 4256 3084 4323 prophetare.

1868 4352 1884 4383 ι
1919 4334 2019 4389 Hic
2043 4337 2239 4390 mirum
2272 4338 2398 4393 illud
2433 4340 2831 4409 occurritquod
2861 4344 3134 4412 apostolus
3159 4344 3356 4401 Paulus

1791 4424 2135 4493 apertissime
2179 4428 2401 4495 exponit
2466 4445 2479 4480 :
2533 4431 3021 4498 supereminentem
3077 4434 3220 4493 viam
3272 4434 3366 4489 de-

1790 4521 2096 4568 monstrans
2131 4532 2143 4569 :
2171 4513 2231 4585 (I
2267 4515 2385 4569 Cor.
2418 4534 2538 4581 ιιιι,
2560 4518 2753 4587 l,etc.)
2787 4516 2844 4571 Si
2872 4520 3062 4589 linguis
3092 4522 3361 4577 hominum

1782 4602 1991 4673 loquar,
2049 4614 2097 4657 et
2140 4609 2473 4676 angelorum,
2530 4610 2836 4662 charitatem
2905 4594 3077 4665 autem
3130 4629 3232 4669 non
3268 4616 3363 4668 Ita-

1783 4694 1953 4759 beam,
1982 4695 2153 4763 factus
2184 4714 2297 4749 sum
2326 4708 2664 4752 wramentum
2692 4716 2903 4761 sonans,
2950 4711 3042 4753 aut
3065 4684 3361 4770 cymbalum

1784 4783 2046 4838 tinniens:
2076 4794 2123 4837 et
2168 4786 2214 4838 si
2260 4786 2486 4839 habuero
2510 4789 2833 4857 pr0phetiam
2854 4829 2867 4852 ,
2913 4799 2959 4853 et
2986 4790 3149 4844 sciero
3185 4794 3360 4845 omnia

1785 4886 2147 4957 sacramenta,
2206 4886 2255 4929 et
2304 4894 2505 4931 omnem
2557 4879 2888 4953 scientiam;
2942 4889 2991 4932 et
3029 4881 3075 4935 si
3130 4864 3359 4936 habuere

1789 4980 1991 5021 omnem
2014 4966 2191 5033 ﬁdem,
2236 4966 2309 5018 ita
2350 4976 2407 5018 ut
2449 4976 2646 5019 montes
2685 4967 3021 5039 transferam,
3054 4969 3358 5031 charitatem

1790 5064 1963 5113 autem
1991 5072 2093 5108 non
2113 5057 2354 5119 habeam,
2382 5056 2513 5109 nihil
2542 5073 2675 5109 sum.
2708 5056 2775 5109 Et
2822 5058 2867 5110 si
2905 5058 3217 5112 distribuero
3244 5060 3359 5113 sub.

1788 5146 2034 5197 stantiam
2062 5158 2269 5198 meam:
2305 5153 2353 5197 et
2387 5145 2431 5197 si
2462 5144 2726 5197 tradidero
2765 5162 2951 5215 corpus
2975 5161 3143 5198 meum
3185 5155 3240 5198 ut
3266 5163 3356 5198 ar-

1790 5235 1988 5289 deam:
2025 5236 2329 5291 charitatem
2380 5245 2553 5289 autem
2598 5253 2699 5290 non
2754 5236 3011 5300 habeam,
3054 5234 3182 5290 nihil
3230 5236 3357 5290 mihi

1790 5328 2018 5396 prodest.
2048 5326 2165 5393 Quo
2209 5328 2265 5381 in
2309 5328 2429 5382 loco
2460 5326 2804 5389 manifestum
2828 5334 2932 5391 est,
2980 5340 3100 5380 eum
3132 5339 3356 5382 munera

1795 5419 1885 5473 illa
1920 5433 2399 5480 commemorasse,
2431 5433 2550 5486 qua:
2592 5415 2827 5487 Spiritus
2875 5416 3048 5471 sancti
3083 5413 3359 5474 divisioni-

1793 5511 1895 5567 bus
1916 5510 2131 5574 dantur,
2149 5509 2288 5563 sicut
2303 5508 2547 5577 superius
2575 5507 2735 5560 dicit:
2759 5504 2823 5568 (1
2849 5504 2969 5559 Cor.
2992 5521 3066 5557 ιιι
3086 5544 3101 5569 ,
3130 5503 3184 5567 7,
3227 5501 3357 5575 etc.)

189 5655 212 5682 II
253 5640 651 5714 Subsequentia
684 5644 920 5709 reperies
951 5658 1175 5699 [numero
1206 5642 1434 5710 septimo
1472 5653 1529 5695 et
1574 5643 2026 5714 subsequentibus
2089 5644 2403 5712 quaestionis
2437 5643 2458 5695 l
2506 5642 2627 5697 libri
2667 5657 2705 5696 ιι
2751 5641 2824 5694 De
2870 5640 3084 5697 diversis
3122 5640 3373 5709 quastio-

123 5713 270 5767 nibus
296 5711 365 5764 ad
389 5708 804 5780 Simplicianum.
