3912 6332
511 329 620 387 675

1585 336 1864 395 CLAUDII
1912 339 2364 396 l‘AURlNENSlS
2397 341 2702 398 EPlSCOPl

3671 343 3764 396 676

514 443 804 516 Unicuique
831 455 1004 500 autem
1039 446 1198 501 datur
1229 448 1582 518 manifestatio
1610 450 1840 522 Spiritus
1866 453 1934 506 ad
1979 452 2086 504 uti-
2115 456 2167 515 Α
2192 467 2312 522 quae
2343 453 2396 506 in
2440 452 2730 525 Evangelia
2767 455 2962 524 scripta
2985 464 3110 510 sunt
3135 456 3350 526 (Matth.
3374 473 3471 521 vn,
3496 457 3590 520 ἥ.
3617 462 3766 527 etc),

510 535 731 589 litatem.
759 533 865 588 Alii
898 545 1072 590 autem
1112 538 1272 590 datur
1293 555 1385 608 per
1404 537 1658 608 Spiritum
1685 557 1854 595 sermo
1881 541 2086 611 sapien-

511 623 599 677 tia
623 639 642 677 :
673 622 766 677 alii
805 639 977 677 sermo
1017 624 1245 687 scientia:
1295 627 1582 680 secundum
1624 629 1862 682 eumdem
1918 628 2089 698 Spiri-

509 697 621 766 tum
642 725 660 764 :
685 712 834 765 alteri
860 722 1034 766 autem
1052 713 1186 782 ﬁdes
1215 715 1270 768 in
1299 716 1479 769 eodem
1510 715 1715 784 Spiritu
1742 734 1759 772 :
1801 718 1895 770 alii
1922 697 2089 770 dona-

509 802 584 855 tio
613 802 944 854 curationum
969 802 1024 854 in
1053 819 1157 855 uno
1194 802 1396 874 Spiritu
1431 819 1448 854 :
1491 805 1585 858 alii
1632 808 1955 875 operationes
1981 807 2088 860 vir-

509 902 678 945 tutum
705 907 722 945 :
752 890 846 943 alii
872 892 1144 961 prophetia
1168 909 1186 948 :
1213 891 1307 945 alii
1335 893 1647 961 dijudicatio
1663 896 1976 965 spirituum:
2005 895 2089 948 al-

508 981 606 1038 teri
649 996 840 1051 genera
891 979 1214 1050 linguarum.
1251 980 1442 1035 Omnia
1485 993 1658 1037 autem
1685 985 1800 1038 [uec
1845 995 2092 1054 operatur

508 1085 644 1124 unus
690 1079 844 1140 atque
869 1069 1007 1124 idem
1037 1067 1287 1138 Spiritus,
1317 1071 1548 1124 dividens
1578 1075 1788 1142 propria
1812 1074 2089 1142 unicuique

505 1170 677 1236 prout
702 1159 830 1213 uult.
885 1159 1034 1214 Satis
1075 1173 1203 1230 ergo
1234 1171 1457 1231 apparet
1491 1164 1633 1217 inter
1659 1164 1799 1217 dona
1852 1161 2088 1231 Spiritus

505 1250 677 1303 sancti
705 1261 826 1303 esse
852 1249 1190 1318 prophetiam
1217 1267 1231 1303 :
1262 1265 1424 1320 quam
1453 1260 1632 1305 tamen
1652 1251 1698 1306 si
1725 1252 1845 1320 quis
1866 1253 2081 1315 habeat,

507 1350 562 1395 ct
592 1343 912 1396 charitatem
967 1356 1073 1396 non
1113 1343 1331 1407 habeat,
1365 1343 1494 1396 nihil
1547 1350 1646 1397 est.
1680 1343 1760 1397 Ex
1789 1359 1895 1413 quo
1926 1344 2085 1398 intel-

504 1429 691 1502 ligitur
739 1431 857 1485 ﬁeri
907 1446 1088 1500 posse,
1130 1440 1191 1486 ut
1247 1433 1467 1502 quidam
1512 1433 1677 1487 etiam
1723 1433 1929 1502 indigni
1977 1434 2085 1487 vita

502 1530 727 1587 aeterna,
760 1537 1032 1591 regnoque
1060 1522 1339 1585 caelorum,
1374 1530 1731 1592 aspergantur
1761 1531 1940 1576 tamen
1967 1523 2088 1592 qui-

487 1599 726 1665 busdam
780 1610 1015 1680 Spiritus
1066 1612 1238 1664 sancti
1291 1611 1625 1676 muneribus,
1677 1625 1784 1665 non
1822 1612 2086 1667 habentes

500 1701 854 1764 charitatem,
903 1702 1020 1756 sine
1047 1717 1153 1771 qua
1199 1701 1289 1756 illa
1336 1718 1562 1757 munera
1606 1718 1713 1757 non
1750 1704 1888 1757 nihil
1934 1711 2077 1768 sunt,

2192 542 2389 596 multos
2430 543 2668 599 dicturos
2707 546 2760 599 in
2805 546 2894 600 illa
2937 548 3023 601 die
3073 563 3087 601 :
3133 547 3382 612 Domine,
3432 549 3684 611 Domine,
3717 552 3767 601 in

2191 633 2395 685 nomine
2429 642 2517 685 tuo
2545 635 2996 699 manducavimus.
3019 647 3065 689 et
3102 637 3344 701 bibimus,
3379 648 3428 691 et
3468 640 3521 691 in
3566 638 3770 691 nomine

2189 729 2278 772 tuo
2306 722 2742 790 prophetavimus,
2777 727 2907 779 etin
2948 728 3155 781 nomine
3198 738 3286 782 tuo
3315 730 3529 782 uirtutes
3577 731 3770 780 multas

2190 806 2428 874 fecimus.
2458 808 2664 874 Quibus
2694 821 2871 866 tamen
2901 815 3146 870 dicturus
3175 826 3258 870 est
3301 816 3458 871 εΝοη
3492 818 3611 871 novi
3643 834 3770 871 vos:

2190 895 2412 950 recedite
2457 915 2489 951 a
2540 915 2639 963 me,
2686 904 2912 969 operarii
2947 905 3254 975 iniquitatis.
3315 905 3432 959 Non
3482 909 3631 961 enim
3679 923 3772 961 eos

2188 986 2511 1040 mentientes
2543 989 2850 1056 putabimus
2889 993 2989 1047 ista
3031 993 3270 1048 dicturos
3313 996 3366 1048 in
3405 997 3496 1049 illo
3535 997 3769 1065 judicio,

2189 1075 2279 1128 ubi
2309 1075 2488 1143 nullus
2530 1079 2632 1131 erit
2679 1078 2897 1134 fallendi
2929 1081 3097 1147 locus,
3127 1092 3220 1136 aut
3265 1084 3427 1138 ullam
3457 1101 3654 1139 vocem
3687 1096 3770 1139 ta-

2189 1162 2318 1216 lium
2355 1163 2580 1232 legimus
2628 1167 2922 1223 dicentium
2969 1185 2993 1224 τ
3032 1172 3318 1227 dileximus
3369 1182 3440 1228 te.
3502 1175 3774 1229 Poterunt

2187 1266 2317 1321 ergo
2365 1255 2544 1308 dicere
2595 1270 2608 1309 :
2649 1258 2702 1311 in
2747 1260 2953 1312 nomine
3005 1270 3095 1314 tuo
3147 1264 3598 1332 prophetaeimus,
3649 1281 3772 1319 cum

2186 1342 2296 1394 sint
2334 1343 2586 1412 improbi,
2619 1353 2675 1400 et
2721 1349 2937 1417 reprobi
2967 1367 2978 1402 :
3007 1365 3112 1403 non
3169 1360 3348 1408 autem
3384 1363 3648 1421 poterunt
3693 1357 3774 1410 di-

2186 1446 2333 1496 cere,
2371 1434 2733 1500 dilectionem,
2762 1453 2923 1506 quam
2950 1441 3553 1506 mandasti,‘tenuimus
3592 1464 3606 1496 :
3646 1461 3771 1499 nam

2185 1521 2230 1575 si
2287 1522 2494 1598 dicent,
2536 1539 2643 1579 non
2689 1527 2770 1581 eis
2804 1529 3217 1597 respondebitur
3269 1548 3282 1582 :
3338 1547 3438 1585 non
3489 1535 3613 1586 novi
3661 1552 3770 1587 ros.

2186 1610 2365 1678 (Joan.
2392 1628 2511 1678 xm,
2537 1614 2626 1684 55)
2643 1614 2708 1668 In
2723 1618 2821 1669 hoc
2847 1619 2982 1671 enim
3013 1630 3368 1689 oognoscetur,
3405 1622 3604 1690 inquit,
3643 1626 3771 1690 quia

2184 1701 2425 1770 discipuli
2453 1705 2550 1758 mei
2574 1707 2769 1774 estis,si
2798 1723 2883 1761 vos
2918 1710 3405 1779 invicem-diligatis.

502 1793 598 1846 sed
623 1791 760 1844 nihil
807 1792 886 1846 eis
915 1799 1163 1862 prosunt.
1204 1791 1493 1861 Prophetia
1522 1793 1716 1862 quippe
1745 1792 1860 1846 sine
1905 1792 2084 1847 chari-
2111 1788 2158 1846 B
2260 1790 2634 1862 «Exemplum
2663 1797 2846 1865 itaque
2873 1796 3032 1865 hujus
3081 1797 3209 1852 Saul
3262 1800 3466 1854 resistit
3512 1800 3772 1870 superbis

503 1888 633 1946 tate,
674 1883 813 1937 sicut
855 1883 1283 1936 demonstratum
1323 1892 1430 1947 est,
1472 1898 1578 1936 non
1615 1881 1862 1950 perducit
1899 1882 1967 1935 ad
1996 1895 2084 1934 re-

501 1985 664 2041 gnum
693 1971 786 2030 Dei
820 1989 834 2025 :
861 1971 1100 2025 charitas
1130 1983 1257 2023 vero
1281 1970 1396 2024 sine
1434 1970 1719 2039 prophetia
1749 1969 1936 2037 utique
1964 1983 2088 2037 per-

499 2061 667 2116 ducit.
698 2060 834 2115 Cum
880 2061 1025 2116 enim
1054 2060 1280 2129 loquens
1321 2060 1386 2113 de
1419 2060 1676 2116 membris
1717 2057 1920 2114 Christi
1952 2060 2030 2112 ait
2066 2076 2080 2112 :

501 2148 666 2219 (Ibid.
688 2149 781 2218 29)
820 2147 1083 2219 Nunquid
1123 2164 1299 2201 omnes
1335 2148 1609 2217 Apostoli?
1643 2149 1878 2218 nunquid
1909 2164 2085 2201 omnes

500 2235 817 2307 Prop/tene?
837 2238 1211 2292 indubitanter
1231 2239 1468 2293 ostendit
1488 2238 1651 2292 etiam
1675 2252 1820 2301 eum,
1839 2238 1930 2308 qui
1955 2253 2083 2308 pro-

497 2330 739 2400 phetiam
770 2346 874 2383 non
906 2330 1263 2396 habet,posse
1285 2328 1338 2381 in
1364 2326 1620 2382 membris
1656 2327 1864 2382 Christi
1896 2342 2085 2381 nume-

499 2419 611 2473 rari
639 2436 652 2471 :
692 2420 780 2473 ubi
807 2434 969 2488 quem
1000 2418 1176 2472 locum
1222 2418 1469 2481 haberet,
1500 2417 1543 2470 si
1577 2416 1930 2480 charitatem,
1968 2416 2083 2469 sine

494 2523 603 2580 qua
633 2509 794 2563 homo
818 2507 950 2563 nihil
976 2516 1080 2572 est,
1110 2522 1218 2561 non
1248 2506 1508 2561 haberet?
1535 2506 1680 2560 nullo
1720 2513 1899 2559 autem
1922 2505 2083 2559 modo

497 2588 575 2653 ita
623 2598 875 2652 diceret:
917 2597 1135 2665 quando
1190 2597 1257 2650 de
1301 2595 1559 2650 membris
1604 2596 1831 2666 agebat,
1882 2595 2081 2664 quibus

496 2679 699 2757 Christi
740 2663 948 2758 corpus
990 2687 1241 2754 impletur
1281 2704 1293 2739 :
1337 2687 1580 2756 nunquid
1629 2663 1821 2741 omnes
1876 2687 2081 2741 habent

495 2778 857 2832 duaritatem?
897 2767 1353 2846 quemadmodum
1398 2776 1555 2841 dixit,
1592 2777 1837 2847 nunquid
1890 2793 2080 2833 omnes

496 2869 770 2940 Apostoli?
791 2868 1030 2937 nunquid
1056 2884 1246 2923 omnes
1274 2867 1595 2937 Prophetas?
1616 2869 1859 2938 nunquid
1888 2869 2085 2923 ornnes'

503 2960 776 3014 Virtutes?
815 2960 1055 3028 nunquid
1084 2972 1274 3012 omnes
1297 2957 1439 3013 dona
1478 2958 1679 3013 habent
1712 2959 2074 3023 curationum,

495 3058 554 3105 et
583 3060 779 3107 cetera
809 3047 1155 3117 hujuSmodi?

576 3179 595 3213 ι
629 3160 735 3216 Sed
761 3161 890 3216 dicit
930 3160 1147 3229 aliquis,
1171 3175 1328 3231 posse
1354 3161 1570 3231 quidem
1594 3162 1734 3225 ﬂeri,
1763 3169 1823 3215 ut
1847 3162 2081 3231 praphe—

495 3250 626 3308 tiam
657 3251 886 3322 quisque
917 3266 1023 3305 non
1078 3252 1293 3316 habeat,
1329 3260 1384 3306 et
1410 3259 1587 3306 tamen
1619 3252 1815 3306 habeat
1837 3251 2077 3306 charita-

496 3353 624 3407 tem,
667 3349 830 3410 atque
867 3341 988 3395 ideo
1033 3340 1234 3396 Christi
1259 3342 1519 3396 membris
1566 3343 1956 3397 adnumeratus
1997 3342 2079 3396 in-

496 3433 699 3487 haereat
727 3449 739 3484 :
769 3431 864 3485 sed
885 3431 1002 3485 ﬁeri
1033 3446 1137 3485 non
1162 3447 1347 3509 posse,
1380 3442 1438 3486 ut
1466 3433 1810 3502 prophetiam
1854 3433 2074 3499 habeat,

494 3531 550 3578 et
573 3538 679 3577 non
714 3521 912 3576 haheat
953 3521 1297 3577 charitatem.
1332 3522 1478 3576 Nihil
1499 3530 1582 3577 est
1612 3525 1757 3577 enim
1783 3524 1944 3579 homo
1960 3527 2075 3588 ,ha~

494 3613 628 3666 hens
665 3610 1006 3680 prophetiam
1044 3610 1162 3664 sine
1206 3611 1492 3664 charitate.
1521 3611 1598 3665 ita
1623 3610 1854 3667 fortasse
1889 3629 2077 3682 quem-

493 3705 780 3760 admodum
810 3719 1094 3774 possumus
1129 3703 1326 3767 dicere,
1359 3705 1493 3758 nihil
1534 3719 1653 3759 esse
1681 3706 1956 3760 hominem
1981 3690 2077 3761 Sha-

492 3796 710 3852 beutem
749 3795 985 3866 animam
1012 3795 1133 3849 sine
1158 3803 1340 3849 mente
1377 3813 1388 3846 :
1424 3810 1530 3848 non
1563 3796 1689 3863 quia
1721 3804 1900 3865 potest
1929 3796 2077 3852 inve-

493 3888 598 3942 niri
623 3887 807 3951 homo,
834 3886 923 3956 qui
948 3893 1181 3940 mentem
1212 3901 1316 3938 non
1339 3887 1557 3951 habeat,
1575 3887 1786 3941 habens
1812 3888 2072 3953 animam,

492 3979 605 4041 sed,
629 3978 754 4049 quia
778 3977 916 4032 nihil
937 3985 1100 4042 esset,
1125 3977 1168 4031 si
1194 3977 1422 4030 inveniri
1442 3977 1632 4045 possit.
1660 3975 1751 4032 Sic
1777 3979 1940 4032 etiam
1969 3980 2075 4034 dici

490 4078 669 4138 potest
685 4086 697 4121 :
712 4082 909 4136 corpus
928 4068 1155 4137 ﬁguram
1171 4068 1354 4131 habet,
1377 4065 1616 4122 colorem
1645 4081 1750 4120 non
1779 4067 1944 4121 habet
1971 4069 2078 4123 :vi-

489 4157 605 4213 deri
631 4174 736 4212 non
765 4166 964 4228 potest,
999 4173 1106 4211 non
1127 4157 1251 4228 quia
1277 4164 1358 4211 est
1384 4172 1598 4225 corpus,
1625 4158 1711 4211 cui
1734 4157 1874 4212 desit
1905 4159 2072 4225 color,

491 4249 586 4306 sed
627 4251 777 4319 quia,
810 4250 855 4302 si
880 4249 1128 4327 deesset,
1173 4247 1324 4301 cerni
1360 4262 1468 4301 non
1502 4250 1692 4318 possit.
1728 4248 1804 4302 ιω
1842 4247 2074 4304 fortasse

490 4340 694 4414 dictum
737 4347 838 4404 est,
867 4339 1006 4406 quod
1043 4338 1088 4393 si
1118 4336 1346 4416 quisque
1400 4339 1563 4392 habet
1613 4340 1985 4407 prophetiam,
2018 4351 2073 4396 et

2189 1882 2459 1937 nonnullis
2483 1884 2773 1951 haereticis,
2789 1887 2890 1954 qui"
2940 1887 3019 1940 vel
3043 1888 3243 1956 aliquid
3267 1889 3392 1942 boni
3430 1891 3495 1943 de
3520 1891 3773 1944 muneri-

2187 1972 2289 2028 bus
2329 1970 2502 2028 sancti
2534 1973 2770 2045 Spiritus
2817 1987 3016 2047 negant
3050 1993 3211 2046 posse
3241 1979 3357 2033 dari
3403 1966 3528 2041 eis,
3562 1981 3666 2047 qui
3705 1980 3771 2032 ad

2187 2070 2389 2116 sortem
2420 2073 2732 2118 sanctorum
2760 2081 2864 2119 non
2910 2070 3182 2135 pertinent
3215 2083 3229 2118 :
3256 2065 3379 2120 cum
3422 2069 3502 2121 eis
3527 2069 3769 2122 dicimus

2187 2152 2387 2206 habere
2414 2152 2534 2208 illos
2556 2170 2715 2223 posse
2735 2156 2988 2224 baptismi
3019 2164 3438 2222 sacramentum,
3469 2159 3612 2225 quod
3642 2173 3767 2212 cum

2187 2241 2255 2294 ad
2300 2242 2600 2297 Ecclesiam
2654 2245 2978 2300 catholicam
3017 2248 3262 2312 veniunt,
3293 2263 3400 2300 non
3449 2257 3532 2302 est
3577 2249 3638 2302 in
3693 2248 3771 2303 eis

2185 2332 2294 2387 ullo
2330 2334 2491 2388 modo
2521 2334 2852 2400 violandum,
2897 2345 2990 2390 aut
3018 2338 3172 2405 quasi
3204 2353 3309 2392 non
3351 2338 3603 2402 habeant,
3660 2349 3772 2392 tra-

2183 2422 2417 2476 dendum
2442 2439 2458 2474 2
2493 2425 2588 2478 sed
2612 2432 2790 2478 tamen
2820 2440 2913 2479 eos
2933 2441 3041 2480 non
3069 2426 3190 2481 ideo
3214 2413 3375 2481 saluti
3409 2427 3608 2482 debere
3638 2445 3771 2483 con-

2185 2512 2371 2578 lidere,
2403 2515 2528 2583 quia
2564 2531 2672 2569 non
2700 2516 3091 2585 improbamus,
3137 2518 3281 2587 quod
3331 2519 3450 2573 illos
3482 2521 3769 2588 accepisse

2184 2606 2559 2676 concedimus,
2593 2609 2689 2662 sed
2737 2617 2989 2678 Oportere
3035 2624 3366 2678 cognoscere
3416 2611 3648 2667 unitatis
3684 2628 3770 2666 so-

2180 2695 2436 2750 cietatem
2486 2697 2706 2752 vinculo
2752 2697 3038 2752 charitatis
3068 2699 3121 2751 in
3169 2700 3436 2765 eumdem,
3485 2703 3603 2755 sine
3658 2717 3766 2771 qua

2181 2787 2404 2841 omnino
2432 2788 2691 2857 quidquid
2712 2789 2913 2843 habere
2938 2784 3212 2858 p'otuerint
3232 2830 3246 2854 ,
3287 2793 3534 2859 quamvis
3563 2808 3664 2861 per
3709 2807 3766 2847 se

2183 2887 2430 2933 sanctum
2467 2889 2631 2949 atque
2669 2881 3059 2945 venerandum,
3088 2881 3188 2949 ipsi
3217 2889 3398 2936 tamen
3431 2883 3563 2936 nihil
3595 2893 3762 2947 sunt;

2182 2979 2333 3025 tanto
2353 2971 2686 3041 indigniores
2709 2971 2886 3028 eﬂ‘ecti
2917 2975 3137 3043 prtemio
3162 2975 3283 3028 vitae
3305 2982 3540 3039 :eternae,
3556 2989 3766 3045 quanto

2183 3061 2288 3117 illis
2315 3062 2471 3116 donis
2498 3077 2602 3116 non
2643 3064 2782 3118 bene
2815 3064 2897 3118 usi
2942 3073 3085 3128 sunt,
3111 3079 3230 3132 qua:
3266 3065 3320 3118 in
3341 3064 3449 3119 hac
3477 3066 3609 3130 vita,
3642 3083 3764 3134 qum

2184 3151 2480 3206 transitura
2508 3159 2988 3221 esthacceperunt.
3017 3151 3131 3206 Non
3169 3161 3349 3206 autem
3381 3153 3520 3221 bene
3564 3154 3761 3216 utitur,

2180 3239 2283 3293 nisi
2327 3240 2569 3294 charitas
2589 3281 2602 3306 ,
2627 3239 2680 3306 (Ι
2713 3239 2835 3295 Cor.
2866 3257 2987 3303 xm,
3017 3241 3092 3311 '7),
3119 3249 3172 3294 et
3201 3242 3441 3296 charitas
3459 3242 3642 3296 omnia
3678 3252 3762 3295 to-

2177 3332 2335 3395 lerat.
2364 3341 2527 3402 atque
2549 3333 2668 3388 ideo
2691 3348 2798 3386 non
2829 3333 3024 3387 scindit
3048 3333 3329 3396 unitatem,
3357 3334 3510 3402 cujus
3540 3334 3655 3403 ipsa
3680 3343 3764 3388 est

2178 3421 2534 3477 fortissimum
2567 3422 2861 3477 vinculum.
2894 3421 3012 3476 Non
3041 3423 3184 3476 enim
3227 3432 3282 3474 et
3313 3437 3504 3476 servus
3530 3423 3616 3477 ille
3651 3439 3760 3477 non

2177 3511 2388 3580 accepit
2429 3511 2713 3577 talentum,
2746 3520 2839 3565 aut
2864 3511 3065 3579 aliquid
3098 3512 3241 3564 aliud
3299 3512 3622 3583 intelligitur
3676 3523 3756 3567 ta-

2176 3602 2402 3666 lentum,
2418 3617 2580 3671 quam
2599 3619 2796 3658 munus
2812 3603 3025 3672 aliquod
3047 3604 3233 3672 utique
3255 3603 3515 3657 divinum.
3539 3604 3756 3673 (Matth.

2175 3707 2305 3757 xxv,
2338 3691 2431 3763 29)
2481 3681 2584 3745 Sed
2615 3693 2706 3763 qui
2733 3693 2906 3757 habet,
2935 3694 3147 3746 dabitur
3168 3695 3214 3746 ei
3247 3707 3265 3743 :
3309 3695 3400 3761 qui
3443 3705 3618 3747 autem
3653 3711 3756 3747 non

2175 3782 2347 3846 habet,
2386 3790 2433 3835 et
2474 3781 2614 3851 quod
2659 3783 2830 3845 habet,
2882 3783 3152 3850 auferetur
3207 3779 3271 3835 ab
3312 3798 3393 3836 eo.
3440 3782 3594 3849 Quod
3645 3799 3752 3838 non

2175 3873 2344 3927 habet.
2387 3871 2589 3927 auferri
2619 3885 2726 3926 non
2767 3881 2968 3940 potest,
3001 3872 3093 3926 sed
3143 3872 3288 3926 aliud
3325 3887 3434 3926 non
3486 3872 3672 3937 habet,
3698 3885 3754 3926 ut

2175 3965 2371 4018 merito
2397 3963 2695 4029 auferatur,
2726 3964 2868 4033 quod
2890 3963 3072 4017 habet.
3099 3963 3214 4017 Non
3239 3964 3404 4018 habet
3429 3964 3752 4018 charitatcm

2174 4054 2392 4118 utendi,
2411 4062 2471 4108 ut
2499 4054 2777 4108 auferatur
2803 4053 3060 4123 quidquid
3084 4053 3229 4107 aliud
3261 4053 3440 4117 habet,
3473 4055 3616 4124 quod
3635 4056 3753 4108 sine

2174 4143 2441 4198 charitate
2467 4158 2573 4197 non
2600 4145 2839 4213 prodest.

2251 4252 2268 4284 ‹
2311 4232 2426 4288 Non
2450 4234 2613 4304 igitur
2637 4234 2834 4287 mirum
2859 4244 2942 4287 est
2971 4248 3151 4303 regem
3196 4233 3345 4298 Saul,
3370 4243 3424 4288 et
3446 4250 3513 4290 eo
3547 4246 3749 4305 tempo-

2172 4339 2262 4388 re,
2291 4339 2397 4392 quo
2418 4324 2654 4394 primum
2679 4331 2875 4378 unctus
2900 4331 3003 4388 est,
3038 4325 3312 4394 accepisse
3349 4326 3602 4394 spiritum
3625 4342 3750 4396 pro-

487 4430 965 4508 charitatemnon
1015 4428 1199 4492 habet,
1235 4414 1512 4491 nihilost,
1560 4443 1667 4481 non
1714 4429 1841 4497 quia
1888 4440 2070 4498 potest

2181 4414 2460 4483 phetandi;
2498 4423 2554 4468 et
2590 4422 2777 4484 postea
2805 4429 2930 4469 eum
2955 4421 3099 4469 esset
3126 4429 3224 4483 pro
3271 4416 3638 4473 inobedientia
3669 4435 3751 4474 re-

491 4519 544 4589 in
575 4529 844 4589 quoquam
868 4532 987 4573 esse
1022 4518 1303 4588 prophetia
1333 4518 1448 4572 sine
1474 4519 1761 4583 charitate,
1805 4519 1898 4574 sed
1921 4521 2069 4589 quia,

491 4608 539 4663 si
574 4616 736 4672 esset,
769 4605 1022 4676 prodesse
1054 4622 1160 4674 non
1197 4617 1395 4676 posset.
1431 4607 1576 4676 Opus
1603 4616 1686 4663 est
1711 4625 1841 4680 ergo
1869 4611 1936 4664 ad
1967 4611 2073 4665 sol-

490 4699 724 4754 vendum
772 4699 933 4753 istam
961 4698 1336 4766 quaestionem,
1368 4706 1428 4752 ut
1456 4699 1806 4754 os:endamus
1835 4699 2070 4769 aliquem

493 4791 784 4861 reprobum
811 4790 913 4844 hoc
953 4790 1152 4844 donum
1180 4788 1433 4843 habuisse
1465 4790 1782 4857 prophetiae.
1831 4789 1982 4857 Quod
2026 4791 2070 4845 si

491 4881 762 4937 neminem
790 4879 1177 4943 invenerimus,
1194 4879 1295 4932 hoc
1322 4880 1423 4932 iste
1445 4878 1560 4949 ipse
1582 4879 1711 4934 Saul
1742 4879 1874 4934 satis
1891 4887 2072 4934 osten-

493 4971 663 5026 deret.
707 4969 818 5024 Sed
862 4977 1040 5023 tamen
1077 4968 1240 5022 etiam
1271 4969 1358 5022 ille
1403 4970 1569 5038 (num.
1607 4985 1698 5032 xx,
1728 4968 1791 5033 5,
1818 4968 1908 5040 9.4)
1940 4968 2072 5022 Baa-

493 5060 601 5116 lam
633 5059 894 5131 reprobus
931 5069 1154 5129 apparet
1188 5078 1202 5114 :
1234 5075 1339 5114 non
1391 5061 1535 5115 enim
1581 5075 1703 5114 eum
1760 5069 1904 5115 tacet
1940 5060 2074 5115 scri-

492 5161 652 5223 ptura
690 5149 1089 5218 divinojudicio
1119 5164 1239 5204 esse
1274 5151 1612 5216 damnatum,
1650 5158 1704 5205 et
1739 5159 1917 5204 tamen
1947 5165 2072 5221 pro.

492 5239 729 5313 phetiam
769 5237 1019 5303 habebat,
1052 5247 1106 5293 et
1132 5239 1257 5308 quia
1297 5239 1348 5293 ei
1391 5239 1630 5295 charitas
1659 5241 1864 5304 deerat,
1895 5239 2072 5294 inerat

491 5329 740 5386 voluntas
780 5327 1130 5383 maledicendi
1167 5329 1364 5398 populo
1405 5328 1729 5393 Israelitico,
1764 5344 1926 5399 quam
1979 5330 2072 5384 ho-

491 5418 592 5477 stis
633 5420 808 5490 pietio
842 5428 1269 5489 comparaverat,
1316 5421 1408 5491 qui
1456 5436 1577 5475 eum
1633 5422 1701 5475 ad
1746 5421 2068 5476 maledicen-

492 5511 620 5566 dum
674 5509 922 5564 mercede
962 5513 1329 5575 conduxerat;
1389 5510 1531 5565 dono
1570 5519 1748 5565 tamen
1797 5511 1890 5566 illo
1941 5524 2067 5580 pro-

493 5599 783 5669 phetandi,
815 5613 924 5669 quo
971 5599 1388 5669 aspergebatur,
1446 5600 1800 5654 benedicebat
1837 5599 2058 5653 invitus.

493 5689 603 5745 Nec
653 5689 739 5743 illa
789 5689 946 5744 verba
997 5704 1184 5758 parum
1227 5698 1552 5744 attestantur
1587 5690 1711 5743 huic
1761 5677 2085 5754 sententite,~

2172 4507 2453 4574 probatus,
2480 4499 2770 4560 recedente
2826 4507 2894 4560 ab
2949 4520 3014 4560 eo
3059 4505 3265 4576 Spiritu
3312 4507 3548 4575 Domini,
3605 4525 3749 4565 arre-

2173 4603 2324 4665 ptum
2350 4610 2470 4649 esse
2495 4595 2729 4663 maligno
2751 4593 2952 4663 Spiritu
2982 4610 3013 4649 a
3038 4595 3284 4660 Domino,
3316 4599 3409 4666 qui
3433 4600 3599 4653 etiam
3633 4603 3748 4670 ipso

2174 4685 2408 4755 Spiritus
2438 4684 2651 4739 Domini
2681 4684 2977 4754 appellatus
3006 4692 3090 4740 est
3114 4681 3337 4756 propter
3357 4688 3740 4753 ministerium,

2173 4775 2297 4842 quia
2319 4774 2572 4828 omnibus
2599 4772 2760 4826 etiam
2786 4773 3063 4843 spiritibus
3101 4773 3256 4828 malis
3285 4775 3425 4830 bene
3450 4777 3619 4831 utitur
3639 4775 3743 4834 Do~

2171 4863 2386 4926 minus,
2437 4862 2521 4917 vel
2559 4864 2626 4918 ad
2672 4863 3076 4918 damnationem
3125 4866 3508 4934 quorumdam,
3543 4868 3625 4922 vel
3677 4871 3741 4923 ad

2169 4954 2620 5030 emendationem,
2663 4955 2747 5008 vel
2792 4955 2858 5010 ad
2885 4956 3257 5024 probationem
3284 4975 3296 5009 :
3323 4956 3503 5028 (Rom.
3532 4976 3654 5024 xm,
3691 4963 3740 5033 l)

2171 5054 2225 5108 et
2248 5048 2495 5116 quamvis
2524 5063 2630 5101 non
2657 5047 2727 5102 sit
2754 5047 3062 5117 malignitas
3088 5063 3119 5101 a
3149 5047 3399 5112 Domino,
3424 5064 3528 5104 non
3554 5061 3639 5105 est
3664 5061 3714 5106 ta

2171 5153 2293 5191 men
2328 5145 2587 5207 potestas,
2618 5137 2723 5192 nisi
2769 5152 2800 5192 a
2838 5137 3090 5192 Domino.
3139 5135 3325 5193 Dictus
3351 5148 3438 5194 est
3479 5141 3643 5196 etiam
3672 5143 3736 5213 (1

2172 5227 2300 5298 Reg.
2333 5243 2485 5293 xm,
2522 5229 2609 5299 l2)
2636 5245 2793 5298 sopor
2829 5227 3064 5293 Domini,
3111 5229 3202 5297 qui
3238 5241 3598 5299 occupavth
3641 5235 3739 5288 mi.

2171 5318 2292 5372 lites
2319 5315 2557 5384 ejusdem
2590 5317 2742 5382 Saul,
2768 5331 2890 5372 cum
2923 5317 3093 5372 David
3124 5318 3334 5372 hastam
3378 5329 3433 5374 et
3479 5323 3736 5393 scyphum

2169 5409 2474 5464 abstulisset
2503 5425 2532 5462 a
2571 5408 2746 5476 capite
2771 5409 3106 5464 dormientis.
3133 5407 3249 5464 Non
3269 5410 3395 5478 quia
3423 5419 3548 5465 tunc
3575 5427 3740 5480 sopor

2169 5501 2220 5556 in
2257 5501 2483 5555 Domino
2513 5509 2650 5563 erat,
2691 5507 2752 5552 ut
2774 5499 2888 5568 ipse
2917 5497 3199 5562 dormiret,
3230 5501 3324 5554 sed
3352 5499 3476 5567 quia
3511 5499 3599 5553 ille
3646 5517 3733 5556 so-

2168 5608 2289 5662 por,
2340 5593 2433 5662 qni
2474 5600 2603 5646 tunc
2650 5591 2898 5649 homines
2945 5589 3410 5659 apprehenderat,
3465 5601 3598 5644 nutu
3643 5592 3734 5647 Dei

2169 5693 2283 5739 erat
2320 5684 2567 5738 infusus:
2593 5697 2660 5735 ne
2703 5679 2890 5744 David,
2929 5678 3068 5733 servi
3100 5677 3233 5746 ejus,
3262 5680 3315 5733 in
3340 5695 3406 5735 eo
3441 5680 3558 5736 loco
3601 5696 3738 5752 prs-
