3912 6312
150 313 257 372 677

1045 299 1509 372 ΩυιΕΞἸΊΟΝΕδ
1551 299 1699 354 XXX
1738 298 1967 354 SUPER
2005 300 2251 353 LIBROS
2289 300 2547 356 REGIJM.

3303 302 3410 359 678

151 429 331 488 sentis
383 425 696 503 sentiretur.
742 422 929 493 Neque
980 419 1110 477 illud
1160 421 1357 476 mirum
1411 428 1494 476 est
1536 424 1725 471 rursus
1753 422 1806 481 Α
1831 429 1968 466 eum.
2000 413 2072 469 Ut
2099 413 2188 468 ille
2213 416 2489 484 nimirum,
2519 417 2610 486 qui
2639 426 2750 473 tam
2787 417 3028 490 perfecto
3051 419 3203 492 juxta
3235 421 3406 494 legem

149 520 418 584 eumdem,
457 518 588 574 Saul
642 517 918 587 accepisse
979 515 1232 585 spiritum
1280 514 1615 584 prophetiae:
1661 515 1725 588 (I

153 609 286 682 Reg.
315 627 429 679 xtx,
465 611 558 681 24)
601 625 724 666 cum
775 615 1196 679 persequeretur
1238 606 1477 675 justum,
1508 617 1563 664 et
1608 624 1731 665 eum

149 704 678 775 comprehensurus,
718 710 773 758 et
813 710 1106 757 necaturus
1144 701 1387 757 venisset
1426 701 1482 756 in
1528 700 1728 770 locum,

150 793 246 847 ubi
275 801 396 847 erat
438 791 786 862 congregatio
813 791 1231 860 Prophetarum.
1270 790 1360 846 Sic
1408 793 1552 846 enim
1599 794 1732 848 satis

148 885 586 939 demonstratum
633 883 1040 950 est,neminem
1093 882 1159 937 de
1209 883 1305 937 tali
1355 898 1583 940 munere
1619 883 1733 953 jam

149 989 405 1046 securum
429 990 551 1031 esse
580 974 799 1039 debere,
832 981 1090 1043 tanquam
1108 973 1178 1028 sit
1199 974 1610 1043 acceptissimus
1630 975 1735 1031 Do-

150 1057 303 1120 mino
327 1065 372 1121 si
417 1081 524 1121 non
554 1065 749 1120 habeat
795 1064 1162 1136 charitatem;
1210 1064 1467 1134 quoniam
1514 1066 1733 1136 quidem

148 1157 284 1216 illud
325 1157 546 1224 donum,
575 1167 630 1213 et
654 1156 801 1212 Sauli
827 1157 943 1219 dari
972 1157 1149 1227 potuit
1197 1166 1421 1227 propter
1473 1173 1734 1221 arcanum

149 1232 373 1316 Quidem
411 1243 640 1317 alicujus
675 1247 1022 1310 sacramenti,
1054 1245 1149 1300 sed
1182 1257 1372 1301 tamen
1399 1247 1517 1302 dari
1557 1251 1736 1319 potuit

150 1335 464 1411 reprobate,
494 1336 695 1402 invido,
724 1345 779 1390 et
819 1337 1143 1408 ingrato,let
1185 1336 1436 1415 reddenti
1464 1339 1610 1391 mala
1635 1355 1734 1409 pro

149 1425 341 1495 bonis,
392 1436 448 1483 et
478 1415 694 1497 ne'post
741 1429 915 1498 ipsam
946 1423 1165 1496 quidem
1204 1425 1577 1494 acceptionem
1609 1426 1733 1499 Spi-

151 1507 588 1588 ritus,correpto
621 1515 673 1569 in
698 1515 890 1570 melius
913 1523 1074 1585 atque
1105 1523 1333 1569 mutato.
1365 1536 1383 1568 ι

225 1616 252 1646 ι
285 1603 377 1659 Ait
400 1590 620 1678 namque
655 1591 914 1659 Jonathas
936 1603 1012 1658 ad
1036 1602 1207 1657 David
1233 1603 1416 1676 (quem
1461 1609 1517 1659 in
1557 1622 1738 1677 perse-

147 1694 465 1762 cutionibus
485 1695 765 1766 patrissui
791 1711 898 1750 non
923 1693 1085 1763 justis
1113 1695 1332 1750 dolebat
1360 1694 1598 1770 fatigari)
1646 1717 1657 1750 :
1689 1698 1734 1752 si

1833 509 2044 564 Domini
2071 525 2257 566 amore
2297 511 2758 582 complectebatur
2811 515 3014 583 David,
3040 532 3070 571 a
3112 518 3412 588 perditione

1833 599 2173 656 inimicorum
2201 602 2318 672 ejus
2375 605 2751 661 ostenderetur
2795 608 3071 674 immunis,
3099 609 3191 678 qui
3216 618 3271 664 et
3301 610 3329 650 ἀ
3367 614 3415 668 si

1833 690 2011 744 subita
2041 700 2217 746 morte
2262 703 2587 762 praereptus,
2612 705 2835 766 regnum
2859 714 2983 777 cum
3017 716 3104 765 eo,
3130 709 3189 755 ut
3229 717 3418 773 spera-

1831 781 1943 844 bat,
1991 790 2266 838 terrenum
2319 785 2523 840 habere
2580 789 2822 856 nequivit
2876 806 3178 858 commune,
3211 794 3418 864 absque

1833 869 1941 925 ulla
1997 880 2177 928 tamen
2238 876 2667 932 contradictione
2703 880 2851 949 regni
2905 881 3140 938 caelestis
3189 899 3415 941 consor-

1836 963 1974 1018 tium
1999 979 2122 1020 cum
2152 981 2250 1032 eo,
2279 982 2440 1037 quem
2490 985 2588 1039 pro
2638 971 2810 1040 gloria
2853 973 3111 1029 virtutum
3150 977 3417 1045 tantisper

1835 1047 2062 1120 dilexit,
2102 1070 2225 1110 eum
2252 1066 2397 1112 esset
2438 1067 2492 1112 et
2530 1059 2642 1129 ipse
2663 1061 2920 1119 virtutum
2946 1063 3157 1132 plenus,
3181 1067 3413 1136 accepit.

1907 1143 2057 1216 (Cap.
2090 1161 2182 1210 xx,
2209 1146 2278 1200 45
2304 1157 2351 1202 et
2380 1163 2472 1202 xxi
2497 1190 2510 1213 ,
2541 1149 2615 1220 1.)
2653 1168 2670 1200 ι
2707 1149 2957 1206 Surrexit
2991 1165 3014 1193 ο
3036 1154 3218 1223 itaque
3245 1157 3416 1212 David

1835 1231 2052 1298 iterum,
2079 1243 2135 1289 et
2163 1234 2300 1306 fugit
2339 1238 2395 1291 in
2422 1237 2511 1293 die
2537 1239 2624 1292 illa
2649 1254 2680 1294 a
2713 1238 2856 1295 facie
2893 1241 3040 1309 Saul,
3064 1245 3320 1317 venitque
3347 1246 3417 1303 ad

1836 1326 2172 1381 sacerdotem
2206 1329 2526 1384 Abimelecb
2558 1371 2572 1395 ,
2627 1346 2657 1384 a
2705 1346 2813 1401 quo
2855 1343 2910 1392 et
2956 1335 3190 1403 gladium
3244 1337 3416 1394 Colla

1836 1416 2109 1481 substulit,
2133 1425 2190 1471 et
2213 1433 2381 1487 panes
2412 1421 2796 1490 propositionis
2819 1423 3047 1492 accepit.
3079 1423 3209 1490 Qum
3231 1441 3320 1482 res
3359 1436 3417 1482 et

1837 1509 2103 1562 eaeerdoti
2136 1517 2366 1564 mortem
2392 1511 2603 1576 intulit,
2635 1520 2690 1565 et
2735 1514 3253 1571 animadversiOnem
3280 1500 3422 1572 ireli-

1835 1598 1998 1670 giosaa
2047 1600 2228 1655 intulit
2270 1601 2493 1657 civitati.
2556 1603 2683 1657 Haec
2734 1605 2917 1674 itaque
2957 1615 3230 1676 gestorum
3280 1607 3419 1664 ﬁdes

1836 1701 1922 1745 est
1948 1709 1960 1743 :
1989 1692 2083 1746 sed
2125 1703 2385 1761 quantum
2433 1696 2498 1749 ad
2526 1705 2926 1750 sacramentum
2972 1699 3268 1768 prophetia:
3294 1715 3418 1770 per-

149 1781 331 1838 vixero
359 1783 522 1857 facies
542 1785 668 1838 mihi
691 1785 1101 1839 misericordiam
1120 1785 1363 1853 Domini:
1379 1804 1427 1840 si
1446 1804 1566 1841 vero
1597 1804 1734 1840 mor-

1842 1779 1994 1844 tinet,
2039 1780 2092 1834 in
2124 1779 2338 1836 Christo
2367 1782 2596 1840 Domino
2640 1793 2827 1839 nostro
2865 1784 3143 1856 impletum
3191 1791 3419 1860 est,'qui

146 1887 274 1929 ntus
297 1873 468 1946 fuero,
501 1893 605 1930 non
632 1876 845 1946 auferas
894 1875 1307 1931 misericordiam
1335 1888 1482 1933 tuam
1517 1897 1549 1934 a
1581 1880 1735 1934 domo

142 1970 270 2018 mea
321 1951 496 2036 usque
533 1965 588 2019 in
652 1966 1062 2035 sempiternum,
1113 1967 1327 2037 quando
1389 1966 1734 2022 eradicaverit

147 2051 699 2121 Dominusinimicos
748 2054 925 2107 David
978 2071 1397 2134 unumquemque
1443 2057 1507 2110 de
1569 2067 1729 2110 terra.

147 2142 295 2198 Cum
344 2143 655 2214 adjungeret
691 2143 1014 2214 Scriptura:
1062 2144 1226 2216 (vers.
1263 2140 1354 2216 16)
1377 2148 1570 2216 pepigit
1612 2164 1733 2217 ergo

147 2233 326 2302 [indas
354 2234 612 2288 Jonathas
640 2252 756 2288 cum
780 2235 934 2288 domo
959 2233 1124 2289 David
1154 2250 1170 2286 :
1199 2237 1454 2290 continuo
1483 2239 1732 2292 subimu-

150 2322 216 2376 Iit
241 2323 430 2377 dicens
459 2340 473 2377 :
500 2324 527 2362 δ
561 2324 823 2392 requisivit
854 2323 1110 2378 Dominus
1134 2324 1197 2377 de
1221 2332 1388 2378 manu‘
1401 2327 1732 2382 inimicorum

150 2413 348 2468 David.
403 2432 422 2465 ¢
472 2413 575 2469 Per
626 2415 1068 2483 anticipationem
1123 2415 1308 2484 utique
1365 2416 1525 2482 fecit,
1581 2419 1734 2486 prius

146 2502 396 2559 historia:
443 2505 856 2568 interserendo,
912 2493 1056 2572 quod
1096 2504 1264 2559 multo
1315 2513 1439 2574 post
1493 2515 1735 2576 tempore

148 2592 359 2648 factum
396 2603 498 2659 est,
527 2611 648 2649 cum
671 2594 955 2650 interfecto
985 2595 1174 2661 Saule;
1207 2611 1430 2666 regnum
1457 2599 1524 2652 ad
1554 2599 1736 2652 Domi-

147 2698 284 2760 num
334 2683 500 2739 David
529 2685 846 2739 translatum
877 2693 981 2751 est,
1018 2693 1072 2740 et
1101 2687 1193 2754 qui
1222 2687 1567 2742 innocentem
1611 2703 1734 2744 eum

149 2771 355 2840 injuste
381 2775 861 2845 persequebantur,
889 2776 1037 2845 justa
1083 2783 1208 2831 sunt
1248 2777 1504 2833 divinitus
1533 2779 1734 2834 ultione

150 2864 392 2921 multati.
419 2866 569 2921 Tunc
615 2868 758 2921 enim
810 2867 1093 2936 requisivit
1143 2868 1401 2923 Dominus
1449 2869 1516 2924 de
1572 2886 1733 2925 manu

151 2956 500 3032 inimicorum
525 2956 710 3023 David,
737 2971 905 3026 quare
927 2957 1101 3011 virum
1119 2967 1379 3036 sanctum
1404 2958 1731 3015 afﬂixerunt.

151 3051 314 3107 Tunc
336 3053 669 3123 cogebantur
697 3055 963 3108 rationem
994 3054 1218 3108 reddere
1244 3055 1512 3122 odiorum,
1538 3057 1734 3127 quibus

151 3145 539 3202 contraillum
583 3154 730 3201 tanto
763 3154 1003 3216 tempore
1048 3147 1348 3202 szevierant.
1406 3147 1559 3214 Quod
1587 3150 1736 3204 etde

151 3227 416 3300 Absalon,
447 3245 503 3289 et
538 3237 602 3292 de
627 3235 765 3291 Seba
791 3237 898 3291 tilio
935 3237 1151 3302 Bochri,
1195 3247 1250 3292 et
1292 3241 1356 3294 de
1385 3240 1598 3294 caeteris
1643 3241 1736 3294 ho-

151 3325 332 3380 stibus
361 3324 532 3379 David
565 3337 585 3363 ο
617 3341 768 3396 aeque
792 3334 970 3395 potest
992 3326 1237 3396 intelligi.
1269 3326 1463 3393 Aliter,
1509 3330 1554 3383 si
1599 3330 1738 3384 scire

151 3417 238 3471 vis
289 3416 420 3487 quid
472 3417 539 3472 de
590 3433 749 3471 manu
802 3419 1145 3474 inimicorum
1205 3420 1373 3478 David
1422 3424 1740 3493 requisierit

150 3508 442 3574 Dominus,
471 3517 667 3578 potest,
689 3510 740 3563 ni
767 3508 987 3577 fallor,a
1010 3511 1286 3580 superiore
1314 3515 1604 3579 sententia,
1631 3530 1738 3584 qua

151 3603 364 3657 dictum
408 3610 520 3666 est,
572 3602 715 3671 quod
767 3601 943 3657 {indue
997 3604 1262 3674 pepigerit
1297 3603 1565 3661 Jonathan
1617 3622 1738 3661 eum

151 3693 323 3745 domo
365 3690 564 3755 David,
615 3700 800 3759 aperte
851 3690 1112 3759 intelligi,
1153 3693 1294 3760 quod
1337 3694 1439 3748 hoc
1469 3696 1534 3749 de
1576 3710 1740 3750 manu

151 3783 506 3837 inimicorum
533 3782 703 3836 David
729 3783 1058 3851 requisierit,
1089 3785 1141 3837 id
1186 3793 1288 3849 est,
1325 3801 1509 3853 quare
1535 3803 1643 3840 non
1686 3795 1742 3841 et

153 3873 258 3940 ipsi
294 3871 472 3927 fmdus
499 3887 622 3926 cum
667 3885 731 3925 eo
779 3872 930 3941 pacis
978 3872 1113 3925 inire
1151 3874 1436 3939 voluerint,
1482 3891 1602 3930 cum
1633 3891 1740 3944 quo

149 3977 282 4016 csse
328 3960 614 4016 Dominum
668 3961 933 4014 viderant.
990 3960 1197 4017 Idcirco
1241 3971 1421 4017 autem
1463 3963 1740 4033 Scriptura

151 4053 278 4106 hzec
340 4053 663 4105 sententiam
726 4051 867 4104 hanc
916 4052 1344 4120 prmoccupando
1397 4052 1744 4121 interponere

151 4145 420 4206 videtur,
475 4152 534 4197 ut
585 4143 952 4198 testimonium
1003 4142 1248 4198 Janathm
1295 4159 1404 4214 quo
1451 4145 1663 4198 dixerat
1724 4163 1736 4198 :

153 4233 390 4298 Quando
417 4233 759 4288 eradicaverit
807 4233 1062 4287 Dominus
1093 4235 1331 4288 inimicos
1363 4233 1530 4288 David
1553 4250 1742 4288 unum-

145 4339 415 4393 quemque
463 4323 526 4376 de
561 4333 722 4387 terra,
760 4338 944 4376 verum
980 4337 1100 4377 esse
1148 4323 1553 4391 comprobaret,
1612 4324 1740 4393 quia

150 4415 412 4470 videlicet
457 4414 716 4480 eradicali
747 4414 858 4467 sint
904 4413 1108 4467 inimici
1135 4414 1305 4468 David
1343 4414 1410 4490 de
1437 4421 1600 4479 terra,
1632 4431 1738 4470 non

149 4505 278 4574 ipso
325 4503 492 4557 David
527 4518 586 4560 se
632 4504 699 4556 de
728 4501 1056 4556 adversariis
1086 4502 1411 4568 ulciscente,
1460 4504 1554 4558 sed
1592 4503 1738 4573 judi-

147 4604 323 4651 cante
357 4594 584 4649 Domino
639 4608 735 4663 pro
778 4592 888 4645 illo.
933 4592 1076 4646 Bene
1118 4600 1296 4646 autem
1353 4591 1730 4660 subjungitur:

136 4681 459 4758 '(rers.'17)
509 4692 555 4735 et
600 4680 803 4735 addidit
860 4679 1132 4733 Ionathan
1180 4679 1417 4748 dejerare
1456 4680 1627 4734 David
1674 4699 1733 4734 eo

147 4776 302 4847 quod
336 4773 569 4843 diligeret
585 4773 733 4826 illum
756 4787 772 4823 :
799 4772 931 4826 sicut
957 4771 1190 4824 animam
1215 4763 1460 4822 suarriira
1488 4768 1732 4839 diligebat

227 4941 253 4968 ι
292 4945 360 4983 xx
380 4968 394 4991 ,
426 4925 490 4979 {4
519 4932 572 4978 et
600 4924 685 4977 15.
720 4919 1110 4992 Subsequentia
1151 4922 1406 4992 perquire
1436 4924 1734 4992 qumstione

150 4997 184 5049 5
210 4997 343 5052 libri
369 4990 476 5050 ω
498 4994 697 5059 Quazst.
730 4992 886 5047 Beda:
914 4993 968 5044 in
997 4990 1166 5044 libros
1195 4990 1422 5060 Regum.

226 5066 258 5106 δ
293 5066 518 5136 ΥυῙεειε
549 5081 562 5116 :
593 5065 834 5134 requiret.

230 5137 254 5173 ε
293 5134 460 5188 Deest
488 5148 652 5201 mque.

221 5204 252 5244 δ
293 5203 431 5256 Tam
461 5199 646 5257 noster
673 5201 877 5262 Codex,
905 5215 1067 5269 quam
1109 5199 1240 5254 editi
1267 5210 1476 5268 ponunt
1505 5203 1578 5255 ita
1606 5217 1624 5254 :
1655 5212 1738 5256 ta-

154 5289 285 5328 men
300 5271 604 5342 legendum
633 5272 870 5326 arbitror
896 5270 1090 5333 subita,
1125 5274 1202 5342 uti
1231 5271 1406 5338 posui.

231 5355 256 5384 ο
291 5340 607 5395 Ex‘Isidoro
635 5343 913 5409 desumpta
954 5348 1080 5392 sunt
1109 5340 1513 5408 subsequentia.

233 5413 253 5452 τ
304 5410 521 5465 Domini
555 5427 572 5460 :
604 5413 696 5465 sed
720 5409 875 5464 male.

232 5486 258 5523 ε
292 5478 566 5551 Apostolos
585 5493 602 5530 :
621 5481 940 5551 hicguoque
969 5478 1128 5551 male,
1145 5478 1357 5551 quando
1372 5479 1524 5551 enim
1547 5482 1747 5535 transit

155 5554 224 5607 ad
255 5548 570 5620 apestolos?
600 5549 978 5620 _Ad_GaliIzeam
1012 5548 1225 5620 {utique
1247 5548 1556 5620 Gentium],
1591 5559 1651 5620 et
1677 5551 1745 5603 ad

155 5616 376 5693 Tyrios,
408 5628 463 5693 et
484 5619 550 5673 ad
592 5618 876 5693 Sydonios
896 5616 1154 5686 confugit,
1201 5634 1305 5672 non
1339 5618 1405 5670 ad
1436 5616 1742 5693 Apostolos.

156 5688 413 5747 Arbitror
433 5690 617 5759 itaque
641 5689 750 5758 jam
775 5688 972 5743 dudum
1000 5697 1312 5758 corruptum
1340 5702 1459 5741 esse
1483 5702 1580 5756 per
1601 5689 1744 5741 auti-

1835 1867 2057 1935 positus
2075 1869 2129 1922 in
2161 1884 2326 1924 carne
2378 1870 2432 1936 ί,
2488 1872 2614 1926 dum
2668 1871 3077 1930 insectationem
3123 1877 3421 1934 declinaret

1834 1952 2138 2023 Iudaicam,
2165 1958 2234 2012 ad
2261 1960 2286 1998 8
2308 1959 2773 2028 populostransiit
2804 1981 2817 2015 :
2848 1978 2970 2018 cum
3007 1965 3224 2034 quibus,
3247 1977 3304 2021 et
3323 1969 3418 2023 de-

1836 2045 2130 2101 sideratum
2159 2049 2261 2103 sibi
2289 2049 2469 2103 cibum
2494 2053 2743 2120 sumpsit.
2777 2052 2932 2124 (Luc.
2966 2071 3105 2121 χχιι,
3138 2056 3226 2126 I5)
3266 2055 3421 2112 Desi-

1835 2141 1981 2195 derio
2002 2144 2156 2206 enim,
2193 2145 2389 2212 inquit,
2414 2144 2706 2199 desideravi
2731 2147 2828 2200 hoc
2864 2144 3074 2204 Pascha
3100 2148 3420 2204 manducare

1836 2232 2116 2299 vobiscum,
2147 2249 2214 2288 ex
2236 2235 2430 2303 quibus
2455 2234 2640 2300 Goliae,
2676 2236 2730 2292 id
2757 2245 2841 2292 est
2867 2240 3019 2293 arma
3052 2240 3250 2296 diaboli
3282 2242 3412 2297 sub~

1836 2321 2005 2386 stulit,
2038 2321 2194 2376 fortis
2236 2323 2381 2376 enim
2429 2325 2597 2393 spolia
2641 2326 2753 2395 ipse
2796 2327 3017 2396 dirupit-
3051 2342 3064 2381 :
3098 2328 3185 2382 his
3219 2343 3346 2398 ergo
3377 2345 3408 2384 a

1835 2412 2030 2480 quibus
2076 2419 2324 2481 receptus
2362 2421 2444 2468 est
2471 2413 2744 2480 Christus,
2780 2417 3158 2473 tribulationes
3202 2419 3418 2475 induxit

1835 2501 2100 2566 diabolus,
2129 2515 2193 2586 et.
2209 2510 2460 2557 mortem.
2509 2490 2880 2572 Omnes-enim,
2919 2497 2978 2560 ut
3005 2507 3082 2561 ait
3107 2505 3434 2586 Apostolus,-

1835 2595 1923 2664 qui
1953 2595 2009 2648 in
2057 2568 2264 2648 Christo
2291 2595 2374 2665 pic
2420 2595 2596 2650 volunt
2625 2598 2790 2652 vivere
2816 2639 2831 2666 ,
2883 2601 3287 2668 persecutionem
3328 2619 3422 2674 pa-

1835 2684 2060 2736 tiuntur.
2099 2682 2281 2755 (Joan.
2328 2700 2420 2751 xv,
2448 2685 2541 2756 20)
2591 2686 2656 2741 Et
2701 2688 2960 2743 Dominus
3005 2689 3126 2762 (ait)
3173 2705 3187 2744 :
3223 2690 3285 2746 Si
3338 2710 3419 2747 me

1833 2775 2089 2844 persecuti
2109 2785 2253 2842 sunt,
2285 2785 2335 2830 et
2355 2793 2442 2832 vos
2467 2789 2859 2848 persequentur.
2909 2780 2934 2819 δ
2967 2781 3119 2848 Quod
3149 2796 3277 2836 vero
3314 2781 3423 2837 Do-

1835 2865 2014 2921 minus
2040 2866 2094 2920 in
2127 2865 2420 2937 Evangelio
2458 2867 2651 2940 (Marc.
2683 2864 2744 2933 Il,
2797 2869 2922 2941 26),
2983 2871 3242 2925 Abiathar
3269 2874 3419 2942 prin-

1826 2951 2008 3021 cipem
2061 2954 2427 3020 sacerdotum,
2479 2971 2588 3010 non
2623 2955 2937 3012 Abimelech
2974 2959 3253 3029 appellat,
3285 2960 3420 3016 nihil

1839 3043 2004 3098 habet
2033 3045 2386 3101 dissonantia:
2417 3062 2430 3098 :
2461 3044 2622 3101 ambo
2650 3057 2706 3102 et
2725 3047 2869 3102 enim
2895 3048 3111 3103 fuerunt
3139 3051 3265 3116 illic,
3296 3066 3419 3108 cum

1764 3125 1807 3185 C
1839 3130 2059 3191 veniens
2089 3135 2258 3192 David
2303 3152 2471 3207 panes
2518 3139 2699 3207 petiit,
2735 3147 2789 3194 et
2825 3142 3037 3211 accepit
3082 3141 3418 3212 Abimelech,

1838 3227 2090 3288 videlicet
2137 3229 2387 3298 princeps
2436 3230 2816 3308 sacerdotum,
2865 3238 2919 3284 et
2962 3231 3224 3287 Abiathar
3276 3233 3423 3289 ﬁlius

1839 3315 2047 3387 ejus(l
2084 3317 2212 3388 Reg.
2248 3334 2382 3382 χχιι,
2415 3317 2513 3382 I6,
2563 3320 2716 3388 etc.).
2752 3319 2946 3376 Occiso
2993 3331 3175 3377 autem
3203 3322 3426 3380 Abime-

1839 3409 1959 3464 Iech
1983 3424 2012 3462 a
2037 3408 2196 3464 Saule
2218 3425 2341 3464 cum
2377 3410 2509 3465 viris
2547 3410 2741 3467 domus
2771 3428 2882 3467 suae
2913 3415 3128 3486 generis
3166 3417 3420 3472 sacerdo-

1842 3500 1965 3554 talis
2015 3502 2286 3572 octoginta
2319 3503 2593 3572 quinque,
2640 3502 2775 3575 l'ugit
2804 3505 3065 3560 Abialhar
3107 3507 3175 3562 ad
3225 3507 3420 3575 David,

1842 3599 1896 3648 et
1945 3607 2128 3663 comes
2172 3591 2346 3647 factus
2393 3602 2476 3648 est
2525 3579 2688 3648 totius
2732 3595 2881 3649 exilii
2931 3594 3068 3664 ejus.
3097 3595 3290 3653 Postea
3336 3613 3425 3654 re-

1842 3690 2038 3752 gnante
2062 3696 2148 3746 eo,
2173 3682 2369 3735 summi
2405 3683 2694 3738 sacerdotii
2727 3693 2780 3737 et
2804 3685 2918 3753 ipse
2943 3687 3167 3757 gradum
3195 3676 3424 3758 accepit,

1842 3784 1906 3823 ac
1939 3778 2051 3824 toto
2086 3777 2326 3838 tempore
2361 3772 2511 3840 regni
2547 3771 2693 3826 illius
2733 3773 2787 3826 in
2818 3774 3136 3843 pontiﬁcatu
3159 3791 3418 3847 perseve-

1841 3873 1988 3922 rans,
2035 3858 2206 3912 multo
2233 3857 2455 3930 majoris
2482 3861 2848 3929 excellentiae,
2891 3879 3054 3932 quam
3086 3873 3238 3935 pater
3268 3882 3422 3933 suus,

1841 3950 2067 4006 ell’ectus
2107 3960 2210 4007 est.
2239 3954 2474 4024 Ideoque
2522 3955 2718 4028 dignus
2767 3956 2885 4024 fuit,
2924 3957 3075 4027 cujus
3104 3963 3422 4016 memoriam

1843 4039 2101 4098 Dominus
2119 4042 2284 4097 etiam
2309 4043 2523 4101 vivente
2546 4055 2704 4119 patre
2739 4048 2891 4117 quasi
2923 4049 3120 4120 summi
3171 4047 3423 4106 sacerdo-

1844 4129 1915 4184 tis
1944 4129 2166 4184 faceret.’
2215 4130 2376 4202 (Ibid.
2431 4133 2518 4205 I8)
2564 4134 2620 4187 In
2658 4136 2673 4174 ί
2708 4134 2887 4189 Doech
2935 4145 3117 4190 autem
3159 4135 3424 4204 Idumzeo,

1845 4220 1859 4270 i
1899 4221 1990 4290 qui
2020 4222 2330 4276 sacerdotes
2387 4222 2886 4295 Domini'prodidit,
2929 4224 3080 4280 Iuda:
3129 4227 3424 4295 proditoris

1841 4325 2072 4381 persona
2107 4311 2131 4350 ¹ι
2183 4311 2444 4380 signatur,
2478 4328 2576 4382 per
2622 4327 2782 4381 quem
2843 4312 2861 4351 ι
2903 4313 3004 4369 ista
3049 4323 3306 4385 operatus
3341 4325 3422 4371 est

1845 4401 2107 4465 diabolus,
2139 4410 2199 4455 ut
2225 4401 2341 4470 ejus
2377 4402 2680 4470 perditione
2709 4401 2850 4456 facta
2879 4403 2934 4456 in
2959 4403 3197 4468 Christo,
3232 4419 3422 4473 perse-

1844 4499 2117 4554 cutionem
2162 4504 2350 4566 postea
2397 4495 2639 4549 Ecclesia
2676 4502 2974 4564 pateretur,
3021 4502 3075 4547 et
3105 4493 3422 4549 occideren-

1844 4599 1932 4644 tur
1951 4601 1992 4628 ω
2019 4587 2170 4642 multi
2209 4583 2456 4657 discipuli
2493 4574 2726 4649 Christi,
2753 4592 2810 4637 et
2838 4583 3145 4639 sacerdotes
3193 4599 3289 4654 per
3326 4599 3423 4641 no-

1842 4696 1966 4735 men
1995 4680 2113 4750 ejus
2139 4676 2532 4750 persecutionis
2553 4686 2578 4714 ο
2600 4676 2763 4732 exitia
2787 4684 3123 4748 paterentur.
3151 4696 3168 4730 ι
3189 4676 3422 4745 Quidam

1843 4769 2030 4824 dicunt
2068 4767 2251 4823 Doech
2277 4767 2668 4820 Antichristum
2698 4767 3047 4837 signiﬁcasse,
3074 4763 3226 4833 cujus
3251 4782 3422 4823 mem-

1839 4941 2004 4995 quum
2029 4925 2428 4979 Amanuensem
2449 4922 2593 4977 hunc
2610 4921 2799 4977 Isidori
2824 4922 3018 4987 locum,
3044 4930 3100 4976 et
3123 4923 3302 4995 aliqua
3329 4926 3418 4985 hic

1836 5001 2018 5059 desse,
2049 4995 2233 5064 utique
2260 5007 2455 5064 pauca.

1912 5067 1937 5105 ιι
1977 5065 2248 5118 Hactenus
2287 5063 2546 5117 Isidorus.

1920 5137 1934 5174 ί
1969 5135 2167 5188 lterum
2209 5132 2298 5188 hic
2346 5147 2446 5186 nos
2479 5131 2716 5187 Isidorus
2753 5132 2944 5195 docet,
2993 5142 3048 5186 et
3085 5147 3153 5187 ex
3189 5147 3255 5188 eo
3311 5134 3418 5189 Ra-

1841 5205 2035 5259 banus.

1916 5272 1929 5321 i
1977 5272 2148 5327 Verba
2181 5273 2297 5327 hmc
2320 5271 2410 5342 qui
2443 5271 2767 5326 sacerdotem
2796 5269 3004 5325 Domini
3056 5271 3286 5336 prodidit
3323 5272 3414 5330 do-

1845 5351 1969 5397 sunt
1996 5343 2051 5396 in
2072 5343 2253 5397 editis.

1919 5412 1943 5450 ιι
1979 5412 2261 5467 Consistit.

1924 5480 1939 5519 ι
1975 5481 2072 5534 Ita.

1920 5562 1957 5589 ω
1989 5551 2158 5616 Quam
2203 5547 2439 5621 plurimi.

1924 5631 1948 5656 ι
1983 5617 2371 5674 Persecuiionu
2397 5619 2729 5688 gravissimas
2767 5617 3073 5687 per/errent.
