3912 6312
518 340 621 400 679

1576 337 1850 395 CLAUDII
1890 333 2349 392 TAURINENSIS
2383 333 2686 391 EPlSCOPl

3669 333 3769 387 680

518 452 679 506 brum
698 446 863 507 ludas
902 448 1132 515 exstitit,
1161 448 1287 518 quia
1316 448 1457 504 sicut
1483 447 1573 503 ille
1606 449 1915 504 sacerdotes
1943 456 2094 503 θειοο
2120 446 2171 507 Α
2198 462 2280 499 mo
2310 464 2423 511 suo,
2456 448 2563 516 ipse
2589 446 2776 499 incidet
2804 447 2856 498 in
2888 462 3021 498 eam.
3058 444 3224 498 David
3271 451 3455 497 autem
3491 443 3633 497 bona
3674 456 3770 511 pro

518 539 663 609 ginta
715 540 951 609 quinque
997 539 1248 609 peremit,
1294 539 1374 594 sic
1425 545 1479 593 et
1528 540 1631 595 iste
1679 547 1969 609 martyres,
1996 538 2089 609 qui

518 629 677 684 ﬁdem
710 631 1123 686 resurrectionis
1152 638 1354 692 tenent.
1385 631 1465 685 sic
1507 631 1807 685 occisurus.

590 733 615 762 ι
653 741 671 772 ι
699 722 909 776 interea
935 723 1105 777 David
1138 737 1262 776 cum
1298 722 1510 793 fugeret
1547 720 1700 785 Saul,
1728 721 1900 775 latere
1924 720 2095 775 voluit

516 816 656 884 apud
690 832 870 887 regem
886 819 1171 887 quemdam
1194 817 1353 881 Geth,
1372 816 1589 871 nomine
1615 816 1771 869 Achis
1794 827 1813 865 :
1843 814 1936 869 sed
1971 830 2092 868 cum

516 906 685 975 gloria
713 907 831 975 ejus
882 907 1072 963 fuisset
1116 916 1566 972 commemorata,
1622 922 1689 962 ne
1726 921 1827 975 per
1868 906 2093 961 livorem

516 1011 634 1060 rex,
660 997 727 1051 ad
750 1012 909 1066 quem
942 996 1176 1069 fugerat,
1206 998 1408 1067 aliquid
1434 998 1486 1051 in
1518 1013 1640 1052 eum
1665 996 2092 1061 machinaretur,

516 1086 675 1141 ﬁnxit
699 1087 991 1153 insaniam,
1031 1096 1087 1142 et
1113 1088 1269 1157 quasi
1316 1086 1499 1142 furore
1538 1094 1821 1155 correptus
1868 1086 2093 1139 mutavit

514 1191 578 1231 os
607 1191 785 1239 suum,
819 1175 1235 1245 deﬁuebantque
1260 1177 1443 1231 saliva:
1466 1176 1520 1229 in
1550 1175 1776 1229 barbam
1798 1173 1936 1241 ejus,
1964 1189 2101 1227 cons

514 1264 904 1334 labebaturque
938 1266 992 1319 in
1023 1266 1273 1321 manibus
1300 1281 1487 1319 eorum
1508 1304 1522 1329 ,
1571 1272 1625 1318 et
1667 1264 1981 1333 procidebat
2027 1264 2093 1319 ad

513 1357 655 1412 Ostia
698 1367 867 1426 portat
902 1376 913 1409 :
950 1365 1003 1412 et
1050 1358 1185 1411 dixit
1218 1356 1383 1411 Achis
1413 1373 1510 1411 rex
1573 1356 1640 1410 ad
1692 1371 1878 1409 servos
1916 1371 2044 1413 suos
2076 1374 2087 1409 :

515 1444 655 1509 Quid
693 1446 793 1499 huc
844 1447 972 1499 milu'
1016 1446 1284 1515 adduxisti
1334 1447 1533 1501 istum?
1589 1446 1821 1516 nunquid
1880 1446 2092 1501 deerant

513 1535 659 1589 nobis
710 1536 939 1605 furiosi?
980 1538 1048 1591 Et
1084 1538 1163 1592 sic
1207 1554 1331 1593 eum
1373 1538 1597 1593 dimisit.
1631 1540 1795 1593 Achis
1828 1540 2093 1608 interpre-

512 1634 659 1680 tatur
684 1628 943 1696 quomodo
968 1629 1085 1682 est?
1117 1644 1213 1698 per
1241 1629 1383 1697 quod
1405 1628 1739 1700 signiﬁcatur
1766 1629 2088 1700 ignorantia,

509 1724 564 1769 et
602 1718 827 1771 verbum
878 1718 1149 1783 mirantis,
1181 1726 1237 1772 et
1282 1734 1389 1772 non
1440 1718 1801 1788 agnoscentis.
1850 1717 2002 1783 Quod
2036 1718 2089 1772 in

508 1814 668 1873 gente
722 1803 1031 1859 Judzeorum
1081 1806 1362 1875 impletum
1392 1813 1500 1868 est,
1535 1807 1627 1874 qui
1670 1807 1794 1860 dum
1840 1806 2094 1860 viderunt

508 1890 807 1956 Christum,
840 1908 946 1947 non
971 1903 1307 1963 agnoverunt
1337 1909 1350 1946 :
1396 1909 1581 1948 coram
1619 1894 1816 1963 quibus
1860 1894 2093 1948 mutavit

508 1996 571 2036 os
601 1998 776 2047 suum,
820 1991 875 2037 et
922 1985 1071 2038 abiit.
1112 1984 1279 2038 Erant
1323 1984 1466 2038 enim
1516 1984 1589 2039 ibi
1640 1992 1909 2053 prazcepta
1959 1983 2091 2054 legis

510 2072 769 2137 carnalia,
801 2074 1265 2127 eratsacriﬁcium
1289 2074 1585 2128 secundum
1616 2074 1863 2128 ordinem
1885 2074 2085 2137 Aaron,

512 2169 562 2215 et
589 2170 776 2231 postea
804 2163 917 2229 ipse
945 2160 1011 2215 de
1064 2175 1292 2230 corpore
1329 2170 1386 2215 et
1422 2162 1684 2231 sanguine
1727 2178 1826 2217 suo
1857 2163 2091 2217 instituit

510 2249 836 2305 sacriﬁcium
882 2252 1177 2305 secundum
1228 2250 1472 2304 ordinem
1513 2250 1923 2305 Melchisedech.
1983 2251 2100 2303 Mu—

509 2340 641 2392 tavit
674 2354 803 2410 ergo
840 2355 901 2393 os
942 2355 1102 2395 suum
1153 2340 1205 2392 in
1245 2340 1575 2403 sacerdotio,
1605 2340 1832 2393 mutavit
1863 2340 1915 2392 in
1954 2355 2089 2409 prte—

506 2429 698 2497 ceptis,
746 2430 881 2483 dans
926 2429 1071 2483 aliud
1120 2438 1529 2493 testamentum,
1588 2437 1848 2482 evacuata
1882 2428 2086 2482 carnali

505 2518 837 2585 Operatione,
890 2527 1053 2587 atque
1096 2519 1218 2572 inde
1267 2518 1532 2587 collapsus
1588 2526 1672 2572 est
1728 2519 1782 2572 in
1837 2519 2087 2574 manibus

504 2622 729 2670 eorum,
786 2609 1002 2676 quando
1051 2622 1174 2661 eum
1228 2608 1746 2677 comprehendentes
1796 2608 2083 2662 cruciﬁxe-

506 2705 649 2750 runt.
694 2695 869 2768 (Vers.
924 2698 1010 2768 15)
1062 2698 1131 2751 Et
1179 2699 1486 2768 procedebat
1536 2699 1605 2752 ad
1656 2700 1845 2752 ostium
1884 2711 2081 2771 portae,

503 2790 607 2842 hoc
637 2798 718 2843 est
746 2790 1065 2843 humiliahat
1096 2805 1155 2844 se
1187 2804 1201 2842 :
1236 2790 1338 2844 hoc
1376 2798 1459 2844 est
1502 2790 1529 2829 ιι
1562 2789 1857 2860 procedere
1911 2806 2083 2859 usque

503 2880 571 2937 ad
633 2882 831 2935 ostium
909 2880 1032 2934 ﬁdei
1092 2886 1311 2935 nostrae.
1384 2880 1595 2935 Ostium
1661 2881 1807 2934 enim
1870 2890 2079 2949 portae,

501 2971 713 3024 initium
766 2970 889 3024 ﬁdei
937 2978 1153 3024 nostrae.
1195 2970 1321 3023 inde
1356 2969 1545 3038 incipit
1584 2969 1848 3035 Ecclesia,
1879 2980 1933 3026 et
1961 2985 2083 3040 per-

498 3063 649 3116 venit
677 3078 849 3131 usque
883 3062 949 3114 ad
999 3062 1233 3129 speciem
1262 3077 1275 3114 :
1309 3072 1368 3115 ut
1420 3076 1543 3120 cum
1588 3061 1761 3115 credit
1811 3076 1873 3115 ea
1894 3102 1909 3126 ,
1960 3079 2079 3133 qua:
2108 3101 2152 3162 Ο

499 3166 609 3206 non
634 3152 797 3214 videt,
816 3158 1091 3205 mereatur
1112 3149 1335 3219 perfrui,
1362 3164 1485 3204 cum
1516 3164 1639 3204 eum
1664 3150 1849 3204 videre
1874 3153 1893 3221 (
1909 3150 1938 3203 Ι
1955 3150 2076 3207 Cor.

498 3257 629 3306 xm,
666 3242 753 3313 12)
794 3242 929 3310 {acie
962 3241 1030 3295 ad
1068 3241 1256 3309 faciem
1286 3240 1532 3308 cceperit.
1574 3239 1725 3306 Quod
1755 3257 1881 3295 vero
1911 3242 1963 3295 in
1993 3241 2081 3295 illo

498 3332 650 3401 quasi
676 3329 859 3385 furore
892 3331 1074 3386 salivae
1102 3329 1461 3384 decurrebant
1492 3344 1653 3397 super
1683 3330 1906 3385 barbam
1941 3330 2079 3397 ejus,

497 3422 776 3489 apostolus
828 3421 941 3474 haec
970 3420 1145 3489 aperit
1173 3420 1397 3473 dicens:
1432 3417 1495 3489 (I
1524 3417 1643 3471 Cor.
1678 3434 1729 3483 ι,
1760 3419 1861 3490 22)
1901 3419 2080 3476 Ιιιάατὶ

494 3514 645 3581 signa
673 3522 875 3582 petunt,
907 3521 953 3565 et
979 3509 1148 3564 Grani
1199 3511 1512 3579 sapientiam
1540 3520 1779 3578 quarunt
1808 3526 1825 3564 :
1856 3527 1948 3563 nos
1980 3527 2079 3563 au-

495 3615 597 3657 tem
626 3604 973 3673 prtrdicamus
1018 3600 1284 3654 Christum
1338 3599 1647 3667 cruciﬁxum
1681 3616 1699 3653 :
1722 3599 1928 3654 Judteis
1972 3601 2081 3670 quia

496 3695 610 3747 dem
634 3692 966 3754 scandalum,
989 3690 1225 3759 gentibus
1252 3698 1426 3742 autem
1457 3690 1758 3743 stultitiam.
1802 3686 1938 3758 Ipsis
1962 3706 2079 3743 vero

493 3783 697 3837 Judwis
726 3784 941 3846 vocatis,
982 3792 1031 3835 et
1074 3780 1274 3835 Cra'cis
1299 3779 1564 3833 Christum
1608 3780 1707 3833 Dei
1740 3782 1997 3843 virtutem,
2029 3790 2076 3834 et

494 3874 591 3927 Dei
618 3874 949 3942 sapientiam,
973 3874 1097 3941 quia
1128 3871 1265 3941 quod
1296 3871 1512 3923 stultum
1558 3881 1632 3924 est
1664 3870 1760 3924 Dei
1790 3872 2075 3939 sapientius

492 3972 566 4017 est
596 3962 910 4014 hominibus.
937 3972 957 3998 ε
987 3958 1103 4013 Non
1134 3967 1390 4027 tanquam
1417 3960 1598 4013 salivre
1622 3958 1929 4024 oﬁ‘endant;
1978 3962 2074 4014 sed

493 4052 711 4107 attende
756 4052 900 4121 quod
942 4065 1105 4119 super
1148 4050 1371 4103 barbam
1421 4050 1740 4106 decurrunt.
1795 4048 2073 4114 Quomodo

492 4141 637 4197 enim
667 4141 719 4195 in
749 4140 931 4195 salivis
961 4138 1265 4203 inﬁrmitas,
1293 4139 1373 4192 sic
1402 4139 1453 4191 in
1484 4138 1654 4191 barba
1688 4139 1863 4191 virtus
1886 4149 2072 4191 osten-

492 4230 655 4284 ditur.
688 4229 847 4284 Texit
872 4244 999 4298 ergo
1019 4229 1272 4281 virtutem
1305 4243 1457 4282 suam
1486 4244 1713 4295 corpore
1737 4228 2069 4282 inﬁrmitatis

493 4333 623 4381 suae,
656 4319 877 4387 etquod
924 4318 1225 4371 forinsecus
1266 4316 1664 4379 inlirmabatur,
1714 4325 1969 4385 tanquam
2014 4318 2065 4371 in

493 4404 659 4457 saliva
701 4404 994 4473 apparebat
1028 4422 1041 4458 ;
1079 4403 1221 4456 inlus
1260 4413 1439 4457 autem
1497 4402 1680 4457 divina
1711 4404 1905 4467 virtus,
1950 4414 2066 4459 tan-
2090 4447 2143 4503 Β

492 4508 653 4563 quam
682 4494 849 4547 barba
882 4494 1185 4563 tegebatur.

564 4584 714 4654 (Cap.
751 4585 921 4653 xxiv).
955 4602 971 4633 ‹
1003 4585 1203 4637 Dehinc
1233 4584 1284 4637 in
1314 4599 1497 4638 eremo
1523 4584 1763 4654 Engaddi
1786 4600 1908 4639 cum
1936 4599 2063 4652 per-

491 4673 821 4741 sequendum
858 4673 1024 4727 David
1050 4672 1177 4725 Saul
1206 4675 1801 4744 appeteret,ingressus
1836 4682 1919 4728 est
1963 4674 2064 4727 Da-

491 4760 577 4812 vid
606 4759 659 4812 ln
684 4760 1014 4827 speluncam,
1040 4768 1094 4813 et
1124 4758 1197 4812 ibi
1226 4759 1449 4818 latebat.
1474 4758 1499 4796 d
1525 4758 1631 4811 Sed
1652 4767 1705 4812 et
1735 4776 1827 4813 rex
1859 4762 2062 4829 impro-

490 4850 623 4905 visis
666 4859 923 4920 exceptus
979 4850 1224 4915 insidiis,
1258 4850 1398 4917 quod
1446 4849 1675 4903 innocuo
1720 4852 2059 4917 moliebatur,

491 4939 782 5003 inciderat;
810 4939 1069 5007 scriptum
1098 4948 1182 4993 est
1202 4938 1475 5008 enim,qui
1498 4937 1627 5006 fodit
1656 4938 1854 5006 foveant
1883 4942 2062 5008 promi-

561 5058 728 5121 fxxt,
770 5048 855 5099 l0.
889 5046 1014 5121 Ijzec
1040 5063 1248 5115 quoque
1290 5064 1389 5101 nos
1431 5050 1587 5100 docet
1633 5047 1870 5102 Isidorus
1915 5049 2055 5121 [cap.

490 5114 588 5222 161)
619 5124 673 5168 et
698 5132 763 5170 ex
804 5130 870 5169 eo
900 5114 1173 5170 Rabanus.

619 5184 919 5236 Procidere.

668 5201 919 5237 romaere.

562 5263 587 5292 ο
616 5253 685 5335 Et!
728 5254 873 5335 πυρά
902 5253 1169 5335 inﬁrmum
1198 5263 1293 5335 est
1344 5253 1461 5335 Dei,
1487 5255 1674 5335 fortius
1726 5266 1799 5335 est
1832 5257 2057 5335 nomini-

487 5322 600 5377 bus.
652 5321 846 5378 Salivae
878 5321 1022 5378 enim
1074 5324 1379 5393 signiﬁcant
1418 5321 1698 5377 stultitiam
1737 5332 1791 5378 et
1838 5327 2059 5379 inﬁrmi-

487 5398 673 5462 tatem,
702 5393 793 5447 sed
816 5395 957 5462 quod
986 5394 1208 5447 stultum
1240 5402 1323 5448 est
1352 5394 1468 5455 Dei,
1498 5394 1689 5448 fortius
1712 5403 1795 5448 est
1823 5396 2056 5449 homini-

486 5460 606 5529 bus,
636 5477 742 5515 non
775 5460 1050 5529 tanquam,
1078 5471 1182 5516 etc.

553 5527 580 5567 ἀ
616 5529 739 5602 Haec
778 5527 1099 5602 quoque_ex
1128 5532 1331 5587 lsidoro
1384 5542 1596 5601 sumpta
1624 5543 1780 5599 sunt,
1830 5548 1894 5588 ex
1945 5549 2054 5602 quo

483 5598 648 5669 etiam
672 5600 967 5669 desumpsit
993 5600 1265 5655 Rabanus.

559 5680 581 5705 ο
618 5668 1011 5737 Subsequentia
1056 5670 1109 5721 in
1144 5672 1344 5725 lsidoro
1385 5673 1591 5737 pariter
1638 5673 1880 5726 invenies
1910 5691 1922 5723 :
1957 5672 2051 5725 sed

485 5734 551 5792 ad
581 5734 827 5808 magnam
856 5740 1017 5796 etiam
1059 5750 1266 5807 partem
1299 5741 1351 5794 in
1385 5734 1736 5798 liuarrationc
1771 5741 2052 5813 Augustini

2196 538 2352 592 malis
2403 537 2724 599 retribuens,
2779 534 3053 588 inimicum
3110 549 3214 588 non
3260 534 3480 598 occidit,
3537 533 3635 587 sed
3680 548 3773 601 pro

2196 626 2505 681 testimonio
2526 626 2674 688 facti,
2700 640 2850 680 oram
2874 611 3156 680 chlamidis
3181 625 3341 695 regia:
3373 623 3623 687 abstulit,
3654 639 3770 677 cum

2196 713 2406 771 facilius
2443 724 2587 770 esset
2631 726 2914 785 exceptum
2970 715 3179 768 insidiis
3220 715 3595 768 adversarium
3653 730 3775 783 pcr-

2195 804 2343 871 dere,
2392 806 2563 875 magis
2592 821 2755 875 quam
2807 806 3007 860 fallere.
3038 805 3177 871 Quid
3207 820 3333 874 ergo
3370 815 3455 860 est
3484 805 3632 874 quod
3676 807 3774 859 istc

2194 893 2450 965 fugiensa
2475 894 2608 949 facie
2641 895 2790 960 Saul,
2818 898 2871 950 in
2895 897 3149 967 spelunca
3175 896 3363 949 latuit?
3396 908 3417 934 ο
3450 896 3639 961 Quare
3677 911 3772 949 au-

2198 991 2301 1038 tem
2327 985 2504 1049 latuit,
2531 986 2635 1040 nisi
2667 995 2727 1039 ut
2755 986 3137 1051 occultaretur,
3162 996 3212 1040 et
3245 1002 3350 1040 non
3394 987 3774 1041 inveniretur?

2195 1076 2332 1144 Quid
2362 1087 2443 1133 est
2486 1078 2695 1148 contegi
2728 1079 2999 1147 spelunca,
3048 1080 3154 1133 nisi
3208 1082 3420 1148 contegi
3468 1080 3658 1133 terra?
3686 1080 3773 1147 qui

2194 1169 2335 1221 enim
2366 1168 2502 1238 fugit
2524 1169 2577 1222 in
2609 1169 2938 1237 speluncam,
2972 1178 3117 1222 terra
3148 1170 3368 1238 tegitur,
3400 1184 3469 1223 ne
3502 1170 3772 1223 videatur.

2193 1256 2450 1312 Portabat
2477 1268 2657 1312 autem
2692 1266 2891 1311 terram
2915 1256 3071 1312 Jesus
3102 1277 3114 1311 :
3140 1274 3361 1313 carnem
3410 1274 3576 1328 quam
3623 1274 3777 1312 acce-

2193 1356 2347 1416 perat
2367 1348 2432 1401 de
2478 1356 2643 1412 terra,
2666 1356 2720 1401 et
2746 1349 2799 1401 in
2842 1362 2905 1401 ea
2937 1362 2994 1401 se
3036 1348 3361 1413 occultabat,
3408 1365 3476 1402 ne
3503 1365 3535 1401 a
3570 1346 3776 1401 Judzeis

2194 1436 2526 1489 inveniretur
2564 1436 2723 1489 Deus.
2759 1435 2822 1507 (Ι
2845 1434 2966 1490 Cor.
3011 1452 3082 1501 tt,
3109 1437 3164 1509 8)
3206 1437 3263 1491 Si
3296 1437 3314 1476 ί
3356 1450 3531 1491 autem
3581 1454 3777 1507 cogno-

2192 1525 2416 1589 vissent,
2471 1542 2734 1595 nunquam
2791 1526 3075 1581 Dominum
3126 1526 3310 1597 glorim
3364 1529 3772 1596 cruriﬁxisseut.

2192 1614 2370 1680 Quare
2391 1631 2519 1685 ergo
2535 1615 2819 1671 Dominum
2850 1617 3031 1686 gloria:
3058 1633 3162 1672 non
3187 1618 3543 1673 invenerunt?
3561 1618 3698 1687 quia
3723 1618 3773 1670 in

2194 1710 2447 1777 spelunca
2475 1725 2532 1764 se
2560 1718 2791 1773 texerat,
2824 1710 2877 1763 id
2908 1720 2993 1765 est
3018 1711 3197 1765 carnis
3230 1711 3606 1765 inﬁrmitatem
3641 1727 3776 1764 ocu-

2119 1775 2260 1856 Blis
2302 1803 2624 1873 objiciehat,
2680 1810 2733 1855 et
2790 1802 3126 1868 majestatem
3177 1802 3473 1857 dminitatis
3524 1804 3776 1872 corporis

2194 1892 2427 1962 tegmine
2474 1902 2731 1961 tanquam
2775 1891 3155 1960 (Augustinus:
3200 1899 3355 1944 terrae
3399 1892 3604 1962 abdito)
3656 1906 3776 1960 spe-

2192 1985 2363 2038 lunca:
2392 1983 2573 2038 abdito
2602 1986 2627 2020 κ
2656 1982 2994 2051 contegebat.
3028 1983 3106 2035 illi
3133 1998 3261 2052 ergo
3306 1999 3409 2037 non
3436 1998 3776 2053 cognoscen-

2191 2082 2272 2128 tes
2296 2074 2464 2128 Deum
2490 2073 2760 2143 persecuti
2786 2080 2915 2125 sunt
2958 2074 3250 2127 hominem.
3282 2074 3390 2128 Nec
3421 2075 3555 2127 mori
3592 2076 3776 2143 potuit

2190 2164 2293 2216 nisi
2336 2163 2389 2215 in
2422 2163 2662 2225 homine,
2693 2177 2789 2216 nec
2815 2162 3055 2233 cruciﬁgi
3084 2166 3277 2232 potuit,
3310 2166 3406 2219 nisi
3436 2165 3488 2218 in
3520 2165 3770 2223 homine.

2189 2250 2317 2320 quia
2345 2265 2443 2304 nec
2478 2251 2647 2303 teneri
2670 2252 2844 2319 potuit
2867 2250 2967 2303 nisi
2998 2252 3051 2304 in
3083 2253 3317 2306 homine.
3344 2250 3607 2321 Opposuit
3640 2268 3773 2321 ergo

2189 2338 2328 2392 male
2373 2340 2758 2405 quaerentibus,
2797 2348 3020 2403 terram,
3054 2342 3287 2393 servavit
3311 2343 3444 2395 bene
3474 2344 3774 2410 qumrenti-

2186 2430 2306 2492 bus,
2340 2428 2525 2482 vitam.
2551 2428 2705 2498 Fugit
2735 2444 2864 2499 ergo
2898 2430 3193 2484 secundum
3222 2445 3435 2484 carnem
3462 2432 3511 2484 in
3551 2432 3778 2500 spelun-

2187 2534 2306 2573 cam
2352 2534 2382 2573 a
2424 2517 2561 2573 facie
2588 2518 2740 2585 Saul,
2783 2520 2906 2587 quia
2947 2535 3141 2589 passus
3187 2530 3289 2583 est,
3331 2536 3497 2588 usque
3526 2522 3675 2574 adeo
3718 2536 3771 2574 se

2185 2612 2447 2666 occultari
2496 2610 2694 2665 Iudaeis
2721 2618 2781 2664 ut
2824 2620 3145 2665 moreretur.
3178 2612 3202 2651 ιι
3244 2612 3347 2665 Sed
3392 2627 3553 2679 quare
3584 2627 3772 2681 usque

2186 2702 2253 2755 ad
2280 2709 2511 2756 mortem
2536 2700 2704 2754 voluit
2726 2716 2845 2755 esse
2870 2702 3104 2769 patiens,
3122 2700 3399 2769 utfugeret
3426 2718 3453 2755 a
3476 2702 3617 2755 facie
3640 2701 3771 2755 Saul

2186 2789 2239 2842 in
2266 2789 2613 2858 speluncam?
2641 2790 2841 2843 etenim
2882 2790 3138 2860 spelunca
3186 2792 3411 2845 inferior
3437 2806 3562 2860 pars
3598 2801 3767 2845 terra:

2183 2886 2361 2947 potest
2386 2878 2576 2948 accipi.
2608 2878 2675 2932 Et
2696 2889 2866 2942 certe,
2891 2880 3034 2947 quod
3065 2881 3407 2934 manifestum
3445 2888 3548 2943 est,
3576 2891 3639 2935 et
3672 2896 3765 2934 nu-

2185 2976 2297 3023 tum
2322 2977 2406 3023 est
2446 2970 2717 3033 omnibus,
2765 2984 2963 3038 corpus
2989 2971 3104 3039 ejus
3153 2972 3206 3024 in
3246 2981 3588 3025 monumento
3625 2974 3767 3040 posi-

2185 3069 2299 3113 tum
2345 3062 2361 3099 ί
2404 3068 2505 3115 est.
2542 3061 2683 3128 quod
2736 3068 2855 3113 erat
2894 3062 3137 3115 excisum
3178 3062 3232 3114 in
3260 3070 3440 3129 petra;
3492 3063 3591 3115 hoc
3632 3078 3763 3132 ergo

2184 3157 2591 3205 monumentum
2623 3151 2874 3219 spelunca
2905 3159 3053 3215 erat;
3090 3151 3215 3205 illuc
3257 3150 3411 3220 fugiit
3440 3160 3631 3206 nostcr
3658 3154 3761 3206 Da-

2183 3239 2271 3291 vid
2294 3256 2324 3292 a
2362 3238 2499 3292 facie
2523 3239 2671 3293 Saul.
2704 3238 2911 3292 Tandiu
2944 3240 3087 3293 enim
3128 3240 3399 3307 persecuti
3449 3249 3573 3293 sunt
3604 3240 3757 3293 illum

2182 3328 2380 3393 Judaei,
2416 3330 2763 3400 quoadusque
2797 3338 3090 3397 poneretur
3134 3330 3189 3382 in
3229 3330 3501 3398 spelunca.

2258 3418 2270 3467 i
2320 3438 2337 3470 ι
2378 3418 2484 3473 Sed
2516 3420 2645 3488 quid
2672 3427 2753 3473 est
2777 3420 2917 3487 quod
2951 3418 3079 3472 Saul
3108 3431 3419 3487 petsecutor
3441 3420 3506 3473 ad
3526 3435 3757 3488 purgan-

2182 3510 2305 3562 dum
2335 3517 2608 3571 ventrem,
2656 3508 2964 3576 speluncam
3008 3508 3321 3577 ingreditur,
3355 3510 3459 3562 nisi
3489 3510 3631 3577 quod
3666 3508 3755 3561 Ju-

2181 3598 2280 3650 daei
2306 3598 2356 3651 in
2381 3597 2656 3652 Christum
2685 3608 2999 3667 conceptam
3030 3599 3316 3663 malitiam,
3340 3600 3496 3667 quasi
3534 3600 3751 3653 odorem

2182 3686 2405 3740 fetidum
2435 3688 2755 3752 emiserunt,
2788 3695 2843 3741 ct
2876 3690 3109 3758 cogitata
3133 3690 3273 3757 apud
3302 3703 3361 3741 se
3389 3690 3570 3751 noxia,
3598 3689 3751 3743 factis

2179 3775 2561 3839 deterioribus,
2591 3777 2716 3830 dum
2744 3776 3021 3830 Christum
3052 3778 3344 3847 perimunt,
3377 3779 3745 3833 ostenderunt.

2180 3866 2284 3921 Sed
2320 3875 2498 3921 tamen
2532 3867 2698 3921 David
2747 3868 2962 3922 Saulem
3007 3872 3255 3925 occidere
3281 3872 3453 3925 noluit
3496 3890 3509 3926 :
3549 3881 3747 3927 etcum

2177 3970 2321 4021 eum,
2349 3958 2401 4010 in
2433 3959 2615 4012 abdito
2658 3959 2956 4013 occultatus
2996 3969 3177 4024 antro,
3222 3962 3450 4016 haberet
3486 3964 3539 4016 in
3580 3972 3749 4032 potes-

2176 4054 2319 4109 tate,
2364 4061 2644 4100 reservare
2697 4059 2721 4086 ι
2769 4064 2931 4116 quam
2979 4051 3223 4105 occidere
3282 4051 3529 4105 maluit:
3584 4054 3658 4105 ita
3696 4062 3747 4105 et

2174 4132 2419 4186 Christus
2448 4134 2572 4186 dum
2601 4143 2744 4188 esset
2764 4136 2814 4187 in
2841 4135 3093 4204 spelunca
3122 4139 3318 4201 carnis,
3344 4148 3742 4206 persecutorem

2172 4221 2426 4289 populum
2472 4222 2525 4274 in
2558 4229 2825 4289 potestate
2869 4223 3072 4288 habuit,
3102 4232 3156 4278 et
3194 4240 3300 4277 non
3348 4228 3564 4281 occidit.
3598 4227 3742 4282 Scri-

2171 4318 2323 4380 ptum
2376 4312 2518 4364 enim
2570 4320 2687 4365 erat
2738 4312 2805 4366 de
2849 4313 2932 4366 his
2976 4328 3073 4381 per
3117 4314 3441 4383 Prophetam
3506 4336 3518 4370 :
3570 4316 3737 4386 (Psal.

2171 4416 2296 4455 LVIII
2321 4442 2334 4465 ,
2377 4400 2464 4471 12)
2500 4400 2583 4454 Ne
2629 4403 2881 4455 occideris
2920 4420 3025 4456 eos.
3051 4403 3279 4457 Tantum
3310 4406 3542 4475 denique
3572 4406 3738 4461 David

2169 4493 2536 4546 summitatem
2590 4493 2872 4546 chlamidis
2910 4493 3024 4560 ejus
3076 4494 3297 4549 silenter
3359 4496 3622 4559 abscidit,
3684 4505 3739 4549 ut

2166 4580 2476 4634 ostenderet
2520 4582 2797 4650 prophetia
2849 4582 3123 4637 Christum
3165 4584 3379 4639 Judteos
3434 4602 3539 4640 non
3594 4586 3737 4639 occi-

2166 4671 2346 4733 disse,
2401 4671 2493 4724 scd
2540 4672 2619 4725 eis
2667 4680 2873 4725 tantum
2930 4674 3081 4742 regni
3130 4674 3356 4743 gloriam
3404 4675 3730 4729 abstulisse:

2166 4761 2451 4816 chlamidis
2478 4764 2620 4816 enim
2654 4762 2912 4818 abscissio
2944 4768 3093 4835 regni
3121 4775 3205 4819 est
3235 4768 3550 4836 amputatio.
3579 4787 3598 4819 ι
3627 4767 3641 4804 ι
3678 4768 3732 4823 la

2166 4868 2228 4906 eo
2258 4862 2433 4907 autem
2460 4853 2598 4921 quod
2628 4862 2829 4906 tantum
2864 4853 2987 4907 Saul
3012 4864 3303 4911 veneratus
3346 4865 3428 4911 est
3472 4857 3585 4926 ipse
3632 4858 3733 4910 Da-

2170 4943 2356 5008 vid,ut
2384 4958 2641 5009 percusso
2681 4945 2843 4999 corde
2885 4946 3225 5011 pavitavcrit,
3265 4948 3479 5017 quando
3504 4950 3555 5001 in
3587 4957 3732 5003 tene-

2170 5054 2221 5107 in
2252 5052 2446 5105 Psalm.
2480 5070 2587 5113 Lvl,
2612 5070 2760 5107 num.
2802 5055 2853 5107 4.

2244 5122 2260 5159 ί
2296 5122 2437 5175 Editi
2465 5138 2477 5174 :
2507 5124 2662 5177 enim.

2243 5193 2267 5231 ⁸
2298 5189 2625 5245 Occultabat.

2236 5261 2265 5299 ιι
2297 5259 2560 5330 Nonnulla
2608 5261 2696 5313 hic
2739 5269 3018 5329 amputant
3063 5266 3316 5330 Isidorus,
3344 5274 3399 5319 et
3448 5263 3720 5320 Claudius.

2162 5329 2619 5451 VideEallegatum
2649 5330 2928 5399 Augustini
2958 5332 3155 5387 locum.

2235 5413 2250 5439 ι
2338 5415 2434 5451 sse.

2235 5413 2250 5439 ⁸
2288 5413 2434 5451 L886.

2231 5466 2243 5516 i
2290 5468 2369 5520 Ex
2395 5468 2598 5538 lsidoro
2634 5468 2747 5522 hcec
2774 5480 2985 5538 sumpta
3025 5475 3393 5534 tantummodo
3418 5480 3584 5532 sunt:
3622 5477 3717 5533 de-

2158 5546 2287 5592 sunt
2312 5539 2366 5591 in
2388 5537 2706 5604 Augustino.

2232 5606 2253 5675 ξι
2282 5606 2511 5659 Additur
2530 5608 2699 5675 potius
2723 5620 2740 5657 :
2769 5608 2863 5661 sed
2890 5609 3167 5667 redundat.

2229 5667 2244 5706 ¹
2260 5667 2538 5729 Hactenus
2557 5676 2811 5730 Isidorus.
