3912 6324
146 399 255 455 ῧὸι

1048 391 1503 462 ρυίΕΒΊΊΟΝΕδ
1547 386 1691 441 XXX
1738 382 1960 440 SUPER
2002 381 2249 468 LlBllOS
2289 382 2549 439 REGUM.

3304 381 3404 441 683

148 520 317 572 broso
352 524 437 570 est
462 513 764 569 occultatus
790 520 964 576 antro,
992 525 1100 579 quo
1126 511 1289 564 etiam
1334 507 1460 561 Saul
1491 508 1726 561 intrave-
1754 498 1807 557 Α
1904 494 2042 566 (25,
2082 496 2171 566 9.)
2225 496 2352 551 Post
2385 497 2500 550 haec
2548 494 2712 549 David
2741 491 3018 548 descendit
3067 494 3121 548 in
3166 493 3406 550 solitudi-

147 616 242 661 r~at
275 612 500 676 urgente
546 603 867 659 necessitate
917 608 1143 663 naturae,
1173 609 1226 651 et
1273 598 1524 666 exiguam
1553 594 1727 664 parti-

147 697 331 752 culam
389 695 557 751 vestis
600 693 716 762 ejus
771 701 1066 748 retrorsum
1106 689 1338 747 latenter
1387 686 1638 749 abscidit,
1670 691 1728 737 ut

145 787 403 852 haberet,
457 785 598 840 unde
638 790 979 842 monstraret,
1018 778 1291 848 quomodo
1317 777 1367 832 ei
1403 775 1725 846 pepercerit,

147 891 278 932 cum
294 884 477 947 posset
495 875 768 937 occidere,
785 882 946 939 atque
963 871 1036 923 ita
1059 867 1419 937 suspicionem
1450 867 1517 920 de
1548 864 1729 918 animo

146 968 293 1039 ejus,
339 982 446 1037 qua
490 975 739 1020 sanctum
774 960 962 1025 David,
991 967 1188 1030 putans
1233 958 1511 1012 inimicum
1547 971 1726 1018 suum,

146 1059 504 1113 vehementer
555 1054 1002 1124 persequebatur,
1031 1049 1269 1104 auferret
1300 1060 1352 1112 ε,
1379 1045 1545 1100 futuri
1575 1044 1730 1113 regni

146 1155 272 1201 erat
299 1147 490 1200 umbra
528 1145 585 1198 in
625 1142 930 1198 aeternitate
969 1152 1228 1194 mansura
1260 1155 1273 1189 :
1305 1135 1484 1189 oleum
1532 1133 1732 1202 quippe

146 1236 305 1301 illud,
337 1251 444 1304 quo
469 1244 665 1290 unctus
686 1242 771 1288 est
804 1231 1118 1294 chrismate,
1161 1227 1230 1282 ab
1262 1243 1329 1282 eo
1358 1226 1608 1282 Christus
1647 1234 1734 1281 est

146 1327 346 1383 dictus.
388 1324 466 1379 Ne
512 1325 695 1394 itaque
744 1336 869 1376 reus
925 1327 1074 1374 esset
1122 1319 1258 1373 tanti
1310 1315 1636 1372 sacramenti
1676 1315 1732 1370 iu

147 1415 316 1471 Saule
353 1415 569 1479 violati,
624 1413 750 1482 quia
797 1410 884 1465 vel
932 1410 1303 1464 indumentum
1345 1408 1489 1479 ejus,
1533 1407 1612 1462 sic
1650 1416 1733 1462 at-

145 1510 424 1574 trectavit,
476 1507 754 1571 extimuit,
796 1505 871 1559 ita
908 1506 1053 1559 enim
1096 1504 1358 1573 scriptum
1405 1510 1489 1557 est
1529 1520 1541 1554 :
1597 1500 1730 1572 (24,

145 1601 204 1667 6,
232 1601 286 1664 5,
313 1602 367 1664 7,
390 1598 519 1669 etc.)
541 1597 608 1650 Et
630 1597 886 1667 percussit
935 1612 1025 1660 cor
1054 1593 1225 1647 David
1266 1609 1420 1662 super
1440 1608 1578 1655 eunt,
1609 1593 1732 1662 quia

143 1691 365 1746 abstulit
407 1691 621 1760 pinnam
649 1686 924 1741 chlamidis
955 1685 1088 1755 ejus.
1124 1684 1238 1738 Viri
1259 1691 1466 1746 autem,
1490 1683 1581 1752 qui
1608 1697 1730 1736 cum

145 1782 242 1837 illo
271 1788 449 1844 erant,
474 1789 530 1834 et
554 1789 613 1833 ut
641 1777 858 1832 Saulem
880 1777 934 1830 in
966 1791 1160 1830 manus
1199 1790 1326 1829 suas
1368 1773 1625 1828 traditum
1651 1771 1731 1825 in-

1831 600 1951 639 nem
1994 585 2169 648 Maon,
2203 587 2293 640 ubi
2323 587 2602 640 habitabat
2650 585 2837 649 Nabal,
2872 599 3178 654 nomenque
3222 588 3406 643 uxoris

1830 676 1947 745 ejus
1972 676 2209 747 Abigail;
2239 676 2305 729 ad
2325 691 2483 744 quem
2513 677 2731 730 mittens
2756 675 2924 730 David
2954 690 3153 745 pueros
3175 692 3322 741 suos,
3351 688 3411 730 ut

1831 768 2187 837 quodcunque
2219 768 2514 821 invenisset
2553 782 2748 820 manus
2777 765 2915 833 ejus,
2960 768 3200 823 misisset
3239 768 3409 821 David

1831 866 1886 911 et
1915 857 2098 925 pueris
2121 857 2254 911 suis.
2286 857 2430 923 Quos
2460 855 2549 909 ille
2582 854 2746 909 stulte
2779 856 3037 924 repellens
3062 898 3078 922 ,
3124 858 3408 911 nuntiave-

1831 957 1960 1004 runt
1981 950 2168 1004 David.
2205 962 2227 989 ε
2262 968 2279 1000 ι
2319 949 2470 1002 Tunc
2500 946 2670 1001 David
2716 946 2988 1001 accinctus
3019 948 3208 1014 armis,
3241 947 3410 1001 voluit

1833 1054 1954 1095 eum
1981 1041 2291 1108 depredare.
2339 1039 2493 1109 (vers.
2526 1037 2613 1107 15)
2640 1036 2943 1105 AtAbigail
2993 1037 3148 1108 (vers.
3200 1038 3284 1102 18,
3316 1037 3408 1100 25)

1833 1130 1965 1183 abiit
2009 1130 2222 1184 obviam
2288 1128 2489 1193 David,
2531 1127 2882 1196 interpellans
2933 1143 3032 1197 pro
3074 1144 3160 1194 se,
3207 1137 3262 1184 et
3311 1144 3408 1198 pro

1833 1220 1994 1275 domo
2034 1236 2151 1284 sua,
2184 1234 2344 1288 quem
2383 1219 2466 1272 vir
2495 1219 2612 1288 ejus
2654 1218 2880 1272 stultitia
2925 1226 2981 1272 et
3022 1218 3284 1275 ebrietate
3324 1235 3408 1274 so-

1833 1311 1978 1378 pitus
2004 1308 2303 1365 otienderat
2333 1328 2344 1362 :
2400 1307 2458 1363 Si
2485 1310 2646 1373 enim,
2677 1308 2948 1376 inquiens,
2989 1309 3146 1378 (vers.
3174 1307 3264 1378 29)
3294 1326 3413 1362 sur-

1835 1401 2024 1453 rexerit
2047 1398 2331 1470 aliquando
2355 1399 2506 1452 homo
2533 1415 2842 1468 persequens
2874 1405 2940 1461 te,
2963 1407 3010 1451 et
3037 1415 3275 1468 quwrens
3296 1401 3412 1451 ani-

1834 1508 1972 1545 mam
2012 1501 2192 1557 tuam,
2223 1493 2320 1544 erit
2350 1491 2527 1544 anima
2570 1490 2783 1544 Domini
2823 1491 2923 1544 mei
2963 1492 3227 1556 custodia,
3259 1492 3410 1561 quasi

1833 1581 1887 1633 in
1914 1565 2168 1649 fascicqu
2209 1580 2510 1643 viventium,
2543 1579 2681 1648 apud
2711 1578 2994 1632 Dominum
3039 1578 3204 1632 Deum
3237 1588 3404 1633 tuum.

1836 1667 2004 1723 Porro
2031 1670 2208 1723 anima
2242 1671 2572 1722 inimicorum
2612 1680 2822 1723 tuorum
2857 1670 3136 1735 rotabitur,
3163 1671 3314 1741 quasi
3355 1672 3408 1724 iu

1836 1763 2027 1830 impetu
2051 1769 2099 1813 et
2129 1759 2326 1813 circulo
2369 1758 2566 1828 fundaz.
2595 1758 2966 1814 Pulcherrima
3009 1762 3410 1830 comparatione

146 1873 408 1927 terimere
456 1870 777 1934 suadebant,
807 1884 912 1922 non
957 1867 1106 1932 mild,
1153 1865 1349 1935 inquit,
1399 1864 1669 1934 contingat
1699 1879 1730 1915 a
1762 1851 1806 1908 B
1836 1858 2033 1903 statum
2059 1847 2328 1918 justorum
2372 1864 2401 1902 a
2432 1849 2784 1918 reproborum
2814 1857 2960 1904 sorte
2988 1849 3247 1905 discernit
3274 1869 3286 1904 :
3319 1853 3411 1906 ho-

143 1962 399 2027 Dcmino,
415 1963 460 2017 si
479 1961 648 2030 fecero
663 1962 759 2014 hoc
784 1959 994 2014 verbum
1017 1958 1244 2011 Domino
1262 1973 1374 2011 meo
1402 1956 1607 2011 Christo
1628 1954 1737 2009 Do-

142 2054 313 2118 mini,
343 2053 538 2121 inferre
563 2067 782 2104 manum
807 2066 976 2103 meam
997 2065 1154 2118 super
1177 2065 1319 2112 eum,
1344 2048 1466 2118 quia
1496 2045 1733 2100 Christus

145 2145 363 2198 Domini
389 2153 462 2198 est
491 2144 607 2208 hic;
640 2143 767 2197 huic
816 2155 945 2212 ergo
996 2141 1200 2195 umbra)
1252 2138 1446 2194 future
1473 2155 1577 2193 non
1608 2154 1735 2208 pro-

141 2245 270 2306 pter
319 2237 507 2305 ipsam,
559 2233 653 2289 sed
688 2241 910 2304 propter
954 2231 1121 2296 illud,
1165 2231 1304 2300 quod
1339 2230 1735 2302 praﬂigurabat

143 2335 305 2380 tanta
346 2327 626 2381 veneratio
676 2324 1056 2380 exhibebatur.
1091 2321 1120 2361 δ
1157 2339 1175 2373 ι
1233 2320 1510 2376 Moraliter
1561 2335 1728 2387 vero,

141 2416 279 2485 quid
304 2432 401 2486 per
425 2414 579 2479 Saul,
610 2414 714 2469 nisi
743 2413 874 2467 mali
902 2410 1178 2467 rectores?
1213 2409 1342 2479 quid
1385 2424 1484 2478 per
1523 2408 1691 2464 David
1711 2449 1730 2474 ,

143 2507 255 2560 nisi
277 2505 405 2560 b’oni
432 2503 631 2559 subditi
677 2502 1068 2573 designantur?
1118 2499 1248 2555 Saul
1290 2499 1454 2571 igitur
1488 2508 1731 2554 ventrem

139 2612 406 2668 purgare,
451 2604 537 2650 est
567 2609 764 2664 pravos
788 2592 1110 2664 prapositos
1129 2601 1446 2662 conceptam
1488 2591 1541 2646 in
1567 2591 1732 2646 corde

141 2689 434 2753 malitiam,
471 2702 642 2756 usque
675 2685 744 2741 ad
771 2700 938 2755 opera
975 2684 1162 2740 miseri
1195 2683 1378 2739 odoris
1416 2683 1728 2745 extendere,

141 2787 203 2833 et
232 2777 469 2847 cogitata
504 2776 652 2845 apud
678 2789 737 2830 se
761 2774 942 2839 noxia,
988 2773 1148 2829 factis
1176 2772 1540 2828 exterioribus
1576 2787 1731 2828 exse-

141 2866 365 2938 quendo
386 2867 780 2921 demonstrare.
803 2864 973 2932 Quem
999 2873 1180 2919 tamen
1220 2863 1388 2918 David
1411 2863 1580 2919 ferire
1619 2879 1730 2918 me-

143 2959 274 3022 tuit,
309 2958 436 3027 quia
461 2958 563 3027 piae
584 2957 920 3012 subditorum
951 2965 1163 3011 mentes
1195 2956 1263 3010 ab
1305 2957 1452 3010 omni
1496 2970 1555 3010 se
1574 2965 1730 3025 peste

140 3045 562 3102 obtrectationis
581 3046 936 3110 abstinentes,
964 3044 1374 3114 praepositorum
1395 3045 1559 3099 vitam
1583 3044 1729 3098 nullo

142 3137 347 3207 lingua:
410 3135 587 3207 gladio
633 3136 978 3205 percutiunt,
1026 3133 1190 3188 etiam
1249 3149 1371 3189 cum
1423 3135 1489 3188 de
1533 3135 1731 3203 imper-

1841 1956 1959 1994 rum
1986 1941 2182 2010 quippe
2212 1940 2419 1994 animas
2437 1939 2667 2010 appellat
2681 1941 2921 2005 viventes,
2940 1950 2998 1994 ut
3014 1942 3228 1995 illorum
3243 1958 3274 1997 e
3288 1957 3411 1998 con-

1839 2031 2005 2085 trario
2032 2031 2296 2100 spirituali
2330 2041 2501 2086 morte
2528 2040 2928 2102 prmoccupatas
2954 2033 3232 2100 insinuet;
3251 2035 3409 2105 juxta

1838 2123 1966 2178 illud
1992 2123 2276 2192 Propheta:
2303 2123 2548 2194 :(Ezcch.
2576 2139 2726 2186 xvut,
2766 2123 2822 2194 4)
2862 2124 3051 2178 Anima
3084 2142 3198 2196 qua:
3223 2143 3409 2195 pecca—

1839 2215 1984 2279 verit,
2006 2215 2118 2285 ipsa
2141 2216 2432 2268 morietur:
2462 2215 2558 2269 hos
2588 2214 2866 2280 fasciculo,
2905 2216 3022 2270 illos
3042 2215 3205 2288 lapidi
3232 2218 3412 2273 funda:

1839 2307 2099 2361 assimilat
2137 2321 2150 2359 :
2179 2305 2467 2361 fasciculus
2491 2306 2634 2360 enim
2665 2307 3074 2378 constringitur,
3107 2315 3165 2362 ut
3206 2309 3414 2382 integer

1839 2407 2070 2460 maneat,
2097 2407 2150 2452 et
2177 2406 2545 2462 conservetur,
2576 2398 2711 2467 lapis
2741 2397 2791 2450 in
2823 2398 2983 2452 funda
3014 2400 3293 2467 expeditus
3317 2416 3414 2470 βου

1831 2491 2006 2553 nitur,
2039 2497 2095 2543 ut
2143 2486 2446 2556 algiciatur.
2479 2487 2571 2543 Sic
2612 2490 2756 2543 enim
2792 2490 2846 2543 in
2886 2489 2987 2544 hoc
3017 2490 3212 2544 smeulo
3255 2491 3412 2545 electi

1836 2580 2103 2649 pressuris
2129 2578 2540 2634 tribulationum
2563 2588 3004 2651 coangustantur,
3029 2593 3089 2637 ut
3118 2582 3200 2636 his
3229 2583 3413 2637 admo-

1837 2671 1956 2733 niti,
1982 2669 2185 2724 arctius
2215 2684 2275 2725 se
2310 2671 2377 2724 ad
2430 2670 2662 2726 invicem
2713 2679 2910 2725 mutua
2940 2672 3204 2726 charitate
3235 2671 3251 2709 ί
3285 2687 3414 2727 con-

1836 2767 2082 2824 uectant,
2119 2769 2176 2814 et
2219 2760 2504 2816 coadunati
2550 2762 2622 2817 ad
2680 2762 2909 2817 invicem
2961 2777 3121 2816 manu
3169 2763 3250 2816 sui
3307 2762 3414 2820 Rc-

1837 2850 2132 2920 demptoris
2170 2850 2225 2904 in
2260 2859 2582 2922 perpetuum
2611 2859 3017 2910 conserventur.
3056 2854 3128 2906 At
3153 2868 3279 2907 vero
3329 2870 3414 2909 re-

1835 2938 2008 3006 probi,
2061 2947 2263 3007 quanto
2292 2939 2453 2994 latius
2482 2940 2538 2994 in
2574 2941 2678 2996 hac
2707 2940 2820 2996 vita
2872 2941 3240 3010 voluptatibus
3288 2957 3412 3011 pro—

1835 3030 1990 3100 priis,
2001 3030 2169 3086 veluti
2187 3031 2344 3085 liberi
2357 3030 2726 3096 dimittuntur,
2741 3041 2893 3087 tanto
2919 3017 3131 3102 lengius
3151 3033 3205 3086 in
3232 3032 3412 3086 futuro

1838 3137 1870 3176 a
1897 3122 2092 3178 divina:
2105 3122 2332 3178 visionis
2351 3122 2520 3194 gloria
2541 3121 2993 3193 projiciuntur,ut
3021 3125 3086 3178 de
3111 3123 3189 3178 eis
3220 3125 3414 3178 merito

140 3193 386 3282 feciione
410 3193 858 3296 Vreprehendunt.
911 3193 1012 3291 Qui
1034 3265 1050 3289 ,
1097 3234 1155 3280 et
1179 3225 1225 3280 si
1270 3224 1485 3294 quando
1511 3193 1732 3294 propter
1758 3193 1807 3261 ῧ
1836 3215 2046 3271 dicatur
2073 3234 2086 3268 :
2115 3214 2341 3285 (Psalm.
2380 3214 2625 3285 Lxxxvu)
2666 3213 2734 3267 Et
2763 3214 2972 3284 quidem
3020 3216 3118 3286 ipsi
3149 3215 3214 3268 de
3253 3231 3413 3268 manu

139 3318 522 3374 inﬁrmitatem
548 3329 667 3371 sese
704 3315 983 3370 abstinere
1007 3315 1098 3368 vix
1128 3322 1374 3384 possunt,
1406 3322 1464 3367 ut
1488 3322 1731 3369 extrema

140 3409 421 3479 quadam,
449 3415 612 3477 atque
657 3406 929 3462 exteriora
976 3406 1393 3474 praepositorum
1441 3404 1602 3469 mala,
1637 3405 1732 3458 sed

141 3509 334 3553 tamen
361 3497 663 3566 humiliter,
706 3496 1015 3566 loquantur,
1049 3495 1204 3564 quasi
1250 3509 1401 3548 oram
1449 3493 1733 3548 cblamidis

140 3590 375 3646 silenter
417 3588 689 3652 incidunt;
739 3587 867 3657 quia
893 3586 1144 3640 videlicet
1188 3587 1313 3641 dum
1364 3585 1598 3656 praelatae
1646 3586 1732 3640 di-

138 3679 342 3752 gnitati
384 3678 565 3734 saltim
611 3678 850 3742 innoxie,
891 3685 945 3732 et
976 3676 1208 3730 latenter
1250 3675 1533 3745 derogant,
1577 3677 1733 3745 quasi

144 3771 299 3842 regis
321 3769 648 3839 superpositi
680 3777 889 3824 vestem
919 3776 1147 3822 secant:
1181 3766 1276 3822 sed
1322 3773 1505 3821 tamen
1549 3766 1616 3820 ad
1644 3781 1732 3821 se-

144 3865 414 3935 metipsos
462 3864 710 3928 redeunt,
751 3876 918 3930 seque
962 3860 1438 3915 vehementissime
1461 3900 1476 3925 ,
1535 3859 1618 3912 vel
1665 3858 1734 3913 de

141 3964 468 4018 tenuissima
508 3961 660 4016 verbi
702 3959 1030 4014 laceratione
1087 3955 1511 4027 reprehendunt.
1579 3955 1732 4010 Unde

142 4057 311 4120 bene,
341 4063 394 4110 et
423 4053 535 4108 illic
559 4053 823 4121 scriptum
852 4059 937 4106 est
966 4070 980 4104 :
1015 4047 1144 4103 Post
1185 4049 1296 4102 haec
1323 4047 1495 4102 David
1519 4064 1734 4119 percus-

141 4153 214 4208 sit
266 4167 359 4206 cor
401 4167 552 4206 suum
577 4190 592 4215 ,
635 4166 694 4203 eo
733 4147 870 4218 quod
925 4145 1225 4200 abscidisset
1263 4161 1409 4198 oram
1457 4142 1732 4198 chlamidis

145 4244 289 4301 Saut
325 4256 343 4296 :
374 4242 517 4297 facta
570 4242 768 4311 quippe
819 4238 1232 4310 praepositorum
1280 4237 1391 4291 oris
1440 4235 1614 4307 gladio
1654 4233 1731 4289 fe-

141 4335 342 4391 rienda
395 4349 502 4388 non
549 4341 696 4397 sunt,
729 4332 894 4386 etiam
937 4345 1060 4386 cum
1097 4326 1542 4398 reprehendenda
1583 4333 1732 4380 recte

136 4427 479 4497 judicantur.
511 4422 568 4478 Si
597 4423 813 4492 quando
848 4436 980 4476 vero
1002 4427 1194 4476 contra
1222 4433 1334 4481 eos,
1373 4416 1456 4472 vel
1486 4417 1538 4472 in
1570 4417 1733 4472 mini-

142 4519 252 4572 mis
292 4517 476 4586 lingua
502 4514 722 4578 labitur,
758 4526 980 4568 necesse
1018 4517 1120 4574 est,
1164 4517 1224 4564 ut
1253 4523 1352 4578 per
1381 4505 1724 4563 amictionem
1752 4532 1805 4592 Β

141 4606 485 4680 ρωηὶιθηιὶω
514 4615 536 4643 ε
569 4603 977 4674 comprimatur,
1019 4600 1274 4670 quatinus
1307 4599 1374 4653 ad
1410 4599 1727 4668 semetipum

143 4700 360 4764 redeat,
402 4705 458 4751 et
485 4711 609 4751 cum
658 4694 957 4764 praepositae
984 4691 1238 4763 potestati
1271 4690 1579 4760 deliquerit,
1609 4690 1726 4760 ejus

141 4800 342 4848 contra
389 4803 447 4844 se
471 4786 751 4855 judicium,
792 4801 823 4838 a
851 4800 958 4854 quo
985 4783 1090 4838 sibi
1119 4781 1146 4822 ά
1181 4782 1435 4852 prtelatus
1478 4790 1582 4847 est,
1610 4795 1730 4849 per-

142 4882 452 4937 horrescat.
479 4878 614 4932 Nam
644 4893 772 4931 cum
799 4874 1104 4946 praepositis
1139 4872 1526 4940 delinquimus,
1551 4869 1725 4925 ordini

143 4971 310 5040 ejus,
363 4970 454 5040 qui
513 4983 606 5024 eos
677 4968 833 5022 nobis
894 4963 1168 5036 praetulit,
1219 4961 1518 5017 obviamus.
1577 4960 1728 5016 Unde

149 5064 350 5117 Muises
406 5076 641 5130 quoque,
673 5076 795 5114 cum
830 5065 1020 5113 contra
1066 5071 1146 5120 se,
1177 5062 1232 5109 et
1267 5054 1449 5108 Aaron
1476 5053 1734 5120 conqueri

146 5152 411 5223 populant
441 5153 779 5220 cognovisset
803 5150 879 5204 ait
918 5167 928 5201 :
964 5146 1162 5218 (Exod.
1211 5161 1324 5208 xw,
1368 5144 1423 5213 8)
1457 5143 1570 5197 Nos
1596 5143 1732 5195 enim

148 5245 280 5317 quid
309 5244 531 5297 sumus?
557 5259 646 5294 nec
672 5251 855 5295 contra
885 5255 977 5293 nos
999 5247 1072 5292 est
1096 5252 1335 5290 murmur
1365 5244 1612 5295 vestrum,
1642 5233 1732 5286 sed

149 5345 338 5391 contra
361 5332 663 5386 Dominum.
699 5352 714 5382 ι

225 5459 253 5486 ι
286 5443 385 5497 llic
416 5441 592 5511 aliqua
620 5441 835 5511 desum:
881 5509 890 5511 μ
1167 5505 1196 5511 -
1370 5505 1380 5511 _
1447 5502 1493 5511 --
1666 5502 1682 5511 ,.

225 5516 256 5554 b
287 5502 681 5580 Subsequentia
732 5509 1018 5580 didicimus
1044 5522 1112 5580 ex
1158 5505 1418 5580 Gregorio
1447 5502 1637 5580 Magno
1666 5502 1732 5573 [5

151 5570 631 5659 parteljastoralis
657 5581 871 5659 admon.
901 5594 946 5630 v.
988 5577 1020 5630 5
1053 5578 1168 5631 haec
1211 5570 1500 5643 tradente].

229 5667 250 5693 ε
286 5653 426 5707 Editi
463 5668 475 5704 :
507 5666 596 5703 cor
614 5656 898 5718 prematur.

225 5724 251 5765 ά
284 5723 426 5778 Editi
451 5739 463 5773 :
488 5720 706 5790 prwtata
740 5724 833 5790 est.

230 5806 256 5837 ο
287 5780 680 5859 Subsequentia
705 5786 916 5841 edocuit
943 5785 1085 5841 Beda
1112 5784 1403 5854 ancszione
1425 5783 1455 5836 6
1487 5783 1538 5835 in
1567 5780 1731 5834 libros

475 5885 746 5945 Parant.
792 5875 951 5938 ClV.

1833 3320 1926 3364 tua
1951 3312 1976 3350 8
2003 3309 2197 3380 repulsi
2224 3319 2365 3363 sunt.
2397 3309 2534 3365 Miro
2562 3319 2744 3365 autem
2775 3311 3199 3379 omnipotentem
3239 3313 3416 3380 provi-

1833 3401 2070 3457 dentiam
2119 3401 2378 3455 describit
2427 3402 2644 3469 superni
2697 3402 3041 3469 protectoris,
3073 3417 3196 3455 cum
3240 3403 3412 3458 dicit:

1833 3492 2062 3545 animam
2087 3491 2185 3544 viri
2215 3489 2383 3543 sancti
2404 3491 2555 3560 quasi
2587 3491 2640 3543 in
2667 3489 2923 3559 fasciculo
2953 3491 3234 3545 viventium
3270 3494 3415 3560 apud

1832 3597 1949 3634 eum
1974 3597 2084 3635 esse
2113 3580 2426 3634 custoditum
2460 3594 2478 3631 .'
2506 3580 2652 3634 sicut
2677 3581 2822 3634 enim
2851 3579 3164 3634 facillimum
3190 3592 3271 3634 est
3299 3583 3413 3636 cui-

1833 3672 1982 3737 libet,
2013 3671 2326 3727 fasciculum
2354 3672 2555 3736 herbw,
2577 3671 2662 3724 vel
2685 3669 2793 3725 feni
2834 3686 2930 3726 sua
2960 3687 3120 3725 manu
3144 3680 3412 3727 retentum

1834 3779 2183 3826 conservare,
2217 3765 2292 3817 ita
2318 3765 2496 3818 virtus
2551 3761 2765 3817 Domini
2810 3773 2864 3818 et
2911 3761 3210 3818 Salvatoris
3241 3765 3413 3818 nostri

1833 3872 2022 3912 omnes
2049 3872 2145 3926 per
2171 3857 2358 3913 orbem
2398 3856 2622 3921 electos,
2666 3855 2734 3909 ab
2762 3855 2914 3909 initio
2954 3870 3125 3924 usque
3167 3855 3221 3909 in
3249 3855 3412 3911 finem

1832 3944 2037 4006 saeculi.
2073 3960 2141 4000 ne
2169 3946 2260 4014 qui
2290 3961 2358 3999 ex
2395 3945 2474 4000 eis
2501 3944 2607 3999 ulla
2652 3945 2859 3999 ratione
2889 3953 3134 4014 pereant,
3181 3945 3300 4001 sine
3328 3946 3409 3999 la-

1830 4037 1962 4091 bore
1995 4045 2194 4091 tuetur.
2225 4036 2389 4091 Juxta
2419 4038 2561 4106 quod
2574 4038 2697 4106 ipse
2721 4037 2776 4091 in
2801 4037 3087 4107 Evangelio
3114 4037 3213 4091 sub
3235 4037 3407 4107 ﬁgura

1831 4127 2011 4180 ovium
2043 4127 2108 4181 de
2134 4128 2220 4182 bis
2257 4128 2484 4196 loquens
2531 4126 2712 4195 (Joan.
2755 4143 2811 4191 x,
2838 4126 2906 4179 27
2936 4136 2985 4178 et
3030 4125 3122 4196 28)
3161 4141 3174 4178 :
3219 4126 3290 4179 Et
3328 4143 3409 4180 se-

1829 4225 2062 4288 quuntur
2098 4233 2200 4280 me,
2230 4217 2427 4285 inquit,
2459 4224 2513 4268 et
2536 4232 2629 4285 ego
2655 4216 2813 4268 vitam
2838 4223 3087 4269 aeternam
3116 4214 3181 4268 do
3208 4215 3281 4268 eis
3310 4231 3328 4268 :
3359 4225 3409 4268 et

1832 4323 1935 4361 non
1955 4305 2192 4377 peribunt
2217 4306 2271 4358 in
2296 4314 2566 4370 «uernum,
2607 4321 2698 4358 nec
2729 4304 2892 4374 rapiet
2919 4320 3005 4356 eas
3035 4305 3308 4373 quisquam
3345 4304 3411 4358 de

1830 4414 1990 4451 manu
2021 4413 2154 4451 mea.
2190 4395 2344 4450 Sicut
2377 4393 2664 4449 fasciculus
2690 4409 2829 4448 unus
2863 4393 3192 4462 quibuslibet
3215 4393 3407 4449 vincu-

1829 4488 1897 4543 lis
1939 4486 2206 4558 alligatur,
2250 4486 2326 4540 ita
2377 4484 2554 4540 omnis
2581 4491 2892 4538 sanctorum
2945 4489 3119 4537 castus
3163 4497 3270 4536 una
3318 4496 3411 4536 ea-

1834 4580 2064 4648 demque
2093 4579 2217 4643 iide,
2245 4592 2360 4646 spe,
2389 4584 2444 4631 et
2462 4574 2726 4631 charitate
2769 4575 2838 4629 ad
2871 4574 3100 4629 invicem
3140 4575 3411 4630 constrin-

1833 4672 2000 4741 gitur,
2029 4687 2136 4724 uno
2157 4671 2350 4725 divina:
2371 4668 2721 4738 protectionis
2764 4667 3061 4722 munimine
3101 4665 3408 4721 circumda-

1836 4771 1941 4816 tur.
1987 4761 2142 4816 Patet
2174 4775 2306 4817 sane
2335 4761 2362 4800 ιι
2387 4760 2579 4814 litteras
2602 4773 2813 4825 sensus,
2841 4759 2965 4828 quia
2993 4757 3173 4811 anima
3211 4744 3404 4823 David,

1835 4853 2279 4924 persequentibus
2318 4851 2444 4905 licet
2469 4850 2733 4912 hostibus,
2765 4848 3034 4903 custodita
3064 4861 3279 4916 semper
3307 4847 3412 4903 fuit

1836 4946 1888 4999 in
1917 4953 2064 5000 sorte
2088 4943 2404 4998 viventium.
2435 4941 2605 4995 Porro
2631 4939 2835 4993 inimici
2862 4937 2998 5008 ejus,
3032 4937 3414 4992 insistentibus

1838 5039 1939 5093 sibi
1964 5037 2402 5099 adversitatibus,
2417 5034 2558 5088 sicut
2584 5032 2722 5102 lapis
2743 5031 2908 5109 fundp
2929 5032 3312 5095 circumactus,
3337 5031 3415 5084 sic

1838 5130 2074 5186 instabili
2095 5137 2239 5182 motu
2265 5122 2639 5194 perturbandi,
2662 5131 2719 5176 et
2745 5123 2859 5177 suis
2885 5129 3067 5178 essent
3105 5120 3410 5191 expellendi

1836 5225 1902 5278 de
1951 5220 2165 5280 ﬁnibus,
2196 5215 2282 5269 vel
2322 5215 2486 5268 etiam
2517 5213 2586 5266 ab
2611 5213 2861 5266 humanis
2902 5213 3060 5266 rebus
3107 5207 3406 5264 auferendi.

1843 5313 1857 5355 ί
1896 5313 1962 5367 Et
1991 5312 2043 5366 in
2075 5311 2176 5364 hoc
2205 5308 2347 5362 facto
2383 5303 2616 5376 Abigail,
2664 5303 2792 5373 quid
2827 5296 2981 5357 nobis
3020 5314 3116 5370 per
3161 5299 3409 5354 enuntia-

1840 5423 2277 5549 Reﬁ‘gtra‘nncctem
2301 5505 2316 5540 :
2345 5487 2502 5552 male,
2535 5495 2594 5540 ut
2619 5484 2872 5540 arbitror.

1913 5569 1938 5606 ε
1968 5561 2210 5632 Expulsi.

1908 5637 1934 5676 ιι
1971 5632 2212 5700 Uterque.

1918 5709 1927 5743 ί
1968 5698 2238 5757 Hactenus
2270 5698 2432 5754 Beda.
