3912 6310
501 340 607 400 633

1573 350 1850 415 CLAUDII
1890 311 2356 419 TAURINENSIS
2396 363 2702 423 EPISCOPI

3686 382 3785 439 68d

499 460 701 516 tionem
756 475 907 515 suam
948 462 1141 525 innuit,
1173 475 1198 505 ιι
1227 466 1331 523 nisi
1376 470 1519 539 quod
1548 471 1836 529 iracundos
1883 473 2076 529 melius
2106 480 2156 540 Α
2184 475 2272 545 i5)
2307 475 2357 532 is
2383 478 2529 532 enim
2558 476 2648 549 qui
2676 491 2889 549 patrem
2918 472 3156 553 reliquit,
3186 494 3243 541 et
3268 496 3483 557 partem
3534 495 3787 551 substam

499 550 841 621 corrigimus,
874 552 921 611 si
951 553 1003 608 in
1032 561 1148 625 ipsa
1193 555 1288 612 ira;
1314 573 1427 615 sua:
1469 564 1892 619 commonitione
1929 564 2088 620 decli-

499 655 720 709 namus;
754 642 1061 714 perturbati
1102 647 1299 719 quippe
1338 650 1487 720 quid'
1524 653 1767 721 audiant,
1815 655 2084 727 ignorant,

497 732 591 787 sed
620 733 687 788 ad
708 748 768 789 se
793 734 1002 791 reducti
1042 745 1195 793 tanto
1218 734 1477 797 libentius
1505 743 1901 801 exhortationis
1923 747 2088 802 verba

497 825 783 897 recipiunt,
834 836 1040 898 quanto
1079 845 1150 887 se
1198 833 1543 904 tranquillius
1586 836 1847 893 toleratos
1896 839 2089 895 erube—

494 926 670 974 scnnt.
702 916 867 975 Metili
890 926 1073 977 autem
1102 921 1288 981 future
1306 924 1489 993 ebriae,
1508 938 1672 984 omne
1702 937 1912 985 rectum
1940 932 2086 1002 quod

494 1008 717 1075 dicitur,
747 1026 1070 1082 perversum
1086 1015 1304 1072 videtur
1333 1034 1347 1071 :
1380 1016 1532 1091 (Cap.
1562 1019 1659 1087 25,
1691 1018 1782 1093 57)
1832 1023 1995 1089 unde,
2032 1033 2089 1080 et

494 1106 643 1155 recte
666 1096 836 1158 Nabal
878 1100 1033 1161 ebrio
1060 1103 1277 1177 culpam
1301 1123 1459 1164 suam
1487 1109 1699 1182 Abigail
1742 1108 2087 1169 laudabiliter

494 1196 681 1259 tacuit,
710 1202 871 1263 quam
916 1196 1127 1269 digesto
1148 1196 1280 1256 vino
1323 1199 1669 1258 laudabiliter
1691 1202 1848 1259 dixit.
1878 1203 2085 1263 idcirco

491 1280 638 1337 enim
662 1283 883 1353 malum,
912 1288 1057 1357 quod
1083 1286 1327 1356 fecerat,
1372 1305 1701 1362 cognoscere
1730 1292 1926 1363 patuit.
1956 1295 2085 1366 quia

491 1369 600 1428 hoc
623 1372 809 1431 ebrius
832 1390 945 1431 non
978 1377 1209 1434 audivit.

563 1461 717 1537 (Cap.
748 1465 839 1533 28,
869 1464 905 1522 5
926 1477 974 1523 et
1012 1468 1244 1541 tubaeq.)
1279 1490 1299 1522 ι
1327 1469 1472 1528 idem
1504 1474 1531 1514 ι’
1571 1474 1745 1532 David
1784 1472 2003 1547 fugiens
2051 1494 2081 1533 a

490 1554 633 1613 facie
652 1557 801 1625 Sani,
826 1560 1104 1631 ingressus
1129 1577 1216 1619 est
1235 1563 1290 1619 in
1319 1572 1501 1621 castra
1544 1567 1708 1639 regis.
1738 1567 1892 1625 Hunc
1910 1611 1923 1634 ,
1958 1584 2081 1626 cum

491 1648 850 1706 dormientem
901 1652 1205 1713 invenisset
1236 1673 1345 1716 non
1373 1663 1668 1732 percussit,
1700 1678 1809 1719 non
1858 1664 2080 1731 occidit,

490 1740 588 1797 sed
616 1742 788 1799 solam
814 1744 1083 1813 lanceam,
1128 1763 1249 1821 qua:
1275 1760 1397 1808 erat
1422 1753 1501 1810 ad
1532 1762 1698 1825 caput
1725 1755 1843 1826 eius
1869 1756 1997 1821 lixa,
2025 1765 2082 1812 et

493 1840 515 1872 ε
544 1833 809 1904 scyphum
856 1846 1040 1907 aqua},
1078 1817 1322 1911 quierat
1367 1844 1434 1899 ad
1478 1817 1643 1915 caput
1669 1817 1827 1910 Sani,
1869 1817 2083 1901 substu-
2110 1817 2157 1876 Β

488 1921 573 1979 iit.
608 1923 1016 1985 Dormientibus
1043 1932 1254 1988 cunctis
1280 1945 1539 2003 egressus
1572 1935 1638 1989 de
1668 1935 1862 1990 castris
1906 1943 2083 1991 trans-

489 2014 590 2070 ivit
618 2016 671 2070 in
699 2018 982 2074 cacumina
1008 2023 1237 2077 montis.

564 2123 584 2155 ι
636 2104 776 2172 Quid
822 2122 955 2178 ergo
1002 2118 1090 2166 est
1132 2111 1270 2168 hoc?
1326 2110 1802 2185 Persequebantur
1846 2131 2082 2188 namque

488 2194 768 2253 Christum
796 2197 986 2267 Judaei,
1014 2202 1112 2258 sed
1137 2206 1516 2276 persequendo
1546 2206 1914 2274 dormiebant,
1953 2209 2081 2277 quia

488 2300 599 2341 non
631 2289 927 2360 vigilabant
946 2293 1111 2349 corde
1144 2312 1156 2347 :
1197 2294 1400 2351 duritia
1427 2297 1574 2352 enim
1601 2298 1783 2353 cordis
1810 2299 2084 2354 abdomi-

490 2378 569 2435 tio
587 2387 693 2435 est.
724 2379 1010 2437 Dormiunt
1040 2384 1093 2438 in
1121 2384 1290 2440 vitam
1310 2393 1572 2453 veterem,
1598 2403 1707 2442 non
1737 2387 1992 2459 evigilant
2023 2388 2079 2443 in

490 2485 707 2525 novam.
739 2469 903 2527 Venit
946 2471 1218 2539 Christus,
1260 2490 1369 2530 non
1401 2491 1495 2531 eos
1545 2477 1765 2543 occidit,
1808 2478 1906 2533 sed
1958 2478 2083 2533 tulit

490 2557 595 2630 (ab
621 2560 725 2635 eis)
755 2561 835 2617 eis
864 2565 1125 2634 scyphum
1176 2578 1352 2637 aquae,
1385 2565 1439 2621 id
1486 2576 1592 2632 est,
1622 2568 1852 2637 gratiam
1899 2569 2033 2641 legis
2064 2589 2075 2622 :

490 2647 633 2719 tulit,
660 2658 716 2706 et
740 2658 1015 2722 sceptrum
1044 2652 1245 2725 regale,
1282 2656 1443 2726 regni
1490 2657 1702 2714 scilicet
1728 2666 2079 2729 potestatem,

489 2751 651 2808 quam
677 2754 777 2810 pro
812 2754 1008 2813 magno
1036 2742 1332 2809 habebant,
1356 2753 1413 2799 et
1439 2747 1590 2803 unde
1618 2762 1678 2804 se
1726 2750 2083 2820 protegebant

489 2831 882 2901 temporaliter,
927 2840 983 2888 et
1021 2832 1161 2904 (Qua
1210 2834 1350 2890 male
1399 2836 1601 2912 utique)
1633 2852 1797 2909 quam
1824 2841 2085 2896 adversus

489 2919 659 2976 Deum
676 2923 1227 2993 perincreduiitatem
1248 2928 1533 2999 gerebant.
1560 2928 1767 2987 Deinde
1788 2938 1843 2986 et
1860 2931 1886 2972 ά
1910 2932 2086 2988 victor

490 3011 663 3067 David
692 3021 881 3069 noster
909 3014 975 3070 de
1003 3016 1199 3072 castris
1219 3031 1410 3074 eorum
1430 3032 1715 3091 regressus
1744 3023 2086 3079 transcendit

492 3104 548 3158 in
583 3102 924 3159 altitudinem
956 3107 1158 3161 montis
1189 3108 1473 3164 canorum.

563 3191 850 3268 (Cap.28).
874 3197 1122 3252 «interea
1150 3197 1707 3271 fugiensDavid,dnm
1734 3214 1987 3277 pergeret
2015 3205 2083 3261 ad
2112 3166 2156 3229 C

489 3286 656 3341 Achis
714 3301 895 3357 regem
960 3287 1374 3346 Philistinorum
1423 3292 1477 3347 in
1528 3295 1773 3365 prmlium
1824 3300 2085 3354 adversus

489 3376 678 3441 lsrael,
710 3378 1052 3450 insurgentes
1078 3380 1455 3452 Amalechitte,
1486 3386 1761 3443 irruerunt
1800 3390 1854 3443 in
1894 3389 2085 3447 Selech

492 3465 728 3538 (Siceieg
755 3468 797 3538 ),
825 3478 880 3524 et
901 3472 1294 3530 succendentes
1319 3490 1463 3544 eam,
1492 3481 1835 3549 captivarum
1880 3485 2082 3549 omnia,

489 3575 611 3631 qua:
632 3569 785 3615 erant
808 3562 977 3619 David
1005 3574 1061 3619 et
1087 3574 1379 3636 puerorum
1406 3567 1542 3638 ejus.
1564 3570 1716 3644 (Cap.
1750 3588 1877 3639 xxx,
1906 3576 1957 3649 l)
1978 3574 2087 3633 Re-

493 3664 685 3705 versus
707 3667 837 3722 ergo
859 3651 1029 3707 David
1050 3654 1116 3708 ad
1136 3658 1546 3726 persequendos
1572 3659 1644 3732 (υ.
1662 3662 1716 3728 8,
1746 3670 1801 3718 et
1836 3664 1922 3718 ii.
1952 3666 2084 3738 etc.)

490 3738 855 3795 Amalechitas
896 3752 919 3783 ι
948 3742 1157 3797 invenit
1193 3747 1480 3817 aegyptium
1529 3764 1756 3819 puerum
1797 3752 2087 3823 (lacessen-

496 3838 640 3886 tcm:
672 3831 809 3885 male
847 3832 1045 3906 utique)
1074 3834 1483 3905 lassescentem,
1527 3856 1689 3911 quem
1733 3843 2086 3899 Amalechitas

494 3925 839 3995 :egrotum'in
875 3925 1070 3980 itinere
1115 3926 1489 3997 reliquerant:
1521 3929 1666 3986 hunc
1690 3941 1871 3988 autem
1918 3934 2087 3991 David

497 4018 773 4072 inventum
821 4017 945 4073 cibo
994 4017 1188 4085 reiicit,
1228 4018 1247 4057 τ
1290 4019 1481 4075 ducem
1525 4025 1605 4077 sui
1654 4024 1864 4081 itineris
1908 4026 2079 4092 facit;

497 4107 682 4177 sicque
706 4111 731 4148 δ
755 4108 1120 4165 Amalechitas
1159 4110 1428 4180 sequitur,
1453 4113 1840 4186 epulantesque
1862 4120 2083 4187 reperit,
2118 4174 2121 4177 ,

498 4208 556 4256 et
573 4198 814 4256 funditus
838 4202 1125 4272 extinguit.
1164 4199 1303 4270 Quid
1332 4212 1417 4259 e‘st
1443 4204 1587 4275 quod
1617 4208 1879 4278 aegyptius
1916 4209 2084 4266 kma-

496 4288 697 4344 lechita
742 4304 878 4360 puer
922 4291 975 4343 in
1022 4291 1216 4347 itinere
1260 4291 1493 4348 lassatus
1531 4294 1752 4360 residet,
1793 4297 1897 4351 nisi
1942 4301 2085 4367 quod

502 4387 714 4434 amator
748 4380 1033 4449 praesentis
1057 4380 1239 4437 smculi
1268 4384 1470 4452 peccati
1500 4385 1581 4438 sui
1621 4385 1901 4457 nigredine
1930 4402 2086 4457 oper-

2191 570 2299 631 πίω,
2330 576 2493 639 quam
2536 581 2874 643 perceperat,
2921 576 3146 648 prodige
3171 582 3453 650 expendit,
3491 596 3787 657 postquam

2190 661 2400 716 esurire
2428 663 2608 732 coepit,
2643 664 2696 717 in
2729 679 2788 719 se
2811 680 3060 723 reversus
3087 668 3266 724 dixit:
3296 672 3463 744 (Ibid.
3491 676 3589 747 i7)
3620 678 3788 744 ριωω

2189 752 2872 841 multi‘merccnariipatria
2897 759 2999 813 mei
3012 759 3298 816 abundant
3324 766 3600 834 patribus!
3636 769 3793 842 longe

2189 845 2386 917 quippe
2412 860 2442 901 a
2476 860 2535 902 se
2569 860 2892 917 recesserat,
2942 854 3164 922 quando
3193 858 3459 925 peccavit,
3497 867 3559 914 et
3596 862 3645 916 si
3685 879 3790 918 non

2187 936 2467 1012 esui-isset,
2492 938 2545 992 in
2573 942 2979 1016 semetipsum!
2998 955 3074 999 eat
3095 960 3119 1000 ι
3142 947 3195 1001 in
3217 950 3602 1020 semetipsum)
3632 955 3795 1008 ιηἰηὶ-

2189 1039 2277 1080 me
2296 1027 2565 1094 redisset;
2592 1030 2691 1099 qui
2718 1040 3007 1103 postquam
3053 1038 3290 1091 terrenis
3327 1041 3493 1097 rebus
3519 1042 3782 1114 indiguit,

2188 1119 2317 1170 time
2351 1118 2591 1185 cogitare
2635 1122 2804 1191 carpit
2848 1123 2978 1193 quid
3027 1124 3096 1179 de
3146 1127 3525 1195 spirituaiibus
3584 1135 3791 1189 amisit.

2194 1206 2211 1245 ί
2242 1204 2445 1261 inlirmi
2467 1222 2596 1278 ergo
2615 1210 2817 1280 quique
2836 1251 2851 1275 ,
2882 1222 3047 1283 atque
3071 1214 3125 1268 in
3155 1216 3258 1271 hoc
3280 1219 3488 1274 mundo
3513 1221 3792 1292 despecti,

2185 1294 2505 1367 plerumque
2533 1306 2689 1355 tanto
2715 1298 2946 1357 celerius
2974 1317 3161 1359 vocem
3183 1305 3279 1361 Dei
3299 1309 3556 1375 audiunt,
3583 1320 3797 1380 quanto

2185 1383 2326 1437 etin
2342 1384 2453 1439 hoc
2472 1386 2673 1441 mundo
2713 1392 2823 1443 non
2849 1389 3075 1456 habent,
3102 1392 3197 1447 ubi
3236 1395 3603 1452 delectentur.
3639 1398 3798 1466 Quod

2187 1473 2325 1529 bene
2343 1472 2461 1542 jam
2496 1474 3166 1536 dictusAmaiechitannn
3196 1498 3333 1553 puer
3369 1485 3461 1542 ille
3506 1488 3793 1560 designat,

2187 1564 2315 1633 quia
2365 1563 2721 1624 Amaieebitis
2774 1569 3163 1638 praedantibus,
3219 1580 3385 1645 atqw
3433 1580 3797 1635 canentibus

2184 1667 2329 1722 aeger
2356 1656 2619 1710 remansit
2659 1657 2717 1711 in
2755 1658 2865 1725 via,
2902 1668 2957 1716 et
2981 1659 3147 1729 fame,
3180 1664 3384 1736 sitique
3406 1670 3555 1735 aruit
3582 1689 3596 1722 :
3624 1686 3794 1740 quem

2186 1754 2366 1800 tamen
2417 1745 2588 1803 David
2631 1748 2861 1816 invenit,
2886 1752 2939 1806 ei
2974 1742 3156 1809 cibum
3185 1761 3480 1829 potumque
3507 1762 3794 1831 pmbuit:

2185 1834 2276 1904 qui
2316 1834 2460 1890 illico
2490 1837 2877 1894 eouvalescens
2901 1840 3012 1896 dux
3050 1842 3452 1913 .Davidrfactua,
3487 1850 3795 1905 convivan—

2184 1934 2267 1981 tes
2291 1925 2655 1985 Amalechitas
2688 1931 2909 1999 reperit,
2947 1943 3004 1987 et
3024 1947 3119 1990 eos
3141 1936 3234 2005 qui
3260 1951 3325 1992 se
3353 1936 3591 1995 debilem
3657 1942 3795 1996 reli-

2184 2012 2433 2089 querant,
2476 2035 2601 2076 cum
2637 2035 2832 2095 magna
2882 2025 3201 2085 fortitudine
3226 2034 3527 2100 pnetravit
3564 2051 3579 2086 :
3624 2039 3795 2089 Ama.

2184 2110 2399 2165 lechitze
2444 2113 2643 2184 quippe
2682 2115 2906 2186 popular
2949 2116 3206 2174 (ambiens
3249 2121 3494 2177 vocatur.
3548 2124 3629 2178 Et
3661 2126 3793 2195 quid

2183 2219 2281 2273 per
2310 2203 2659 2260 lambientem
2682 2209 2966 2279 populum,
2996 2212 3101 2267 nisi
3126 2218 3339 2273 mentes
3375 2219 3677 2275 saeuiat-es
3699 2222 3793 2276 de—

2184 2294 2510 2366 signantur?
2535 2309 2662 2365 qua:
2678 2305 2895 2354 terrena
2906 2310 3108 2357 cuneta
3131 2304 3441 2371 ambiatdo,
3456 2307 3630 2377 quasi
3658 2308 3795 2362 lam-

2180 2382 2359 2450 biunt,
2412 2382 2543 2439 dum
2590 2385 2722 2441 solis
2777 2390 3169 2460 temporalibus
3215 2392 3575 2451 delectantur.
3618 2397 3795 2466 Quasi

2183 2475 2327 2529 enim
2352 2476 2585 2547 populus
2628 2473 2898 2535 iambicus
2932 2482 3176 2550 pradam
3219 2482 3371 2549 facit,
3395 2487 3526 2541 dum
3558 2496 3792 2545 terrena

2182 2564 2431 2637 diligens,
2463 2567 2614 2623 lucra
2642 2568 2711 2623 de
2756 2568 2957 2625 alienis
2996 2573 3255 2629 danm‘i-ssi
3300 2587 3621 2649 congregat.
3682 2580 3792 2637 Sed

2182 2670 2320 2725 puer
2348 2659 2615 2729 tegyptius
2646 2674 2795 2730 aeger
2827 2661 2889 2715 in
2914 2662 3000 2716 via
3027 2664 3379 2735 relinquitur,
3414 2670 3542 2738 quia
3573 2672 3801 2740 penei:

2185 2757 2273 2802 tor
2300 2749 2552 2819 quisque,
2604 2750 2733 2806 dum
2771 2752 3038 2807 inﬁrmari
3075 2755 3154 2811 ab
3195 2755 3359 2826 hujus
3404 2760 3590 2815 mundi
3640 2770 3792 2817 statu

2184 2840 2448 2908 ceperit,
2500 2854 2628 2895 mox
2655 2841 3007 2899 saecularibus
3051 2846 3327 2902 mentibus
3361 2847 3417 2902 in
3457 2846 3794 2919 despectum

2184 2931 2356 2997 venit,
2389 2945 2554 3001 quem
2584 2939 2768 2989 tamen
2814 2932 2985 2990 David
3038 2935 3269 3002 invenit,
3318 2939 3477 3009 eique
3500 2941 3699 2996 cibum
3737 2951 3791 2997 et

2184 3029 2371 3090 potum
2421 3020 2628 3086 tribuit,
2681 3023 2811 3092 quia
2856 3036 3021 3078 manu
3070 3024 3224 3095 fartis
3268 3023 3531 3083 Dominus
3569 3030 3790 3100 abiecta

2187 3111 2374 3168 mundi
2419 3124 2529 3166 non
2558 3112 2825 3182 despicit,
2860 3122 2916 3168 et
2963 3113 3291 3185 plerumque
3318 3129 3433 3182 eos,
3486 3120 3579 3189 qui
3608 3124 3789 3191 aequi

2188 3201 2451 3256 mundum
2488 3202 2713 3257 minime
2744 3202 2949 3269 valent,
2984 3211 3039 3257 et
3072 3203 3229 3275 quasi
3266 3206 3322 3261 in
3349 3209 3438 3262 via
3476 3221 3787 3275 remanent,

2189 3291 2493 3345 ad’amoris
2525 3292 2608 3346 sui
2651 3293 2884 3363 gratiam
2930 3296 3228 3363 convertit,
3266 3298 3456 3367 eisque
3497 3302 3653 3356 verbi
3704 3304 3790 3357 sui

2188 3380 2367 3434 cibum
2399 3380 2426 3419 ¹ι
2450 3381 2705 3451 porrigit,
2734 3391 2791 3436 et
2817 3383 2972 3451 quasi
3017 3384 3182 3440 duces
3211 3385 3315 3440 sibi
3361 3388 3417 3441 in
3445 3394 3531 3443 via
3574 3391 3787 3460 dirigit,

2187 3470 2315 3524 dum
2345 3485 2474 3525 suos
2498 3472 2663 3526 etiam
2688 3473 3077 3542 praedicatores
3101 3473 3422 3533 facitz'dum
3451 3480 3597 3534 enim
3626 3479 3787 3535 Chri-

2187 3569 2335 3616 stum
2356 3570 2709 3630 peccatorum
2734 3562 2990 3620 eordibus
3014 3563 3276 3634 infamat,
3300 3569 3460 3639 quasi
3488 3569 3664 3625 David
3696 3588 3788 3627 su-

2186 3665 2285 3720 per
2331 3652 2516 3706 hostes
2561 3652 2804 3706 ducunt:
2855 3652 2947 3723 qui
2997 3655 3353 3711 convivantes
3386 3657 3784 3725 Amaleebitas,

2187 3742 2335 3797 velut
2360 3742 2556 3809 David,
2584 3743 2765 3814 gladio
2788 3743 3012 3811 feriunt,
3058 3746 3185 3816 quia
3221 3751 3488 3818 superbos
3514 3762 3785 3821 quosque,

2188 3831 2281 3901 qui
2327 3846 2385 3886 se
2427 3832 2481 3885 in
2512 3833 2713 3888 mundo
2757 3833 3124 3903 dispereunt,
3172 3838 3387 3894 Domini
3430 3842 3632 3897 virtute
3660 3858 3786 3912 pro-

2187 3928 2460 3976 sternunt.
2488 3921 2630 3978 Puer
2653 3938 2783 3995 ergo
2801 3925 3081 3995 aegyptius,
3110 3928 3203 3997 qui
3232 3929 3287 3983 in
3310 3930 3402 3983 via
3424 3944 3783 3999 remanserat,

2187 4010 2553 4068 Amalechitas
2593 4013 2887 4081 interfecit,
2930 4017 3058 4086 quia
3084 4018 3401 4091 plerumque
3441 4022 3542 4091 ipsi
3574 4034 3783 4081 mentes

2185 4103 2529 4159 smcularium
2558 4105 2902 4173 praedicando
2928 4117 3207 4176 superant.
3236 4111 3329 4181 qui
3353 4113 3508 4181 prius
3535 4130 3661 4170 cum
3684 4131 3781 4171 sat.

2188 4193 2461 4252 euiaribus
2488 4196 2541 4250 in
2565 4197 2668 4251 hoc
2700 4198 2901 4253 mundo
2925 4215 3151 4257 currere
3168 4218 3285 4259 non
3322 4205 3596 4265 valebant.

2260 4310 2412 4382 (Cap.
2430 4327 2624 4376 xxviii,
2642 4313 2697 4379 ὃ,
2710 4314 2843 4383 etc.)
2860 4322 2885 4365 ὴ
2913 4314 3084 4369 Post.1
3102 4320 3530 4375 ﬂuctuantem
3555 4321 3779 4380 Samue-

2187 4400 2275 4466 lis,
2304 4404 2623 4473 congregati
2646 4412 2773 4458 sunt
2806 4403 3095 4459 Pbiiistiim
3138 4402 3328 4463 contra
3363 4408 3532 4467 Braei
3552 4431 3576 4466 τ
3620 4414 3774 4482 (ην-ε.

497 4477 610 4535 tus,
658 4483 800 4540 saepe
829 4468 896 4525 ab
933 4471 1124 4527 eodem
1156 4471 1353 4527 seculo
1394 4471 1664 4538 inﬁrmus,
1704 4474 2085 4573 dispectusque
2110 4513 2163 4572 Β
2188 4491 2241 4562 6)
2284 4468 2660 4562 metuitque
2714 4494 2852 4548 'Saul
2900 4494 3210 4563 Dominum,
3245 4507 3455 4555 et~non

505 4561 831 4633 relinquitur
856 4580 870 4616 :
918 4572 982 4619 ut
1008 4576 1137 4621 cum
1162 4576 1229 4623 eo
1274 4579 1616 4637 nequaquam
1647 4583 1865 4624 currere
1885 4570 2082 4637 valeat,

508 4654 603 4710 sed
646 4652 854 4709 fractus
894 4654 1222 4711 adversitate
1263 4663 1537 4726 torpes‘cat
1557 4657 1581 4711 ‘l
1599 4658 1628 4698 δ
1652 4656 1763 4713 Hos
1788 4674 1918 4732 ergo
1942 4661 2093 4733 eligit

507 4743 669 4809 Deus,
708 4754 846 4814 quos
886 4744 1115 4814 despicit
1152 4745 1427 4814 mundus;
1458 4748 1583 4818 quia
1630 4748 1946 4820 plerumque
1977 4751 2087 4821 ipsa

503 4834 782 4905 despectio
798 4826 1075 4892 horninem
1095 4846 1315 4894 revocat
1335 4838 1403 4894 ad
1427 4840 1795 4910 semetipsum.
1823 4841 1973 4916 (Luc.
1998 4862 2087 4910 xv,

577 4982 603 5010 ι
642 4968 1039 5042 Subsequentia
1076 4970 1336 5042 perquire
1388 4971 1440 5025 in
1495 4971 1530 5025 5
1570 4980 1724 5042 parte
1790 4969 2080 5028 Pastoralis

577 4985 603 5010 ι
642 4985 817 5025 δυοεθ
855 4985 1039 5024 uentta
1081 4985 1155 5038 pe;

504 5039 752 5095 Grettorii
780 4985 1043 5095 agmonit.
1068 5038 1155 5092 i7.

575 5110 604 5149 δ
621 5108 1026 5181 ξιζῠεειιυβιηὶθ
1050 5108 1278 5181 tradidit
1296 5109 1533 5167 lsidorus
1554 5120 1744 5181 quaest.
1777 5112 1864 5168 i8.

579 5192 601 5220 ι
631 5177 844 5251 Editus,
874 5180 1003 5251 leid.
1041 5177 1357 5251 lenticulam~
1379 5177 1609 5234 sustulit.
1640 5181 1816 5236 Prave
1867 5184 2075 5251 utique,

504 5265 629 5312 cum
653 5248 938 5321 Scriptura
956 5248 1071 5319 ipsa
1101 5250 1243 5304 dicat
1283 5268 1299 5321 ξ
1327 5248 1600 5321 Scyphum
1633 5266 1785 5320 aquae
1830 5254 1919 5321 qui
1961 5248 2079 5307 erat

505 5321 573 5375 ad
598 5314 945 5388 caput—Saul,
974 5314 1030 5374 et
1056 5333 1244 5375 revera
1270 5314 1525 5389 deinceps
1563 5319 1623 5373 ﬁt
1652 5314 1863 5376 mentio-
1892 5323 2076 5392 scyphi

573 5405 859 5512 galaidditur
882 5457 1147 5528 ingressus
1172 5475 1190 5513 :
1225 5458 1319 5514 sed
1350 5459 1634 5528 redundat.

579 5538 603 5567 ε
633 5527 758 5599 Haec
784 5542 905 5596 quae
936 5527 1100 5599 etiam
1146 5528 1311 5599 habet
1350 5527 1604 5599 lsidorus,
1651 5530 1903 5599 perquire
1932 5546 2081 5584 num.

506 5598 597 5679 ᾖξ’»,
646 5597 779 5679 alias
829 5612 948 5667 cap.
1015 5598 1079 5652 4i
1144 5597 1266 5653 libri
1311 5598 1347 5655 5
1408 5596 1688 5653 Moralium
1738 5596 1795 5654 S.
1854 5598 2082 5669 Gregor.

506 5666 839 5792 Μαὲιὲέευηι
875 5736 1039 5795 verba
1066 5754 1079 5790 :
1112 5737 1296 5794 ducem
1330 5738 1414 5793 sui
1442 5738 1640 5794 itineris
1670 5739 1815 5810 facit,
1859 5755 1978 5812 qua:
2008 5748 2089 5795 ta-

2187 4581 2256 4634 ei.
2291 4582 2445 4649 (mra.
2479 4582 2531 4647 7,
2556 4581 2686 4651 etc.)
2712 4582 2972 4649 Quaesivit
2998 4585 3350 4641 autem-Sani
3373 4592 3773 4659 pythoniasam,

2187 4685 2308 4738 qua:
2332 4671 2620 4726 suscitaret
2668 4665 2743 4725 illi
2775 4670 3083 4729 Samuelem
3110 4694 3121 4727 :
3175 4674 3330 4747 (uera.
3362 4678 3453 4751 i5)
3484 4682 3777 4752 statimque

2188 4759 2483 4813 suscitatus
2504 4760 2579 4813 ait
2608 4759 2674 4813 ad
2702 4774 2825 4815 eum
2851 4779 2863 4813 :
2896 4760 3074 4826 Quare
3103 4764 3409 4835 inquietam
3452 4782 3554 4834 ποι,
3583 4779 3641 4823 ιιι
3678 4789 3771 4825 η-

2188 4851 2429 4915 acitarer,
2460 4859 2566 4906 etc.
2615 4850 2883 4917 Quaeritur
2931 4854 3226 4909 secundum
3257 4857 3550 4913 historiam
3592 4870 3775 4916 utrum

2189 4997 2345 5054 men,
2365 4989 2419 5035 et
2449 4981 2701 5054 lsidorus,
2731 4992 2785 5037 et
2807 4982 3101 5054 Gregorius
3127 4987 3348 5044 habent.

2262 5052 2289 5092 ⁸
2312 5051 2692 5117 Amalechitam
2714 5051 3029 5119 epulantem.
3058 5054 3288 5113 Praestat
3308 5066 3495 5114 nostra
3525 5062 3703 5120 lectio.

2257 5122 2284 5161 ιι
2319 5119 2713 5200 Snubsequentia
2736 5124 2977 5200 invenieS
3003 5141 3229 5200 numero
3254 5129 3306 5200 Ἰ,
3331 5130 3623 5186 ὴοωίι.-56
3640 5132 3774 5200 ejus-

2187 5191 2307 5267 dem
2337 5190 2582 5267 Gregorii
2613 5192 2787 5264 Magni
2814 5193 2869 5245 in
2896 5192 3207 5267 Evangelia,
3236 5190 3341 5253 alia
3363 5201 3535 5255 multo
3560 5190 3772 5257 diversa

2188 5260 2352 5331 habet
2379 5260 2617 5316 lsidorus
2642 5281 2653 5314 :
2680 5260 2804 5331 apta
2839 5269 3035 5318 tamen.

2268 5331 2282 5404 ξ
2320 5330 2457 5404 Latia
2477 5331 2564 5385 hic
2587 5330 2864 5387 interserit
2890 5331 3205 5404 Gregorius.

2265 5396 2278 5471 ξ
2318 5400 2459 5471 Editi
2489 5419 2500 5453 :
2530 5412 2828 5471 exaggerat.

2266 5468 2291 5546 Ιξ
2326 5469 2560 5546 additur
2587 5468 2646 5546 ξιξ
2667 5468 2865 5546 editis_:
2893 5483 3202 5546 potumque.

2270 5536 2675 5616 1_Haec__omnia
2723 5557 2790 5616 ex
2837 5536 3061 5609 isidoro,
3095 5536 3470 5616 'Augustinum
3518 5547 3769 5616 deinceps

2192 5609 2396 5733 patrima;
2420 5609 2706 5735 gllfgante,
2722 5609 3019 5684 desumpta
3061 5609 3221 5671 sunt:
3239 5613 3505 5674 Rabanus
3530 5617 3651 5673 hac
3682 5609 3771 5689 pa-

2194 5694 2241 5733 τι
2267 5694 2328 5735 er
2387 5694 2417 5733 a
2456 5695 2488 5735 e
2516 5718 2529 5733 .

2194 5694 2328 5735 filel‘
2350 5694 2529 5735 navet.
