3912 6342
191 405 303 462 085

1068 399 1529 469 QUASSTIONES
1569 398 1716 454 XXX
1759 397 1984 453 SUPER
2018 395 2267 454 LlBROS
2303 391 2568 450 REGUM.

3347 392 3450 450 (335

189 520 512 590 pythonissa
571 517 742 587 ipsum
785 518 1102 587 prophetam
1156 517 1225 570 de
1274 515 1483 570 inferno
1528 529 1779 570 evocave—
1809 520 1856 576 Α
1882 515 2076 576 exitus,
2111 521 2163 568 et
2193 512 2491 580 expeditior
2527 511 2851 575 intellectus,
2882 518 2941 564 ιιι
2988 525 3093 564 non
3124 524 3250 564 vere
3295 510 3455 578 spiri-

189 615 263 667 rit
291 629 304 675 ;
333 626 400 664 an
427 606 662 680 aliquam
689 609 1063 679 imaginariam
1103 609 1402 664 illusionem
1435 606 1644 662 fallacia
1675 609 1779 662 die-

185 715 417 755 monum
452 698 666 754 factam.
714 698 789 753 De
815 714 918 768 qua
960 699 1255 767 quaestione
1295 697 1466 753 beatae
1507 698 1780 753 memoriae

182 789 528 861 Augustinus
572 791 858 860 episcopus
904 788 1252 858 Simpliciano
1301 790 1551 859 episcopo
1579 789 1779 844 Medio-

186 879 408 935 lanensi
439 881 511 934 ita
552 879 773 949 scripsit
799 896 810 931 :
843 890 868 918 α
896 876 1152 948 inquiris,
1183 878 1426 948 inquam,
1457 888 1638 935 utrum
1670 881 1780 950 spi-

187 971 335 1026 ritus
368 967 695 1035 immundus,
747 970 838 1038 qui
886 977 1003 1024 erat
1051 971 1105 1025 in
1149 972 1490 1040 pyth‘onissa,
1543 973 1779 1041 potuerit

188 1070 378 1132 agere,
408 1069 470 1114 ut
507 1058 725 1115 Samuel
755 1067 785 1113 a
819 1057 985 1115 Saule
1030 1054 1324 1126 videretur,
1369 1069 1425 1116 et
1471 1062 1780 1131 loqueretur

186 1165 322 1205 cum
347 1165 429 1205 eo.
479 1148 584 1205 Sed
615 1148 786 1204 multo
815 1145 1035 1217 majoris
1062 1145 1311 1205 miraculi
1351 1159 1452 1213 est,
1492 1148 1634 1221 quod
1664 1152 1778 1221 ipse

187 1236 428 1294 Satanas
471 1239 723 1309 princeps
767 1239 1168 1293 immundorum
1217 1241 1458 1294 omnium
1488 1241 1776 1309 spirituum

185 1334 369 1403 potuit
395 1334 537 1402 loqui
563 1347 685 1388 cum
714 1329 847 1397 Deo,
874 1341 930 1387 et
953 1342 1142 1401 petere
1166 1331 1484 1387 tentandum
1506 1331 1606 1387 Job
1629 1331 1770 1403 (Job.

177 1432 232 1486 ι,
268 1421 358 1490 ll)
395 1421 755 1489 iustissimum
780 1421 974 1486 virum,
1015 1420 1165 1490 (Luc.
1215 1437 1312 1485 xu,
1349 1421 1441 1493 3|)
1486 1413 1775 1491 qui'etiam

184 1510 484 1580 Apustolos
513 1511 802 1567 mutandos
826 1511 980 1581 petiit
1005 1528 1018 1576 ;
1049 1519 1141 1564 aut
1176 1511 1219 1564 si
1247 1508 1350 1566 hoc
1377 1511 1496 1565 ideo
1525 1523 1636 1565 non
1674 1512 1773 1565 ha-

184 1603 285 1659 bet
323 1597 588 1658 diﬁic'ﬂem
620 1605 988 1672 quastionem,
1035 1603 1160 1672 quia
1197 1614 1294 1672 per
1340 1606 1501 1673 quam
1545 1601 1776 1658 voluerit

183 1702 522 1759 creaturam,
573 1695 658 1748 cui
690 1693 919 1748 voluerit
961 1697 1244 1757 creaturae,
1295 1694 1492 1762 ubique
1536 1708 1774 1764 praesens

183 1787 396 1841 veritas
421 1787 678 1854 loquitur,
706 1801 805 1840 nec
831 1794 1113 1856 propterea
1137 1786 1324 1856 magni
1353 1785 1530 1838 meriti
1554 1790 1657 1848 est,
1686 1787 1773 1839 cui

1885 615 1994 660 tum
2025 605 2290 660 Samuelis
2313 604 2604 658 excitatum
2635 619 2664 656 a
2696 604 2879 672 requie
2901 617 2995 657 sua
3029 601 3334 667 credamus,
3360 603 3453 655 sed

1882 698 2092 768 aliquod
2113 699 2458 767 phantasma,
2473 703 2527 749 et
2543 696 2909 765 imaginariam
2931 695 3233 749 illusionem
3259 693 3457 747 diaboli

1879 785 2364 841 machinationibus
2394 783 2613 850 factam,
2662 799 2822 855 quam
2859 793 3145 855 propterea
3175 783 3458 853 Scriptura

1880 876 2094 930 nomine
2157 875 2426 930 Samuelis
2480 875 2734 944 appellat,
2792 875 2916 944 quia
2970 875 3144 929 solent
3196 874 3460 943 imagines

1876 979 2063 1020 earum
2089 980 2269 1020 rerum
2301 964 2607 1020 nominibus
2635 965 2910 1035 appellari,
2945 977 3171 1034 quarum
3192 965 3458 1036 imagines

1879 1065 2025 1122 sunt,
2057 1057 2197 1111 sicut
2239 1053 2439 1123 omnia,
2472 1065 2593 1125 quae
2637 1058 2949 1128 pinguntur,
2983 1064 3143 1126 atque
3187 1057 3462 1126 ﬁnguntur

1877 1148 1908 1186 δ
1939 1163 2004 1201 ex
2032 1147 2209 1216 aliqua
2232 1157 2396 1217 parte
2423 1148 2664 1203 materiae
2688 1146 2916 1212 metalli,
2957 1155 3051 1201 aut
3075 1147 3223 1218 ligni,
3255 1147 3337 1200 vel
3369 1163 3463 1201 cu-

1871 1237 2072 1307 jusque
2101 1238 2182 1291 rei
2207 1246 2362 1307 aptae,
2403 1238 2470 1291 ad
2496 1251 2656 1306 opera
2686 1235 3013 1306 hujusmodi,
3046 1251 3272 1307 quaeque
3296 1237 3461 1290 etiam

1877 1329 2128 1382 videntur
2159 1329 2212 1382 in
2257 1328 2480 1392 somnis,
2516 1336 2570 1382 et
2615 1337 2802 1383 omnes
2830 1326 2945 1383 fere
2973 1327 3234 1396 imagines
3271 1336 3462 1382 carum

1878 1432 2081 1482 rerum,
2107 1432 2334 1488 quarum
2368 1419 2633 1487 imagines
2653 1423 2800 1484 sunt,
2849 1418 3104 1488 appellari
3153 1417 3458 1472 nmumibus

1876 1504 2065 1565 solent.
2091 1513 2221 1578 Quis
2237 1510 2381 1566 enim
2401 1519 2500 1574 est,
2522 1511 2612 1580 qui
2629 1506 2901 1565 hominem
2918 1512 3118 1581 pictum
3138 1511 3345 1565 dubitet
3358 1524 3458 1564 vo-

1875 1611 1998 1657 care
2011 1603 2314 1657 hominem?
2331 1600 2784 1672 quandoquidem,
2801 1607 2857 1656 e't
2870 1603 3200 1673 singulorum
3213 1614 3462 1670 quemm-

1874 1706 1978 1760 que
1995 1693 2264 1759 picturam
2275 1706 2403 1746 cum
2423 1692 2736 1760 aspicimus,
2754 1692 2970 1760 propria
2993 1705 3215 1761 quasque
3235 1692 3458 1745 nomina

1877 1783 2256 1836 incunctanter
2280 1779 2631 1847 adhibemus;
2661 1781 2810 1835 velut
2849 1794 2970 1834 cum
3001 1780 3270 1835 intuentes
3310 1781 3463 1834 tabu-

181 1877 437 1946 loquitur
463 1878 605 1932 Deus
632 1897 643 1930 :
674 1878 904 1932 interest
947 1878 1086 1932 enim
1113 1878 1244 1947 quid
1272 1877 1542 1946 loquatur,
1575 1877 1698 1945 quia
1717 1884 1773 1931 et
1800 1873 1847 1932 B
1877 1875 2002 1941 lam,
2030 1884 2123 1929 aut
2149 1876 2407 1944 parietem
2431 1874 2658 1929 dicimus
2689 1892 2701 1926 :
2733 1873 2823 1927 llle
2845 1870 3034 1928 Cicero
3060 1881 3142 1926 est
3167 1890 3182 1926 :
3222 1871 3310 1926 ille
3339 1870 3459 1927 Sal-

179 1968 490 2036 imperator
532 1982 655 2021 cum
702 1967 888 2022 multis
923 1966 1301 2021 innocentibus
1346 1978 1456 2019 non
1513 1965 1772 2034 loquitur,

175 2035 387 2126 quibus
425 2035 892 2126 providentissitne
933 2056 1165 2111 consulit
1188 2046 1253 2110 aa
1290 2055 1547 2120 Salutem,
1574 2064 1628 2110 et
1653 2063 1774 2110 cum

182 2149 379 2204 inultis
407 2137 724 2204 nocentibus
763 2149 1020 2218 loquitur,
1049 2163 1184 2219 quos
1222 2150 1373 2220 jubet
1413 2141 1662 2205 interﬁci.
1716 2149 1773 2204 Si

179 2254 324 2313 ergo
348 2242 475 2296 hinc
501 2243 780 2312 propterea
805 2241 948 2296 nulla
973 2242 1199 2311 quaestio
1221 2248 1323 2308 εει,
1353 2243 1501 2296 nulla
1540 2243 1610 2298 sit
1631 2251 1775 2312 qua:-

179 2334 319 2397 stio,
352 2322 618 2400 quomodo
661 2331 824 2385 etiam
862 2329 1169 2386 immundus
1198 2332 1418 2401 spiritus
1449 2345 1570 2386 cum
1598 2331 1775 2385 anima

182 2423 369 2477 sancti
420 2422 520 2475 viri
566 2417 712 2491 loqui
760 2422 1013 2490 potuerit.
1066 2420 1326 2476 Omnibus
1378 2423 1518 2476 enim
1572 2423 1775 2476 sanctis

179 2510 340 2566 Deus
387 2516 620 2574 creator,
663 2517 718 2563 et
770 2510 1138 2565 s‘anctiﬁcato‘r
1173 2511 1331 2581 longe
1366 2512 1549 2580 utique
1605 2511 1776 2580 major

181 2611 296 2657 est.
326 2600 474 2668 Quod
511 2602 554 2656 si
573 2601 681 2659 hoc
709 2609 912 2665 movet,
937 2601 1077 2669 quod
1099 2600 1314 2655 licuerit
1356 2601 1591 2671 maligno
1619 2601 1776 2669 spiri-

179 2693 268 2746 tui
301 2693 539 2746 excitare
585 2686 820 2745 animam
860 2690 1015 2760 justi,
1061 2689 1116 2746 et
1161 2699 1416 2759 tanquam
1467 2690 1533 2745 de
1580 2689 1776 2744 abditis

181 2786 529 2834 mortuorum
570 2780 924 2850 receptaculis
954 2782 1227 2842 revocare,
1270 2788 1448 2834 nonne
1475 2779 1647 2849 magis
1677 2777 1776 2831 mi-

178 2871 419 2926 randum
456 2879 555 2934 est,
589 2871 732 2940 quod
773 2867 1003 2925 Satanas
1048 2871 1222 2939 ipsum
1251 2865 1541 2924 Dominum
1566 2881 1776 2924 assum-

177 2961 322 3032 psit,
363 2969 416 3014 et
450 2954 730 3015 conStituit
773 2966 933 3030 Supra
982 2961 1199 3030 pinnam
1254 2959 1484 3029 templi?
1525 2958 1777 3027 Quolibet

176 3051 339 3105 enim
368 3049 525 3104 modo
550 3047 761 3115 l‘eccrit,
798 3047 886 3105 ille
926 3052 1090 3105 etiam
1125 3051 1339 3114 modus,
1385 3063 1492 3119 quo
1537 3048 1774 3119 samueli

177 3138 396 3193 factum
427 3147 531 3204 est,
557 3150 620 3193 ut
645 3133 996 3205 excitaretur,
1035 3141 1282 3196 similiter
1315 3140 1462 3195 latet.
1489 3141 1605 3195 Nisi
1636 3140 1775 3196 forte

1877 1964 2094 2018 lusﬁus:
2121 1964 2210 2018 ille
2224 1962 2490 2017 Achilles:
2529 1961 2615 2014 ille
2636 1961 2861 2016 Hector:
2886 1961 2988 2015 hoc
3010 1960 3206 2016 ﬁumen
3228 1959 3456 2014 Simois:

1877 2058 1962 2112 illa
1992 2058 2192 2122 Roma;
2223 2071 2345 2111 cum
2366 2056 2508 2109 aliud
2546 2050 2680 2108 nihil
2712 2055 2780 2108 sit
2801 2069 2962 2123 quam
2989 2054 3146 2122 picta:
3173 2053 3453 2123 imagines.

1876 2151 2027 2206 Unde
2037 2149 2328 2204 Cherubim
2346 2147 2503 2219 (Exo.
2523 2163 2648 2213 xxv,
2669 2146 2755 2209 18)
2779 2159 2902 2200 cum
2917 2146 3025 2200 sint
3046 2144 3295 2199 caelestes
3309 2154 3461 2214 pote-

1876 2249 2065 2302 states,
2091 2238 2228 2293 ﬁctae
2255 2249 2431 2292 tamen
2449 2253 2517 2292 ex
2541 2237 2784 2302 metallo,
2808 2235 2951 2305 quod
2972 2235 3263 2304 imperavit
3289 2233 3456 2296 Deus,

1877 2341 2038 2401 super
2087 2345 2272 2384 arcam
2333 2329 2641 2383 testamenti
2699 2339 2907 2397 magnae
2959 2326 3038 2381 rei
3097 2325 3459 2396 signiﬁcanda:

1877 2424 2072 2495 gratia,
2105 2439 2208 2477 non
2240 2423 2383 2478 aliud
2409 2436 2569 2490 quam
2616 2421 2895 2475 Cherubin:
2922 2431 2944 2457 ε
2977 2418 3079 2473 illa:
3105 2431 3320 2487 quoque
3346 2413 3459 2471 elli-

1876 2514 1988 2586 gies
2015 2515 2341 2568 vocitantur.
2375 2513 2506 2566 item
2539 2511 2783 2581 quisquis
2822 2511 2970 2564 videt
3010 2509 3301 2572 somnium,
3349 2521 3476 2561 non'

1877 2606 2017 2659 dicet
2035 2623 2045 2658 :
2063 2603 2183 2660 Vidi
2216 2604 2502 2674 imaginem
2523 2597 2831 2672 Augustini,
2861 2609 2954 2656 aut
2976 2599 3337 2669 Simpliciani,
3364 2599 3457 2654 sed

1876 2695 1984 2747 vidi
2014 2694 2388 2761 Augustinum,
2437 2703 2529 2746 aut
2573 2691 3022 2762 Simplicianum:
3064 2704 3186 2745 cum
3214 2703 3280 2744 eo
3324 2696 3463 2743 tem-

1873 2797 2024 2853 pore,
2069 2797 2176 2852 quo
2204 2783 2312 2836 tale
2342 2771 2542 2851 aliquid
2573 2783 2739 2847 videt,
2774 2793 2874 2835 nos
2901 2782 3214 2851 ignoremus
3241 2796 3256 2845 ;
3286 2794 3460 2848 usque

1877 2876 2011 2929 adeo
2043 2873 2388 2929 manifestum
2429 2882 2532 2939 est,
2574 2888 2681 2928 non
2709 2873 2853 2942 ipsos
2891 2872 3158 2937 homines,
3200 2873 3296 2927 sed
3323 2872 3462 2926 ima-

1876 2967 2028 3039 gines
2086 2966 2288 3031 ‘vid‘er‘i;
2340 2962 2492 3036 (Gen.
2535 2980 2650 3029 xu,
2682 2965 2773 3036 '18)
2817 2973 2874 3019 et
2917 2963 3130 3019 Pharao
3174 2963 3352 3032 spicas
3401 2977 3462 3018 se

1877 3059 2014 3114 dixit
2039 3059 2238 3113 vidisse
2267 3059 2320 3112 in
2353 3059 2581 3122 somnis,
2614 3064 2669 3111 et
2693 3055 2880 3121 boves,
2911 3070 3017 3109 non
3050 3054 3343 3124 Spicarum,
3368 3063 3463 3107 aut

1821 3209 1844 3232 Ἰ
1875 3150 2073 3204 bovum
2097 3149 2377 3218 imagines.
2411 3146 2468 3201 Si
2492 3147 2656 3218 igitur
2685 3145 2888 3216 liquido
2915 3151 3126 3200 constat
3153 3144 3462 3198 hominibus

183 3231 319 3300 quis
348 3232 544 3285 dixerit
587 3229 881 3287 facilidrem
927 3231 1141 3287 diabolo
1191 3232 1367 3288 fuisse
1401 3235 1673 3289 licentiam
1705 3235 1774 3289 ad
1802 3211 1846 3272 C
1879 3255 2065 3294 carum
2105 3211 2305 3302 rerum,
2352 3211 2579 3306 quaruvm
2610 3211 2872 3305 imagines
2903 3242 3044 3299 sunt,
3078 3235 3292 3287 easdem
3318 3234 3458 3286 ima-

178 3319 480 3376 Dominum
509 3322 710 3388 vivum,
742 3317 881 3377 unde
920 3321 1087 3377 voluit
1125 3324 1526 3388 assumendum,
1576 3332 1651 3386 et,
1684 3323 1773 3377 ubi

181 3413 385 3476 voluit,
415 3409 868 3478 constituendum,
911 3410 1072 3482 Quam
1119 3412 1186 3466 ad
1236 3411 1504 3466 Samuelis
1535 3411 1771 3465 defuncti

175 3504 444 3574 Spiritum
486 3519 516 3556 a
546 3503 658 3558 suis
685 3502 906 3558 sedibus
935 3504 1298 3558 excitandum.
1343 3502 1496 3569 Quod
1543 3504 1587 3558 si
1640 3503 1770 3556 illud

183 3596 246 3650 in
278 3593 572 3665 Evangelio
605 3609 706 3649 nos
750 3595 870 3650 ideo
899 3610 1003 3649 non
1032 3595 1329 3665 perturbat,
1359 3595 1484 3664 quia
1514 3595 1772 3648 Dominus

183 3684 366 3740 voluit
418 3692 578 3753 atque
611 3685 859 3754 perutisit
909 3676 1054 3738 nulla
1094 3685 1448 3739 diminUtione
1485 3700 1594 3739 suae
1622 3690 1774 3753 pote-

180 3776 354 3830 statis
401 3784 454 3828 et
484 3775 778 3829 divinitatis
821 3774 874 3829 id
919 3771 1055 3839 ﬁeri,
1103 3775 1240 3830 sicut
1269 3774 1336 3827 ab
1379 3775 1506 3843 ipsis
1553 3773 1770 3838 Judteis,

180 3879 521 3934 quamquam
553 3866 823 3934 perversis
852 3873 1012 3935 atque
1058 3859 1369 3928 immundis,
1408 3872 1463 3917 et
1488 3862 1630 3917 facta
1661 3863 1774 3915 dia-

181 3956 305 4011 boli
338 3955 676 4019 facientibus,
703 3963 758 4008 et
785 3954 957 4009 teneri
983 3969 1061 4018 se,
1107 3963 1160 4008 et
1195 3953 1407 4017 vinciri,
1441 3960 1494 4007 et
1521 3950 1689 4014 illudi,
1721 3959 1775 4004 et

183 4043 462 4114 cruciﬁgl,
491 4050 651 4113 atque
693 4043 922 4098 interﬁci
949 4051 1140 4112 paSS'us
1182 4051 1301 4096 est:
1334 4054 1443 4096 non
1479 4042 1563 4096 est
1587 4037 1775 4094 absur-

186 4136 324 4190 dum
361 4135 580 4189 credere
605 4149 671 4189 ex
699 4134 877 4203 aliqua
919 4134 1318 4201 dispensatione
1344 4132 1538 4188 divina:
1583 4132 1774 4186 volun-

184 4228 325 4282 tatis
351 4227 676 4295 permissum
726 4225 910 4290 fuisse,
943 4234 1005 4281 ut
1045 4234 1152 4279 non
1195 4225 1416 4289 invitus,
1457 4239 1556 4279 nec
1606 4223 1776 4277 domi-

186 4325 378 4379 nante,
407 4323 564 4383 atque
594 4317 909 4385 subjugante
937 4315 1141 4383 magica
1165 4315 1427 4383 potentia,
1449 4313 1542 4367 'sed
1567 4313 1770 4374 volens,

187 4415 360 4475 atque
396 4407 774 4475 obtemperans
808 4407 1032 4460 occultae
1067 4404 1453 4473 dispensationi
1497 4404 1615 4466 Dei,
1658 4417 1776 4472 quze

183 4493 568 4564 pythonissam
599 4493 766 4556 illam,
813 4499 866 4547 et
901 4490 1209 4547 Samuele'm
1252 4492 1468 4557 latebat,
1500 4493 1772 4545 consenti-

187 4593 280 4641 ret
305 4584 523 4654 spiritus
570 4583 852 4653 Prophetae
887 4583 1079 4649 sancti,
1129 4596 1187 4638 se
1219 4582 1431 4637 ostendi
1465 4581 1772 4650 aspectibus

186 4674 360 4742 regis,
384 4673 562 4727 divina
589 4688 710 4728 eum
755 4672 1019 4727 sententia
1057 4679 1431 4742 percussurus.
1474 4669 1586 4725 Cur
1629 4672 1770 4724 enim

186 4765 375 4820 anima
406 4763 533 4818 boni
563 4762 794 4817 hominis
823 4777 852 4815 a
895 4761 1052 4815 malis
1080 4763 1216 4815 vivis
1263 4767 1505 4826 evocata,
1539 4761 1583 4814 si
1615 4775 1774 4814 rene-

188 4855 289 4916 rit,
320 4853 569 4908 amittere
597 4853 843 4907 videatur
881 4851 1199 4922 dignitatem
1228 4857 1397 4914 suam,
1431 4861 1551 4905 cu‘m
1584 4858 1636 4904 et
1665 4850 1771 4904 vivi

189 4945 513 5015 plerumque
543 4946 668 5000 boni
706 4945 884 5000 vocati
929 4945 996 4998 ad
1032 4943 1199 4998 malos
1244 4944 1482 5006 veniant,
1528 4942 1582 4996 εἰ
1613 4950 1772 5011 agant

187 5050 320 5090 cum
364 5036 462 5098 eis,
493 5037 636 5105 quod
679 5027 910 5090 ofﬁcium
951 5033 1189 5102 posmlat
1221 5033 1509 5102 aequitatis,
1557 5039 1772 5086 servato

189 5133 359 5194 atque
385 5126 704 5180 inconcusso
731 5125 925 5180 decere
963 5121 1176 5177 Virtutis
1203 5129 1332 5186 suae,
1363 5131 1415 5175 et
1458 5121 1669 5175 illorum
1697 5118 1775 5171 vi-

191 5217 290 5271 tiis
316 5233 416 5287 pro
460 5231 636 5271 rerum
682 5217 1025 5288 praesentium
1055 5214 1136 5268 vel
1167 5217 1285 5277 usu,
1317 5213 1401 5267 Vel
1453 5213 1774 5267 necessitate

194 5309 464 5363 tractatis.

274 5419 294 5451 ι
325 5400 658 5468 Quamquam
688 5399 741 5452 in
763 5401 864 5454 hoc
899 5398 1040 5453 facto
1061 5404 1235 5468 potest
1257 5408 1375 5450 esse
1408 5395 1542 5447 alius
1573 5392 1748 5446 facilio

269 5569 297 5597 ι
329 5554 447 5608 Lib.
477 5553 512 5607 2
563 5552 915 5622 (ιιιωεῐὶοηιιηι
957 5552 1026 5607 ad
1065 5548 1459 5621 Simplicianum
1490 5557 1682 5616 quaest.
1716 5546 1768 5611 4,

209 5624 518 5748 1ulini‘ldilus
547 5711 558 5744 :
587 5706 650 5744 ea:
676 5689 850 5758 aliqua
885 5691 1115 5743 materie.

276 5773 300 5804 ο
335 5762 558 5817 Editus:
591 5760 681 5814 illa
706 5760 966 5828 ﬁqmenta.

1878 3333 2030 3402 gines
2061 3329 2339 3400 appellari,
2371 3329 2447 3396 nil
2474 3328 2668 3380 mirum
2703 3335 2803 3390 est,
2837 3326 2979 3394 quod
3005 3324 3285 3395 Scriptura
3317 3323 3462 3378 dicat

1878 3420 2183 3475 Samuelem
2213 3419 2408 3482 visum,
2437 3417 2601 3471 etiam
2627 3416 2671 3470 si
2696 3413 2838 3470 forte
2865 3416 3041 3486 imago
3072 3412 3340 3468 Samuelis
3366 3428 3463 3481 ap—

1876 3512 2072 3580 paruit,
2136 3510 2570 3565 machinamento
2617 3508 2752 3577 ejus,
2802 3508 2893 3577 qui
2941 3505 3026 3577 (II
3073 3505 3195 3560 Cor.
3248 3521 3326 3570 χι,
3369 3505 3458 3575 Li)

1877 3602 2226 3671 transﬁgurat
2273 3615 2329 3655 se
2364 3600 2512 3655 velut
2553 3599 2819 3671 Angelum
2866 3598 3027 3667 lucis,
3073 3605 3128 3652 et
3177 3598 3458 3652 ministros

1875 3707 2002 3746 suos
2023 3689 2169 3745 velut
2193 3689 2472 3744 ministros
2492 3688 2735 3758 justitiaz.

1956 3850 1969 3880 τ
1998 3827 2298 3893 Jamvero,
2330 3829 2375 3882 si
2407 3826 2536 3882 illud
2561 3833 2741 3882 moVet
2762 3828 3055 3898 quomodo,
3085 3836 3142 3883 et
3162 3843 3191 3882 a
3220 3827 3457 3899 maligno

1876 3920 2066 3988 spiritu
2098 3919 2244 3973 Sauli
2271 3931 2396 3972 vera
2435 3920 2694 3987 praedicta
2736 3919 2864 3982 sint,
2904 3925 3086 3986 potest
3111 3927 3166 3972 et
3193 3917 3320 3972 illud
3355 3919 3456 3972 mi~

1877 4025 1995 4062 rum
2018 4010 2205 4072 videri,
2227 4009 2494 4078 quomodo
2511 4009 2782 4062 daemones
2821 4014 3154 4076 agnoverunt
3182 4006 3456 4080 Christum

1874 4097 2090 4168 (Matth.
2122 4116 2238 4164 vui,
2264 4100 2378 4169 29),
2404 4113 2563 4167 quem
2583 4096 2750 4152 Judaei
2777 4108 2882 4152 nan
2905 4098 3289 4165 agnoscebant.
3311 4096 3451 4152 Cum

1875 4192 2020 4244 enim
2063 4190 2173 4243 vult
2209 4191 2369 4251 Deus,
2409 4190 2571 4243 etiam
2619 4202 2717 4257 per
2757 4187 2786 4226 ἀ
2825 4187 3061 4253 inﬁmos,
3105 4188 3457 4258 infernosque

1875 4277 2096 4347 spiritus
2123 4276 2355 4345 aliquem
2392 4291 2518 4330 vera
2558 4289 2917 4346 cognoscere,
2966 4277 3280 4346 temporalia
3318 4277 3456 4331 dun-

1876 4376 2046 4431 taxat,
2078 4375 2239 4436 atque
2270 4367 2337 4420 ad
2373 4367 2531 4420 istam
2575 4365 2959 4421 mortalitatem
3005 4367 3350 4436 pertinentia,
3377 4368 3456 4422 fa—

1877 4461 1976 4516 cile
2006 4468 2108 4525 est,
2142 4471 2198 4514 et
2248 4475 2354 4514 non
2387 4460 2765 4527 incongruum,
2796 4467 2855 4512 ut
2901 4459 3242 4526 omnipotens
3290 4460 3451 4524 Deus,

1801 4544 1851 4602 D
1873 4563 1938 4608 ut
1965 4566 1987 4592 θ
2013 4553 2208 4621 justus,
2240 4551 2304 4604 ad
2331 4564 2516 4605 eorum
2544 4561 2759 4618 pcenam
2796 4549 2992 4619 quibus
3027 4549 3128 4602 ista
3155 4550 3455 4618 praedicunt;

1872 4653 1988 4707 tur,
2017 4652 2077 4696 ut
2109 4641 2329 4706 malum,
2366 4639 2507 4708 quod
2533 4640 2612 4693 eis
2639 4639 2931 4707 impendet,
2961 4648 3250 4709 antequam
3273 4640 3455 4694 veniat

1873 4730 2254 4800 praenoscendo
2284 4729 2581 4797 patiantur,
2625 4727 2840 4782 occulto
2879 4737 3136 4796 apparatu
3167 4729 3456 4798 mysterio-

1875 4838 1991 4876 rum
2020 4836 2260 4885 suorum,
2293 4821 2458 4874 etiam
2504 4819 2780 4888 spiritibus
2822 4818 3018 4873 talibus
3064 4819 3268 4888 aliquid
3310 4819 3450 4873 divi-

1871 4911 2106 4964 nationis
2132 4911 2403 4978 impertiat
2430 4928 2440 4961 :
2477 4915 2535 4961 ut
2561 4908 2704 4978 quod
2724 4909 2948 4962 audiunt
2969 4907 3037 4962 ab
3057 4908 3291 4978 Angelis,
3315 4924 3450 4977 prte-

1873 5003 2126 5058 nuntient
2160 5001 2505 5056 hominibus:
2547 5007 2752 5053 tantum
2788 5009 2969 5054 autem
3007 4999 3248 5063 audiunt,
3278 5015 3450 5067 quan-

1876 5101 1990 5146 tum
2029 5093 2267 5146 omnium
2307 5090 2582 5152 Dominus,
2617 5098 2777 5158 atque
2815 5090 3124 5145 moderator
3148 5089 3234 5144 vel
3274 5087 3443 5159 jubet,

1875 5182 1960 5237 vel
1987 5182 2131 5236 sinit.
2173 5180 2325 5235 Unde
2367 5180 2528 5234 etiam
2562 5179 2784 5248 spiritus
2810 5179 3134 5249 pythonicus
3169 5176 3305 5249 (Act.
3335 5194 3443 5241 ιη.

1881 5274 1968 5343 Π)
1999 5274 2054 5326 in
2099 5270 2322 5326 Actibus
2367 5255 2748 5339 Apostolorum
2791 5275 3075 5324 attestatur
3119 5268 3283 5323 Paulo
3306 5267 3448 5336 Apo-

1753 5407 1779 5444 ι.
1880 5364 2039 5428 stolo,
2089 5371 2141 5416 et
2182 5361 2521 5432 Evangelista
2559 5375 2678 5414 esse
2710 5366 2955 5413 conatur.
3001 5357 3226 5413 Miscent
3271 5366 3446 5411 tamen

1951 5541 2055 5594 d'ln
2085 5539 2269 5594 codice
2296 5538 2895 5605 inﬁrmos,summoaque
2921 5550 2936 5586 :
2966 5549 3063 5604 per
3082 5548 3320 5589 errorem
3348 5539 3445 5590 uti-

1883 5626 1986 5681 que
2014 5609 2432 5681 repugnantibus
2469 5607 2613 5660 edito
2652 5605 2935 5674 Augustini
2978 5605 3118 5668 loco,
3162 5612 3221 5659 et
3264 5605 3448 5662 subse-

1880 5679 2182 5750 quentibus.

1959 5761 1982 5788 °
2010 5747 2198 5805 Editus
2223 5766 2233 5798 :
2264 5757 2330 5799 et.
