3912 6328
439 388 544 445 687

1502 380 1785 440 CLAUDII
1826 376 2293 437 TAURINENSIS
2328 380 2636 441 EPISCOPI

3622 391 3723 446 688

438 500 529 557 isti
577 496 844 561 fallacias,
881 503 935 551 et
976 509 1163 550 verum
1200 496 1344 563 quod
1387 511 1548 551 nosse
1586 496 1886 566 potuerint,
1913 508 2020 550 non
2050 496 2099 556 A
2125 505 2180 551 et
2202 494 2284 553 sui
2308 498 2506 554 milites
2520 500 2586 554 ad
2608 500 2961 556 revincendos
2982 515 3074 555 eos
3103 501 3397 556 discerent.
3419 500 3577 568 Quod
3604 519 3728 559 vero
3798 496 3801 501 ’

437 589 666 647 docendi
698 586 890 657 magis,
934 600 1098 654 quam
1132 585 1433 655 decipiendi
1463 585 1571 640 fine
1616 585 1978 654 prmnuntiant
2011 601 2024 636 :

437 692 493 737 et
518 682 659 736 forte
683 680 788 734 hoc
818 688 925 743 est,
957 676 1098 747 quod
1121 692 1244 732 eum
1274 676 1363 730 illa
1390 677 1571 747 imago
1602 674 1873 731 Samuelis
1896 673 2032 730 Sau-

438 773 545 827 lem
573 769 896 841 praediceret
926 767 1271 830 moriturum,
1312 765 1365 837 (1
1395 765 1526 836 Reg.
1558 780 1751 829 xxvtn,
1782 765 1870 837 19)
1898 764 2035 819 dixit

437 866 603 919 etiam
630 878 816 918 secum
843 860 1108 927 futurum,
1143 862 1286 929 quod
1332 860 1518 928 utique
1548 859 1743 915 falsum
1765 867 1887 915 est:
1918 874 2026 913 ma-

437 969 544 1025 gna
566 953 763 1024 quippe
787 950 1090 1014 intervallo,
1124 958 1246 1020 post
1271 959 1503 1005 mortem
1540 949 1780 1021 separari
1804 949 1976 1005 bonos
2003 965 2035 1003 a

438 1042 679 1097 malisin
714 1040 1008 1112 Evangelia
1033 1040 1286 1111 legimus,
1320 1038 1476 1111 (Luc.
1510 1055 1627 1104 xvi,
1653 1036 1744 1108 26)
1773 1053 1897 1093 cum
1932 1037 2037 1093 Do-

438 1133 621 1189 minus
647 1132 792 1188 inter
819 1132 1114 1203 superbum
1144 1130 1297 1185 illum
1340 1130 1584 1196 divitem,
1612 1145 1735 1185 cum
1756 1128 1871 1199 jam
1896 1130 2039 1200 apud

438 1223 647 1281 inferos
686 1233 957 1280 tormenta
988 1230 1288 1294 pateretur,
1344 1231 1401 1278 et
1446 1222 1621 1287 illum,
1667 1222 1761 1291 qui
1806 1221 1874 1277 ad
1920 1221 2039 1291 ejus

431 1316 663 1387 januam
684 1316 963 1373 ulcerosus
982 1315 1224 1386 jacebat,
1239 1313 1353 1383 jam
1374 1314 1428 1369 in
1451 1314 1643 1394 requie
1663 1313 2036 1378 constitutum,

440 1422 700 1480 magnum
744 1406 913 1463 chaos
970 1403 1315 1474 interjectum
1362 1418 1485 1460 esse
1534 1410 1803 1459 testatur:
1853 1412 1948 1458 aut
1994 1404 2038 1458 si

436 1506 728 1568 propterea
775 1495 994 1553 Samuel
1028 1494 1179 1551 Sauli
1219 1494 1395 1549 dixit:
1423 1508 1622 1549 mecum
1661 1494 1786 1559 eris,
1834 1502 1895 1548 ut
1930 1508 2039 1549 non

441 1590 510 1645 ad
531 1589 897 1660 :equalitatem
929 1587 1223 1652 felicitatis,
1273 1586 1368 1641 sed
1409 1586 1477 1641 ad
1524 1599 1714 1655 parem
1761 1585 2033 1641 conditio-

441 1695 573 1736 nem
592 1679 789 1737 martis
810 1677 1101 1742 referatur,
1132 1676 1277 1747 quod
1312 1684 1544 1747 uterque
1573 1676 1739 1731 homo
1771 1673 1955 1741 fuerit,
1987 1684 2043 1730 et

440 1777 677 1838 uterque
698 1768 838 1824 mori
868 1767 1125 1837 potuerit,
1148 1766 1371 1836 jamque
1397 1772 1644 1820 mortuus
1664 1773 1897 1820 mortem
1918 1765 2042 1820 vivo

2133 591 2428 660 sequitur:
2473 591 2614 644 sicut
2670 593 2921 661 scriptum
2982 602 3055 645 est
3112 593 3167 645 in
3222 592 3358 645 libro
3408 594 3729 660 justorum;

2134 679 2307 749 ipsum
2344 679 2539 736 librum
2566 680 2725 735 hodie
2755 696 3044 751 nusquam,
3074 697 3251 751 neque
3272 682 3417 751 apud
3448 682 3597 752 ipsas
3626 682 3733 737 He-

2133 770 2309 827 braos
2352 771 2585 825 inveniri
2628 785 2791 840 posse
2836 780 3173 835 asseverant,
3208 773 3348 826 sicut
3387 788 3491 827 nec
3536 773 3734 827 librum

2135 859 2390 914 bellorum
2416 860 2654 927 Domini,
2689 861 2845 931 cujus
2870 862 3037 933 (num.
3069 878 3185 928 xxi,
3225 861 3314 934 14)
3355 863 3412 917 in
3449 861 3594 917 libro
3620 862 3735 916 Nu-

2134 966 2409 1006 merorum
2446 952 2651 1007 mentio
2694 960 2797 1018 est,
2848 952 2968 1024 (III
3015 954 3146 1025 Reg.
3194 954 3288 1021 32,
3326 962 3382 1009 et
3412 954 3507 1026 35)
3553 970 3737 1024 neque

2136 1042 2377 1097 carmina
2401 1040 2727 1110 Salomonis,
2756 1056 2933 1114 neque
2957 1044 3347 1114 disputationes
3368 1045 3490 1114 ejus
3520 1046 3738 1115 sapien-

2138 1130 2380 1189 tissimas
2402 1132 2468 1187 de
2498 1132 2768 1203 lignorum
2796 1143 3016 1201 natura,
3042 1134 3444 1204 herbarumque
3462 1136 3735 1199 omnium,

2140 1222 2377 1291 itemque
2418 1222 2812 1293 jumentorum,
2862 1223 3165 1291 volucrum,
3214 1224 3511 1294 reptilinm,
3552 1234 3610 1280 et
3654 1227 3743 1296 pi-

2139 1314 2435 1377 scium,vel
2463 1316 2606 1383 quod
2644 1315 2701 1370 in
2729 1316 2871 1372 libra
2905 1317 3115 1373 dierum
3145 1318 3345 1372 dicitur
3374 1336 3388 1371 :
3423 1317 3512 1389 (II
3546 1316 3739 1372 Paral.

2140 1419 2216 1467 1x,
2256 1402 2346 1473 29)
2398 1402 2597 1474 reliqua
2648 1421 2767 1459 vero
2806 1422 2965 1476 opera
3012 1404 3339 1471 Salomonis,
3384 1408 3653 1476 priorum,
3694 1418 3744 1460 et

2141 1491 2537 1549 nouissimorum
2556 1494 2752 1563 scripta
2774 1502 2897 1547 sunt
2916 1495 2972 1548 in
2993 1494 3161 1548 verbis
3182 1493 3403 1548 Nathan
3427 1494 3740 1565 Propheta,

2140 1589 2196 1635 et
2224 1581 2459 1636 inlibris
2483 1582 2637 1637 Abite
2686 1581 2938 1640 Silonitis
2965 1603 2977 1638 :
3009 1585 3065 1638 in
3107 1587 3305 1639 visione
3344 1602 3556 1657 quoque
3586 1586 3745 1639 Adda

2142 1670 2360 1727 videntis
2390 1682 2572 1727 contra
2605 1672 2889 1728 Jeroboam
2916 1674 3089 1743 ﬁlium
3122 1674 3323 1741 Nabat,
3348 1685 3406 1730 et
3436 1676 3612 1729 multa
3643 1677 3747 1729 hu-

2138 1761 2373 1831 jusmadi
2405 1762 2696 1828 volumina,
2725 1778 2845 1832 quae
2874 1762 3155 1835 Scriptura
3182 1766 3401 1834 quidem
3423 1766 3595 1821 fuisse
3617 1781 3750 1835 pro-

440 1856 882 1927 prasnuntiabat;
911 1857 1193 1928 perspicit,
1221 1863 1485 1925 quantum
1515 1855 1730 1924 opinor,
1753 1854 2042 1923 prudentia
2071 1842 2117 1900 B
2145 1856 2258 1920 bat,
2284 1856 2379 1909 sed
2414 1855 2575 1911 hodie
2598 1864 2815 1911 constat
2844 1872 2953 1911 non
2996 1872 3139 1912 esse.
3174 1856 3399 1910 Vastata
3441 1870 3686 1925 namque
3714 1871 3746 1908 a

442 1958 553 2014 tua,
593 1948 890 2006 secundum
938 1955 1231 2016 utrumque
1278 1945 1633 2009 intellectum,
1680 1944 1883 1999 habere
1929 1945 2043 1998 exi-

441 2049 559 2095 tum
596 2053 620 2081 ι
643 2040 757 2110 jam
786 2038 1094 2102 lectionem,
1127 2037 1219 2105 qui
1259 2050 1366 2090 non
1394 2035 1465 2090 sit
1493 2041 1684 2089 contra
1716 2032 1909 2089 fidem:
1937 2032 2041 2088 nisi

442 2131 584 2186 forte
608 2127 983 2201 profundiore,
1015 2135 1070 2182 et
1120 2125 1463 2196 perplexiore
1512 2124 1885 2192 inquisitione,
1914 2138 2038 2195 quae

440 2221 528 2277 vel
562 2221 762 2275 virium
797 2234 1061 2285 mearum,
1090 2218 1175 2273 vel
1204 2218 1462 2287 temporis
1491 2216 1707 2272 excedit
1744 2216 2041 2287 angustias,

443 2313 754 2369 inveniatur
781 2312 849 2367 ad
881 2311 1168 2381 liquidum,
1188 2308 1275 2364 vel
1294 2323 1476 2379 posse,
1500 2306 1583 2362 vel
1612 2322 1717 2361 non
1746 2321 1907 2377 posse
1929 2309 2046 2362 ani-

444 2421 589 2461 mam
614 2407 929 2469 humanam,
967 2418 1093 2459 cum
1118 2418 1186 2459 ex
1217 2403 1321 2457 hac
1347 2401 1457 2455 vita
1501 2400 1833 2470 migraverit,
1875 2398 2047 2469 magi-

442 2500 524 2553 cis
547 2497 879 2552 carminibus
922 2502 1205 2551 evocatam
1250 2495 1303 2560 ιι,
1345 2494 1593 2548 vivorum
1620 2506 1886 2562 apparere
1914 2507 2045 2547 con-

443 2586 741 2657 spectibns,
772 2586 937 2642 etiam
963 2584 1210 2655 corporis
1245 2582 1575 2639 lineamenta
1626 2589 1953 2653 gestantem,
1984 2589 2047 2637 ut

442 2692 550 2729 non
575 2673 750 2729 solum
776 2673 947 2728 videri
986 2673 1184 2739 valeat,
1216 2670 1312 2727 sed
1355 2670 1698 2742 agnosci.'Et
1739 2670 1787 2724 si
1816 2678 2036 2741 potest;

442 2775 625 2820 utrum
649 2765 815 2819 etiam
838 2764 971 2835 justi
1003 2764 1206 2828 anima,
1233 2777 1341 2818 non
1364 2762 1584 2832 quidem
1622 2773 1848 2833 cogatur
1873 2761 2045 2833 magi-

442 2856 547 2920 cis,
593 2864 615 2893 ο
668 2854 763 2909 sed
815 2853 1069 2924 dignetur
1110 2851 1323 2908 ostendi
1372 2851 1757 2908 occultioribus
1804 2851 2047 2923 imperiis

445 2958 675 2998 summa:
719 2943 854 3014 legis
901 2943 1327 3011 obtemperans;
1374 2948 1436 2997 ut
1478 2939 1524 2996 si
1576 2938 1694 2995 fieri
1730 2954 1838 2994 non
1886 2952 2046 3009 posse

444 3033 724 3098 claruerit,
774 3049 881 3089 non
930 3039 1157 3100 uterque
1203 3045 1397 3086 sensus
1437 3030 1492 3085 in
1538 3027 1698 3098 hujus
1748 3027 2045 3098 Scriptum

445 3124 771 3179 tractatione
823 3131 988 3192 atque
1032 3120 1373 3191 expositione
1418 3119 1756 3184 admittatur,
1797 3118 1892 3174 sed
1953 3118 2044 3173 illo

442 3216 689 3279 excluso,
741 3212 1064 3283 imaginaria
1116 3211 1396 3266 simulatio
1449 3208 1720 3265 Samuelis
1758 3208 2043 3264 diabolica
2071 3183 2116 3246 (λ

451 3305 563 3359 ritu
594 3303 761 3359 facta
783 3301 1134 3372 intelligatur.
1184 3298 1291 3355 Sed
1315 3299 1591 3369 quoniam,
1623 3298 1737 3353 sive
1765 3297 1895 3353 illud
1925 3297 2042 3352 ﬁeri

445 3394 641 3464 possit,
691 3393 807 3448 sive
838 3407 947 3446 non
973 3390 1169 3461 possit,
1204 3397 1386 3443 tamen
1432 3387 1647 3444 fallacia
1682 3387 1901 3443 Satanae
1958 3397 2043 3442 at-

447 3498 555 3553 que
584 3482 880 3551 imaginum
901 3478 1351 3544 simulandarum,
1382 3477 1580 3533 callida
1617 3478 1862 3548 operatio
1897 3479 2045 3534 deci-

446 3571 659 3644 piendis
692 3570 947 3626 humanis
972 3568 1221 3624 sensibus
1263 3566 1610 3623 multiformis
1654 3566 1921 3638 invigilat,
1952 3583 2048 3637 pe-

451 3664 713 3721 detentim
743 3662 983 3733 quidem,
1020 3675 1091 3714 ne
1128 3659 1572 3729 inquisitionibus
1613 3658 2049 3727 diligentioribus

448 3752 886 3823 przescribamus,
936 3749 1032 3804 sed
1067 3758 1250 3803 tamen
1291 3747 1474 3817 potius
1518 3746 1895 3802 existimemus
1942 3747 2047 3803 tale

451 3842 655 3912 aliquid
681 3840 889 3896 factum
916 3838 1155 3910 maligno
1187 3838 1382 3907 spiritu
1410 3836 1741 3908 pythonissa
1777 3836 1921 3892 illius
1942 3837 2047 3892 mi-

450 3933 703 3997 nisterio,
736 3930 995 4000 quamdiu
1024 3929 1184 3983 nobis
1224 3927 1430 3997 aliquid
1471 3925 1704 3996 amplius
1738 3926 2050 3997 excogitare

454 4031 617 4093 atque
647 4020 921 4092 explicare
957 4034 1067 4074 non
1096 4017 1275 4072 datur.

524 4113 663 4185 (51.)
698 4131 717 4164 ι
740 4112 911 4182 Igitur
942 4119 1135 4165 exorta
1169 4107 1355 4179 praelia
1378 4118 1764 4179 percusserunt
1788 4107 2052 4164 Philistaai

453 4203 623 4261 Israel
669 4203 829 4273 plaga
856 4215 1092 4271 magna:
1126 4206 1181 4254 et
1214 4206 1461 4253 mortuus
1487 4205 1572 4253 est
1619 4196 1771 4264 Saul,
1808 4204 1863 4253 et
1890 4196 2053 4253 Jona-

462 4295 597 4349 than
624 4292 768 4347 illius
791 4291 927 4362 ejus.
956 4310 973 4342 ι
1003 4288 1088 4360 (II
1121 4286 1250 4358 Reg.
1276 4305 1317 4353 ι,
1347 4287 1402 4356 2)
1434 4287 1683 4343 Evadens
1710 4299 1893 4343 autem
1931 4289 2052 4358 qui-

458 4387 585 4440 dam
610 4384 761 4439 venit
794 4383 861 4437 ad
892 4380 1062 4434 David
1094 4380 1149 4433 in
1195 4377 1467 4444 Sicelech,
1496 4387 1551 4433 et
1580 4379 1848 4433 nuntiavit
1885 4378 2053 4433 David

458 4475 671 4546 plagam
696 4487 966 4541 magnam,
994 4485 1115 4540 quze
1146 4468 1289 4525 facta
1328 4476 1413 4523 est
1454 4468 1506 4521 in
1548 4467 1743 4538 papula
1770 4486 1781 4521 :
1816 4467 1969 4539 (vers.
1998 4468 2052 4538 6)

459 4565 683 4633 insuper
710 4561 873 4616 etiam
896 4558 1203 4614 mentiendo
1224 4557 1445 4621 addidit,
1472 4556 1613 4626 quod
1642 4555 1731 4610 ille
1755 4556 2055 4625 percussis-

463 4664 546 4712 set
588 4653 718 4709 Saul
747 4661 803 4708 et
856 4651 1023 4706 filium
1064 4650 1201 4719 ejus.
1252 4648 1407 4721 (vers.
1442 4648 1528 4717 15)
1562 4646 1632 4701 At
1676 4647 1845 4701 David
1890 4647 2052 4702 Chri-

463 4756 608 4803 stum
654 4743 866 4799 Domini
905 4741 1186 4796 vindicans
1224 4738 1389 4808 jussit
1414 4754 1537 4793 eum
1577 4737 1864 4793 occidere:
1896 4738 2050 4807 (vers.

464 4852 563 4900 xu,
596 4836 682 4903 17)
733 4833 938 4902 planxit
977 4830 1147 4885 David
1193 4827 1563 4898 hujuscemodi
1610 4842 1773 4898 super
1820 4827 1973 4894 Saul,
2006 4836 2053 4882 et

471 4941 627 4994 super
662 4923 933 4976 Jouathan
967 4919 1139 4988 [ilium
1169 4918 1301 4987 ejus.
1335 4917 1487 4989 (vers.
1519 4917 1605 4989 18)
1628 4936 1645 4968 ‹
1682 4916 1751 4970 Et
1787 4919 2053 4987 prwcepit,

475 5027 531 5070 ut
554 5017 795 5068 docerent
825 5012 964 5081 ﬁlios
1004 5010 1147 5064 Juda
1198 5025 1405 5073 arcum,
1450 5010 1583 5062 sicut
1625 5009 1875 5077 scriptum
1898 5019 1972 5062 est
2003 5010 2058 5062 in

470 5104 905 5172 librojustorum.
950 5099 1063 5155 Hoc
1110 5100 1231 5154 ideo
1280 5097 1428 5161 fecit,
1462 5107 1521 5153 ut
1544 5099 1669 5167 quia
1698 5097 1723 5137 ά
1750 5098 2060 5155 Ρ1ιίὶὶειεεοε

475 5195 777 5266 sagittariis
810 5194 1084 5248 abundare
1111 5190 1223 5259 jam
1254 5200 1501 5256 noverat,
1533 5191 1675 5245 unde
1703 5199 1759 5244 et
1794 5189 1921 5244 Saul
1947 5206 2061 5243 ma.

470 5290 612 5341 xime
638 5287 830 5340 horum
856 5282 1052 5338 ictibus
1073 5283 1326 5351 perierat,
1358 5281 1602 5337 eamdem
1626 5280 1859 5335 bellandi
1885 5289 2057 5334 artem

544 5476 568 5503 δ
593 5460 737 5515 Editi
761 5476 774 5514 :
799 5476 938 5525 eam,
962 5475 1055 5515 seu
1084 5460 1251 5513 illaut.

542 5533 571 5572 δ
601 5530 743 5585 Editi
768 5544 782 5581 :
812 5531 1062 5583 vivorum.

545 5613 565 5640 ε
595 5600 813 5654 Addunt
840 5600 968 5653 editi
991 5614 1005 5652 :
1032 5600 1215 5652 sacris.

541 5671 569 5711 ὀ
600 5670 728 5736 Quae
757 5669 1158 5737 subsequuntur
1185 5668 1395 5723 lineolis
1438 5681 1535 5737 pro
1560 5682 1711 5737 more
1748 5674 1931 5720 notata
1961 5667 2055 5721 do-

476 5744 588 5797 cuit
616 5739 757 5794 Beda
788 5736 1002 5810 [quaesL
1034 5737 1105 5809 7],
1139 5754 1300 5807 quem
1331 5737 1567 5793 consule.
1603 5736 1724 5793 Hzec
1753 5738 1862 5807 ipsa
1897 5737 2058 5791 habet

2142 1944 2393 2000 Chaldeis
2435 1943 2638 2011 Judtea,
2681 1946 2847 2001 etiam
2895 1945 3220 2001 bibliotheca
3274 1947 3583 2016 antiquitus
3612 1963 3748 2001 can—

2142 2043 2384 2106 gregata,
2419 2036 2562 2091 inter
2588 2036 2725 2091 alias
2761 2037 3055 2106 provinciae
3082 2052 3213 2107 opes
3237 2038 3423 2094 hostili
3454 2039 3585 2110 igne
3614 2054 3748 2093 con-

2143 2136 2358 2197 sumpta
2380 2136 2481 2191 est,
2513 2143 2580 2182 ex
2607 2143 2711 2197 qua
2756 2128 2937 2199 pauci,
2967 2130 3059 2198 qui
3106 2145 3251 2185 nunc
3280 2130 3335 2184 in
3361 2139 3554 2186 sancta
3593 2130 3749 2185 Scri-

2142 2225 2300 2286 ptura
2332 2218 2685 2272 continentur
2710 2218 2857 2284 libri,
2887 2220 3230 2289 postmodum
3254 2220 3410 2275 Eua:
3431 2220 3747 2285 Pontificis,

2144 2316 2200 2362 et
2230 2308 2515 2379 Propheta:
2544 2318 2672 2365 sunt
2720 2309 2986 2365 industria
3036 2312 3367 2366 restaurati:
3416 2312 3568 2368 unde
3606 2313 3752 2367 scri-

2144 2406 2295 2469 ptum
2325 2407 2408 2453 est
2457 2400 2525 2454 de
2573 2413 2674 2455 ea:
2722 2399 2876 2470 (Esd.
2914 2416 2956 2466 I,
2984 2402 3039 2466 7,
3068 2402 3123 2473 6)
3173 2403 3419 2456 Ascendit
3467 2402 3649 2458 Ezras
3683 2405 3750 2458 de

2145 2486 2435 2556 Babylone,
2474 2497 2524 2541 et
2565 2488 2673 2559 ipse
2710 2490 2882 2543 scriba
2917 2489 3067 2545 velox
3098 2490 3153 2545 in
3191 2490 3300 2562 lege
3339 2491 3554 2563 Moysi:
3587 2494 3747 2548 velox

2144 2578 2415 2645 videlicet,
2437 2581 2581 2649 quod
2606 2580 2966 2651 promptiores
2989 2580 3294 2637 litterarum
3318 2583 3543 2653 ﬁguras,
3571 2599 3743 2653 quam

2145 2676 2373 2725 eatenus
2399 2670 2611 2726 Hebrzei
2629 2671 2924 2738 habebant,
2949 2674 3169 2745 reperit,
3191 2680 3245 2729 et
3268 2675 3319 2728 in
3345 2675 3581 2745 epistola
3604 2677 3750 2745 regis

2146 2756 2437 2814 Persarum
2470 2758 2635 2832 (Ibid.
2665 2777 2712 2815 v.
2743 2761 2833 2832 12)
2862 2761 3170 2819 Artaxerses
3200 2763 3315 2818 Rea:
3361 2781 3544 2835 regum
3589 2765 3751 2820 Errat

2148 2844 2421 2902 Sacerdoti
2442 2850 2625 2905 scriba
2650 2850 2778 2922 legis
2806 2851 2904 2905 Dei
2934 2851 3048 2906 caeli
3085 2853 3412 2919 doctissimo,
3433 2855 3683 2909 salutem.
3723 2877 3743 2908 ι

2218 2937 2309 3007 (II
2333 2937 2462 3009 Reg.
2497 2954 2536 3005 I,
2568 2940 2683 3010 2i.)
2724 2940 2929 2996 Montes
2971 2940 3184 3008 Gelboe,
3227 2960 3319 2998 nec
3358 2962 3469 3010 ros,
3507 2962 3605 2999 nec
3628 2946 3750 3015 plu-

2146 3027 2229 3081 via
2267 3029 2438 3081 veniat
2479 3046 2635 3099 super
2672 3047 2759 3085 vos
2791 3045 2810 3083 :
2853 3048 3016 3102 neque
3059 3034 3164 3087 sint
3214 3036 3329 3104 agri
3362 3036 3748 3105 primitimm,

2148 3117 2287 3189 quia‘
2311 3118 2382 3172 ibi
2428 3119 2660 3190 abjectus
2688 3130 2763 3175 est
2808 3120 3019 3192 clypeus
3058 3123 3298 3192 fortium,
3331 3124 3545 3195 clypeus
3585 3124 3748 3191 Saul,

2145 3211 2299 3280 quasi
2326 3227 2427 3265 non
2465 3222 2598 3266 esset
2639 3222 2827 3267 unctus
2867 3214 2999 3269 oleo.
3036 3214 3177 3270 Sciri
3221 3215 3402 3283 debet,
3432 3218 3561 3287 quia
3588 3234 3750 3272 vera-

2146 3300 2283 3353 citer
2314 3298 2463 3365 Saul,
2496 3301 2588 3370 qui
2618 3310 2739 3372 post
2780 3303 3093 3359 unctionem
3139 3304 3314 3359 sancti
3343 3306 3687 3368 chrismatis,
3719 3320 3749 3358 a

2146 3404 2253 3458 quo
2278 3400 2332 3444 et
2369 3388 2609 3445 Christus
2635 3392 2851 3447 Domini
2876 3402 3101 3449 vocatus
3136 3403 3239 3460 est,
3275 3395 3344 3449 ab
3380 3395 3633 3450 hostibus
3658 3412 3751 3450 ac-

2146 3478 2250 3533 cidi
2291 3481 2514 3545 meruit,
2552 3490 2783 3536 mortem
2814 3482 2928 3537 veri
2973 3481 3199 3549 Christi,
3229 3498 3395 3553 quam
3440 3485 3558 3539 sine
3591 3485 3752 3555 culpa

2147 3569 2333 3623 subire
2356 3570 2605 3641 dignatus
2626 3579 2731 3638 est,
2762 3573 3020 3627 insinuat.
3047 3572 3255 3629 Montes
3275 3590 3496 3644 quoque
3518 3574 3750 3639 Gelboe,

2152 3658 2205 3713 in
2234 3660 2431 3728 quibus
2458 3661 2687 3727 interiit,
2715 3662 2978 3732 superbos
3004 3662 3242 3718 Iudaicae
3284 3664 3463 3734 plebis
3492 3674 3745 3729 conatus,

2150 3748 2344 3815 quibus
2367 3760 2555 3803 contra
2591 3750 2853 3805 victorem
2882 3754 3008 3807 vitae
3053 3753 3413 3819 rebellabant,
3443 3755 3749 3810 insinuant.

2152 3838 2308 3894 Unde
2357 3840 2496 3895 bene
2545 3839 2748 3896 Gelbae
2797 3841 3067 3909 volutatio,
3119 3844 3232 3899 sive
3279 3843 3535 3899 decursus
3580 3846 3754 3899 inter—

2153 3938 2398 4000 pretatur
2424 3948 2455 3990 :_
2486 3931 2871 3987 volutabantur
2913 3934 3057 3988 enim
3108 3934 3161 3988 in
3208 3935 3369 3990 sorde
3398 3945 3751 4007 peccatorum

2145 4019 2301 4089 juxta
2338 4019 2469 4075 illud
2498 4021 2940 4090 proverbiorum:
2975 4034 2999 4064 ε
3025 4033 3074 4079 et
3116 4040 3210 4079 sus
3239 4024 3349 4079 lota
3376 4026 3433 4080 in
3478 4028 3752 4081 volutabra

2155 4108 2483 4179 luti;atque
2532 4126 2564 4163 a
2594 4111 2919 4167 rectitudine
2965 4114 3066 4167 vite
3096 4113 3351 4169 salutaris
3398 4117 3749 4181 aberrantes,

2146 4199 2261 4271 jam
2282 4198 2505 4270 jamque
2528 4200 2597 4255 ad
2626 4200 2905 4268 inferiora,
2937 4204 3041 4257 hoc
3073 4214 3158 4259 est
3182 4204 3358 4273 hujus
3383 4208 3569 4261 saeculi
3597 4210 3741 4264 desi-

2154 4291 2304 4345 deria
2330 4289 2474 4346 fmda
2500 4290 2881 4357 decurrebant,
2926 4293 2997 4347 ob
3024 4308 3256 4362 quorum
3283 4296 3616 4351 desiderium
3666 4316 3752 4353 re-

2154 4397 2276 4453 gem
2317 4382 2439 4438 caeli
2478 4391 2535 4437 et
2564 4392 2723 4437 terra:
2761 4383 2814 4436 in
2843 4394 3072 4439 mortem
3116 4386 3333 4442 tradere
3378 4403 3487 4443 non
3534 4390 3750 4444 dubita-

2158 4470 2308 4537 bant,
2341 4481 2563 4541 propter
2587 4472 2732 4542 quod
2760 4473 2841 4528 eis
2870 4476 3069 4530 merito
3094 4484 3333 4545 aptatur,
3380 4493 3451 4534 ne
3480 4494 3659 4533 rorem
3689 4483 3753 4536 de

2160 4562 2316 4629 ccelo,
2357 4563 2662 4631 pluviamve
2700 4564 3016 4633 suscipiant,
3058 4566 3201 4635 quod
3234 4567 3396 4622 hodie
3431 4570 3592 4623 rebus
3620 4571 3755 4639 ipsis

2158 4652 2403 4712 videmus
2429 4651 2698 4722 expletum
2726 4653 2780 4706 in
2818 4653 2918 4718 eis,
2946 4653 3092 4724 quod
3139 4653 3259 4709 illos
3304 4658 3481 4726 gratia
3514 4658 3755 4713 cmlestis

2161 4741 2419 4797 deserens
2458 4741 2525 4816 ad
2571 4741 2783 4812 plebem
2836 4744 3079 4812 gentium
3125 4744 3382 4799 translata
3430 4754 3553 4809 est;
3604 4750 3754 4816 quod

2169 4830 2333 4885 etiam
2360 4814 2529 4884 Isaias
2558 4830 2660 4884 sub
2691 4828 2864 4900 figura
2887 4830 3058 4886 vineae
3089 4829 3330 4887 futurum
3377 4833 3486 4888 illis
3520 4849 3585 4889 ex
3619 4814 3750 4904 per-

2163 4934 2296 4974 sana
2327 4918 2539 4974 Domini
2569 4920 2928 4985 comminatus
2974 4930 3076 4988 est,
3109 4921 3294 4977 dicens
3320 4942 3333 4976 :
3377 4922 3513 4994 (Isa.
3541 4940 3592 4991 v,
3616 4925 3674 4997 6)
3706 4938 3753 4980 et

2166 5011 2387 5065 nubibus
2408 5010 2693 5075 mandabo,
2717 5027 2780 5065 ne
2794 5012 2979 5081 pluant
3004 5029 3161 5082 super
3185 5030 3299 5068 eam
3326 5016 3563 5071 imbrem.
3596 5018 3753 5084 Quod

2164 5110 2249 5161 est
2276 5109 2463 5171 aperte
2492 5100 2673 5156 dicere
2712 5119 2723 5154 :
2766 5101 3037 5171 Apastolis
3075 5112 3236 5171 atque
3264 5104 3591 5175 Apastolicis
3616 5111 3755 5163 viris

2163 5196 2413 5249 omnibus
2454 5194 2740 5260 mandabo,
2785 5210 2853 5250 ne
2884 5195 2992 5250 illis
3018 5195 3160 5249 ultra
3195 5198 3419 5251 verbum
3451 5198 3574 5254 vita:
3615 5214 3756 5269 prte-

2164 5288 2362 5352 dicent,
2394 5284 2488 5342 sed
2518 5285 2830 5357 irrigatione
2857 5286 3006 5340 verbi
3055 5285 3313 5353 caalestis,
3344 5290 3490 5358 quad
3511 5304 3543 5343 a
3573 5304 3631 5344 se
3672 5306 3757 5345 re-

2168 5467 2422 5520 Rabanus
2448 5465 2498 5518 in
2531 5464 2708 5518 locum
2734 5463 2897 5516 hunc.

2241 5548 2263 5575 ε
2295 5535 2337 5589 Il
2358 5534 2475 5589 Pet.
2510 5550 2571 5598 ιι,
2606 5533 2696 5587 2‘2.
2728 5531 2963 5601 Contigit
3006 5532 3150 5586 enim
3195 5533 3277 5587 eis
3319 5530 3452 5587 illud
3482 5533 3599 5587 veri
3632 5549 3757 5601 pro-

2168 5607 2374 5659 verbii:
2408 5602 2566 5657 Canis
2585 5618 2816 5656 reversus
2841 5602 2908 5655 ad
2936 5618 3089 5656 suum
3123 5604 3394 5669 vomitum,
3430 5612 3479 5658 et
3515 5618 3605 5656 sus
3646 5604 3757 5656 lota

2168 5677 2221 5729 in
2252 5674 2516 5730 volutabra
2538 5673 2652 5726 luti.
