3912 6324
167 358 279 416 689

879 354 1342 425 QUESTIONES
1381 353 1530 411 XXX
1567 352 1791 410 SUPER
1830 353 2074 410 LIBROS
2115 353 2375 411 REGUM.
2409 385 2478 395 —
2511 354 2713 410 LIBER
2750 354 2812 408 II.

3327 348 3431 405 8570

167 473 446 545 pulerunt,
478 468 724 539 indignos
751 468 804 522 in
829 483 926 523 sua
967 469 1253 525 sterilitate
1295 482 1514 532 vacuos,
1545 481 1609 520 ac
1631 480 1754 535 per—
1781 467 1832 527 Α
1854 466 2118 521 bonorum
2146 466 2286 522 mala
2326 467 2600 522 hominum
2628 472 2778 537 gesta
2805 463 3157 532 accipiantur.
3197 463 3436 533 Denique

166 572 340 633 petuo
367 560 476 632 igni
521 558 912 614 comburendos
953 559 1279 629 relinquant.
1314 571 1338 600 α
1369 578 1386 609 ι
1433 560 1508 613 De
1537 557 1750 626 quibus,

167 662 230 708 et
248 653 385 708 bene
407 650 637 706 dicitur:
664 658 721 704 ut
742 651 854 721 agri
873 651 1225 720 primitiarum
1249 665 1366 705 esse
1389 666 1495 704 non
1517 648 1750 718 possint:

169 741 408 813 superbe
453 742 650 814 quippe
676 741 1021 795 Hebraeorum
1071 749 1278 794 mentes
1309 740 1611 810 primitivos
1647 739 1757 793 fru-

169 842 297 888 ctus
326 846 431 888 non
471 831 690 894 ferunt;
733 830 858 898 quia
907 830 962 882 in
1000 829 1376 900 Redemptoris
1408 828 1640 884 adventu
1690 843 1757 882 ex

168 928 332 989 parte
380 920 614 981 maxima
663 919 717 971 in
773 918 996 988 perﬁdia
1048 927 1409 984 remanentes,
1460 917 1757 987 primordia

174 1010 306 1065 ﬁdei
352 1010 502 1078 sequi
547 1008 870 1063 noluerunt:
919 1018 1104 1064 sancta
1142 1023 1375 1078 namque
1420 1007 1662 1062 Ecclesia
1704 1006 1758 1060 in

171 1099 431 1169 primitiis
478 1098 590 1152 suis
629 1098 971 1152 multitudine
1005 1098 1245 1169 gentium
1296 1096 1581 1152 fecundata
1609 1135 1624 1160 ,
1672 1095 1760 1148 vix

173 1188 232 1241 in
271 1187 613 1252 ﬁne_mundi,
640 1187 877 1254 Judreos,
914 1203 1048 1257 quos
1076 1187 1364 1251 invenerit,
1404 1186 1680 1255 suscipiet,
1708 1193 1764 1240 et

169 1287 419 1333 extrema
443 1278 716 1349 colligens,
749 1292 844 1333 eos
872 1279 1026 1348 quasi
1054 1278 1311 1348 reliquias
1341 1277 1554 1348 frugum
1575 1283 1758 1346 ponet.

172 1369 255 1424 De
281 1371 478 1439 quibus
498 1369 754 1423 nimirum
777 1369 1020 1439 reliquiis
1042 1370 1208 1425 Isaias
1230 1370 1359 1425 dicit
1387 1387 1398 1422 :
1432 1367 1566 1439 (Isa.
1593 1385 1647 1433 x,
1670 1368 1760 1433 22,

176 1456 341 1511 Rom.
375 1473 451 1522 ιχ,
471 1455 562 1528 27)
614 1456 672 1511 Si
701 1457 856 1526 fuerit
879 1475 1126 1512 numerus
1143 1458 1374 1527 ﬁliorum
1400 1457 1587 1523 Israel,
1614 1455 1765 1526 quasi

173 1563 346 1600 arena
388 1548 574 1612 maris,
609 1546 842 1607 reliquid:
871 1547 1029 1603 salva;
1057 1549 1201 1618 ﬁent.
1250 1549 1483 1604 Possunt
1510 1548 1656 1604 enim
1687 1547 1768 1602 id-

175 1635 332 1689 circo
363 1634 564 1690 Gelboe
591 1645 803 1691 montes
826 1651 921 1692 ore
954 1637 1234 1708 Propheta:
1260 1638 1530 1704 maledici,
1559 1646 1618 1692 ut
1639 1638 1766 1692 dum

1859 555 2040 611 Uriam
2073 557 2439 613 ﬁdelissimum
2469 559 2638 613 David
2685 557 2829 629 regis
2855 556 3082 611 militem
3108 554 3173 609 ad
3197 554 3440 624 piissima

1859 655 2020 718 atque
2052 650 2494 705 innocentissima
2527 647 2643 716 ejus
2675 663 2858 718 opera,
2893 648 2978 702 vel
3022 647 3162 702 dicta
3200 647 3251 700 in
3297 645 3441 700 mala

1858 737 2273 807 signiﬁcatione,
2303 745 2359 792 et
2380 744 2570 792 contra
2601 737 2776 807 ipsum
2804 736 2972 792 David
3004 738 3057 791 in
3082 735 3317 790 maximo
3343 748 3442 789 suo

1859 826 2064 881 scelere
2088 827 2140 881 in
2163 827 2304 881 bona
2327 826 2697 896 accipiendum
2717 826 3136 896 interpretantur
3160 843 3171 878 :
3203 824 3442 894 alioquin

1859 914 1908 967 si
1935 929 2039 968 non
2079 924 2134 969 et
2158 930 2257 984 per
2287 916 2428 968 maia
2459 916 2679 980 bonum,
2711 923 2766 969 et
2793 915 2991 969 malum
3021 914 3315 984 signiﬁcari
3347 928 3448 983 per

1860 1005 2001 1059 bona
2047 1012 2252 1074 posset,
2296 1019 2573 1073 nunquam
2604 1005 2793 1059 liceret
2837 1004 2989 1072 nigro
3018 1010 3319 1056 atramento
3349 1015 3420 1054 no

1861 1107 1984 1150 men
2015 1095 2130 1161 Dei,
2163 1096 2255 1150 sed
2282 1110 2495 1166 semper
2521 1095 2697 1150 lucido
2724 1108 2857 1148 auro
2886 1094 3081 1148 debere
3109 1093 3294 1156 scribi,
3319 1090 3446 1160 quia

1863 1186 2004 1241 Deus
2031 1186 2124 1244 lux
2173 1194 2278 1252 est,
2311 1195 2366 1242 et
2395 1187 2629 1241 tenebrae
2662 1187 2714 1240 in
2756 1200 2821 1240 eo
2861 1198 2967 1239 non
3001 1191 3128 1238 sunt
3169 1182 3310 1246 ulla,
3338 1195 3441 1234 nec

1864 1293 2077 1332 rursum
2134 1278 2187 1332 in
2243 1277 2412 1333 titulis
2459 1277 2795 1332 Psalmorum
2842 1291 3038 1330 nomen
3087 1273 3345 1336 Absalon,
3394 1276 3450 1324 et

1865 1373 2045 1427 Doech
2097 1372 2375 1427 hominum
2426 1372 2777 1441 reproborum
2830 1369 2998 1423 minio
3046 1365 3302 1435 fulgente,
3355 1364 3450 1418 sed

1866 1463 1981 1519 solo
2019 1463 2309 1517 atramenti
2346 1461 2527 1517 colore
2577 1461 2794 1516 deceret
2837 1456 3090 1513 adscribi.
3135 1455 3289 1509 Sicut
3317 1467 3450 1523 ergo

1868 1552 1921 1605 in
1941 1551 2152 1622 paginis
2173 1550 2431 1605 librorum
2454 1550 2646 1620 quovis
2670 1548 2871 1613 colore,
2895 1554 2949 1601 et
2978 1544 3116 1599 mala
3139 1557 3449 1612 possumus,

1869 1650 1925 1698 et
1971 1643 2115 1698 bona
2173 1642 2377 1711 absque
2427 1639 2536 1694 ulla
2586 1637 3003 1708 reprehensione
3052 1635 3316 1704 ﬁgurare,
3375 1631 3452 1684 ita

176 1725 394 1781 fructus
440 1741 506 1782 ex
545 1736 826 1783 arescente
877 1739 1021 1783 terra
1053 1744 1159 1783 non
1187 1739 1378 1793 oritur,
1426 1743 1770 1799 possessores
1802 1801 1815 1802 ί
1871 1732 2039 1788 etiam
2076 1731 2130 1787 in
2176 1739 2330 1802 parte
2359 1729 2835 1801 signiﬁcationum,
2865 1739 2962 1796 per
2988 1722 3243 1794 quaelibet
3266 1721 3452 1776 homi-

177 1823 347 1868 terra:
374 1814 675 1871 sterilitatis
699 1817 895 1871 damno
921 1816 1207 1881 feriantur,
1237 1825 1505 1888 quatenus
1535 1819 1635 1888 ipsi
1657 1833 1770 1872 ma-
1797 1801 1844 1860 B
1873 1837 1998 1878 num
2031 1801 2200 1894 gesta,
2229 1829 2282 1876 et
2317 1822 2456 1876 bona
2488 1818 2811 1882 rectissime,
2842 1823 2894 1871 et
2920 1815 3062 1869 mala
3100 1820 3327 1883 possunt
3359 1825 3453 1866 ex-

174 1903 486 1960 IeJictionis
515 1906 838 1960 sententiam
877 1907 1167 1975 accipiant,
1206 1908 1297 1976 qui
1335 1908 1474 1976 apud
1503 1923 1580 1972 se,
1613 1923 1762 1963 mor-

175 2002 294 2048 tem
341 1995 482 2064 regis
529 1995 826 2064 suscipere,
884 1996 1169 2064 iniquitate
1214 2011 1310 2050 sua
1357 1996 1626 2066 exigente,
1660 2012 1772 2051 me-

176 2082 443 2136 ruissent.
470 2102 488 2134 )
517 2083 545 2122 ιι
576 2083 686 2138 Nec
711 2084 806 2138 tibi
837 2086 1125 2139 absurdum
1152 2085 1323 2139 videri
1349 2086 1529 2151 debet,
1554 2094 1612 2140 ut
1631 2087 1771 2141 mala

181 2176 544 2244 reproborum
580 2185 723 2241 acta,
751 2178 876 2232 boni
905 2178 1107 2246 aliquid
1154 2176 1499 2247 signiﬁcent:
1541 2186 1632 2232 aut
1653 2194 1774 2232 rur-

179 2281 311 2318 sum
336 2265 476 2319 bona
496 2267 764 2335 justorum
793 2282 956 2337 opera
1001 2268 1054 2321 in
1079 2267 1352 2321 contraria
1379 2266 1775 2337 signiﬁcatione

180 2367 500 2425 ponantur;
545 2358 664 2428 lege
689 2359 833 2412 enim
867 2358 1085 2413 Moralia
1126 2359 1297 2413 sancti
1325 2357 1482 2426 Papa:
1504 2357 1772 2427 Gregorii,

177 2446 276 2499 ubi
307 2450 577 2516 exposuit,
617 2449 884 2517 quomodo
906 2449 1097 2503 beatus
1118 2447 1218 2503 Job
1244 2448 1524 2503 maledixit
1555 2448 1656 2503 diei
1678 2464 1776 2504 suo

177 2535 406 2590 dicens:
439 2537 627 2591 Pereat
655 2539 784 2603 dies,
819 2541 870 2593 in
898 2557 1003 2609 qua
1031 2549 1184 2593 natus
1212 2556 1353 2603 sum,
1382 2548 1490 2594 etc.
1528 2550 1574 2604 ο,
1606 2547 1660 2594 et
1695 2540 1775 2594 vi-

180 2623 343 2678 debis
373 2628 496 2696 quia
528 2629 940 2684 usitatissimum
966 2631 1128 2686 estin
1159 2629 1474 2701 Scripturis,
1509 2639 1565 2684 ut
1594 2638 1650 2685 et
1675 2630 1771 2685 bo-

179 2726 254 2764 na
284 2713 338 2766 in
386 2717 648 2770 malorum
693 2717 1106 2786 signiﬁcatione,
1156 2728 1209 2774 et
1247 2720 1300 2772 in
1342 2718 1771 2773 sanctiﬁcatione

263 2858 288 2884 ⁸
323 2845 716 2921 subsequentia
738 2850 939 2921 allegat
965 2851 1234 2915 Paterius,
1261 2852 1351 2921 qui
1379 2866 1444 2907 ea
1471 2849 1772 2920 desumpsit

178 2931 249 2968 ex
271 2917 448 2986 capite
473 2917 505 2969 4
543 2917 873 2986 przei'at.ionis
901 2921 953 2974 in
978 2921 1068 2975 lib.
1103 2937 1156 2974 tv
1183 2917 1388 2975 Murali.

180 3054 197 3107 ι
259 2986 288 3024 δ
321 2986 588 3107 Haletenus
617 2987 928 3060 Gregorius,
959 3000 1012 3045 et
1054 3006 1121 3046 ex
1151 3006 1215 3046 eo
1237 2992 1403 3046 etiam
1431 2990 1686 3045 Rabanus
1716 2987 1771 3043 in

201 3069 369 3107 acum
410 3073 549 3107 IllnC.

201 3069 369 3110 ocum
393 3069 549 3110 nunc.

267 3136 287 3160 ε
337 3125 469 3179 Vide
509 3126 564 3179 S.
615 3126 862 3200 Gregorii
905 3130 1201 3201 Epistolam
1242 3131 1311 3185 ad
1358 3129 1415 3185 S.
1469 3127 1775 3187 Leandrum
1804 3119 1848 3181 C

1869 1913 2030 1983 primi
2054 1929 2066 1965 :
2097 1911 2367 1982 quamvis,
2397 1917 2452 1964 et
2478 1909 2646 1963 multo
2675 1905 2870 1976 smpius
2892 1904 3188 1974 contingat,
3213 1908 3268 1955 et
3285 1899 3457 1954 multo

1871 2002 2079 2059 dulcius
2122 2001 2390 2066 audiatur,
2419 1999 2562 2054 bona
2605 2013 2704 2068 per
2744 1997 2909 2060 bona,
2957 2002 3013 2049 et
3055 1992 3195 2046 mala
3233 1990 3454 2061 ﬁgurari

1871 2111 1968 2165 per
1996 2094 2157 2147 mala.
2205 2091 2357 2146 Sicut
2398 2098 2577 2144 autem
2618 2088 2671 2141 in
2700 2087 2909 2157 pictura
2960 2084 3251 2153 parietum,
3282 2095 3455 2149 neque

1871 2188 2160 2241 obscurum
2191 2183 2504 2252 Ethiopem
2534 2179 2785 2242 candido,
2815 2189 2989 2246 neque
3011 2173 3226 2230 candidi
3255 2187 3451 2240 corpo-

1877 2274 1974 2339 ris,
2006 2274 2121 2328 sive
2144 2272 2343 2343 capilli,
2373 2271 2642 2326 Saxonem
2673 2277 2791 2323 atro
2821 2268 2975 2322 decet
3003 2263 3183 2319 colore
3214 2261 3451 2332 depingi,

1876 2363 1951 2417 ita
1996 2363 2050 2417 in
2091 2363 2446 2419 retributione
2489 2360 2806 2416 meritorum
2843 2357 2996 2425 juxta
3037 2370 3193 2410 suum
3228 2354 3457 2423 quisque

1876 2470 2008 2525 opus
2035 2454 2281 2524 recipiet,
2312 2467 2377 2506 ac
2403 2451 2577 2522 qualis
2599 2449 2703 2504 erit
2732 2456 2877 2512 actu,
2909 2447 3032 2500 talis
3060 2445 3220 2499 etiam
3248 2443 3458 2512 parebit

1875 2544 1929 2597 in
1959 2542 2204 2612 judicio;
2237 2556 2413 2610 neque
2447 2539 2666 2593 omnino
2712 2538 2778 2592 ad
2823 2552 2937 2591 rem
2982 2535 3110 2604 quid
3142 2534 3368 2603 quisque
3396 2532 3459 2585 ﬁ-

1875 2636 2102 2705 gurarit,
2137 2635 2230 2690 sed
2259 2633 2388 2702 quid
2412 2633 2584 2702 egerit
2611 2629 2923 2700 pertinebit.

1879 2855 2227 2923 praepositam
2276 2850 2603 2923 expositioni
2651 2849 2772 2904 libri
2811 2846 2912 2923 {ob
2962 2845 3117 2923 [_ca.p.
3147 2847 3221 2923 ᾖ.
3253 2844 3462 2923 44_]_ct

1879 2914 2096 2992 captiti
2152 2923 2275 2977 libri
2301 2914 2362 2975 iv'
2383 2917 2623 2992 ejusdem
2673 2914 3025 2992 expositionis
3051 2914 3262 2992 i'n_Job.
3308 2914 3458 2992 Adde

1878 2983 1999 3116 Elii-11?.
2009 2994 2281 3116 geirtceps
2319 2992 2384 3045 de
2414 2983 2678 3044 Betsabee
2703 2983 2771 3042 ex
2798 2986 3059 3055 Gregorio
3083 2984 3272 3056 Magno
3300 2983 3462 3038 tradit

1943 3079 2007 3116 au
2050 3079 2152 3116 ius.

1943 3079 2152 3118 ‘JUOIIIB.

196 3256 3430 3287 “MM-ﬂ

1214 3357 1614 3419 INCIPIUNT
1659 3354 2048 3416 CAPITULA
2099 3353 2309 3411 LIBRI
2356 3351 2432 3409 II.

255 3574 330 3621 De
356 3575 850 3646 eo,_qu'od‘scriptum
877 3583 972 3634 est,
1001 3575 1131 3646 quod
1159 3582 1268 3646 post
1308 3575 1662 3646 morte_m_§a_ul
1685 3588 1774 3625 ve-

185 3642 377 3683 nerunt
406 3633 494 3683 viri
515 3633 749 3697 Juda,_§t
786 3633 1036 3684 unxerunt
1078 3633 1229 3697 David
1254 3649 1427 3697 regem
1457 3640 1506 3686 in
1527 3636 1730 3684 Hebron
1758 3671 1772 3693 ,

187 3703 244 3744 et
270 3697 337 3743 de
364 3697 531 3744 Abner
554 3694 650 3757 [illo
669 3694 770 3757 Ner
792 3697 876 3757 qui
901 3697 1156 3746 constituit
1172 3694 1438 3748 Hisboseth
1481 3697 1634 3748 tilium
1661 3697 1776 3748 Saul

190 3769 371 3816 regem
392 3768 539 3816 super
562 3755 735 3805 Israel.

312 3829 340 3866 e
367 3816 476 3866 lilii:
497 3817 684 3866 nemon
711 3817 978 3868 Berotbitaa
1005 3854 1020 3878 ,
1061 3819 1146 3880 qui
1191 3818 1554 3870 interfecerunt
1596 3818 1778 3868 Hisbo-

189 3879 338 4000 sibi
363 3937 507 4000 laude
537 3937 732 4000 David,
780 3939 864 4000 qui
905 3940 1224 4000 congregavit
1271 3941 1471 4000 triginta
1518 3937 1680 4000 millia_
1707 3951 1770 3987 ex

191 3975 577 4061 ριεῖἓῖεῖῐζῖἔειῖ
585 3975 1151 4061 Ῐιί“ὲᾶιιὲ¹εἲ“ειί’ἶ“αῗὶέ”ῗιῖ
1163 3975 1771 4061 ὗὲί,’ἶὶ⁵ᾴιῖὲ“ιη3ὶί’ὲ’ῑ)ἆιῖ

256 4057 861 4122 Agnmonitio'David,_ubi
905 4060 1207 4122 instruitura
1249 4057 1482 4122 pr0pbeta
1507 4098 1520 4120 ,
1565 4071 1628 4108 ne
1667 4063 1772 4120 Ipse

192 4119 464 4241 ﬁdiﬁcarejt
487 4121 716 4182 templum
740 4119 936 4170 Domini
963 4157 977 4178 ,
1017 4119 1106 4170 sed
1130 4119 1262 4170 ﬁlius
1281 4119 1407 4183 ejus,
1436 4129 1488 4172 et
1510 4119 1635 4171 actio
1661 4119 1775 4182 gra-

239 4193 377 4228 arum
405 4194 428 4228 e
454 4194 525 4228 us.

194 4240 547 4351 Ιήιξὶΐευέυυιὶὶδ
568 4242 739 4303 David,
772 4255 896 4306 quos
920 4243 1046 4294 misit
1070 4243 1126 4292 ad
1151 4242 1322 4294 Annon
1363 4255 1539 4306 regem
1579 4242 1779 4292 Ammo-

1945 3572 2020 3635 ρο
2040 3577 2239 3635 peccato
2260 3571 2414 3623 David
2437 3573 2484 3635 in
2497 3570 2773 3635 Bersabea,
2800 3577 2853 3620 et
2875 3577 3032 3635 morte
3061 3571 3222 3635 Lirim;

1944 3632 2250 3683 Ubi'Natban
2271 3635 2405 3682 venit
2426 3633 2482 3682 ad
2497 3633 2669 3694 David,
2686 3639 2738 3681 et
2754 3634 3000 3694 proposuit
3021 3635 3067 3682 ei
3089 3632 3456 3684 similitudinem

1879 3695 1942 3745 de
1965 3694 2116 3744 divite
2134 3701 2186 3744 et
2207 3706 2444 3754 paupere.

1949 3755 2021 3818 De
2045 3754 2156 3818 ruga
2181 3753 2335 3818 David
2357 3760 2556 3818 propter
2580 3753 2788 3818 Absalon
2813 3791 2845 3818 ,_
2867 3753 3057 3813 quando
3095 3754 3233 3803 nudis
3256 3755 3462 3817 pedibus

1881 3815 2119 3865 incedens
2142 3816 2341 3877 reliquit
2357 3816 2602 3877 civitatem
2619 3815 2948 3865 Hierusalem.

1943 3877 2020 3948 De
2045 3877 2210 3948 praelia
2227 3876 2439 3948 Absalon
2458 3913 2473 3937 ,
2502 3881 2554 3948 et
2580 3879 2916 3948 percussione,
2937 3883 3085 3938 atque
3108 3881 3265 3926 morte
3291 3877 3415 3938 ejus.

1949 3935 2021 3985 De
2047 3935 2235 3985 Psalmo
2257 3935 2469 3997 septimo
2487 3935 2695 3986 decimo.

1943 3997 2017 4046 De
2043 3998 2236 4046 nomine
2260 3995 2453 4045 fortium
2477 3997 2651 4046 David.

1944 4058 2021 4108 De
2060 4059 2228 4119 pretio
2263 4057 2412 4106 David
2451 4065 2624 4119 contra
2681 4056 3015 4119 Philisthaeos,
3056 4056 3244 4115 quando
3281 4059 3457 4107 sitiens

1886 4117 2469 4182 aquam‘Bethlemiticam
2488 4117 2802 4182 desideravit.

1953 4182 2026 4230 De
2053 4187 2255 4241 peccato
2275 4177 2421 4229 David
2445 4216 2458 4239 ,
2505 4177 2701 4239 quando
2745 4177 2970 4239 pOpulum
3015 4179 3317 4227 numerando
3340 4189 3460 4242 pec.

1885 4245 2025 4292 cavit.

311 4451 342 4482 ο
1255 4433 1548 4496 INCIPIT
1593 4433 2022 4496 PREFATIO
2063 4432 2274 4493 LIBRI
2319 4431 2399 4491 II.

269 4591 294 4618 ει
329 4594 346 4627 ι
377 4573 767 4633 Promissiones
788 4575 906 4642 Dei,
930 4590 1050 4644 qua:
1071 4575 1224 4630 factae
1245 4583 1368 4630 sunt
1389 4575 1456 4630 ad
1480 4574 1774 4638 Abraham,
1803 4578 1856 4637 D
1881 4583 2043 4644 atque
2074 4572 2196 4628 inde
2242 4571 2536 4627 secundum
2579 4571 2753 4626 sancti
2795 4570 3077 4626 Hieremiae
3103 4572 3458 4642 prophetiam,

193 4669 354 4738 cujus
385 4665 599 4730 semini,
622 4673 676 4721 et
704 4673 918 4736 gentem
946 4665 1296 4722 Israeliticam
1329 4667 1622 4722 secundum
1663 4681 1786 4720 car-

195 4773 350 4822 nem,
371 4765 428 4810 et
456 4771 645 4838 omnes
685 4765 870 4831 gentes
899 4758 1080 4813 deberi
1127 4760 1420 4814 secundum
1465 4759 1643 4823 ﬁdem,
1674 4758 1785 4813 Deo

193 4847 488 4918 pollicente
537 4847 857 4912 didicimus;
898 4850 1348 4917 quemadmodum
1395 4849 1784 4919 compleantur,

193 4953 300 5007 per
325 4936 572 4990 ordinem
615 4945 915 5007 temporum
942 4953 1268 5007 procurrens
1308 4939 1402 4994 Dei
1434 4941 1622 4994 civitas
1649 4939 1786 4993 indi-

195 5025 367 5080 cavit.
396 5024 660 5091 Quoniam
687 5041 815 5096 ergo
837 5026 1128 5096 superioris
1143 5026 1262 5081 libri
1286 5042 1452 5096 usque
1472 5027 1538 5082 ad
1560 5041 1784 5096 regnum

198 5116 377 5171 David
407 5115 582 5171 factus
613 5125 697 5172 est
741 5117 882 5182 ﬁnis,
917 5133 1057 5173 nunc
1095 5119 1164 5172 ab
1193 5118 1380 5172 eodem
1409 5132 1594 5188 regno,
1621 5132 1786 5186 quan-

199 5218 255 5265 to
287 5216 542 5278 suscepto
570 5209 720 5279 operi
753 5207 999 5265 sufﬁcere
1023 5209 1257 5273 videtur,
1289 5216 1502 5272 caetera,
1550 5223 1670 5277 quae
1697 5222 1784 5262 se-

199 5306 464 5368 quuntur,
517 5299 853 5369 attingimus.
906 5298 1021 5354 Hoc
1074 5299 1254 5367 itaque
1299 5306 1526 5367 tempus,
1577 5311 1640 5352 ex
1681 5311 1789 5366 quo

202 5398 432 5445 sanctus
473 5388 691 5444 Samuel
738 5391 1060 5460 prophetare
1086 5390 1266 5459 coepit,
1313 5397 1367 5443 et
1395 5389 1667 5457 deinceps,
1699 5388 1792 5442 do-

204 5496 306 5537 nec
336 5480 565 5551 populus
588 5480 749 5534 Israel
774 5482 1016 5552 captivus
1039 5485 1093 5538 in
1115 5479 1456 5552 Babyloniam
1480 5478 1788 5541 duceretur,

281 5628 306 5656 ι
337 5614 593 5669 Prmfatio
623 5615 736 5670 haec
757 5623 869 5669 tota
893 5615 1171 5682 desumpta
1196 5620 1275 5666 est
1300 5627 1365 5682 ex
1391 5609 1637 5682 capitulis
1674 5609 1723 5669 l,
1748 5608 1791 5682 2

212 5695 267 5744 et
314 5687 348 5740 5
394 5686 515 5739 libri
548 5701 656 5738 xvn
687 5685 748 5740 dc
800 5683 1046 5748 (licitam,
1086 5679 1401 5745 nonnullis,
1459 5679 1552 5733 sed
1604 5679 1791 5747 paucis

1890 4664 2024 4737 (Jer.
2065 4678 2192 4727 xxv,
2229 4660 2315 4734 li)
2344 4670 2465 4731 post
2486 4661 2827 4732 septuaginta
2849 4677 3018 4717 annos
3041 4663 3274 4719 reversis
3294 4663 3462 4720 Israc-

1888 4758 2019 4823 Iitis,
2045 4755 2138 4810 Dei
2170 4755 2360 4809 domus
2390 4754 2802 4819 instauraretur,
2831 4761 2998 4808 totum
3043 4763 3125 4809 est
3161 4753 3460 4824 Propheta-

1891 4863 2011 4901 rum
2050 4855 2280 4916 tempus.
2313 4843 2571 4910 Quamvis
2611 4844 2756 4897 enim
2796 4852 2851 4898 et
2889 4844 3061 4912 ipsum
3089 4843 3202 4900 Noe
3225 4844 3465 4900 Patriar-

1892 4938 2073 5001 cham,
2106 4936 2158 4988 in
2187 4933 2341 5002 cujus
2384 4933 2569 4988 diebus
2617 4932 2864 4987 universa
2894 4932 3093 4987 diluvio
3120 4943 3264 4988 terra
3291 4935 3465 4991 deleta

1892 5034 1998 5092 est,
2028 5033 2081 5080 et
2121 5025 2252 5079 alios
2282 5038 2463 5092 supra,
2491 5030 2548 5077 et
2591 5020 2730 5076 infra
2777 5035 2947 5091 usque
2990 5023 3058 5077 ad
3104 5023 3206 5078 hoc
3234 5031 3463 5092 tempus,

1888 5133 1994 5187 quo
2021 5132 2174 5187 reges
2201 5117 2254 5170 in
2283 5116 2477 5185 populo
2506 5115 2601 5169 Dei
2625 5128 2743 5170 esse
2763 5122 3062 5185 cmperunt,
3084 5123 3301 5183 propter
3321 5131 3465 5183 qua:-

1891 5208 2012 5261 dam
2039 5221 2135 5275 per
2161 5219 2256 5259 eos
2285 5204 2487 5269 futura,
2517 5204 2631 5258 sive
2677 5216 2782 5272 quo
2825 5201 3092 5270 quomodo
3134 5201 3460 5270 signiﬁcata,

1892 5295 2004 5348 sive
2025 5293 2302 5362 praedicta,
2329 5307 2448 5362 quae
2473 5291 2807 5361 pertinerent
2833 5289 2898 5355 ad
2928 5288 3203 5344 civitatem
3230 5288 3347 5354 Dei,
3381 5307 3465 5344 re-

1893 5395 2163 5452 gnumque
2190 5380 2470 5445 caelorum,
2502 5395 2609 5434 non
2654 5377 2923 5433 immerito
2970 5391 3251 5446 possumus
3279 5377 3462 5447 appel-

1895 5475 2005 5528 lare
2031 5471 2319 5542 prophetas
2347 5488 2361 5537 ;
2390 5469 2687 5539 praesertim
2713 5467 2841 5538 quia
2871 5468 3154 5523 nonnullos
3197 5483 3383 5523 eorum
3410 5469 3466 5524 id

1897 5604 2144 5674 demptis.
2195 5603 2342 5658 Hanc
2389 5604 2566 5671 itaque
2613 5599 2985 5674 praefationem
3035 5615 3155 5654 cum
3215 5603 3296 5667 iis,
3346 5619 3465 5673 quae

1901 5669 2035 5741 dixi,
2061 5674 2347 5742 capitibus,
2377 5669 2670 5741 coniparét,
2703 5672 2950 5732 obsecro,
2974 5669 3160 5724 lector.
