3912 6328
440 346 539 405 69l

1507 353 1782 412 CLAUDII
1823 354 2284 413 TAURINENSI-S
2323 356 2639 415 EPISCOPI‘

3618 358 3726 413 69%

433 462 747 536 expressius
804 461 1034 535 legimus
1087 472 1427 535 nuncupatos
1458 506 1472 531 ,
1528 467 1671 521 sicut
1723 466 2019 525 Abraham,
2050 468 2102 527 Α
2129 480 2188 517 ra
2235 464 2519 532 Chanaan,
2559 468 2658 523 sub
2698 478 2718 505 ο
2768 467 2982 537 regibus
3033 479 3216 521 semen
3264 466 3505 522 Abrahae
3550 466 3729 523 fuerat

433 552 586 627 (Cen.
612 571 703 623 xx,
723 554 776 628 7)
800 554 940 611 sicut
962 553 1201 627 Moysen,
1229 554 1503 623 (Deutero.
1529 572 1714 621 xxxrv,
1739 554 1826 627 10)
1848 565 2025 611 tamen

428 647 546 701 dies
594 646 993 716 Prophetarum
1043 646 1338 716 praecipue,
1392 647 1737 722 maximeque
1788 646 1843 700 bi
1896 647 2006 702 dict

425 746 575 801 sunt,
604 749 670 789 ex
700 748 809 806 quo
830 735 995 805 cmpit
1014 734 1339 806 prophetare
1364 734 1605 801 Samuel,
1626 736 1718 806 qui
1745 744 1801 793 et.
1825 734 1876 807 (I
1896 734 2022 805 Reg.

422 840 483 889 κ,
521 824 569 898 l)
602 823 821 880 Saulem
846 826 1022 896 prius,
1056 833 1111 888 et
1138 840 1202 880 eo
1226 824 1536 895 reprobate,
1562 826 1610 897 (1
1639 826 1765 897 Reg.
1795 842 1906 892 xvi,
1936 827 2023 899 l5)

423 913 604 982 ipsum
636 913 824 978 David,
873 911 987 969 Deo
1033 913 1383 986 przecipicnte
1422 916 1581 970 unxit
1626 916 1679 970 in
1727 929 1927 986 regem,
1960 915 2027 971 de

423 1001 583 1072 cujus
609 1004 781 1075 stirpe
811 1003 997 1061 caeteri
1036 1003 1413 1070 succederent,
1444 1020 1727 1075 quousque
1757 1005 1879 1061 illos
1906 1020 2027 1060 suc-

400 1094 620 1171 ‘cedcre
649 1094 729 1151 sic
771 1103 1068 1166 oporteret.
1119 1094 1251 1165 Quae
1286 1096 1449 1169 igitur
1492 1112 1523 1150 a
1570 1095 1856 1165 Prophetis
1898 1102 2029 1152 sunt

422 1184 681 1254 praedicta
712 1184 780 1240 de
823 1183 1065 1251 Christo,
1112 1200 1245 1241 cum
1284 1185 1568 1240 moriendo
1612 1183 2025 1250 decedentibus,

427 1285 485 1330 et
532 1276 807 1333 nascendo
853 1276 1278 1338 succedentibus
1330 1277 1445 1331 suis
1496 1276 1775 1341 membris,
1834 1277 2026 1334 civitas

427 1366 549 1434 Dei,
582 1382 679 1437 per
700 1367 805 1429 ista
832 1376 1079 1429 curreret
1111 1376 1376 1438 tempora,
1412 1368 1460 1421 si
1487 1368 1668 1421 omnia
1698 1367 1855 1421 velim
1884 1382 2028 1423 com-

425 1473 755 1526 memorare,
804 1459 861 1514 in
904 1459 1233 1523 immensum
1282 1458 1543 1532 pergitur.
1594 1458 1857 1523 Primum,
1897 1460 2031 1529 quia

423 1552 546 1622 ipsa
576 1550 881 1625 Scriptura,
912 1567 1034 1625 quae
1072 1568 1172 1626 per
1216 1554 1463 1621 ordinem
1512 1568 1689 1624 reges,
1728 1569 2025 1626 eorumque

423 1644 591 1713 facta,
621 1654 679 1703 et
708 1654 903 1701 eventa
924 1646 1201 1717 digerens,
1239 1646 1455 1707 videtur
1482 1635 1737 1717 tanquam
1764 1648 2024 1709 historica

424 1734 705 1807 diligentia
746 1736 911 1794 rebus
959 1736 1130 1811 gestis
1174 1744 1439 1806 occupata
1484 1752 1606 1794 esse
1634 1738 1945 1805 narrandis,
1978 1740 2024 1795 si

2130 555 2508 621 constitutum,
2539 567 2600 613 ut
2641 558 2777 614 nihil
2820 560 2941 614 inde
2991 568 3321 633 superesset,
3370 574 3482 629 quo
3510 570 3728 615 terrena

2130 644 2218 699 illa
2246 646 2342 704 Dei
2363 647 2651 716 promissio
2682 664 2788 703 non
2814 638 3195 718 compleretui",
3224 650 3328 703 nisi
3357 658 3418 702 ut
3448 650 3501 704 in
3536 649 3725 703 eadem

2130 742 2297 802 terra,
2323 746 2586 806 quantum
2609 739 2675 792 ad
2698 740 3109 808 prosperitatem
3128 739 3318 794 attinet
3343 738 3725 810 temporalem,

2126 826 2506 896 prosperitatis
2559 830 2904 884 successione
2956 829 3280 884 inconcusso
3331 838 3504 893 statu,
3554 844 3728 897 usque

2128 918 2195 973 ad
2216 919 2462 977 mortalis
2490 919 2655 989 hujus
2691 920 2869 975 saeculi
2900 920 3189 976 terminum
3217 936 3348 992 gens
3378 928 3732 990 permaneret

2129 1008 2365 1075 behrzea,
2413 1008 2459 1065 si
2508 1008 2721 1064 Domini
2772 1010 2867 1066 Dei
2916 1010 2999 1064 sui
3036 1009 3247 1080 legibus
3292 1010 3569 1065 obediret.
3624 1010 3730 1065 Sed

2128 1101 2384 1169 quoniam
2412 1099 2554 1155 Deus
2582 1109 2805 1157 noverat
2834 1102 2936 1157 hoc
2969 1115 3087 1155 eam
3124 1117 3233 1157 non
3262 1118 3398 1157 esse
3429 1100 3729 1167 facturam,

2128 1204 2258 1243 usus
2311 1197 2394 1244 est
2429 1189 2594 1244 etiam
2627 1190 3016 1259 temporalibus
3064 1191 3243 1261 poenis
3290 1190 3358 1244 ad
3390 1192 3732 1247 exercendus

2127 1279 2180 1334 in
2211 1296 2271 1335 ea
2295 1296 2499 1351 paucos
2524 1280 2708 1337 ﬁdeles
2734 1297 2882 1347 suos,
2910 1290 2964 1336 et
3000 1283 3389 1347 ammonendos
3414 1283 3512 1352 qui
3539 1292 3733 1352 postea

2127 1371 2295 1428 futuri
2327 1382 2487 1427 erant
2512 1373 2567 1427 in
2604 1373 2857 1429 omnibus
2885 1372 3161 1445 gentibus,
3204 1374 3348 1443 quod
3387 1389 3483 1428 eos
3524 1387 3738 1428 ammo-

2127 1463 2243 1521 neri
2266 1463 2567 1533 oportebat.
2598 1463 2656 1517 In
2689 1464 2884 1534 quibus
2929 1463 3156 1518 alteram
3192 1464 3620 1533 promissionem
3650 1478 3735 1518 re-

2125 1556 2302 1611 velato
2324 1570 2464 1611 novo
2501 1563 2853 1622 testamento,
2896 1571 2994 1626 per
3032 1556 3466 1621 lnearnationem
3514 1554 3736 1615 Christi

2126 1645 2303 1702 fuerat
2330 1645 2667 1719 impleturus.
2696 1645 2814 1715 Quo
2838 1646 2983 1701 circa
3006 1646 3148 1705 sicut
3169 1646 3394 1705 oracula
3417 1646 3507 1699 illa
3532 1646 3737 1699 divina

2126 1738 2195 1795 ad
2216 1738 2510 1802 Abraham,
2536 1737 2709 1803 Isaac,
2741 1746 2797 1793 et
2829 1736 3019 1803 Iacob,
3045 1744 3101 1791 et
3125 1751 3481 1807 qumcumque
3525 1737 3642 1790 alia
3670 1737 3738 1791 si-

428 1827 719 1899 adjuvante
754 1828 850 1883 Dei
888 1826 1094 1899 Spiritu
1119 1828 1462 1889 considerata
1491 1838 1775 1896 tractetur,
1806 1830 1892 1888 vel
1916 1847 2027 1886 ma-
2053 1831 2100 1890 B
2128 1845 2251 1901 gna,
2286 1829 2371 1884 vel
2399 1829 2541 1884 dicta
2565 1828 2881 1899 prophetica
2900 1828 2955 1881 in
2991 1828 3162 1883 sacris
3187 1826 3380 1885 litteris
3407 1827 3736 1896 praeceden-

425 1920 530 1992 gis,
553 1919 636 1976 vel
658 1928 807 1979 certe
826 1936 935 1976 non
962 1920 1144 1976 minus
1163 1922 1590 1991 prmnuntiandis
1617 1922 1835 1989 futuris,
1858 1940 2021 1994 quam

428 2012 726 2084 praeteritis
771 2012 1124 2069 enuntiandis
1173 2013 1479 2078 invenietur
1526 2013 1778 2091 intenta:
1828 2023 1884 2070 ct
1922 2016 2023 2072 hoc

423 2105 820 2176 perscrutando
880 2104 1167 2176 indagare,
1224 2120 1285 2160 ac
1342 2104 1641 2162 diil‘erendo
1694 2114 2021 2176 monstrare,

425 2211 591 2266 qnam
620 2196 693 2251 sit
716 2209 1034 2266 operosum,
1063 2203 1227 2266 atque
1251 2195 1548 2264 prolixum,
1571 2204 1625 2251 et
1647 2210 1810 2266 quam
1840 2197 2022 2251 multis

425 2289 709 2359 indignum
761 2286 1127 2342 voluminibus
1170 2287 1294 2356 quis
1352 2287 1584 2357 ignorat,
1631 2287 1725 2355 qui
1775 2286 1893 2349 haec
1940 2286 2025 2340 vel

428 2379 780 2434 mediocriter
805 2376 1053 2447 cogitat?
1098 2375 1301 2431 Deinde
1332 2375 1460 2444 quia
1509 2390 1574 2430 ea
1620 2376 1761 2445 ipsa,
1808 2391 1928 2449 qua
1956 2377 2023 2431 ad

428 2452 770 2539 prophetiam
802 2482 914 2523 non
947 2466 1242 2537 ambigitur
1266 2466 1567 2535 pertinere,
1596 2467 1671 2520 ita
1699 2477 1827 2521 sunt
1854 2469 2023 2526 multa

427 2563 496 2614 de
525 2557 765 2624 Christo,
794 2571 1072 2628 regnoque
1110 2555 1391 2623 cmlormn,
1424 2571 1544 2626 quae
1572 2557 1765 2614 civitas
1792 2559 1887 2619 Dei
1916 2570 2022 2625 est,

427 2656 487 2702 ut
525 2648 591 2701 aJ
641 2648 746 2704 hoc
795 2649 1146 2717 aperiendum
1180 2646 1354 2718 major
1390 2650 1464 2705 sit
1503 2650 1799 2719 disputatio
1836 2667 2024 2710 neces-

430 2740 597 2804 saria,
629 2754 792 2809 quam
822 2739 983 2811 hujus
1007 2740 1189 2810 operis
1222 2741 1414 2796 modus
1439 2738 1664 2812 ﬂagitat.
1695 2740 1925 2797 Proinde
1948 2744 2022 2797 ita

427 2830 473 2885 si
504 2839 752 2900 potuero,
788 2828 930 2901 stylo
962 2830 1286 2884 moderabor
1330 2844 1473 2895 meo,
1520 2838 1581 2884 ut
1621 2831 1749 2885 huic
1784 2831 1937 2901 operi
1965 2831 2020 2885 in

432 2921 529 2976 Dei
572 2921 854 2977 voluntate
899 2922 1227 2992 peragendo,
1275 2936 1375 2976 nec
1420 2936 1507 2989 ea,
1556 2936 1676 2991 quae
1725 2922 2021 2993 supersint,

431 3012 626 3074 dicam,
661 3024 763 3065 nec
788 3024 876 3077 ea,
898 3026 1019 3081 quae
1048 3010 1180 3067 satis
1209 3020 1355 3076 sunt,
1383 3012 1797 3081 praetermittam
1824 3024 1876 3065 ι.

506 3103 637 3158 Erat
671 3118 801 3175 ergo
821 3102 936 3172 jam
961 3104 1016 3157 in
1061 3111 1206 3158 terra
1233 3104 1606 3173 promissionis
1635 3120 1821 3159 semen
1848 3102 2021 3157 Abra-

2126 1922 2273 1978 tibus
2298 1920 2441 1977 facta
2490 1932 2640 1987 sunt,
2679 1921 2750 1977 ita
2786 1920 2951 1976 etiam
2992 1929 3206 1976 exterae
3250 1921 3317 1976 ab
3361 1921 3464 1975 isto
3513 1920 3738 1990 Regum

2127 2024 2369 2086 tempore
2398 2015 2696 2086 prophetiae
2722 2012 2921 2083 partim
2950 2014 3228 2083 pertinent
3268 2014 3330 2068 ad
3359 2022 3573 2084 gentem
3604 2027 3738 2066 car-

2126 2107 2211 2164 nis
2248 2105 2497 2169 Abrahae,
2529 2105 2728 2175 partim
2751 2118 2881 2163 vero
2912 2104 2979 2158 ad
3007 2103 3137 2158 illud
3162 2118 3346 2158 semen
3371 2102 3507 2171 ejus,
3531 2102 3593 2156 in
3621 2116 3744 2172 quo

2126 2196 2520 2260 benedicuntur
2548 2210 2741 2255 omnes
2784 2203 2972 2266 gentes
3015 2194 3326 2250 cohmrcdes
3372 2192 3572 2248 Christi
3630 2207 3737 2262 per

2128 2294 2515 2345 testamentum
2548 2299 2773 2349 novum,
2826 2283 2893 2343 ad
2938 2282 3321 2353 possidendam
3349 2283 3515 2336 vitam
3560 2292 3739 2336 mter-

2126 2392 2277 2443 nam,
2306 2390 2637 2446 regnumque
2661 2373 2943 2429 ctelorum.
2972 2372 3177 2427 Partim
3200 2386 3329 2442 ergo
3356 2372 3421 2427 ad
3439 2370 3733 2431 ancillam,

2126 2485 2246 2540 qua:
2287 2469 2339 2527 in
2375 2467 2634 2525 servitute
2672 2473 2917 2538 generat,
2959 2464 3017 2520 id
3036 2471 3120 2522 est
3153 2471 3421 2521 terrenam
3453 2462 3735 2517 Hierusa-

2124 2555 2253 2627 lem,
2280 2575 2402 2629 qua:
2427 2559 2595 2617 servit
2621 2573 2745 2615 eum
2775 2556 2902 2616 (iliis
2930 2556 3065 2621 suis,
3103 2554 3299 2624 partim
3324 2568 3451 2609 vero
3485 2552 3552 2607 ad
3589 2552 3736 2606 libe—

2126 2667 2244 2711 ram
2267 2652 2546 2709 civitatem
2561 2651 2678 2715 Dei,
2709 2650 2765 2705 id
2787 2659 2870 2705 est
2890 2663 3073 2703 veram
3096 2646 3429 2703 Hierusalem
3454 2652 3737 2700 mter-nam

2129 2747 2184 2803 in
2219 2745 2400 2809 ctelis,
2430 2742 2585 2811 cujus
2613 2743 2709 2797 lilii
2746 2742 2997 2797 homines
3021 2738 3316 2795 secundum
3339 2737 3505 2791 Deum
3530 2737 3732 2790 viven-

2129 2848 2210 2897 tes
2238 2836 2657 2908 peregrinantur
2677 2834 2732 2889 in
2759 2832 2954 2897 terris;
2986 2830 3079 2888 sed
3112 2828 3318 2885 suntin
3346 2828 3424 2901 eis
3446 2826 3734 2896 quaedam,

2125 2943 2245 3000 quae
2283 2929 2351 2984 ad
2376 2936 2665 2997 utramque
2706 2925 2984 2996 pertinere
3033 2921 3427 2992 intelliguntur,
3456 2917 3525 2972 ad
3552 2916 3738 2971 ancil-

2124 3022 2233 3077 lam
2261 3020 2501 3092 proprie,
2550 3017 2618 3072 ad
2662 3016 2886 3071 liberam
2927 3013 3174 3084 ﬁgurate.
3210 3009 3503 3080 Tripartita
3533 3008 3737 3077 itaque

2124 3112 2475 3183 reperiuntur
2500 3107 2713 3177 eloquia
2738 3105 3135 3174 Prophetarum
3162 3118 3175 3157 :
3226 3101 3490 3171 siquidem
3535 3098 3737 3169 aliqua

428 3194 531 3253 ιιῑιξ.
574 3194 627 3249 id
648 3203 731 3249 est
758 3194 987 3265 p0pulus
1028 3194 1197 3250 Israel
1240 3196 1535 3251 secundum
1582 3211 1823 3262 carnem,
1866 3204 2028 3266 atque
2056 3195 2100 3258 C
2132 3212 2259 3261 sunt
2284 3204 2353 3259 ad
2378 3212 2650 3258 terrenam
2689 3196 3027 3252 Hierusalem
3077 3192 3397 3263 spectantia,
3447 3189 3630 3259 aliqua
3661 3188 3733 3243 ad

428 3284 504 3340 ibi
552 3299 656 3339 non
688 3284 861 3340 solum
899 3285 928 3325 δ
956 3286 1180 3351 utendo,
1217 3300 1281 3341 ac
1308 3288 1633 3357 possidendo
1656 3289 1903 3343 civitates
1933 3290 2028 3344 ad-

430 3377 1056 3440 versariorumpverum
1086 3378 1249 3431 etiam
1299 3392 1455 3449 reges
1482 3379 1754 3444 habendo,
1797 3395 2026 3451 regnare

422 3466 536 3534 jam
568 3475 830 3538 cmperat,
861 3468 1099 3536 impletis
1126 3468 1191 3522 de
1218 3469 1332 3539 ipso
1356 3470 1554 3539 pepulo
1574 3470 2027 3539 promissionibus

432 3559 528 3614 Dei
548 3556 662 3626 jam
693 3572 887 3628 magna
914 3572 982 3612 ex
1010 3567 1164 3629 parte
1191 3574 1205 3612 :
1239 3573 1344 3613 non
1372 3559 1545 3617 solum
1574 3574 1695 3633 quae
1720 3559 1825 3615 illis
1854 3560 2026 3617 tribus

427 3652 705 3718 Patribus,
735 3650 1034 3719 Abraham,
1071 3652 1242 3717 Isaac,
1283 3661 1337 3708 et
1366 3652 1554 3719 Jacob,
1586 3660 1643 3710 et
1671 3666 2026 3722 quzecumque

429 3741 551 3794 aliae
581 3740 913 3810 temporibus
937 3756 1150 3807 eorum,
1181 3758 1364 3797 verum
1387 3742 1550 3796 etiam
1580 3756 1700 3811 quae
1729 3755 1825 3811 per
1849 3741 2025 3812 ipsum

430 3832 672 3903 Moysen,
698 3848 796 3903 per
821 3849 982 3902 quem
1011 3832 1239 3904 populus
1268 3833 1415 3890 idem
1457 3833 1525 3889 de
1565 3832 1828 3888 servitute
1855 3830 2024 3902 IEgy-

431 3927 546 3998 ptia
573 3934 655 3980 est
688 3926 966 3991 liberatus,
996 3934 1051 3981 et
1092 3941 1191 3995 per
1217 3942 1379 3996 quem
1409 3934 1607 3980 cuncta
1632 3924 1906 3994 praeterita
1937 3938 2025 3979 re-

432 4016 615 4071 velata
639 4023 765 4071 sunt
794 4016 1133 4086 temporibus
1159 4016 1297 4085 ejus,
1346 4032 1467 4071 cum
1491 4014 1748 4086 populum
1787 4028 1883 4083 per
1908 4028 2025 4069 ere-

432 4122 581 4162 mum
611 4108 852 4171 duceret,
882 4105 1037 4161 facta:
1065 4105 1298 4161 fuerant.
1332 4106 1517 4177 Neque
1544 4116 1727 4164 autem
1752 4121 1848 4179 per
1889 4107 2022 4161 insi-

433 4212 595 4267 gnem
621 4197 812 4252 ducem
841 4194 1023 4253 Jesum
1054 4197 1226 4263 Nave,
1258 4213 1357 4267 per
1382 4213 1540 4267 quem
1593 4198 1821 4267 populus
1850 4198 1940 4254 ille
1968 4199 2023 4257 in

430 4287 811 4357 promissionis
860 4288 1114 4343 inductus
1155 4296 1238 4343 est
1294 4297 1535 4353 terram,
1595 4292 2025 4360 expugnatisque

430 4377 700 4449 gentibus,
740 4392 859 4433 eam
900 4377 1185 4433 duodecim
1234 4378 1502 4444 tribubus,
1552 4380 1749 4449 quibus
1785 4380 2024 4450 jusserat

434 4469 600 4535 Deus,
629 4469 810 4523 divisit
839 4479 894 4522 et
920 4477 1167 4523 mortuus
1191 4478 1274 4524 est
1304 4487 1317 4522 :
1364 4484 1538 4538 neque
1576 4478 1697 4539 post
1728 4469 1879 4526 illum
1911 4479 2022 4527 toto

432 4568 679 4629 tempore
717 4558 967 4615 Judicum
996 4560 1215 4629 impleta
1266 4560 1443 4615 fuerat
1487 4561 1775 4629 promissio
1822 4562 1914 4617 Dei
1955 4563 2022 4618 de
2046 4540 2102 4600 D

434 4664 581 4709 terra
615 4650 894 4717 Chanaan,
938 4666 969 4706 a
1015 4652 1247 4721 quodam
1295 4651 1517 4706 ﬂumine
1564 4650 1809 4724 Egyptj,
1852 4668 2022 4723 usque

433 4743 503 4797 ad
531 4741 728 4796 ﬂumen
760 4755 1013 4810 magnum
1039 4732 1318 4796 Eufraten.
1353 4740 1464 4797 Nec
1493 4750 1671 4796 tamen
1701 4742 1874 4797 adhuc
1891 4758 2019 4814 pro-

431 4832 759 4903 phetabatur
800 4829 1062 4897 futurum,
1101 4832 1197 4888 sed
1239 4832 1629 4902 expectabatur
1669 4832 2017 4901 implendum.

434 4920 724 4990 lmpletum
753 4929 836 4976 est
862 4930 1043 4977 autem
1087 4937 1186 4993 per
1215 4922 1386 4978 David
1430 4930 1484 4977 et
1519 4921 1638 4991 ejus
1672 4922 1840 4977 tilium
1871 4923 2025 4980 Salo-

433 5027 695 5068 moncm:
752 5012 907 5082 cujus
958 5029 1182 5084 regnum
1232 5022 1406 5079 tanto,
1456 5023 1659 5084 quanto
1696 5016 2021 5085 promissum

435 5100 617 5157 fuerat
646 5103 841 5173 spatio,
872 5103 1154 5158 dilatatum
1196 5111 1319 5170 est;
1360 5105 1644 5162 universos
1677 5106 1873 5178 quippe
1900 5107 2022 5162 illos

437 5190 813 5262 subdiderunt,
868 5194 1291 5266 tributariosque
1340 5194 1602 5251 fecerunt.
1656 5194 1749 5252 Sic
1793 5212 1922 5267 ergo
1968 5198 2020 5251 in

436 5292 587 5340 terra
607 5270 986 5354 promissionis
1012 5285 1305 5340 secundum
1330 5302 1568 5353 carnem,
1593 5287 1695 5341 hoc
1723 5296 1805 5342 est
1836 5289 1889 5343 in
1914 5298 2022 5344 ter-

509 5480 537 5509 ιι
564 5467 727 5551 Multa
763 5466 852 5523 hic
888 5468 1257 5551 praetermittit
1301 5467 1577 5534 Claudius,
1626 5484 1745 5551 qua;
1792 5470 2023 5551 ad.rem

438 5546 765 5609 praesentem
795 5538 909 5609 non
953 5538 1245 5607 pertinent,
1293 5552 1521 5609 quaeque
1556 5538 1837 5609 aptissime
1879 5539 2025 5592 inse-

441 5607 627 5662 ruerat
654 5607 1011 5681 Augustinus,
1037 5616 1100 5663 ut
1124 5608 1405 5681 superiora
1429 5608 1533 5675 his,
1558 5607 1680 5679 qua:
1703 5610 1887 5665 statim
1907 5622 2027 5678 per-

443 5685 661 5747 tractat,
683 5677 954 5747 jnngeret.

518 5747 544 5785 δ
572 5746 759 5803 Editus
782 5746 799 5801 :'
827 5748 1064 5804 tenendo.

2130 3296 2431 3359 cmlestem,
2458 3289 2715 3347 nonnulla
2746 3288 2813 3354 ad
2833 3294 3140 3355 utramque.
3168 3304 3185 3334 ι

2202 3388 2288 3459 (II
2322 3386 2451 3457 Reg.
2480 3385 2539 3450 2,
2562 3384 2619 3449 ι,
2645 3383 2699 3448 5,
2724 3382 2805 3449 6.)
2834 3380 2964 3435 Post
3008 3387 3239 3432 mortem
3287 3374 3417 3429 Saul
3459 3382 3734 3427 venerunt

2128 3480 2230 3535 viri
2261 3478 2418 3541 Juda,
2444 3485 2498 3531 et
2523 3480 2795 3531 unxerunt
2821 3470 2989 3527 David
3018 3470 3072 3524 in
3101 3468 3340 3532 Hebron,
3369 3474 3429 3520 ut
3472 3474 3731 3536 regnaret

2128 3584 2291 3639 super
2316 3568 2535 3622 domum
2560 3564 2696 3619 Jnda
2724 3582 2735 3616 :
2782 3571 2838 3617 et
2873 3560 3183 3615 nuntiatum
3228 3565 3313 3613 est
3342 3555 3531 3621 David,
3576 3554 3729 3625 quod

2129 3660 2230 3715 viri
2253 3657 2416 3714 labes
2440 3656 2646 3713 Galaad
2679 3653 2997 3723 sepelissent
3023 3648 3193 3713 Sani;
3222 3648 3371 3702 misit
3396 3661 3528 3716 ergo
3549 3645 3728 3700 David

2128 3752 2349 3806 nuntios
2374 3750 2441 3805 ad
2468 3749 2615 3809 viros
2644 3745 2805 3800 Jabes
2832 3742 3057 3806 Galaad,
3082 3739 3325 3809 dixitque
3362 3737 3431 3797 ad
3460 3752 3556 3792 cos
3581 3756 3591 3789 :
3622 3735 3729 3790 Be-

2130 3840 2320 3895 nedicti
2349 3856 2435 3895 vos
2462 3856 2495 3892 α
2526 3837 2773 3901 Domino,
2802 3835 2893 3905 qui
2923 3832 3119 3903 fecistis
3140 3828 3559 3885 misericordiam
3584 3828 3723 3880 hanc

2126 3947 2245 3991 cum
2282 3929 2511 3983 Domino
2539 3928 2647 3981 viro
2682 3924 2836 3989 Saul,
2863 3932 2910 3977 et
2938 3920 3191 3993 sepelistis
3212 3935 3351 3983 eum,
3392 3927 3439 3971 et
3474 3934 3614 3971 nunc
3638 3932 3721 3970 re-

2127 4021 2319 4076 tribuet
2369 4017 2578 4090 quidem
2630 4016 2774 4071 vobis
2827 4011 3267 4076 misericordiam,
3324 4020 3372 4064 et
3429 4009 3719 4063 veritatem.

2134 4131 2151 4164 ι
2182 4112 2208 4151 d
2232 4111 2342 4167 Cur
2364 4125 2492 4181 ergo
2514 4109 2628 4173 isti,
2659 4108 2749 4175 qui
2780 4105 3018 4169 Saulem,
3064 4110 3119 4157 et
3142 4104 3260 4173 ejus
3294 4102 3466 4157 lilium
3497 4100 3724 4169 sepelie-

2128 4211 2274 4267 runt,
2317 4199 2746 4256 miserieordiam
2796 4196 2990 4250 fecisse
3034 4194 3303 4255 dicuntur,
3355 4200 3409 4247 et
3450 4192 3519 4247 ob
3565 4190 3721 4247 hoc:

2126 4310 2253 4366 rege
2281 4294 2369 4364 pio
2396 4290 2805 4353 benedicuntur,
2830 4288 2933 4342 nisi
2956 4287 3083 4355 quia
3104 4284 3242 4340 bene
3268 4282 3577 4337 adiciuntur
3605 4295 3723 4335 eor-

2127 4387 2194 4441 da
2243 4380 2639 4443 miserantium,
2686 4377 2900 4449 quando
2930 4390 2991 4430 ea
3039 4374 3223 4429 dolent
3270 4373 3325 4426 in
3378 4380 3718 4427 mortuorum

2127 4472 2445 4542 corporibus
2476 4468 2682 4531 alienis,
2720 4482 2841 4535 quae
2882 4465 2969 4519 illo
3018 4462 3234 4528 affectu,
3267 4476 3377 4531 quo
3421 4476 3585 4515 nemo
3618 4476 3717 4515 un-

2126 4578 2288 4635 quam
2337 4575 2558 4616 camem
2612 4572 2763 4614 suam
2803 4556 2928 4612 odio
2972 4555 3158 4620 habet,
3213 4552 3405 4607 nolunt
3451 4550 3566 4605 ﬁeri
3596 4558 3719 4619 post

2125 4663 2357 4709 mortem
2392 4666 2547 4707 suam
2585 4648 2904 4719 corporibus
2932 4645 3064 4710 suis,
3095 4651 3149 4698 et
3171 4642 3315 4713 quod
3338 4641 3441 4695 sibi
3470 4640 3714 4695 exhiberi

2125 4745 2328 4808 volunt,
2363 4742 2579 4813 quando
2616 4739 2827 4795 sensuri
2854 4754 2962 4793 non
3006 4743 3149 4801 sunt,
3188 4734 3305 4790 aliis
3334 4750 3441 4789 non
3482 4732 3715 4788 sentien-

2123 4837 2267 4892 tibus
2295 4841 2488 4889 curant
2517 4831 2773 4886 exhibere
2802 4830 2929 4884 dum
2961 4826 3219 4882 sentiunt.
3246 4844 3265 4877 ι

2196 4924 2367 4979 David
2401 4930 2565 4977 uncto
2608 4936 2767 4991 super
2807 4920 3025 4974 domum
3054 4914 3247 4970 ludam
3282 4929 3428 4983 rege,
3462 4912 3539 4983 (2,
3568 4913 3620 4976 8,
3653 4910 3709 4975 9,

2131 5017 2216 5081 I0,
2238 5013 2359 5085 etc.)
2396 5012 2571 5065 Abner
2592 5010 2734 5081 [ilius
2758 5008 2870 5063 Ner
2891 5006 3168 5060 Hisbosetlt
3191 5003 3359 5074 ﬁlium
3382 5000 3516 5057 Saul
3543 5016 3712 5070 regem

2129 5105 2393 5160 constituit
2440 5117 2595 5171 super
2633 5098 2929 5152 universum
2973 5094 3141 5149 Israel
3181 5106 3198 5144 :
3252 5104 3589 5162 egressusque
3634 5096 3712 5141 est

2127 5196 2299 5251 Abner
2325 5192 2467 5263 ﬁlius
2494 5190 2608 5244 Ner
2628 5206 2743 5243 cum
2783 5186 2955 5258 pueris
2992 5183 3267 5240 Hisbosetlt
3297 5181 3362 5235 de
3387 5180 3572 5235 castris
3597 5176 3711 5232 Ga-

2129 5289 2283 5342 baon.
2334 5283 2505 5339 Porro
2547 5281 2683 5337 Joab
2723 5278 2866 5349 ﬁlius
2914 5277 3112 5332 Samia:
3155 5290 3272 5329 cum
3314 5273 3494 5345 pueris
3538 5266 3710 5325 David

2202 5478 2222 5505 ε
2257 5465 2399 5519 Edit.
2430 5468 2615 5531 addit:
2648 5466 2748 5519 his.

2200 5537 2225 5576 ά
2260 5530 2913 5606 Subsequentia'tradidit
2954 5525 3283 5606 Augustinus
3322 5535 3442 5590 cap.
3465 5520 3704 5606 ibunt!-

2134 5606 2193 5660 Η
2224 5606 2347 5659 libri
2378 5595 2605 5662 De'cura
2643 5611 2992 5667 mortuorum,
3028 5595 3259 5653 alias'De
3283 5608 3413 5649 cura
3447 5605 3539 5661 pro
3564 5601 3710 5641 mor-

2135 5677 2238 5730 tuis
2257 5675 2501 5746 gerenda.
