3912 6322
143 348 256 408 693
793 343 1251 415 QUJESTIONES
1293 339 1436 396 XXX
1477 337 1702 400 SUPER
1739 333 1985 391 LIBROS
2025 334 2284 391 REGUM.
2326 366 2398 376 —-
2432 334 2632 390 LIBER
2673 335 2732 390 ll.
3297 332 3404 390 ΒΜ

145 466 341 532 egressi
370 461 433 515 de
464 461 674 515 Hebron
718 463 1102 516 concitaverunt
1140 459 1325 513 bellum
1364 459 1522 528 juxta
1565 458 1722 529 pisci-
1752 451 1803 510 Α
1827 457 1930 514 est,
1968 448 2060 518 qui
2087 449 2308 504 custode
2343 451 2542 503 femina
2587 449 2872 504 hostilibus
2911 446 3100 518 gladiis
3128 447 3362 502 nudatur
3391 466 3402 498 :

144 570 273 623 {tam
294 551 536 618 Gabaon,
563 563 610 607 et
631 552 1032 623 persequebatur
1052 549 1242 605 Asahel
1262 550 1448 603 Abner.
1477 549 1689 602 Locutut

1860 537 2117 594 lisbosetb
2148 539 2343 608 quippe
2373 540 2449 592 vir
2477 539 2797 610 confusionis
2844 537 3059 593 dicitur.
3095 537 3190 592 Vir
3226 545 3405 591 autem

144 661 248 713 que
294 655 366 698 eu
415 645 590 698 Abner
630 645 699 698 ad
738 644 912 707 Αεαει,
952 643 1176 696 dicem:
1221 639 1453 705 Recede;
1493 639 1598 693 ηοίί
1650 657 1729 694 me
1832 628 2159 683 confusionis
2203 629 2406 699 estqui
2443 627 2596 684 fortis
2636 630 2831 685 mentis
2880 628 3123 684 custodia
3170 627 3411 682 munitus

145 732 318 802 sequi,
350 748 411 786 ne
435 731 720 802 compellar
752 731 1029 801 confodere
1068 742 1116 785 te
1145 730 1198 784 in
1237 740 1451 783 terram.
1482 728 1584 796 Qui
1606 747 1690 785 cor

1870 732 1938 772 on
1964 728 2071 782 est,
2119 717 2212 788 qui
2244 718 2371 773 dum
2419 718 2646 774 virtutes
2673 733 2731 773 se
2756 733 2916 790 agere
2942 718 3194 782 mstimat,
3227 715 3414 771 subin-

143 821 353 891 tempsit
375 831 423 875 et
447 821 608 878 noluit
652 821 933 875 declinare.
971 821 1231 876 Percussit
1265 837 1385 891 ergo
1413 837 1530 876 eum
1559 822 1688 876 Abnt

1869 808 2030 862 rantia
2061 809 2188 862 vitia
2224 809 2554 864 nescientem
2587 817 2797 863 necant.
2830 809 2961 864 Tota
3005 809 3188 877 itaque
3215 807 3414 860 virtute

145 926 335 964 auersa
359 911 510 965 hasta
537 913 592 968 in
620 913 853 982 inguine,
876 921 922 965 et
951 913 1230 982 transfodit
1253 930 1391 979 eum,
1425 922 1472 967 ct
1495 922 1690 966 mortus

1868 899 2154 955 luniendns
2182 910 2266 955 est
2293 900 2470 954 aditus
2504 898 2720 963 mentis,
2772 913 2839 952 ne
2881 899 3096 966 quando
3133 913 3252 953 eam
3283 899 3413 952 insi-

147 1012 244 1057 εει,
273 1016 299 1046 ι
332 1022 350 1054 ι
379 1002 544 1072 Cujus
590 1003 750 1059 Asael
796 1011 979 1074 typum
1011 1005 1204 1069 tenuit,
1235 1005 1339 1060 nisi
1368 1018 1557 1060 eorum
1597 1019 1733 1078 quos
1835 990 2044 1045 diantes
2080 991 2262 1046 hostes
2306 997 2590 1061 penetrent
2618 988 2881 1043 foramine
2917 989 3172 1058 neglecta:
3205 990 3413 1059 cogita-

146 1096 498 1152 vebementer
521 1096 788 1167 arripiens
828 1094 980 1151 furor
1005 1097 1059 1151 in
1086 1112 1325 1166 princeps
1353 1097 1534 1152 ducit?
1559 1091 1650 1165 qui
1679 1095 1732 1149 in
1837 1080 2016 1136 ῑῖοηίεο
2055 1101 2071 1131 ³

145 1188 342 1244 eodem
385 1187 583 1246 furoris
624 1189 826 1259 impetu
869 1196 1018 1248 tanto
1057 1198 1212 1244 caute
1259 1187 1560 1244 declinandi
1588 1195 1730 1251 sunt,
1909 1189 2060 1260 (Cap.
2093 1190 2168 1261 6.)
2215 1190 2552 1260 Congregavit
2585 1199 2760 1243 autem
2803 1189 2972 1244 David
3018 1205 3191 1244 omnes
3229 1190 3422 1243 electos.

146 1291 358 1350 quanto
387 1290 442 1338 et
465 1283 654 1337 insane
680 1281 979 1351 rapiuntur.
1012 1280 1162 1336 Unde
1190 1289 1243 1335 et
1271 1280 1474 1343 Abner,
1503 1278 1592 1348 qui
1623 1292 1738 1333 ser-
1837 1294 1899 1332 ex
1937 1277 2103 1331 Israel
2139 1278 2353 1346 triginta
2381 1275 2544 1329 millia
2573 1290 2590 1326 :
2621 1277 2948 1346 surrexitque
2974 1286 3021 1330 et
3051 1277 3200 1341 abiit,
3229 1286 3275 1330 et
3297 1279 3419 1330 uni-

149 1384 316 1424 mone
346 1372 730 1441 nostno~patris
771 1371 984 1426 lucerna
1024 1372 1241 1434 dicitur,
1286 1369 1456 1437 fugit,
1493 1367 1618 1438 quia
1643 1367 1736 1422 do-
1837 1384 2014 1422 versus
2043 1367 2266 1436 populus
2294 1367 2384 1437 qui
2421 1376 2531 1419 erat
2561 1383 2679 1419 cum
2713 1383 2770 1421 eo
2801 1367 2862 1422 de
2891 1369 3012 1422 viris
3038 1368 3205 1433 Juda,
3235 1378 3291 1422 ut
3321 1369 3421 1421 ad-

147 1467 364 1516 ctorum
399 1461 602 1529 lingua,
650 1477 768 1531 quae
817 1476 1109 1531 supernum
1151 1461 1245 1514 Dei
1278 1460 1463 1514 lumen
1513 1457 1734 1519 indicat,
1837 1456 2080 1508 ducerent
2103 1472 2283 1510 arcam
2307 1455 2426 1520 Dei,
2452 1471 2608 1525 super
2629 1472 2785 1526 quam
2813 1457 3105 1511 invocatum
3131 1468 3205 1512 est
3231 1473 3418 1511 nomen

148 1563 278 1604 cum
327 1565 425 1618 per
460 1551 686 1620 abrupta
735 1551 934 1607 furoris
983 1560 1216 1606 mentem
1259 1550 1556 1620 cujuspiam
1606 1548 1735 1604 ferri
1838 1545 2049 1599 Domini
2089 1547 2408 1599 exercituum
2451 1545 2678 1600 sedentis
2703 1546 2757 1600 in
2801 1547 3064 1602 cherubim
3099 1564 3253 1617 super
3276 1564 3413 1602 eam.

146 1640 438 1708 conspicit.
470 1656 701 1710 cumque
725 1650 913 1697 contra
945 1642 1267 1698 irascentem
1297 1642 1598 1697 dissimulat
1619 1656 1738 1696 ver-
1836 1631 1861 1670 ἀ
1891 1631 2250 1703 Congregavit
2299 1635 2466 1689 David
2513 1650 2702 1691 omnes
2740 1635 2937 1692 electos
2986 1654 3053 1692 ex
3110 1638 3272 1694 lsrael
3315 1639 3418 1693 tris

146 1730 348 1787 borum
369 1730 550 1801 jacula
579 1733 824 1799 reddere,
853 1734 1007 1802 quasi
1051 1741 1461 1804 pay-sequentem
1495 1747 1602 1787 ηοη
1625 1732 1737 1785 vult
1764 1777 1810 1835 Β
1837 1724 1983 1793 ginta
2015 1723 2202 1791 millia,
2233 1726 2358 1795 quia
2390 1725 2648 1781 Dominus
2675 1726 2968 1782 Ecclesiam
2995 1730 3319 1798 primitivam
3350 1747 3416 1785 ex

148 1819 336 1887 ferire,
361 1823 457 1878 sed
485 1838 608 1878 eum
652 1825 891 1882 iracundi
919 1825 1062 1879 nulla
1092 1824 1526 1880 consideratione
1550 1838 1607 1877 se
1633 1823 1734 1877 mi-
1764 1816 1810 1835 ”
1838 1816 2000 1871 Israel
2031 1817 2263 1872 instituit
2288 1836 2300 1870 :
2331 1832 2438 1873 non
2465 1819 2682 1888 quidem
2723 1833 2937 1878 omnem
2966 1820 3151 1887 lsrael,
3181 1823 3272 1878 sed
3309 1825 3418 1878 elc-

148 1912 343 1981 tigam,
371 1921 425 1970 et
462 1915 614 1983 quasi
643 1915 801 1969 Αεεει
839 1915 1090 1985 persequi
1131 1925 1186 1970 ει
1216 1915 1453 1969 insanire
1481 1929 1586 1968 non
1616 1927 1733 1967 ces-
1835 1916 1952 1973 ctos
1969 1922 2212 1978 quosque
2232 1907 2331 1963 sibi
2360 1910 2706 1967 consocians:
2729 1909 2851 1964 Non
2871 1913 3009 1965 enim
3029 1916 3328 1983 omnes,qui
3352 1931 3418 1970 ea:

147 2012 298 2069 sant,
328 2018 547 2060 necesse
572 2016 655 2060 cst
676 2016 736 2059 ut
754 2005 810 2060 hi
838 2007 930 2075 qui
955 2005 1193 2061 furentes
1220 2006 1516 2075 reprimere
1541 2019 1734 2059 conan-
1836 1998 2023 2066 Israel,
2041 2000 2079 2052 ii
2111 2009 2230 2053 sunt
2254 1999 2512 2055 lsraelitce
2533 2000 2708 2072 (Rom.
2739 2018 2816 2068 ιν,
2849 2003 2934 2068 ιε,
2958 2013 3008 2058 et
3031 2004 3082 2069 9,
3105 2005 3159 2069 4,
3178 2007 3268 2071 6,’1
3295 2048 3308 2072 ,
3334 2007 3412 2079 8),

148 2101 242 2146 tur
267 2107 604 2162 nequaquam
626 2110 685 2149 se
711 2095 761 2148 in
791 2093 973 2151 furore
993 2096 1220 2167 erigant,
1253 2096 1345 2150 sed
1374 2095 1629 2164 quidquid
1651 2101 1733 2148 est
1835 2089 1923 2144 sed
1950 2088 2050 2158 ﬁlii
2069 2090 2425 2158 promissionis
2446 2089 2761 2158 deputantur
2781 2093 2837 2145 in
2861 2093 3074 2146 semine.
3113 2111 3131 2144 ‹
3182 2093 3284 2160 Qui
3329 2097 3417 2150 tri-

149 2182 565 2252 tranquillitatis
612 2187 935 2250 ostendant,
989 2188 1234 2255 quaedam
1283 2201 1412 2241 vero
1468 2185 1735 2240 subtiliter
1835 2180 1981 2248 ginta
2001 2179 2168 2233 millia
2192 2179 2356 2236 fuisse
2377 2179 2701 2245 referuntur,
2720 2182 2874 2237 idest
2895 2182 3017 2237 ﬁdei
3038 2185 3217 2252 operis
3236 2188 3416 2255 ctspei

147 2271 454 2338 proferant,
489 2273 544 2350 in
591 2274 786 2343 quibus
833 2290 897 2330 ex
955 2276 1175 2345 obliquo
1225 2275 1453 2331 furentis
1496 2278 1733 2331 animum
1839 2270 2094 2327 ﬁrmitate
2123 2271 2348 2342 perfecti
2394 2292 2404 2326 :
2451 2274 2552 2328 tria
2582 2276 2726 2329 enim
2767 2285 2987 2346 propter
3022 2278 3415 2335 confessionem

146 2359 413 2431 pungent.
445 2361 597 2417 Unde
639 2371 693 2418 et
729 2364 912 2418 Abner
948 2379 1069 2419 eum
1111 2373 1298 2418 contra
1327 2371 1735 2434 persequentem
1839 2373 2037 2418 sancta
2065 2364 2343 2420 Trinitatis
2370 2367 2446 2420 ad.
2469 2366 2624 2423 ﬁdem
2655 2369 2926 2437 pertinent
2951 2388 2964 2436 ;
2994 2371 3176 2426 decem
3198 2382 3418 2442 propter

149 2451 422 2516 subsistit,
465 2468 570 2507 non
613 2469 734 2509 eum
773 2463 941 2518 recta,
988 2455 1081 2510 sed
1128 2469 1316 2510 aversa
1363 2454 1516 2508 hasta
1557 2462 1734 2508 trans-
1840 2455 2160 2524 Decalognm
2186 2455 2337 2526 legis,
2366 2457 2432 2511 ad
2477 2473 2682 2528 opera;
2737 2461 2881 2516 mille
2924 2473 3142 2532 propter
3178 2466 3259 2519 sui
3290 2481 3415 2535 per-

151 2541 372 2596 foravit.
411 2543 489 2597 Ex
521 2560 777 2604 mucrone
826 2547 1020 2617 quippe
1068 2554 1368 2616 percutere,
1420 2555 1502 2600 est
1537 2547 1735 2615 impetu
1840 2545 2122 2600 rectionem
2155 2545 2220 2599 ad
2249 2561 2398 2614 spem
2425 2548 2546 2602 vita:
2591 2556 2834 2613 aaternae,
2879 2565 2984 2620 qua
3023 2553 3272 2621 superius
3311 2553 3412 2607 ali-

152 2643 359 2703 aperta
416 2635 799 2706 inerepationis
846 2637 1066 2692 obviare
1110 2657 1120 2690 :
1175 2652 1362 2691 aversa
1411 2651 1539 2690 vero
1582 2637 1736 2691 hasta
1839 2635 1964 2703 quid
1995 2651 2098 2689 non
2131 2644 2233 2700 est,
2265 2636 2404 2691 sicut
2436 2652 2693 2693 numerus
2719 2638 3021 2695 millenario
3047 2639 3216 2709 major
3239 2643 3418 2698 nullus

151 2734 570 2794 persequentem
599 2725 779 2792 ferire,
803 2737 883 2781 est
915 2726 1180 2786 furentem
1214 2727 1495 2796 tranquille
1526 2743 1589 2781 ex
1619 2726 1738 2795 qui-
1839 2735 1939 2781 est.
1976 2727 2042 2781 Et
2078 2729 2123 2781 si
2162 2729 2304 2783 enim
2348 2729 2534 2783 decem
2566 2729 2751 2796 millia,
2797 2732 2842 2786 si
2885 2733 3105 2803 triginta
3134 2734 3319 2802 millia,
3371 2736 3416 2789 si

151 2816 386 2870 busdam
438 2825 659 2888 tangere
690 2827 745 2879 et
781 2820 933 2888 quasi
975 2820 1241 2890 parcendo
1259 2833 1556 2888 .superare._
1578 2816 1737 2871 Asacl
1839 2819 2002 2872 etiam
2030 2819 2176 2873 mille
2203 2819 2368 2874 millia
2406 2819 2637 2884 dixeris,
2689 2837 2792 2878 non
2836 2823 3011 2892 ipsum
3058 2823 3201 2880 mille
3229 2839 3419 2879 nume—

151 2915 338 2962 autem
377 2909 626 2978 protinus
671 2911 959 2976 occubuit,
1017 2911 1140 2980 quia
1189 2919 1468 2969 commota:
1511 2916 1735 2971 mentes,
1842 2908 2010 2964 rando
2040 2910 2403 2974 transcendes,
2435 2911 2528 2966 sed
2579 2912 2660 2966 vel
2706 2927 2805 2982 per
2843 2928 2922 2978 se,
2948 2913 3032 2970 vel
3059 2929 3157 2984 per
3181 2917 3419 2970 minores

150 2999 285 3054 dum
326 3009 380 3054 et
421 3003 568 3071 parci
599 3003 702 3057 sibi
734 3003 995 3067 sentiunt,
1043 3010 1098 3056 et
1136 3011 1312 3057 tamen
1357 3015 1738 3071 responsorum
1842 3015 2094 3056 numeros
2121 3002 2317 3070 saepius
2345 3003 2586 3060 ducendo
2623 3003 2964 3076 multiplices.
3004 3006 3127 3061 Tria
3155 3021 3284 3079 ergo
3321 3023 3418 3078 per

152 3090 371 3145 ratione
391 3091 443 3146 in
473 3093 679 3149 intimis
701 3095 800 3149 sub
829 3093 1217 3162 tranquillitate
1244 3101 1558 3162 tanguntur,
1585 3093 1653 3147 ab
1675 3107 1740 3148 eo
1765 3113 1813 3177 ρ
1843 3091 2026 3145 decem
2064 3091 2380 3160 multiplica,
2406 3107 2474 3148 ne
2506 3092 2639 3148 ﬁdes
2663 3093 2780 3149 sine
2805 3095 3292 3166 operibusmortua
3321 3091 3412 3153 sit.

150 3193 265 3246 quo
300 3194 356 3234 se
375 3190 682 3245 erexerant,
717 3183 900 3238 statim
926 3185 1143 3239 cadunt.
1173 3183 1272 3252 Qui
1302 3197 1432 3254 ergo
1455 3198 1484 3237 a
1512 3183 1738 3239 fervoris
1843 3179 1976 3236 Item
2001 3181 2230 3253 triginta
2259 3198 2358 3253 per
2383 3184 2530 3240 mille
2559 3185 2876 3256 multiplica,
2911 3194 2970 3241 ut
2997 3186 3152 3252 ﬁdes,
3175 3203 3294 3258 quae
3320 3204 3419 3259 per

150 3270 239 3323 sui
266 3271 466 3339 impetu
505 3273 606 3328 sub
644 3274 882 3330 lenitatis
907 3273 1252 3345 percussione
1279 3276 1546 3341 resilient,
1586 3278 1739 3347 quasi
1842 3271 2176 3326 dilectionem
2203 3282 2474 3342 operatur,
2507 3290 2612 3330 non
2643 3275 2769 3334 alibi
2798 3292 2961 3348 quam
2987 3277 3037 3331 in
3069 3278 3222 3333 caelis
3252 3281 3414 3335 retri-

152 3361 277 3415 sine
312 3360 458 3416 ferro
487 3364 812 3420 moriuntur,
847 3387 862 3417 ι
1839 3363 2114 3418 butionem
2151 3373 2348 3434 speret.
2374 3365 2542 3426 Electi
2575 3382 2704 3437 ergo
2732 3383 2798 3422 ex
2818 3354 2992 3424 Israel
3021 3369 3244 3438 populos
3272 3379 3418 3425 recte

227 3450 308 3519 (.5,
342 3450 375 3504 5
419 3461 474 3505 at
513 3451 591 3523 6.)
625 3453 800 3525 Igitur
838 3459 1095 3520 υεπξεηιεσ
1139 3458 1237 3526 ﬁlii
1289 3457 1537 3513 Remmon
1578 3459 1740 3513 Βεγο-
1840 3454 2138 3518 credentes,
2162 3462 2467 3523 operantes,
2491 3465 2771 3524 sperantes
2797 3457 3092 3524 insinuant.
3108 3459 3219 3513 Viri
3240 3469 3416 3522 autem

152 3541 324 3604 (trite,
356 3540 560 3596 Rechab
590 3555 639 3598 et
669 3545 892 3600 Bahana
925 3548 1144 3618 ingressi
1173 3558 1290 3602 sunt
1322 3547 1544 3616 fervente
1570 3550 1653 3602 die
1686 3551 1738 3603 in
1839 3539 1992 3603 Julia,
2027 3543 2117 3611 qui
2146 3552 2303 3599 erant
2329 3559 2450 3604 cum
2486 3544 2674 3612 David,
2704 3546 2848 3615 ipsos
2886 3548 3110 3617 populos
3139 3558 3194 3608 et
3235 3550 3417 3610 ducto-

150 3630 371 3685 domum
403 3629 700 3696 Hisboseth,
730 3637 817 3705 qui
847 3636 1132 3691 damnabat
1156 3651 1311 3707 super
1333 3645 1554 3694 malum
1586 3650 1739 3693 suum
1841 3637 1946 3697 res,
1980 3634 2070 3701 qui
2101 3633 2252 3687 lateri
2294 3633 2494 3689 Christi
2539 3637 2691 3704 quasi
2731 3635 3022 3694 familiares
3050 3639 3417 3702 adltzercbant,

152 3722 396 3776 meridie.
426 3723 657 3795 Ingressi
679 3737 804 3781 sunt
828 3739 1000 3783 autem
1030 3729 1238 3784 domum
1263 3773 1276 3795 ,
1309 3741 1355 3786 et
1404 3734 1619 3787 ostiaria
1643 3733 1697 3788 dc

1875 3722 2097 3785 ldicant,
2131 3738 2238 3791 quo
2267 3733 2496 3793 utroque
2523 3724 2750 3795 stipatus
2796 3727 3062 3791 exercitu,
3093 3727 3303 3782 Domini
3335 3743 3420 3781 ar-

149 3827 273 3864 mus
299 3829 527 3882 purgans
557 3817 786 3870 uilicum
831 3818 1174 3883 obdormivi”
1214 3831 1527 3875 αδεαηιεηιεε
1571 3823 1739 3890 spicas
1842 3825 1961 3862 cam
1983 3811 2269 3874 adducere,
2295 3811 2452 3866 idest
2473 3803 2767 3869 Ecclesiam
2791 3814 3035 3879 dilatare,
3069 3824 3122 3868 et
3149 3816 3202 3870 in
3231 3829 3418 3870 eorum

147 3903 318 3957 tritici
365 3904 583 3960 latenter
624 3909 842 3977 ingressi
873 3919 989 3962 sunt
1030 3919 1078 3961 et
1121 3920 1481 3978 percusserunt
1525 3927 1640 3964 eum
1687 3930 1692 3962 ι

1874 3898 1930 3966 ui
1971 3913 2074 3951 non
2106 3899 2475 3964 crediderunt,
2507 3901 2758 3956 cordibus
2796 3897 3031 3957 inserere
3061 3903 3276 3973 gaudet.
3313 3904 3419 3959 lm-

151 3995 396 4062 inguine.
435 3995 462 4034 ι)
519 4014 536 4045 ι
573 3995 806 4051 Ostiaria
853 3997 1091 4052 triticum
1127 4009 1353 4069 purgat,
1383 4012 1504 4054 cum
1549 4008 1692 4054 ment

1873 3987 2057 4042 onitur
2085 3997 2265 4043 autem
2299 4003 2425 4054 arca
2459 3987 2704 4059 plaustro
2754 4005 2916 4062 novo,
2968 4000 3024 4045 ut
3057 3989 3188 4046 Novi
3229 3991 3418 4050 Testa-

150 4085 403 4138 custodia
451 4085 842 4153 discernendo,
916 4088 1136 4145 virtutes
1188 4105 1217 4143 a
1264 4090 1408 4145 vitiis
1465 4099 1676 4160 separat

1876 4079 2006 4133 lenti
2035 4079 2208 4150 gratia
2241 4078 2510 4133 renovatis
2555 4079 2610 4132 in
2649 4079 2916 4150 baptismo
2947 4081 3214 4134 mentibus
3245 4081 3421 4135 infun-

152 4189 301 4243 qum,
333 4175 379 4228 si
401 4175 754 4232 οιιάοηηίθτίι
775 4179 829 4233 in
858 4188 1088 4235 mortem
1114 4181 1314 4253 proprii
1357 4181 1589 4245 Domini,
1615 4181 1743 4235 insi-
1843 4168 2022 4233 datur,
2050 4169 2339 4239 vinumque
2360 4183 2555 4224 novum
2578 4169 2732 4224 novis
2754 4170 2960 4224 utribus
2991 4171 3418 4226 conservandum

154 4267 399 4322 diatores
441 4269 698 4335 admittit,
731 4271 856 4340 quia
886 4285 1007 4326 cum
1059 4273 1400 4327 discretionis
1443 4273 1699 4327 sollicitud

598 4269 698 4335 ltit,
731 4271 856 4340 quia
886 4285 1007 4326 cum
1059 4273 1400 4327 discretionis
1443 4273 1743 4327 sollicitudo
1843 4258 2143 4313 ιητιηιίοιυν·

155 4361 479 4422 ccssaverit,
507 4355 578 4415 ad
601 4361 1030 4416 interﬁciendum
1068 4363 1304 4417 animum
1352 4362 1606 4434 malignis,
1637 4378 1698 4432 sp

1916 4355 1967 4426 (ι
1994 4354 2116 4426 Reg.
2145 4371 2240 4421 vn,
2268 4357 2315 4420 1,
2339 4366 2385 4409 et
2408 4355 2470 4409 II
2488 4355 2616 4430 Reg.
2641 4357 2807 4432 vni.)
2834 4377 2851 4408 ι
2880 4358 3007 4414 Erat
3029 4358 3242 4428 quidem
3270 4361 3419 4432 prius

156 4451 358 4504 ritibus
388 4451 491 4504 iter
516 4452 732 4521 pandit:
782 4454 874 4521 qui
917 4453 1144 4524 ingressi
1173 4453 1350 4522 spicas
1380 4451 1590 4515 tollunt,
1619 4454 1740 4521 quia
1769 4447 1820 4504 D
1846 4461 1970 4499 arca
2018 4445 2067 4498 in
2104 4447 2261 4500 domo
2287 4445 2608 4512 Aminadab,
2656 4448 2747 4516 qui
2779 4457 2896 4502 erat
2946 4449 2997 4502 iu
3040 4447 3242 4513 Gabaa.
3294 4452 3417 4518 quia

155 4557 289 4596 mox
316 4540 577 4595 bonarum
608 4543 990 4612 cogitationum
1016 4544 1257 4614 germina
1279 4541 1549 4608 auferunt,
1579 4549 1700 4612 atqu

1876 4536 2027 4591 adem
2058 4552 2174 4605 qua:
2217 4551 2359 4590 nunc
2393 4536 2717 4612 praedicatur
2744 4537 2996 4594 Ecclesia:
3027 4537 3175 4604 ﬁdes,
3207 4549 3262 4593 et
3295 4548 3418 4594 ante

155 4631 212 4684 in
251 4631 474 4701 inguine
499 4628 720 4694 feriunt,
750 4627 873 4700 quia
905 4632 1156 4687 virtutem
1184 4633 1365 4688 cordis
1389 4633 1740 4687 delectatione
1840 4625 2228 4680 lllwrllulionis
2257 4625 2548 4682 Dominica‘!
2579 4635 2786 4694 ιεωριιε
2831 4623 3053 4682 ﬂorebat
3099 4627 3151 4680 in
3200 4629 3283 4682 his
3324 4627 3416 4698 qui

155 4724 345 4778 carnis
370 4722 656 4778 occidunt:
692 4723 744 4776 in
775 4724 992 4793 inguine
1016 4724 1210 4794 quippe
1240 4723 1420 4788 ferire,
1459 4732 1542 4778 est
1574 4724 1737 4777 vitam
1840 4719 2268 4786 patriarcharum
2327 4717 2827 4792 prophetarumque
2890 4727 3014 4773 sunt
3078 4718 3414 4776 devotionem

155 4813 362 4868 mentis
418 4811 594 4866 carnis
641 4812 992 4867 delectatione
1048 4812 1342 4882 perforare.
1393 4813 1736 4884 Nequaquam
1842 4810 2029 4865 secuti.
2059 4809 2355 4866 Aminadab
2385 4808 2548 4873 enim,
2580 4809 2671 4878 qui
2701 4809 3084 4882 interpretatur
3110 4821 3259 4881 pater
3274 4828 3417 4866 meus

156 4918 294 4958 vero
330 4901 614 4957 llisboseth
643 4902 742 4957 iste
771 4913 791 4941 ε
821 4911 994 4957 morte
1025 4903 1417 4967 succumberet,
1450 4905 1493 4958 sl
1529 4921 1633 4959 non
1674 4907 1737 4959 ad
1845 4909 2180 4969 spontaneus,
2213 4898 2448 4969 (additur
2485 4899 2560 4971 et)
2606 4899 2687 4954 vel
2723 4899 2994 4958 Abraham
3033 4911 3238 4970 patrem
3271 4903 3414 4966 fidei.

157 4994 465 5065 ingressum
503 4993 716 5057 domus,
763 4995 1063 5058 mulierem,
1107 4995 1157 5049 id
1185 5004 1268 5049 est
1300 4997 1364 5050 ad
1397 4997 1592 5051 mentis
1641 4997 1737 5050 ad-
1848 4991 1941 5062 (et)
1974 4991 2054 5045 vel
2103 4991 2318 5060 Moysen
2356 4990 2715 5060 legislatorem
2750 4993 3105 5063 signiﬁcabat,
3138 4995 3228 5064 qui
3259 5007 3282 5034 ε
3315 4997 3419 5050 uti-

156 5083 300 5137 itnm
353 5081 566 5138 mollem
624 5084 922 5139 custodiam
976 5084 1304 5153 deputasset.
1361 5086 1536 5141 Fortis
1591 5103 1740 5141 nam-
1847 5081 2036 5150 quein
2064 5079 2245 5134 Gabaa
2277 5073 2510 5136 custodit
2547 5095 2746 5148 arcam,
2792 5085 2915 5152 quia
2960 5085 3174 5140 sublimi
3206 5087 3418 5140 virtutis

155 5177 291 5243 que,
323 5173 604 5242 vigilisque
633 5187 824 5228 sensus
845 5173 1077 5244 praeponi
1113 5174 1288 5227 cordis
1331 5173 1536 5230 foribus
1563 5176 1734 5239 debet,
1845 5173 2088 5242 exemplo
2117 5175 2447 5229 credentium
2485 5181 2701 5245 pectora
2736 5177 2926 5231 munit.
2963 5177 3107 5233 Unde
3145 5187 3198 5232 et
3234 5177 3413 5234 Gabaa

156 5275 325 5330 quem
356 5275 456 5314 nec
483 5261 814 5331 negligentize
858 5262 1077 5316 somniis
1121 5262 1410 5330 opprimat,
1461 5279 1560 5320 nec
1588 5265 1738 5336 igno—
1847 5263 1993 5317 collis
2040 5263 2444 5332 interpretatur,
2474 5264 2564 5333 qui
2603 5272 2685 5319 est
2716 5265 2863 5320 locus
2903 5266 2954 5319 in
2987 5267 3201 5322 civitate
3242 5267 3416 5322 Caria-

161 5352 357 5405 rantiae
389 5367 545 5405 error
571 5351 734 5405 fallat.
769 5351 919 5407 Unde
941 5352 1073 5409 bene
1120 5352 1407 5408 llisboseth
1444 5356 1737 5425 appellatus
1847 5356 2081 5410 thiarim.
2113 5355 2263 5409 Elata
2297 5367 2423 5426 ergo
2451 5355 2584 5410 foris
2611 5369 2734 5409 arca
2762 5355 2980 5410 ludebat
3005 5356 3188 5418 David,
3221 5366 3274 5412 ct
3302 5373 3390 5411 om

234 5523 261 5550 ι
290 5510 683 5588 subsequentia
705 5513 994 5588 Gregorius
1023 5511 1440 5588 Magnuscapite
1469 5509 1535 5565 16
1561 5513 1734 5568 tertia
1912 5523 1933 5588 αξ
1962 5512 2150 5588 Editus
2178 5533 2189 5567 :
2219 5516 2316 5588 hac
2351 5529 2528 5571 ntorte.

159 5583 334 5656 partis
361 5580 670 5645 Pastoralis,
702 5580 1061 5639 admonitione
1089 5581 1173 5634 l7.
1251 5580 1257 5588 ’
1398 5650 1427 5656 __
1454 5649 1483 5656 __
1549 5651 1576 5656 _
1911 5580 2349 5656 d__Subsequentia
2372 5589 2546 5656 reperi
2567 5589 2731 5644 etiam
2753 5590 2806 5644 in
2832 5586 3050 5643 Rabano
3070 5582 3244 5638 locum
3273 5585 3416 5640 hunc

239 5651 416 5716 bQuze
437 5667 534 5721 pro
557 5668 700 5722 more
737 5661 918 5706 notata
958 5658 1273 5722 sequuntur,
1298 5649 1512 5722 tradidit
1538 5651 1739 5722 Grego-
1841 5649 2160 5722 explicantel

164 5720 279 5776 tius
305 5719 451 5777 unm;
491 5721 558 5776 49
588 5719 740 5792 [alias
770 5737 883 5790 cap.
917 5721 1004 5792 ὃὸ]
1038 5719 1155 5774 libri
1185 5738 1198 5773 ι
1229 5720 1504 5774 Moralium
1536 5721 1586 5784 ip
1615 5719 1731 5777 Job.
1918 5719 1939 5759 ο
1970 5721 2222 5790 Uterque.
