3912 6314
500 293 604 351 695

1561 301 1836 360 CLAUDII
1877 301 2340 363 TAURINENSIS
2378 307 2687 368 Ei’lSCO‘Pl

3670 324 3765 382 ΘΜ

495 411 582 465 uis
605 407 774 464 lsrael
797 424 981 466 coram
1015 410 1242 469 Domino
1280 412 1507 470 diversis
1549 417 1881 474 musicorum
1919 433 2079 489 gene-
2105 422 2157 481 Α
2181 418 2272 473 vid
2323 419 2561 488 inducet,
2606 425 2730 494 quia
2781 425 3057 493 Dominus,
3102 428 3287 486 Enoch
3331 439 3388 487 et
3432 432 3550 488 Elia
3579 441 3771 506 pradi-

494 501 668 566 ribus,
708 503 834 572 quia
879 519 1004 559 mox
1046 505 1335 562 inchoante
1379 523 1531 563 nova
1576 511 1764 581 gratia
1808 513 2077 581 praconio

491 588 753 648 Dominus
774 594 845 648 ad
864 595 1193 652 exhibendas
1213 597 1324 654 Deo
1350 598 1494 653 Patri
1525 601 1709 658 "mdes
1733 604 2074 671 humilitatis,

489 699 682 742 omnes
705 686 916 754 invitat,
945 689 1129 745 dicens
1158 710 1170 744 :
1197 689 1377 764 (Joan.
1410 710 1509 764 xu)
1541 692 1647 759 Qui
1663 695 1792 748 mihi
1815 697 2079 750 ministrat

489 792 571 830 me
607 785 855 848 sequatur
877 792 895 829 :
927 777 980 848 (Ι
1002 776 1123 833 Cor.
1149 797 1249 847 xu,
1281 784 1336 848 8,
1365 782 1495 855 etc.)
1531 784 1618 838 alii
1647 785 1820 840 dando
1846 802 1943 856 per
1967 786 2076 855 spi-

490 862 656 917 ritum
692 881 981 921 sermonem
1016 869 1311 938 sapientia,
1358 872 1456 927 alii
1492 890 1780 928 sermonem
1819 876 2069 942 scientia,

487 954 584 1008 alii
603 971 792 1026 genera
829 955 1151 1028 linguarum,
1177 960 1275 1014 alii
1308 967 1533 1034 gratiam
1575 967 1930 1030 curationum,
1961 975 2067 1022 etc.

489 1042 596 1100 Sed
643 1046 729 1100 his
773 1055 937 1116 atque
989 1047 1290 1117 huiusmodi
1341 1054 1735 1109 charismatum
1781 1056 2072 1127 generibus

485 1137 862 1207 progrediente
886 1153 1038 1205 arca,
1068 1141 1123 1195 id
1161 1149 1266 1207 est,
1315 1153 1598 1200 crescente
1623 1145 1866 1201 Ecclesia
1890 1148 2070 1216 primi-

485 1225 618 1289 tiva,
643 1233 864 1282 ventum
894 1236 979 1284 est
1001 1229 1071 1284 ad
1112 1244 1294 1286 aream
1323 1231 1536 1288 Nachor
1563 1234 1854 1306 (Nae-bon),
1882 1237 1933 1292 id
1962 1246 2064 1303 est,

482 1331 665 1373 aream
707 1327 1099 1389 praeparatam,
1150 1324 1392 1393 gentium
1445 1326 1693 1382 videlicet
1743 1329 2062 1400 Ecclesiam,

482 1406 606 1464 ﬁdei
631 1411 862 1467 veritate
894 1416 1342 1481 consecrandam,
1391 1417 1458 1472 de
1503 1434 1606 1488 qua
1637 1419 1874 1477 Joannes
1923 1423 1999 1476 ait
2049 1441 2061 1477 :

480 1495 698 1566 (Matth.
737 1516 820 1565 nr,
854 1500 942 1571 η)
977 1501 1046 1557 Et
1067 1505 1434 1575 permundabit
1468 1524 1648 1562 aream
1675 1525 1846 1564 suam.
1877 1512 1954 1566 lbi
1977 1529 2066 1568 sa-

479 1591 689 1656 cerdos,
718 1593 810 1661 qni
843 1607 1029 1649 arcam
1057 1596 1348 1663 incautius,
1378 1600 1532 1661 quasi
1576 1601 1897 1673 corrigendo
1939 1605 2065 1659 teti-

476 1679 578 1750 git,
601 1694 725 1761 mox
745 1696 777 1736 a
803 1682 1031 1741 Domino
1048 1700 1338 1755 percussus
1363 1689 1618 1746 occubuit
1645 1707 1662 1746 :
1696 1693 1824 1762 quia
1844 1690 2062 1751 εἰσάκο-

2182 512 2429 568 cantibus
2451 553 2467 580 ,
2526 514 2675 585 (Luc.
2735 534 2784 584 ι,
2835 518 2890 584 v)
2937 528 3193 576 convertet
3248 523 3415 578 corda
3457 537 3690 595 patruus-
3718 531 3771 586 in

2177 598 2338 667 ﬁlios.

2252 710 2273 743 ς
2295 693 2460 750 Boves
2480 704 2529 750 et
2554 697 2742 753 arietes
2762 699 3069 766 immutans,
3093 702 3197 758 hoc
3220 711 3326 770 est,
3347 718 3444 760 eos
3463 707 3561 778 qui
3584 723 3769 764 aream

2175 780 2388 836 Domini
2436 783 2712 852 trituram,
2758 796 2813 841 et
2859 785 3042 844 ovium
3089 789 3206 860 ejus
3247 791 3505 849 ducatum
3546 807 3762 868 gerunt,

2175 873 2416 941 martyrii
2448 875 2710 946 sanguine
2743 891 3030 946 coronans,
3066 888 3122 937 et
3151 882 3267 952 ipse
3289 899 3509 955 quoque
3537 902 3654 942 sua
3681 888 3768 942 ln-

2172 963 2502 1018 carnationis
2534 972 2591 1019 et
2633 967 2902 1036 passionis
2941 971 3247 1041 exemplum
3293 983 3521 1031 eatenus
3565 974 3772 1032 Judais

2171 1063 2277 1104 non
2309 1053 2569 1107 creditum
2590 1055 2770 1125 palam
2813 1059 3168 1116 manifestans
3198 1081 3210 1116 :
3240 1064 3343 1119 hoc
3372 1067 3518 1121 enim
3559 1067 3769 1139 signiﬁ-

2170 1146 2258 1193 cat
2285 1142 2428 1210 quod
2460 1150 2517 1197 et
2543 1143 2663 1214 ipse
2689 1146 2860 1202 David
2894 1150 3173 1206 accinctus
3200 1163 3321 1208 erat
3357 1155 3538 1224 Ephot
3583 1157 3764 1223 lineo;

2169 1242 2296 1282 nam
2323 1229 2490 1284 linum
2523 1234 2667 1302 quod
2705 1235 2771 1290 de
2804 1244 2949 1292 terra
2979 1250 3324 1308 procreatum
3362 1246 3654 1315 multiplici
3690 1248 3768 1302 la-

2166 1316 2299 1372 bore
2335 1319 2402 1372 ad
2439 1322 2728 1378 candorem
2775 1327 2944 1381 vestis
2986 1332 3255 1398 pervenit,
3314 1336 3609 1391 veritatem
3665 1340 3769 1393 lm-

2167 1421 2342 1463 mana
2393 1411 2572 1469 carnis
2625 1412 2772 1468 inter
2820 1415 3028 1487 ﬂagella
3077 1422 3762 1492 triumphantis'ostendit.

2167 1497 2366 1552 Verum
2410 1501 2620 1557 cunctis
2664 1504 3058 1565 exsultantibus
3105 1517 3161 1565 et
3208 1512 3274 1565 ad
3327 1529 3470 1570 arca
3518 1517 3771 1573 calcatis

2165 1587 2445 1643 introitum
2501 1591 2733 1661 hymnos
2781 1596 3180 1665 resonantibus,
3229 1601 3342 1656 sola
3393 1604 3597 1660 Michol
3651 1608 3766 1662 ﬁlia

2165 1678 2290 1734 Saul
2317 1697 2501 1737 arcam
2537 1682 2859 1741 ducentibus
2888 1687 3061 1757 abest,
3101 1691 3230 1759 quin
3269 1693 3434 1748 etiam
3463 1711 3494 1749 e
3523 1699 3768 1765 speculis

478 1786 598 1825 mm
621 1771 855 1843 populus
885 1775 1011 1830 dum
1053 1777 1303 1847 gentibus
1332 1779 1558 1846 invidet,
1601 1781 1791 1838 salutis
1833 1798 1893 1839 se
1944 1799 2062 1841 mu-
2089 1772 2136 1830 B
2166 1768 2333 1825 David
2383 1771 2722 1827 bumiliatum
2767 1775 3038 1846 despicit,
3098 1780 3229 1850 quia
3289 1785 3644 1844 credentibus
3710 1789 3766 1842 in

474 1877 606 1918 nere
625 1863 827 1932 privat,
865 1865 1102 1936 dumque
1129 1867 1302 1939 legem
1339 1869 1454 1924 vult
1485 1869 1780 1941 Evangelio
1808 1875 2058 1942 miscere,

475 1954 758 2024 utriusque
789 1955 892 2011 sibi
922 1957 1154 2028 gratiam
1189 1958 1348 2014 tollit.

549 2062 567 2095 ι
606 2045 674 2099 Et
708 2047 894 2112 tenuit,
925 2048 1119 2117 inquit,
1149 2066 1288 2115 eam,
1317 2052 1564 2123 quoniam
1591 2052 1932 2110 calcitrabant
1969 2058 2060 2111 bo—

471 2151 574 2188 ves.
606 2136 777 2192 Boves
797 2137 996 2208 quippe
1022 2138 1326 2208 calcitrare,
1359 2149 1445 2196 est
1468 2143 1852 2211 pradicatores
1878 2144 2058 2200 Evan-

471 2223 595 2294 gelii
650 2224 875 2281 liberius
921 2227 1068 2282 circa
1124 2227 1286 2284 ﬁdem
1321 2245 1502 2301 agere,
1546 2247 1722 2300 neque
1762 2235 2059 2290 secundum

468 2315 916 2370 consuetudinem
961 2315 1096 2386 legis
1139 2317 1373 2388 ingredi,
1423 2320 1519 2375 sed
1549 2321 1794 2386 sabbata,
1834 2337 2056 2378 neome—

469 2403 611 2470 nias,
662 2405 1133 2462 circumcisione!»
1181 2408 1538 2478 victimasque
1575 2411 1932 2479 spiritualiter
1976 2413 2057 2466 in-

465 2501 784 2570 terpretari,
814 2516 950 2571 quos
989 2501 1140 2556 velut
1169 2509 1413 2558 errantes
1441 2504 1718 2574 corrigere
1747 2505 2054 2570 tentabant,

467 2591 558 2660 qui
589 2591 980 2647 descendentes
1007 2593 1072 2648 de
1095 2590 1278 2646 Iudaea
1321 2593 1588 2648 docebant
1616 2591 1811 2649 fratres
1853 2612 1865 2647 :
1912 2594 2051 2666 (Act.

466 2683 558 2755 xv)
583 2685 710 2755 quia
731 2684 834 2738 nisi
855 2683 1305 2738 circumcidamini
1333 2685 1618 2739 secundum
1637 2701 1836 2739 morem
1862 2685 2050 2756 Moysi,

467 2793 573 2830 non
601 2775 820 2845 potestis
838 2774 969 2829 salsi
993 2775 1136 2844 ﬁeri,
1162 2783 1218 2830 et
1242 2776 1308 2829 de
1342 2775 1539 2846 quibus
1559 2775 1793 2832 Jacobus
1820 2779 1888 2832 ad
1919 2777 2054 2832 Pau-

466 2866 617 2921 lum:
653 2866 792 2937 (Act.
836 2873 955 2938 ιιι)
1005 2865 1183 2933 Vides,
1228 2868 1423 2937 inquit,
1472 2867 1658 2937 frater,
1702 2870 1844 2941 quod
1885 2871 2054 2928 millia

463 2967 589 3013 sunt
610 2959 664 3012 in
685 2957 894 3013 Iuda-is
915 2957 1007 3028 qui
1028 2957 1383 3023 crediderunt,
1416 2966 1466 3012 et
1497 2974 1679 3013 manu
1719 2960 2053 3016 wmulatores

464 3059 584 3104 sunt
616 3048 747 3119 legis

542 3179 562 3213 ι
595 3160 676 3218 0b
705 3175 926 3217 causam
953 3173 1085 3232 ergo
1121 3160 1416 3216 sacerdotis
1467 3160 1634 3216 occisi
1676 3159 1845 3228 David
1879 3161 2052 3218 noluit

465 3271 490 3299 ι
516 3257 710 3312 diverti
739 3256 810 3312 ad
836 3269 896 3312 se
919 3269 1101 3311 aream
1127 3255 1338 3311 Domini
1368 3257 1424 3310 in
1450 3257 1719 3313 civitatem
1744 3259 1934 3324 David,
1954 3259 2047 3315 sed

463 3348 684 3404 divertit
723 3363 845 3402 eam
891 3348 944 3401 in
997 3347 1217 3401 domum
1266 3345 1601 3402 Obethedom
1648 3347 1876 3416 Gethai,
1924 3351 2048 3419 quia

462 3437 844 3508 respuentibus
869 3434 1095 3490 verbum
1123 3432 1340 3500 Judais,
1387 3451 1457 3491 ne
1496 3439 1725 3508 amplius
1771 3439 1953 3495 audita
1992 3448 2048 3496 et

463 3546 570 3585 non
597 3535 844 3597 suscepta
885 3525 1198 3597 pradicatio
1224 3534 1463 3594 noceret,
1491 3529 1725 3598 apostoli
1755 3530 1824 3585 ab
1849 3531 1928 3585 eis
1955 3530 2048 3584 ab-

462 3620 555 3674 lati
581 3627 636 3674 et
664 3619 731 3674 ad
753 3627 940 3689 gentes
967 3617 1284 3674 imbuendus
1321 3625 1449 3671 sunt
1476 3619 1647 3673 missi.
1679 3619 1830 3674 Unde
1870 3628 1925 3673 ct
1971 3620 2047 3673 lo-

461 3726 557 3766 cus
586 3726 727 3764 arca
753 3710 986 3777 Nachbr,
1016 3726 1136 3780 qua
1162 3712 1399 3782 gentium
1432 3710 1590 3765 ﬁdem
1618 3708 1831 3764 Domini
1861 3709 2047 3778 gratia

460 3813 820 3873 praparatam
844 3803 1198 3867 demonstrat,
1220 3801 1497 3872 percussio
1530 3799 1642 3856 Oza
1678 3807 2040 3868 nuncupatur,

342 3928 344 3931 -
459 3900 710 3956 videlicet
738 3915 863 3969 quia
887 3897 1064 3970 (Rom.
1089 3897 1189 3969 xu)
1215 3897 1426 3950 illorum
1451 3894 1639 3950 delicto
1663 3893 1807 3949 salus
1829 3894 2048 3963 contigit

458 3993 714 4063 gentibus.
745 3990 1080 4047 Obethedom
1119 4003 1356 4059 namque
1389 3988 1776 4059 interpretatur
1816 3986 2041 4039 serviens

457 4086 612 4139 homo
645 4097 663 4136 :
695 4084 782 4139 ille
809 4093 892 4140 est
919 4085 1104 4154 utique
1130 4083 1196 4139 de
1222 4099 1330 4154 quo
1359 4082 1618 4138 Dominus
1666 4081 1733 4136 ad
1781 4079 1998 4135 Patrem
2025 4097 2037 4133 :

458 4173 632 4246 (Psal.
659 4174 791 4245 xvu)
822 4172 1147 4239 Constitues,
1189 4173 1381 4243 inquit,
1410 4190 1491 4227 me
1518 4172 1575 4226 in
1603 4181 1759 4242 caput
1787 4172 2038 4243 gentium,

455 4265 778 4337 populusque
817 4283 969 4338 quem
1005 4283 1108 4320 non
1144 4267 1358 4336 cognovi
1400 4266 1603 4320 servivit
1651 4264 1800 4321 milii.
1842 4263 1945 4320 Ubi
1989 4271 2044 4318 et

456 4355 762 4411 Judaorum
800 4354 1174 4423 abjectionem,
1208 4357 1365 4426 quasi
1394 4355 1519 4411 Oza
1540 4362 1771 4410 mortem
1807 4355 2042 4425 praemit-

455 4458 601 4513 tens,
627 4448 702 4502 ait
729 4465 740 4500 :
774 4445 1024 4517 (Ibidem,
1052 4463 1097 4500 υ.
1123 4446 1213 4511 44)
1243 4445 1448 4515 Eripies
1477 4460 1558 4498 me
1582 4445 1645 4498 de
1671 4444 2041 4498 contradictio-

455 4536 608 4589 nibus
649 4534 868 4605 populi;
914 4548 1109 4589 nomen
1139 4548 1352 4603 quoque
1397 4532 1545 4587 urbis
1571 4532 1819 4604 congruit
1850 4549 1862 4583 :
1899 4529 2038 4586 Geth

442 4626 600 4681 enim
646 4625 1033 4696 interpretatur
1075 4624 1330 4688 torcular,
1375 4621 1688 4693 significans
1724 4637 1949 4685 crucem,
1984 4621 2036 4674 in

455 4731 564 4787 qua
595 4716 722 4771 vitis
747 4729 876 4771 vera
913 4714 1115 4770 calcari
1143 4723 1198 4768 et
1224 4714 1453 4784 exprimi
1480 4714 1696 4784 dignata
1728 4720 1843 4778 est;
1877 4728 1906 4766 a
1933 4726 2036 4782 qua

455 4813 684 4862 cunctus
720 4804 962 4877 gentium
1010 4803 1237 4874 populus
1276 4802 1470 4857 merito
1504 4801 1746 4857 Getbaeus
1782 4801 2035 4872 appellari

453 4905 652 4970 potest,
682 4897 767 4953 cui
797 4897 992 4951 dicitur
1017 4913 1028 4950 :
1068 4894 1203 4949 lli/ti
1225 4904 1396 4950 autem
1429 4895 1560 4950 absit
1590 4895 1826 4962 gloriari,
1861 4897 1961 4950 nisi
1983 4896 2036 4950 in

454 5004 608 5042 cruce
635 4986 842 5041 Domini
870 4987 1034 5040 nostri
1065 4983 1192 5040 Iesu
1222 4985 1417 5040 Christi
1437 4986 1486 5038 ι).

533 5118 549 5149 ε
583 5095 721 5153 Tres
743 5105 922 5152 autem
945 5112 1178 5162 menses,
1208 5098 1405 5166 quibus
1430 5098 1625 5154 ibidem
1650 5115 1773 5155 arca
1801 5109 2030 5157 demora-

455 5199 563 5253 tur,
594 5187 744 5253 ﬁdes,
773 5203 897 5258 spes
917 5195 973 5242 et
996 5188 1235 5243 charitas
1260 5195 1364 5243 est.
1387 5186 1541 5243 Sicut
1567 5192 1708 5245 enim
1738 5192 1927 5248 diebus
1948 5192 2038 5245 ad-

457 5281 708 5349 impletur
754 5281 977 5345 mensis,
1013 5280 1087 5335 ita
1133 5278 1358 5350 singula
1393 5279 1619 5335 virtutes
1653 5282 1765 5336 suis
1808 5297 2035 5350 quaque

453 5372 702 5443 passibus
749 5371 815 5424 ad
872 5369 1259 5441 perfectionem
1320 5370 1659 5440 perveniunt.
1713 5370 1776 5425 lli
1819 5386 2033 5426 menses

455 5475 735 5531 quousque
761 5460 1036 5531 plenitudo
1060 5461 1297 5530 gentium
1329 5459 1516 5523 intret,
1536 5473 1755 5514 currere
1779 5476 1885 5515 non
1915 5475 2032 5514 ces-

456 5556 595 5604 sant.
628 5549 868 5604 Tandem
888 5551 1104 5607 rediens
1138 5551 1306 5607 David
1335 5565 1516 5607 arcam
1541 5551 1597 5607 in
1620 5551 1898 5606 civitatem
1929 5551 2030 5606 Da~

526 5669 553 5699 ι
581 5658 875 5715 Divertere.

2162 1861 2346 1915 mundi
2387 1861 2548 1916 ﬁnem
2584 1861 2804 1932 Iudaeis,
2845 1876 3006 1921 erunt
3053 1871 3294 1926 nonnulli
3342 1875 3433 1942 qui
3477 1873 3766 1931 Christum

2159 1951 2519 2020 professione,
2547 1955 2639 2010 sed
2661 1970 2824 2026 Opere
2849 1969 3146 2027 sequantur
3165 1961 3562 2020 Antichristum
3599 1982 3615 2020 :
3649 1968 3766 2037 qui-

2158 2042 2264 2096 bus
2287 2043 2480 2098 merito
2509 2047 2760 2117 congruit
2798 2049 2940 2117 quod
2978 2052 3166 2105 eadem
3203 2052 3399 2109 Michol
3424 2056 3496 2109 ob
3520 2055 3765 2128 ﬁguran-

2159 2136 2280 2190 dam
2313 2137 2717 2193 instabilitatem
2747 2141 3072 2207 carnalium,
3106 2161 3245 2214 aqua
3276 2147 3444 2201 omnis
3487 2149 3765 2218 interpre-

2159 2232 2324 2288 tatur,
2355 2241 2461 2280 non
2483 2242 2622 2281 uxor
2641 2226 2834 2293 David,
2864 2230 2958 2284 sed
2988 2230 3097 2286 ﬁlia
3125 2231 3252 2287 Saul
3277 2235 3604 2303 appellatur,
3629 2239 3764 2306 quia

2156 2315 2248 2383 qui
2276 2313 2381 2370 ﬁde
2407 2324 2563 2371 tenus
2600 2316 2817 2372 Christo
2844 2321 3083 2375 serviunt
3115 2338 3220 2379 non
3267 2325 3412 2380 illius
3453 2342 3629 2397 regno
3669 2342 3764 2382 co-

2158 2403 2409 2468 ronandi,
2442 2404 2535 2458 sed
2569 2417 2979 2474 persecuturum
3022 2410 3167 2480 ejus,
3211 2429 3346 2482 quos
3376 2415 3761 2478 imitavcruut,

2156 2490 2500 2545 anathemate
2545 2492 2859 2551 damnandi.
2908 2498 3109 2553 Verum
3156 2504 3310 2570 pravi
3358 2516 3760 2574 succenseant,

2155 2580 2516 2638 humilitatem
2555 2583 2810 2642 Ecclesia
2841 2596 3207 2658 contemnant,
3246 2594 3598 2654 nihilominus
3623 2613 3759 2654 arca

2154 2671 2367 2727 Domini
2408 2690 2563 2729 suum
2594 2675 2773 2731 locum
2803 2678 3123 2748 ingreditur.

2229 2780 2248 2811 ι
2285 2759 2511 2817 Ponitur
2539 2765 2592 2818 in
2624 2766 2796 2822 medio
2839 2768 3165 2826 tabernaculi
3193 2774 3332 2844 quod
3360 2778 3657 2832 tetenderat
3702 2784 3762 2835 ei

2155 2849 2356 2917 Dauid,
2394 2853 2448 2908 id
2497 2863 2604 2919 est,
2653 2855 2788 2912 ﬁdes
2829 2856 3086 2915 Ecclesia
3123 2865 3468 2931 pradicatur,
3501 2869 3756 2937 proﬁcit,

2155 2938 2414 2997 inseritur
2442 2944 2697 3001 cordibus
2721 2948 2982 3015 omnium,
3016 2965 3152 3019 quos
3180 2952 3441 3010 Dominus
3468 2957 3531 3012 ad
3572 2960 3758 3014 vitam

2153 3035 2615 3103 praordinaverat
2652 3046 2928 3097 aeternam.
2964 3040 3102 3113 (Act.
3134 3059 3249 3108 xm,
3278 3046 3392 3118 48.)
3435 3048 3604 3104 Ollert
3643 3051 3758 3106 Da-

2078 3121 2123 3183 C
2154 3123 2242 3178 vid
2272 3123 2582 3181 holocausta
2626 3134 2682 3182 et
2729 3129 2954 3198 paciﬁca
3002 3146 3187 3187 coram
3241 3135 3487 3203 Domino,
3530 3140 3585 3194 id
3636 3152 3756 3208 est,

2151 3214 2310 3270 ﬁdem
2364 3214 2813 3289 devotionemque
2864 3220 3120 3277 Ecclesia
3185 3228 3524 3282 commendat
3584 3229 3752 3287 Patri

2149 3301 2396 3358 Christus
2427 3303 2607 3369 (Rom.
2638 3323 2758 3372 τω,
2787 3307 2899 3380 54),
2950 3311 3040 3382 qui
3074 3321 3150 3366 est
3192 3315 3262 3367 ad
3304 3316 3562 3372 dexteram
3617 3320 3757 3387 Dei,

2147 3394 2238 3463 qui
2266 3395 2426 3447 etiam
2445 3395 2742 3468 interpellat
2764 3416 2858 3466 pro
2883 3402 3049 3456 nobis.
3075 3402 3177 3470 Qui
3220 3406 3274 3460 in
3311 3409 3614 3478 exemplum
3647 3411 3752 3466 Da-

2146 3482 2234 3538 vid
2266 3482 2451 3538 lldeles
2499 3484 2835 3558 humilesque
2881 3490 3209 3549 benedicens
3239 3495 3468 3551 salubris
3500 3503 3755 3568 mysterii

2148 3572 2318 3639 pascit
2355 3572 2648 3629 alimentis.
2691 3575 2933 3632 Partitur
2977 3581 3199 3652 singulis
3243 3584 3544 3655 collyridam
3579 3590 3755 3656 panis

2148 3677 2325 3726 unam,
2365 3661 2452 3731 (II
2483 3662 2610 3733 Reg.
2642 3681 2718 3731 vr,
2762 3666 2817 3731 6,
2846 3667 2978 3740 etc.)
3005 3669 3149 3725 illius
3180 3671 3368 3741 utique
3398 3673 3486 3742 qui
3514 3675 3576 3730 de
3610 3677 3754 3730 calo

2145 3750 2430 3817 descendit,
2471 3761 2526 3806 et
2564 3754 2656 3809 dat
2697 3756 2854 3809 vitam
2887 3757 3007 3812 huic
3055 3761 3270 3816 mundo.
3314 3761 3493 3831 (Joan.
3532 3779 3608 3827 γι,
3649 3767 3748 3829 33,

2144 3837 2232 3904 48,
2262 3841 2392 3912 etc.)
2430 3841 2497 3896 Et
2534 3853 2830 3899 assaturam
2881 3847 3088 3903 bubula:
3137 3852 3312 3909 carnis
3363 3870 3544 3917 unam,
3589 3856 3757 3913 illius

2145 3931 2349 3985 scilicet
2369 3932 2522 3988 vituli
2551 3935 2804 4004 saginati,
2837 3937 2930 4007 qui
2958 3953 3060 4008 pro
3088 3950 3394 4001 revertente
3418 3946 3482 3998 ad
3518 3957 3750 4014 patrem

2144 4018 2253 4074 ﬁlio
2273 4019 2489 4091 iuniore
2530 4030 2799 4080 mactatus
2833 4034 2887 4080 et
2915 4028 3039 4098 igne
3077 4032 3350 4099 passionis
3381 4045 3588 4092 assatus
3630 4050 3751 4106 est,

2143 4109 2366 4165 dicens:
2397 4111 2626 4182 (Psalm.
2665 4129 2779 4179 xxx,
2819 4114 2906 4187 16)
2954 4116 3182 4171 Exaruit
3225 4120 3364 4174 velut
3393 4133 3524 4181 testa
3571 4128 3756 4190 virtus

2144 4215 2276 4252 mea.
2309 4198 2395 4270 (II
2427 4199 2557 4274 Reg.
2599 4215 2674 4265 vr,
2709 4200 2799 4272 l9)
2843 4200 2914 4256 Et
2956 4203 3186 4261 similam
3221 4206 3418 4275 [rixam
3450 4209 3584 4272 oleo,
3615 4228 3736 4267 can

2142 4302 2266 4341 nem
2303 4287 2554 4343 videlicet
2602 4304 2632 4342 a
2677 4289 2883 4359 peccati
2914 4291 3036 4347 labe
3064 4294 3501 4362 mundissimam,
3537 4298 3633 4353 sed
3669 4301 3744 4357 ob

2143 4379 2394 4433 humana
2432 4380 2622 4435 salutis
2651 4380 2983 4436 uberrimam
3015 4382 3376 4449 dilectionem,
3403 4388 3579 4443 crucis
3614 4404 3730 4445 sar-

2066 4482 2118 4541 D
2147 4469 2322 4538 tagine
2348 4476 2563 4539 tostam.
2591 4470 2658 4523 Et
2690 4473 2884 4525 merito
2915 4488 3018 4526 una
3046 4473 3204 4542 panis
3234 4474 3516 4546 collyrida,
3541 4486 3595 4532 et
3626 4495 3740 4535 una

2144 4559 2326 4612 carnis
2363 4567 2607 4614 assatura
2635 4559 2814 4624 datur,
2849 4562 2972 4629 quia
3007 4560 3223 4632 (Ephes.
3256 4579 3329 4629 tv,
3359 4563 3415 4635 5)
3462 4583 3594 4620 unus
3623 4567 3730 4622 Do-

2145 4650 2333 4712 minus,
2360 4667 2464 4705 una
2491 4651 2642 4719 ﬁdes,
2666 4668 2828 4705 unum
2857 4652 3132 4723 baptisma,
3163 4671 3298 4714 unus
3323 4654 3492 4720 Deus,
3511 4668 3561 4710 et
3584 4670 3730 4726 pater

2143 4743 2393 4798 omnium.
2417 4739 2589 4796 Aliter
2612 4743 2727 4801 hac
2749 4757 2971 4798 munera
2994 4741 3181 4798 ﬁdeles
3205 4744 3499 4817 accipiunt,
3517 4747 3733 4815 quando

2144 4830 2194 4898 (1
2227 4831 2348 4884 Cor.
2379 4845 2438 4892 ι,
2469 4828 2551 4902 l7)
2578 4847 2712 4885 unus
2749 4832 2900 4901 panis
2934 4842 2981 4887 et
3019 4850 3180 4895 unum
3224 4850 3410 4904 corpus
3451 4835 3604 4889 multi
3640 4853 3727 4891 suo

2143 4936 2258 4976 mus
2287 4921 2341 4974 in
2370 4919 2612 4984 Christo,
2641 4929 2695 4979 et
2723 4937 2833 4976 sua
2879 4923 3060 4977 carnis
3093 4924 3288 4993 singuli
3316 4923 3596 4980 lasciviam
3637 4943 3726 4983 ca-

2141 5010 2400 5079 stigantes
2448 5025 2513 5068 ac
2560 5011 2809 5069 servituti
2853 5011 3224 5080 subjicientes,
3273 5017 3446 5069 sancti
3493 5014 3732 5087 Spiritus

2139 5100 2261 5168 igne
2284 5099 2606 5167 decoquunt,
2634 5114 2732 5160 nec
2754 5115 2860 5159 non
2884 5109 2941 5157 et
2957 5099 3164 5158 fructus
3190 5115 3413 5172 operum
3435 5104 3724 5169 bouonun,

2136 5187 2253 5243 oleo
2288 5189 2676 5244 misericordia
2710 5191 3064 5266 pinguissimo
3089 5193 3462 5261 compassione
3491 5193 3725 5264 proximi

2136 5276 2343 5331 fervere
2375 5275 2600 5337 faciunt.
2637 5278 2720 5347 (II
2753 5279 2902 5349 Reg.,
2943 5296 3018 5344 vi,
3051 5298 3096 5335 v.
3138 5281 3228 5352 25)
3263 5281 3332 5335 At
3377 5291 3569 5337 contra
3615 5282 3722 5342 ﬁli:

2136 5364 2261 5421 Saul
2295 5366 2492 5422 frustra
2536 5368 2840 5423 cubiculum
2892 5370 3034 5441 regis
3073 5370 3336 5442 ingressa,
3386 5371 3562 5428 nullos
3599 5387 3726 5427 oon-

2132 5462 2272 5528 cepti
2305 5461 2520 5518 seminis
2547 5460 2754 5520 fructus
2781 5463 2874 5520 dat
2902 5481 2911 5515 .'
2943 5462 3072 5532 quia
3095 5463 3189 5532 qui
3217 5463 3442 5517 verbum
3468 5463 3564 5519 Dei
3587 5479 3724 5519 aure

2131 5555 2288 5602 tenus
2343 5551 2680 5619 percipiunt,
2730 5553 2934 5621 absque
2977 5552 3104 5607 boni
3149 5552 3330 5621 operis
3377 5552 3526 5621 prole
3574 5552 3722 5606 diem

2201 5657 2504 5733 b_V'idcqua
2529 5662 2687 5717 tradit
2705 5662 3034 5733 Augustinus
3054 5679 3201 5718 num.
3218 5664 3250 5719 5
3266 5662 3640 5720 Enarrationis
3663 5662 3719 5718 in

2129 5729 2261 5797 psal.
2296 5745 2378 5786 LV.
