3912 6318
166 341 280 399 637

817 343 1279 414 QUIESTIONES
1319 346 1466 403 XXX
1507 343 1732 403 SUPER
1772 341 2020 400 LIBROS
2057 345 2318 406 REGUM.
2357 378 2428 388 —
2465 347 2665 405 LIBER
2699 348 2762 403 Π.

3314 351 3420 409 698

160 465 440 526 perpetua
489 457 679 513 mortis
731 466 1059 527 exspectant.
1102 479 1119 511 ι
1180 472 1206 500 ι
1251 459 1309 514 1η
1367 461 1468 516 hac
1521 457 1746 527 historia
1773 457 2008 515 Anibus
2034 469 2309 532 appetunt,
2356 458 2516 532 atque
2542 477 2700 518 omne
2728 461 2868 531 quod
2895 470 3038 527 sunt,
3085 460 3320 533 deiectos
3361 478 3420 518 se

164 547 313 600 beati
349 547 490 617 regis
536 557 591 602 et
631 548 906 618 prophetae
949 549 1137 615 David,
1161 566 1266 619 qua
1312 565 1491 606 arcam
1520 551 1614 606 Dei
1657 552 1750 606 ad-

163 636 388 690 duxisse
444 649 730 704 narratur,
779 641 1054 696 moralitcr
1092 643 1367 698 humilitas
1422 645 1748 713 approbata,

161 724 419 791 superbia
451 725 699 780 damnata
729 736 784 782 et
807 730 1082 784 temeritas
1103 730 1374 786 vindicata
1397 740 1748 796 monstratur,

163 816 296 882 quia
330 825 386 871 et
426 819 539 887 ipse
589 812 979 878 David'coram
1035 839 1160 879 arca
1217 826 1430 882 Domini
1477 826 1755 881 humiliter-

163 907 371 963 saltare
396 925 502 964 non
525 912 740 966 erubuit
776 911 846 984 (υ.
879 913 992 984 14),
1023 929 1148 969 mox
1176 916 1584 985 promissionem
1628 917 1750 971 Filii

165 994 373 1065 Deiex
395 1013 493 1053 sua
521 999 690 1070 stirpe
726 1002 985 1057 nascituri
1023 1005 1297 1074 suscipere
1339 1007 1670 1075 promeruit:
1697 1016 1751 1060 et

161 1086 389 1155 conjux,
435 1105 554 1164 qua:
602 1093 849 1147 eamdem
894 1093 1037 1149 illius
1077 1095 1431 1151 humilitatem
1485 1098 1749 1167 despexit.

165 1179 290 1248 ejus
338 1182 542 1237 semine
581 1183 862 1239 fecundari
887 1200 994 1240 non
1018 1187 1231 1253 merita,
1262 1197 1534 1258 perpetua:
1556 1190 1752 1244 sterili—

164 1271 300 1325 tatis
331 1286 521 1340 plenas
552 1273 667 1327 luit.
697 1275 899 1330 Intueri
931 1277 1076 1331 enim
1102 1277 1230 1334 libet
1267 1287 1466 1348 quanta
1492 1280 1751 1335 virtutum

161 1375 396 1415 munera
425 1361 593 1417 David
619 1364 898 1433 percipiat,
929 1374 1091 1436 atque
1117 1367 1168 1421 in
1192 1367 1277 1422 his
1296 1370 1570 1433 omnibus,
1590 1384 1752 1439 quam

160 1447 383 1504 fortiter
407 1465 466 1505 se
492 1451 798 1506 humilitate
826 1454 1094 1508 servabat.
1123 1455 1153 1494 δ
1196 1473 1215 1507 r
1248 1454 1416 1522 Quem
1456 1457 1602 1512 enim
1645 1472 1752 1512 non

157 1537 454 1595 extolleret
498 1556 594 1595 ora
641 1540 859 1598 leonum
898 1541 1190 1613 frangere?
1232 1561 1482 1601 ursorum
1526 1547 1753 1603 brachia

158 1631 453 1701 dissipare,
489 1631 542 1704 (1
569 1632 693 1704 Reg.
737 1649 870 1700 xvn,
913 1634 1004 1706 38)
1047 1635 1314 1706 despectis
1339 1637 1754 1720 prioribusfra~

157 1721 345 1776 tribus
371 1721 517 1793 eligi,
545 1721 677 1793 (xvi,
717 1723 804 1788 12,
833 1732 880 1777 et
913 1738 1063 1788 mu,
1093 1725 1185 1798 28)
1213 1728 1497 1797 reprobate
1527 1743 1652 1798 rege
1687 1729 1752 1782 ad

1848 550 2168 615 exhibendo,
2194 559 2573 619 contemnunt;
2615 554 2707 608 sed
2739 561 2917 608 tamen
2956 553 3095 628 apud
3134 567 3192 609 se
3219 553 3422 606 intror-

1849 656 1961 706 sus,
1988 643 2142 710 qnasi
2185 657 2251 697 ex
2280 642 2394 712 ipso
2433 644 2625 698 merito
2663 651 2894 699 ostensa:
2921 643 3146 706 vilitatis
3193 641 3423 696 intume-

1849 738 2026 795 scunt,
2055 739 2110 784 et
2148 739 2299 786 tanto
2342 732 2514 802 magis
2551 733 2606 785 in
2655 733 2818 788 corde
2859 733 2983 788 elati
3029 742 3173 797 sunt,
3221 741 3424 800 quanto

1847 821 2076 889 amplius
2118 820 2172 874 in
2221 822 2400 890 specie
2424 821 2708 876 elationem
2739 831 3004 890 premunt.
3037 823 3166 890 Quae
3194 830 3424 892 utraque

1849 911 2009 965 unius
2036 910 2280 966 elationis
2316 911 2478 977 bella,
2508 927 2700 982 magna
2751 912 2916 967 David
2947 914 3428 983 circumspectione

1849 1002 2222 1071 deprehendit,
2249 1002 2387 1056 mira
2429 1003 2628 1057 virtute
2659 1003 2948 1072 superavit.
2994 1003 3128 1068 Quia
3167 1005 3310 1058 enim
3360 1005 3428 1058 de

1851 1092 2139 1161 semetipso
2185 1092 2332 1146 intus
2362 1092 2582 1146 humilia
2612 1093 2870 1156 sentiens,
2901 1091 3161 1146 honorem
3189 1092 3429 1146 exterius

1851 1195 1956 1235 non
1970 1180 2185 1249 quaerit,
2202 1180 2461 1244 insinuat,
2479 1181 2663 1234 dicens
2689 1199 2701 1234 :
2720 1180 2872 1250 (vers.
2889 1179 2980 1252 22)
2998 1179 3200 1234 Ledam
3219 1190 3264 1233 et
3279 1179 3433 1233 vilior

1850 1272 1996 1340 ﬁam.
2033 1272 2101 1326 Et
2135 1273 2260 1341 quia
2289 1286 2386 1341 per
2426 1274 2529 1327 hoc
2557 1272 2699 1341 quod
2727 1273 2886 1327 vilem
2921 1289 2980 1328 se
3013 1274 3251 1328 exterius
3289 1287 3428 1342 prae-

1849 1362 1986 1426 buit,
2010 1377 2349 1432 nequaquam
2380 1362 2605 1418 interius
2635 1361 3223 1430 intumescit,.adjungit
3249 1380 3262 1415 :
3293 1359 3433 1415 Ero-

1850 1469 1948 1523 que
1972 1453 2184 1508 humilis
2223 1455 2278 1507 in
2320 1453 2486 1508 oculis
2523 1455 2688 1517 meis;
2717 1468 2782 1508 ac
2815 1454 2862 1508 si
2886 1453 3032 1508 dicat
3059 1473 3072 1507 :
3102 1453 3314 1523 qualem
3343 1466 3434 1505 me

1851 1544 2089 1601 exterius
2113 1543 2419 1612 despiciens
2453 1544 2703 1609 exhibeo,
2740 1543 2901 1599 talem
2950 1559 3036 1598 me
3076 1543 3301 1598 interius
3348 1549 3433 1594 at—

1852 1634 2034 1689 tendo.
2062 1633 2201 1700 Quid
2225 1639 2354 1704 ergo
2396 1635 2570 1690 acturi
2614 1642 2760 1699 sunt,
2787 1650 2923 1703 quos
2965 1636 3205 1688 doctrina
3231 1634 3429 1699 elevat,

1855 1727 1900 1781 si
1928 1725 2096 1780 David
2140 1739 2206 1780 ex
2252 1740 2418 1780 carne
2456 1741 2554 1781 sua
2583 1734 2868 1781 venturum
2900 1725 3310 1795 Bedemptorem
3343 1741 3435 1779 no-

155 1812 319 1880 regni
347 1813 709 1882 gubernacula
737 1817 862 1887 ungi
888 1796 1183 1870 timendum
1206 1796 1416 1872 cunctis
1443 1833 1550 1872 uno
1577 1796 1749 1896 lapide
1781 1796 1826 1854 Β
1853 1825 2024 1882 verat,
2052 1816 2276 1885 ejusque
2299 1816 2492 1887 gaudia
2518 1805 2888 1887 prop‘hetando
2914 1817 3214 1881 nuntiabat,
3259 1823 3314 1869 et
3350 1823 3432 1869 ta-

155 1901 378 1957 Goliam
419 1913 664 1960 sternere
691 1905 823 1977 (avi,
854 1908 969 1980 50),
1011 1924 1041 1963 a
1075 1924 1200 1980 rege
1238 1910 1512 1978 proposita
1543 1909 1749 1964 exstin-

155 1992 270 2046 ctis
296 1992 576 2064 allophylis
621 2010 905 2051 numerosa
931 1999 1191 2068 praeputia
1231 2007 1530 2068 reportare,
1564 1997 1744 2068 (xvm,

156 2081 258 2153 27)
291 2085 611 2152 promissum
644 2087 859 2142 tandem
888 2103 1110 2159 regnum
1139 2092 1436 2160 percipere,
1468 2100 1748 2146 cunctum-

152 2189 272 2243 que
321 2174 675 2230 lsraeliticum
717 2179 971 2248 populum
1012 2182 1128 2235 sine
1172 2181 1276 2235 ulla
1324 2183 1749 2236 contradictione

151 2263 476 2330 possidere?
503 2263 589 2333 (II
625 2263 750 2336 Reg.
783 2283 835 2332 ν,
870 2269 921 2340 1)
951 2269 1017 2322 Et
1044 2278 1220 2324 tamen
1261 2286 1381 2325 cum
1433 2287 1615 2326 arcam
1653 2272 1746 2325 Dei

155 2351 504 2406 Hierusalem
535 2363 769 2421 revocat,
807 2359 958 2426 quasi
1005 2359 1204 2414 oblitus
1245 2360 1520 2430 prmlatum
1548 2375 1607 2415 se
1624 2375 1750 2414 em-

154 2443 359 2508 nibus,
398 2443 660 2500 admistus
706 2448 914 2517 populis
945 2458 1069 2505 ante
1110 2465 1290 2503 arcam
1324 2449 1502 2505 saltat.
1533 2450 1598 2504 Et
1624 2452 1747 2519 quia

154 2547 350 2586 coram
400 2548 526 2589 arca
570 2535 787 2602 saltare,
829 2546 888 2591 ut
931 2540 1190 2605 creditur,
1233 2541 1373 2609 vulgi
1397 2557 1525 2611 .mos
1552 2540 1746 2606 fuerat,

153 2636 259 2676 rex
294 2638 352 2678 se
393 2624 445 2678 in
493 2625 672 2680 divino
717 2628 974 2698 obsequio
1017 2645 1115 2699 per
1157 2630 1349 2684 saltum
1378 2639 1539 2688 rotat.
1589 2631 1746 2693 Ecce,

152 2729 326 2783 quem
375 2715 632 2772 Dominus
675 2720 887 2775 cunctis
925 2721 1273 2792 singulariter
1317 2723 1590 2792 prmtulit,
1632 2737 1750 2778 sese

1851 1922 1971 1961 men
1989 1907 2047 1960 in
2076 1907 2364 1976 semetipso
2391 1906 2656 1961 cervicem
2684 1907 2866 1961 cordis
2890 1906 3064 1961 valida
3091 1907 3434 1962 discretionis

1848 1996 1995 2052 calce
2020 1996 2371 2066 deprimebat,
2403 1997 2588 2053 dicens
2629 2016 2642 2050 :
2692 1997 2901 2067 Eroque
2942 1996 3155 2050 humilis
3187 1998 3242 2050 in
3269 1997 3437 2052 oculis

1849 2087 1996 2139 meis.

1924 2194 1941 2227 ‹
1976 2188 1999 2216 ο
2031 2175 2296 2234 Sacerdos
2323 2193 2556 2248 quoque.
2587 2179 2676 2247 qui
2706 2194 2890 2234 arcam
2919 2180 3319 2236 inconsiderata
3357 2188 3436 2236 te-

1851 2268 2100 2322 meritate
2128 2269 2323 2339 tetigit,
2359 2284 2522 2324 ausus
2548 2271 2627 2324 sui
2673 2279 2882 2324 reatum
2923 2272 3214 2326 immatura
3261 2281 3436 2328 morte

1848 2357 2147 2428 purgavit‘
2191 2360 2431 2416 minores
2476 2362 2880 2432 deterioresque
2926 2363 3292 2427 demonstrat,
3342 2363 3435 2433 qui

1849 2447 2147 2518 intelligere
2197 2438 2302 2534 npn
2353 2449 2548 2513 valent,
2591 2459 2644 2504 et
2684 2451 2989 2521 despiciunt
3038 2453 3121 2508 vel
3164 2451 3305 2508 facta
3348 2453 3436 2508 vel

1849 2535 1991 2589 dicta
2021 2537 2325 2601 meliorum,
2355 2537 2448 2591 sed
2476 2552 2540 2592 eo
2571 2539 2639 2593 ab
2663 2538 2743 2592 eis
2773 2553 2877 2592 non
2916 2548 3118 2594 temere
3146 2543 3436 2610 reprehen-

1850 2626 2022 2680 denda
2071 2635 2214 2692 sunt,
2247 2643 2354 2696 quo
2393 2628 2725 2696 apprehendi
2779 2629 3046 2684 veraciter
3093 2645 3436 2699 nequaquam

1847 2725 2094 2784 possunt.
2153 2714 2305 2785 Saepe
2360 2716 2564 2784 aliquid
2615 2731 2644 2769 a
2702 2717 2996 2787 majoribus
3045 2719 3439 2788 dispensatorie

153 2807 266 2859 sub
322 2805 549 2861 Domino
576 2847 591 2870 ,
669 2815 725 2863 et
769 2810 1099 2879 exaequando
1157 2813 1394 2868 minimis
1439 2822 1495 2868 et
1541 2813 1750 2881 abjecta
1851 2806 2048 2876 agitur,
2087 2807 2284 2876 quoda
2317 2807 2616 2861 minoribus
2644 2823 2798 2862 error
2819 2816 3058 2890 putatur,
3088 2824 3227 2880 saepe
3267 2809 3437 2866 multa

153 2897 471 2982 exhibendo
499 2902 816 2956 contemnit.
848 2901 964 2957 Non
992 2911 1233 2972 potestas
1261 2906 1408 2975 regni
1454 2906 1519 2959 ad
1549 2921 1753 2960 memo—
1853 2913 1884 2951 a
1909 2898 2140 2954 fortibus
2174 2899 2445 2962 dicuntur,
2492 2901 2612 2968 quae
2657 2900 2857 2954 idcirco
2886 2898 3085 2954 inﬁrmi
3115 2898 3432 2968 diiudicant,

152 2987 302 3043 riam
357 2989 662 3056 reducitur,
707 3007 814 3048 non
868 2993 1232 3064 subjectorum
1282 2997 1454 3050 oculis
1507 2996 1753 3050 saltando
1853 2989 1976 3058 quia
2021 2989 2292 3060 ignorant.
2326 2988 2481 3056 Quod
2527 2991 2662 3044 bene
2701 2989 2872 3045 bobus
2918 2990 3325 3045 calcitrantibus
3354 2991 3437 3045 in-

151 3078 426 3135 vilescere
451 3082 644 3136 metuit
673 3100 684 3134 :
715 3097 821 3137 non
856 3098 916 3139 se
954 3085 1158 3139 honore
1198 3085 1476 3153 prmlatum
1519 3086 1750 3154 czeteris,

155 3181 292 3226 ante
322 3171 436 3242 ejus
463 3188 670 3240 arcam,
710 3176 802 3244 qui
826 3176 1083 3230 honorem
1125 3177 1348 3231 dederat
1391 3177 1746 3247 recognoscit.

154 3263 365 3322 Coram
389 3257 618 3319 Domino
645 3265 755 3336 egit
783 3276 808 3305 ο
843 3265 1036 3322 debilia
1064 3265 1151 3322 vel
1173 3275 1438 3332 extrema,
1479 3277 1541 3321 ut
1568 3268 1656 3322 illa
1682 3283 1748 3323 ex

155 3357 473 3412 humilitate
518 3356 773 3412 solidaret
801 3373 922 3428 qua:
947 3373 1127 3414 coram
1165 3359 1473 3414 hominibus
1509 3368 1752 3429 gesserat

156 3447 348 3501 fortia.
376 3447 513 3512 Quid
538 3447 605 3503 de
630 3445 746 3514 ejus
772 3447 929 3503 factis
953 3448 1022 3502 ab
1051 3447 1171 3504 aliis
1202 3449 1483 3514 sentiatur,
1517 3449 1705 3520 ignem
1733 3467 1745 3502 :

154 3550 266 3606 ego
292 3535 460 3590 David
482 3535 601 3605 plus
623 3536 910 3591 saltantem
941 3545 1150 3607 stupeo,
1185 3553 1344 3607 quam
1384 3547 1746 3609 pugnantem;

153 3626 452 3697 pugnando
487 3627 683 3695 quippe
731 3627 940 3680 hostem
978 3627 1233 3700 subdidit,
1281 3627 1528 3682 saltando
1571 3635 1751 3683 autem

155 3730 347 3769 coram
383 3715 608 3769 Domino
633 3716 981 3784 semetipsum
1015 3717 1183 3771 vicit:
1220 3731 1379 3786 quem
1421 3719 1614 3774 Michol
1644 3718 1749 3772 lilia

157 3806 296 3860 Saul
324 3805 501 3860 adhuc
529 3822 595 3860 ex
639 3817 847 3863 tumore
892 3807 919 3846 ἀ
969 3809 1130 3878 regiae
1161 3811 1336 3879 gentis
1380 3811 1588 3876 insana,
1626 3827 1750 3865 cum

155 3896 506 3951 humiliatum
531 3898 848 3966 despiceret,
881 3897 1068 3952 dicens
1093 3917 1104 3950 :
1137 3898 1291 3969 (vers.
1321 3898 1410 3970 20)
1439 3897 1608 3964 Quam
1636 3899 1748 3969 glo-

157 3987 337 4039 riosus
360 3985 459 4054 fuit
493 3985 647 4038 hodie
670 4000 759 4038 rea:
787 3983 976 4048 Israel,
1011 3985 1390 4055 discooperiens
1422 4004 1477 4041 se
1516 3998 1635 4042 ante
1657 4005 1752 4042 an-

156 4074 317 4128 cillas
343 4090 606 4130 servorum
636 4090 873 4136 suorum,
911 4082 960 4127 et
1000 4074 1228 4128 nudatus
1268 4085 1368 4140 est,
1393 4076 1545 4144 quasi
1578 4076 1624 4129 si
1655 4092 1754 4128 nu-

156 4156 322 4217 detur
346 4180 480 4217 unus
517 4163 579 4216 de
615 4163 832 4226 scurris,
862 4161 1110 4231 protinus
1151 4164 1355 4218 audivit
1398 4180 1414 4218 :
1459 4169 1611 4235 (rere.
1661 4164 1752 4234 2‘2)

169 4254 312 4308 Vivit
339 4253 616 4317 Dominus,
644 4253 769 4324 quia
801 4253 982 4306 Iudam
1011 4263 1132 4307 ante
1167 4254 1448 4308 Dominum
1487 4258 1575 4324 qui
1603 4254 1752 4325 elegit

159 4361 245 4398 me
269 4344 442 4414 potius
481 4359 637 4411 quam
663 4352 864 4412 patrem
892 4352 1060 4396 tuum.
1094 4343 1161 4397 Et
1185 4343 1344 4412 paulo
1385 4352 1507 4414 post
1534 4345 1610 4398 ait
1643 4362 1653 4398 :
1686 4343 1753 4398 Et

1855 3069 2052 3136 cl'inata
2098 3081 2188 3136 illa
2229 3081 2534 3137 testamenti
2584 3095 2711 3135 arca
2761 3081 3101 3151 significavit,
3133 3097 3294 3152 quam
3342 3082 3436 3152 qui

1856 3183 2104 3226 casuram
2128 3171 2352 3226 credens
2393 3169 2584 3225 levites
2621 3171 2830 3242 erigere
2854 3170 3042 3235 voluit,
3074 3186 3198 3225 mox
3224 3179 3438 3226 senten-

1856 3261 1985 3316 tiam
2013 3261 2214 3316 nmortis
2255 3260 2482 3330 accepit.
2520 3259 2660 3327 Quid
2707 3267 2791 3314 est
2832 3276 3065 3330 namque
3098 3275 3250 3316 mens
3277 3259 3433 3330 justi,

1853 3355 1956 3409 nisi
1989 3369 2115 3409 arca
2161 3353 2494 3418 testamenti,
2527 3366 2650 3421 qua
2686 3360 2901 3423 gestata
2945 3352 3124 3414 bobus
3151 3352 3438 3407 calcitran-

1852 3446 1994 3500 tibus
2011 3443 2338 3500 inclinatur?
2365 3441 2499 3509 Quia
2529 3457 2912 3511 nonnunquam
2956 3443 3120 3497 etiam
3162 3443 3257 3511 qui
3299 3443 3439 3497 bene

1851 3545 2082 3608 praeest,
2145 3537 2270 3590 dum
2323 3532 2685 3602 subjectomm
2736 3532 3053 3604 populorum
3087 3531 3434 3590 ‘eonfusione

1853 3625 2181 3690 concutitur,
2233 3623 2300 3678 ad
2346 3623 2761 3693 dispensationis
2809 3623 3319 3679 condescensionem
3365 3638 3434 3678 ex

1853 3718 1964 3771 sola
1986 3716 2272 3771 dilectione
2311 3716 2611 3785 promovet.
2656 3713 2764 3769 Sed
2801 3715 2854 3768 in
2902 3715 3005 3769 hoc
3048 3716 3188 3784 quod
3221 3715 3437 3784 dispen-

1851 3808 2058 3861 satione
2083 3805 2279 3876 agitur,
2320 3804 2596 3859 inclinatio
2622 3805 2736 3874 ipsa
2771 3805 3123 3875 fortitudinis,
3152 3821 3310 3861 casus
3338 3819 3442 3876 pu-

1853 3904 1999 3950 tatur
2049 3894 2332 3964 imperitis.
2378 3893 2529 3949 Unde
2573 3901 2628 3948 et
2668 3895 2908 3949 nonnulli
2978 3896 3177 3950 subditi
3241 3902 3432 3951 contra

1853 3987 1994 4039 hanc
2018 3999 2232 4039 manum
2252 3983 2686 4053 reprehensionis
2714 3985 2968 4050 mittunt;
3002 3985 3095 4040 sed
3119 4001 3147 4038 a
3175 3986 3285 4039 vita
3314 4002 3436 4064 pro-

1856 4077 1998 4132 tinus
2045 4077 2161 4146 ipsa
2218 4067 2313 4132 sua
2367 4078 2668 4133 temeritate
2713 4077 2986 4132 deﬁciunt.
3037 4078 3251 4132 Levites
3303 4093 3435 4151 ergo

1853 4168 2005 4236 quasi
2032 4167 2292 4236 adiuvans
2320 4182 2537 4221 manum
2584 4169 2807 4222 tetendit
2832 4187 2844 4222 :
2874 4169 2972 4224 sed
3012 4169 3328 4238 delinquens
3353 4171 3434 4224 vi-

1855 4264 1963 4310 tam
1993 4257 2246 4327 perdidit,
2270 4258 2396 4327 quia
2435 4259 2563 4312 dum
2602 4257 2798 4314 infirmi
2821 4260 3019 4330 quique
3045 4259 3262 4314 fortium
3289 4260 3432 4316 facta

1854 4348 2175 4416 corripiunt,
2208 4349 2309 4419 ipsi
2339 4364 2370 4403 a
2399 4349 2695 4404 viventium
2724 4357 2867 4405 sorte
2910 4352 3290 4420 reprobantur.
3321 4349 3434 4405 Ali-

160 4435 384 4497 ludam,
414 4443 462 4486 et
491 4433 645 4532 vilior
685 4433 812 4532 ﬁam
852 4432 1128 4532 plusquam
1173 4435 1344 4504 factus
1381 4453 1496 4489 sum
1518 4477 1532 4500 ,
1564 4452 1753 4507 eraque
1776 4473 1830 4532 Β
1854 4439 2069 4508 quando
2101 4441 2264 4496 etiam
2294 4442 2466 4530 sancti
2513 4441 2616 4495 viri
2659 4442 2902 4511 quaedam
2949 4443 3186 4498 minimis
3230 4443 3433 4499 conde-

160 4523 382 4577 humilis
407 4523 461 4575 in
488 4521 654 4576 oculis
691 4522 839 4576 meis.
873 4522 949 4577 Ac
975 4524 1020 4578 si
1048 4533 1235 4593 aperte
1265 4525 1408 4580 dicat
1437 4544 1449 4579 :
1478 4525 1749 4582 Vilescere
1776 4521 1825 4532 ”
1854 4530 2175 4585 scandentes
2216 4521 2423 4596 dicunt,
2472 4531 2718 4600 quadam
2765 4545 2894 4586 vero
2938 4547 3144 4586 summa
3190 4542 3430 4588 eontem-

161 4628 354 4669 coram
405 4611 710 4666 hominibus
757 4621 969 4682 appeto,
1008 4615 1134 4683 quia
1182 4629 1402 4670 servare
1444 4631 1531 4670 me
1564 4631 1748 4670 coram

161 4704 400 4758 Domino
450 4703 738 4772 ingenuum
788 4718 888 4772 per
941 4704 1301 4759 humilitatem
1354 4721 1555 4775 quam.
1613 4706 1752 4762 Sunt

164 4810 300 4849 vero
349 4792 585 4847 nonnulli
629 4793 720 4862 qui
771 4793 837 4848 de
889 4796 1191 4864 semetipsis
1219 4797 1442 4851 humilia
1485 4798 1747 4863 sentiunt,

164 4887 297 4957 quia
320 4887 374 4940 in
401 4885 695 4940 honoribus
723 4885 882 4954 positi
929 4885 1060 4939 nihil
1084 4902 1142 4941 se
1175 4903 1313 4953 esse,
1345 4890 1450 4947 nisi
1474 4890 1746 4958 pulverem

164 4977 537 5045 favillamque,
561 4975 928 5046 perpendunt;
959 4976 1053 5030 sed
1095 4984 1273 5030 tamen
1303 4993 1494 5033 coram
1518 4981 1750 5036 homini-

165 5069 270 5122 bus
297 5066 428 5121 viles
455 5081 714 5136 apparere
744 5065 1033 5138 refugiunt,
1061 5075 1117 5121 et
1138 5060 1328 5123 contra
1357 5071 1480 5134 hoc,
1517 5071 1660 5142 quod
1685 5071 1752 5127 de

167 5173 227 5212 se
257 5159 490 5212 interius
518 5157 777 5228 cogitant,
807 5159 959 5227 quasi
993 5159 1161 5228 rigida
1210 5161 1448 5216 exterius
1475 5171 1752 5219 venustate

165 5247 482 5318 palliantur.
507 5248 575 5302 Et
598 5257 721 5303 sunt
749 5249 988 5304 nonnulli
1011 5249 1102 5318 qui
1133 5249 1266 5304 viles
1289 5251 1459 5306 videri
1490 5251 1558 5306 ab
1582 5254 1753 5308 homi-

241 5388 272 5418 ι
305 5375 574 5431 Hactenus
609 5378 773 5432 etiam
812 5376 1078 5431 Babanus.

245 5447 274 5487 δ
317 5446 448 5512 Qua;
475 5447 875 5520 subsequuntur
909 5449 1482 5520 expressimhinvenics
1505 5465 1622 5520 cap.
1661 5452 1751 5517 46,

249 5463 274 5487 υ
317 5463 448 5512 una:
475 5463 875 5568 sunseqluuntur
909 5463 1205 5516 expressim
1242 5463 1482 5503 invenies
1505 5465 1622 5520 cap.
1661 5463 1751 5517 46,

173 5519 308 5572 alias
333 5532 480 5569 num.
499 5515 565 5568 77
585 5525 638 5570 et
690 5517 723 5570 8
744 5517 863 5572 libri
881 5533 1025 5570 xxvu
1055 5517 1332 5572 Moralium
1366 5519 1419 5572 in
1447 5518 1548 5574 Joh
1571 5537 1600 5574 a
1631 5537 1754 5577 san-

174 5598 264 5643 cto
291 5585 554 5655 Gregorio
583 5586 1038 5641 elucubratorum.

249 5654 465 5730 gEdit},
509 5654 654 5730 vilia;
698 5656 790 5708 sed
826 5657 1170 5730 retinendum
1214 5666 1340 5727 puto
1391 5659 1596 5724 debilia,
1636 5677 1753 5730 qua)

179 5726 386 5784 scilicet
410 5724 712 5780 humilitate
741 5727 1013 5782 solidaret.

1835 4621 2060 4698 Iplantes
2081 4619 2399 4694 proferunt;
2427 4621 2663 4693 dumque
2689 4624 2799 4678 vim
2838 4624 2922 4679 vel
2962 4624 3432 4685 condescensionis

1851 4709 1932 4762 vel
1953 4710 2248 4765 altitudinis
2269 4712 2537 4777 nesciunt,
2561 4714 2818 4768 audacter
2838 4712 2952 4769 hinc
2973 4715 3119 4769 stulti
3143 4717 3428 4787 reprehen-

1850 4800 2004 4853 dunt.
2033 4800 2099 4853 Et
2122 4796 2250 4869 quid
2274 4789 2358 4856 est
2371 4799 2576 4870 justu
2604 4802 2670 4856 de
2693 4817 2787 4857 sua
2813 4803 3266 4861 condescensione
3292 4789 3432 4864 velle

1851 4891 2145 4960 corrigere,
2186 4891 2288 4947 nisi
2317 4892 2623 4948 inchoatam
2659 4883 2841 4948 arcam
2867 4895 3095 4965 superba
3139 4899 3430 4967 reprehen-

1852 4982 2020 5038 sionis
2048 4997 2210 5036 manu
2239 4982 2511 5038 relevare?
2553 4982 2694 5051 Quid
2717 4993 2800 5041 est
2833 4983 3037 5053 justum
3070 4987 3137 5042 de
3174 4997 3200 5035 ι
3243 4988 3428 5043 incon-

1853 5075 1962 5129 dita
1990 5073 2259 5129 locutione
2284 5073 2701 5146 reprehendere,
2745 5075 2847 5130 nisi
2881 5084 3083 5130 motum
3125 5077 3242 5147 ejns
3273 5062 3427 5133 forti-

1853 5164 2074 5228 tudinis,
2107 5163 2307 5217 enoris
2327 5162 2535 5232 lapsum
2563 5165 2789 5234 putare?
2813 5164 2909 5218 sed
2943 5165 3119 5235 perdit
3144 5168 3307 5222 vitam
3333 5169 3425 5237 qui

1853 5267 2036 5309 arcam
2077 5253 2172 5308 Dei
2197 5252 2420 5308 -tumide
2463 5253 2727 5319 sublevat,
2761 5255 2888 5323 quia
2927 5269 3262 5327 nequaquam
3306 5258 3428 5317 quis

1925 5383 1952 5423 ἀ
1982 5383 2147 5452 Edit.,
2180 5383 2306 5451 regii
2337 5384 2556 5452 generis.

1931 5463 1955 5523 9
1981 5451 2461 5523 Sacerdotemlate
2489 5452 2738 5523 intelligo.

1933 5521 1950 5560 ί
1978 5521 2100 5594 litae
2120 5520 2376 5594 exscribit
2397 5520 2881 5594 exgregoriilibro
2897 5522 3220 5594 vMoralium
3249 5521 3422 5594 {nun}.

1855 5590 2106 5671 24,7alioas
2132 5605 2249 5659 cap.
2283 5591 2316 5646 9
2343 5591 2422 5645 vel
2455 5591 2537 5663 10]
2561 5590 2827 5652 Claudius,
2854 5593 2942 5660 qui
2971 5601 3146 5646 tamen
3171 5590 3428 5648 nonnulla

1856 5669 2102 5717 mutavit.

1931 5734 1955 5776 σ
1981 5730 2148 5796 Edit.,
2185 5731 2462 5802 incognita.
