3912 6318
462 326 568 384 699

1537 325 1814 383 CLAUDII
1854 326 2317 386 TAURlNENSlS
2356 330 2664 387 EPlSCOPl

3642 337 3742 394 700

457 449 771 500 sanctorum
814 438 1084 509 corrigere
1126 446 1276 494 recta
1320 451 1694 509 prmsumeret,
1740 442 1844 497 nisi
1886 441 1953 497 de
1986 457 2044 497 se
2072 447 2122 504 Α
2149 444 2201 498 in
2228 459 2292 498 eo
2323 444 2548 512 ﬁguram
2576 446 2809 500 delineat
2833 446 3155 502 futurorum.
3188 449 3324 504 Nam
3350 459 3555 520 praeter
3575 452 3741 508 libros

456 535 611 606 prius
637 531 857 587 meliora
886 531 1165 587 sensisset.
1201 532 1354 588 Unde
1397 542 1451 598 et
1493 535 1681 592 levites
1711 537 1873 603 idem,
1902 546 2048 592 recte

459 624 576 680 Oza
606 610 998 693 dicitur;un
1036 625 1288 683 videlicet
1336 626 1578 682 robustus
1622 628 1835 683 Domini
1882 630 2047 684 inter-

455 723 737 787 pretatur:
789 715 916 786 quia
962 725 1383 786 praesumptores
1430 719 1653 788 quique,
1703 719 1806 774 nisi
1857 719 2044 774 audaci

457 814 642 862 meme
686 807 937 863 robustos
991 821 1050 862 se
1103 808 1155 860 in
1213 809 1439 865 Domino
1499 813 1801 877 crederent,
1845 827 2049 881 nequa-

457 913 621 967 quam
658 897 942 952 meliorum
968 898 1108 956 facta
1136 900 1221 955 vel
1243 901 1382 956 dicta
1414 902 1562 958 velut
1589 903 1799 958 infirma
1833 903 2047 973 judica-

459 996 599 1042 rent.
634 1007 653 1039 ι

531 1076 684 1148 (Cap.
716 1077 795 1143 7.)
823 1077 955 1138 Post
998 1078 1136 1144 hinc,
1173 1094 1296 1133 cum
1339 1079 1450 1148 regi
1496 1079 1662 1134 David
1715 1080 1880 1135 multa
1923 1097 2050 1151 pro-

459 1184 619 1238 spera
658 1169 1035 1238 provenissent
1061 1209 1075 1233 ,
1124 1170 1383 1241 cogitavit
1426 1169 1604 1226 facere
1651 1170 1763 1226 Deo
1807 1171 2044 1240 dOmmu,

459 1262 720 1330 templum
768 1261 897 1325 illud
951 1261 1158 1324 scilicet
1196 1262 1649 1317 excellentissime
1688 1260 2046 1328 diﬂ‘amatum,

459 1352 603 1422 quod
647 1367 676 1406 a
721 1367 849 1423 rege
879 1350 1169 1416 Salomone
1201 1353 1314 1408 lilio
1348 1352 1464 1421 ejus
1499 1360 1682 1422 postea
1723 1353 2048 1409 fabricatum

459 1451 562 1499 est.
593 1442 708 1498 Hoc
731 1457 798 1498 eo
829 1445 1099 1514 cogitante
1130 1443 1331 1508 factum
1369 1452 1453 1499 est
1484 1445 1710 1500 verbum
1738 1444 1951 1499 Domini
1981 1449 2052 1500 ad

462 1529 676 1592 Nathan
719 1534 1062 1602 prophetam,
1107 1533 1250 1602 quod
1284 1532 1553 1603 perferret
1583 1534 1650 1589 ad
1699 1550 1900 1606 regem.
1946 1535 2052 1593 Ubi

461 1637 585 1687 cum
617 1623 844 1680 dixisset
883 1625 1166 1689 Dominus,
1198 1626 1338 1695 quod
1375 1641 1480 1682 non
1510 1627 1576 1682 ab
1609 1627 1724 1696 ipso
1749 1627 1920 1682 David
1948 1627 2054 1684 sibi

460 1716 824 1777 aedificaretur
851 1717 1064 1783 domus,
1107 1732 1282 1787 neque
1331 1733 1430 1788 per
1475 1726 1688 1773 tantum
1706 1726 1942 1787 tempus
1990 1733 2052 1773 se

2149 537 2343 591 divina:
2364 537 2619 603 historiae,
2637 538 2726 592 ubi
2748 554 2999 609 regnasse
3022 550 3300 606 narratur,
3319 544 3567 612 psalmus
3580 545 3740 599 etiam

2150 629 2577 699 septuagesimus
2601 629 2806 697 primus
2835 631 2990 686 titulo
3018 633 3254 686 nominis
3285 632 3404 700 ejus
3444 635 3744 705 inscriptus

2148 728 2229 773 est
2253 738 2264 772 :
2297 720 2350 774 in
2378 735 2485 789 quo
2508 729 2615 773 tam
2639 721 2806 776 multa
2833 723 3104 788 dicuntur,
3127 739 3249 792 quae
3276 725 3504 779 omnino
3537 725 3588 779 ei
3617 741 3742 780 con-

2149 813 2333 866 venire
2359 829 2463 868 non
2485 821 2728 881 possunt,
2763 814 2990 869 Domino
3009 821 3191 868 autem
3213 813 3434 870 Christo
3458 818 3743 886 aptissima

2147 902 2534 971 perspicuitate
2591 903 2956 968 conveniunt,
3006 910 3068 957 ut
3124 903 3403 959 evidenter
3460 915 3744 975 appareat,

2148 991 2291 1057 quod
2327 990 2382 1045 in
2405 990 2497 1045 illo
2526 989 2698 1060 ﬁgura
2745 991 3135 1061 qualiscunque
3169 993 3490 1049 adumbrata
3535 996 3648 1065 sit;
3693 997 3745 1050 in

2149 1085 2253 1140 isto
2283 1087 2396 1157 ipsa
2419 1087 2622 1142 veritas
2664 1096 3008 1158 praesentata.
3038 1089 3234 1145 Notum
3261 1098 3343 1145 est
3370 1089 3520 1144 enim
3549 1072 3751 1158 quibus

2148 1175 2393 1230 terminis
2441 1190 2664 1248 regnum
2707 1178 3019 1234 conclusum
3070 1178 3232 1234 fuerit
3259 1177 3574 1234 Salomonis
3624 1195 3637 1229 :
3693 1185 3755 1230 et

2151 1269 2328 1316 tamen
2357 1263 2414 1316 in
2447 1279 2511 1319 eo
2555 1265 2765 1334 psalmo
2793 1266 3010 1338 legitur,
3037 1276 3100 1322 ut
3144 1267 3252 1322 alia
3279 1275 3489 1322 taceam
3520 1281 3536 1320 :
3571 1264 3746 1336 (Psal.

2138 1370 2296 1420 μαι,
2324 1356 2379 1427 8)
2410 1356 2780 1413 Dominabitur
2803 1378 2835 1415 a
2856 1363 2991 1415 mari
3020 1379 3182 1433 usque
3216 1363 3286 1423 ad
3322 1379 3490 1426 mare,
3511 1372 3568 1415 et
3595 1380 3627 1414 a
3648 1364 3753 1431 ﬁu-

2149 1445 2288 1498 mine
2313 1447 2476 1516 usque
2502 1448 2572 1500 ad
2595 1451 2844 1504 (emines
2879 1451 3017 1505 orbis
3042 1460 3196 1506 terre
3219 1468 3237 1504 :
3265 1453 3414 1521 quod
3439 1452 3492 1505 in
3527 1451 3754 1506 Christo

2149 1533 2392 1589 videmus
2419 1535 2651 1605 impleri.
2682 1538 2725 1590 A
2756 1537 2976 1596 ﬂumine
3022 1542 3220 1612 quippe
3255 1541 3574 1596 dominandi
3608 1557 3757 1595 sum-

2148 1624 2257 1692 psit
2277 1626 2580 1691 exordium,
2604 1627 2694 1682 ubi
2723 1629 3029 1699 baptizatus
3053 1647 3080 1684 a
3110 1630 3340 1695 Joanne,
3371 1634 3565 1687 eodem
3595 1647 3753 1687 mon-

2151 1721 2356 1767 strante
2390 1715 2555 1785 coepit
2579 1717 2800 1786 agnosci
2836 1733 2865 1772 a
2903 1718 3204 1788 discipulis,
3237 1720 3329 1788 qui
3363 1735 3489 1774 eum
3521 1735 3633 1774 non
3665 1735 3754 1774 so-

461 1808 751 1864 mandasse
785 1809 1040 1879 cuiquam
1069 1809 1122 1865 in
1148 1810 1345 1877 populo
1389 1811 1507 1875 suo,
1549 1817 1610 1864 ut
1641 1809 1744 1865 sibi
1776 1809 1932 1864 ﬁeret
1956 1810 2048 1864 do-
2077 1833 2123 1892 B
2152 1804 2259 1858 lum
2277 1804 2632 1876 "Magistrum,
2671 1823 2859 1863 verum
2898 1809 3063 1864 etiam
3107 1809 3390 1863 Dominum
3437 1810 3754 1880 appellave-

460 1913 582 1954 mus
605 1898 825 1960 cedrina
856 1915 869 1951 :
909 1896 1062 1970 (vers.
1093 1896 1150 1962 5,
1181 1897 1236 1963 6,
1261 1899 1316 1964 7,
1341 1898 1396 1969 8)
1430 1898 1512 1952 Et
1532 1915 1686 1963 nunc,
1722 1899 1920 1968 inquit,
1951 1899 2048 1953 hoc

461 1986 601 2051 dices
624 2002 768 2040 servo
789 2001 902 2049 meo
927 1985 1120 2050 David.
1147 1984 1279 2046 Hau:
1300 1985 1428 2041 dicit
1453 1985 1749 2049 Dominus:
1780 1987 1936 2059 (uera.
1960 1986 2048 2058 12)

462 2074 593 2128 Cum
622 2075 820 2145 impleti
841 2075 1036 2145 fuerint
1065 2075 1174 2130 dies
1212 2077 1308 2142 tui,
1355 2085 1404 2130 et
1441 2078 1718 2132 dormieris
1744 2095 1862 2132 cum
1887 2081 2053 2149 patri-2

462 2167 555 2222 bus
580 2167 707 2234 tuis,
732 2166 995 2220 suscitabo
1036 2180 1206 2222 semen
1234 2177 1380 2221 tuum
1416 2177 1530 2238 post
1557 2176 1621 2231 te,
1654 2169 1792 2239 quod
1817 2169 2051 2239 egredie-

461 2265 551 2310 tur
569 2257 634 2310 de
656 2265 802 2317 utero
826 2266 935 2320 tuo,
960 2265 1006 2312 et
1028 2256 1250 2325 ﬁrmabo
1275 2274 1492 2327 regnum
1520 2257 1653 2327 ejus.
1682 2257 1802 2328 Ipse
1823 2257 2054 2326 adiﬁca—

463 2345 533 2405 bit
572 2345 784 2399 domum
830 2347 1026 2400 nomini
1053 2363 1186 2412 meo,
1227 2355 1277 2400 et
1315 2347 1580 2401 stabiliam
1613 2348 1860 2401 thronum
1909 2349 2053 2418 regni

460 2434 575 2503 ejus
599 2451 760 2504 usque
785 2434 840 2487 in
879 2435 1273 2504 sempiternum.
1315 2434 1427 2503 Ego
1466 2451 1554 2487 ero
1595 2435 1642 2487 ei
1676 2436 1731 2487 in
1754 2443 1974 2503 patrem,
2002 2443 2051 2488 et

459 2526 570 2596 ipse
589 2526 689 2580 erit
714 2525 842 2586 mibi
871 2527 927 2580 in
947 2524 1138 2594 ﬁlium.
1165 2537 1190 2566 ι
1241 2544 1258 2575 ι
1308 2524 1458 2580 Hanc
1484 2532 1597 2580 tam
1640 2525 1897 2616 grandem
1926 2541 2053 2595 pro-

460 2616 782 2679 missionem
811 2616 903 2683 qui
925 2623 1081 2685 putat
1106 2615 1160 2668 in
1198 2614 1486 2671 Salomone
1515 2613 1680 2669 fuisse
1709 2614 2048 2684 completam,

460 2708 690 2767 multum
722 2714 887 2770 errat.
923 2705 1172 2762 Attendit
1214 2706 1359 2760 enim
1407 2705 1549 2776 quod
1580 2705 1782 2765 dictum
1812 2716 1897 2764 est
1929 2724 1941 2758 :
1971 2706 2054 2759 hic

457 2796 742 2866 a’diﬁeabit
768 2796 898 2863 mihi
922 2795 1165 2862 domum,
1208 2795 1465 2865 quoniam
1507 2793 1765 2848 Salomon
1796 2794 2052 2863 templum

460 2886 596 2941 illud
635 2880 822 2940 nobile
864 2886 1082 2940 struxit.
1129 2894 1185 2940 et
1228 2900 1335 2940 non
1366 2884 1598 2938 attendit
1640 2902 1652 2937 :
1704 2883 1908 2946 Fidelis
1955 2885 2056 2938 erit

458 2976 647 3029 domus
695 2975 834 3048 Qus,
885 2985 934 3029 et
969 2975 1338 3046 regnum'ejus
1377 2991 1539 3044 usque
1572 2975 1626 3027 in
1673 2983 1923 3031 aeternum
1967 2991 2052 3028 co-

462 3081 582 3122 ram
615 3083 717 3120 me.

2154 1903 2277 1948 runt
2309 1913 2321 1948 :
2358 1909 2456 1951 nec
2483 1896 2553 1950 ob
2581 1896 2744 1961 aliud,
2787 1899 3001 1954 vivente
3029 1900 3205 1954 adhuc
3232 1908 3386 1969 patre
3414 1916 3514 1955 suo
3553 1900 3748 1963 David,

2153 1999 2381 2056 regnare
2431 1983 2683 2041 Salomon
2727 1988 2914 2058 cmpit,
2961 1991 3104 2057 quod
3135 1989 3265 2042 nulli
3299 2003 3488 2059 regum
3529 1988 3750 2043 illorum

2154 2077 2398 2146 contigit,
2424 2076 2531 2132 nisi
2561 2085 2620 2131 ut
2657 2079 2785 2132 hinc
2809 2093 3022 2148 quoque
3051 2079 3183 2158 satis
3210 2079 3440 2142 eluceat,
3474 2094 3587 2133 non
3634 2094 3752 2133 esse

2155 2167 2328 2236 ipsum
2375 2181 2533 2236 quem
2565 2167 2844 2237 prophetia
2876 2169 2979 2222 ista
3018 2169 3326 2241 praesignat,
3357 2183 3480 2237 qua:
3525 2168 3599 2221 ad
3638 2166 3753 2234 ejus

2153 2265 2363 2327 patrem
2389 2257 2646 2326 loquitur,
2684 2257 2872 2313 dicens
2918 2272 2932 2311 :
2975 2257 3045 2310 Et
3082 2260 3178 2313 erit
3205 2276 3322 2313 cum
3351 2258 3599 2328 completi
3631 2258 3749 2325 fue-

2156 2349 2258 2400 rint
2302 2346 2412 2400 dies
2444 2347 2538 2409 tui,
2586 2356 2634 2400 et
2672 2347 2949 2401 dormieris
2981 2363 3097 2403 cum
3129 2348 3365 2416 patribus
3411 2348 3539 2411 tuis,
3593 2350 3758 2401 susci-

2154 2435 2272 2488 tabo
2301 2451 2475 2489 semen
2515 2444 2663 2489 tuum
2703 2445 2816 2505 post
2863 2445 2930 2501 te,
2964 2437 3052 2506 qui
3091 2435 3225 2489 exist
3255 2435 3318 2490 de
3348 2445 3521 2493 uentre
3551 2444 3672 2499 tuo,
3709 2446 3755 2488 et

2153 2525 2462 2598 praeparatio
2513 2542 2732 2596 regnum
2777 2525 2942 2585 illius.
3004 2526 3283 2593 Quomodo
3338 2541 3474 2596 ergo.
3524 2535 3756 2596 propter

2155 2614 2299 2683 quod
2326 2615 2574 2684 sequitur
2601 2633 2612 2666 :
2643 2613 2924 2683 trdiﬁcabit
2945 2615 3075 2681 mihi
3098 2615 3331 2681 domum,
3363 2616 3466 2672 iste
3490 2615 3757 2671 Salomon

2154 2703 2434 2772 putabitur
2460 2705 2834 2773 prophetatus,
2859 2711 2914 2760 et
2939 2720 3048 2759 non
3077 2705 3256 2774 potius
3277 2713 3498 2774 propter
3521 2705 3578 2759 id
3612 2705 3762 2773 quod

2153 2795 2399 2864 procedit
2426 2814 2439 2848 :
2473 2813 2589 2850 cum
2621 2795 2860 2867 completi
2884 2797 3080 2866 fuerint
3112 2799 3222 2859 dies
3264 2799 3362 2865 tui,
3391 2807 3439 2854 et
3470 2798 3759 2853 dormieris

2155 2898 2272 2941 cum
2292 2884 2526 2956 patribus
2551 2886 2670 2948 tuis,
2701 2887 2965 2953 suscitabo
2984 2903 3158 2953 semen
3181 2897 3331 2954 tuum
3348 2897 3459 2957 post
3489 2897 3535 2943 te
3551 2888 3578 2940 .9
3598 2887 3760 2942 Alius

2154 2971 2415 3045 paciﬁcus
2444 2974 2763 3043 intelligitur
2802 2989 2923 3031 esse
2956 2977 3277 3046 promissus,
3317 2978 3408 3046 qui
3447 2992 3553 3036 non
3600 2971 3757 3042 ante,

2156 3064 2297 3123 sicut
2320 3064 2444 3136 iste,
2475 3065 2570 3126 sed
2602 3073 2726 3134 post
2752 3075 2980 3130 mortem
3023 3067 3192 3129 David
3236 3069 3637 3138 praenuntiam
3671 3078 3761 3124 est

537 3173 556 3208 ‹
585 3155 843 3222 Attende:
869 3170 998 3229 avsa
1026 3163 1085 3229 φι
1106 3155 1338 3226 aspiciat.
1361 3155 1672 3216 Summis.
1693 3154 1910 3226 domum
1940 3154 2053 3224 ple-
2080 3176 2123 3237 ο
2157 3158 2520 3218 suscitandus’.
2569 3157 2826 3225 Quolibet
2852 3159 3023 3225 enim,
3069 3159 3229 3230 longo
3259 3160 3576 3228 interposito
3620 3170 3763 3214 tem-

458 3261 586 3308 nam
629 3246 948 3315 mulieribus
986 3245 1306 3319 dimissius
1342 3245 1644 3312 colentibus
1676 3245 1818 3306 Deos
1861 3243 2051 3315 falsos,

460 3337 814 3414 etipsprum
851 3338 924 3406 ab
966 3338 1049 3400 eis
1091 3351 1274 3408 regem
1323 3335 1610 3402 aliquando
1645 3335 1960 3405 sapientem,
1999 3335 2054 3395 in

460 3428 706 3484 eamdem
735 3427 1103 3488 idololatriam
1131 3414 1424 3489 seductum
1464 3433 1626 3494 atque
1661 3425 1952 3496 deiectum,
2000 3433 2054 3480 et

460 3529 582 3582 non.
615 3515 808 3586 audeat
860 3515 1173 3574 existimare
1225 3517 1420 3580 Deum.
1462 3503 1554 3570 vel.
1597 3514 1700 3575 hoc
1737 3515 2052 3592 promisisse

460 3603 822 3678 mendaciter,
853 3604 939 3664 vel
969 3604 1133 3674 talen:
1174 3604 1526 3673 Salomouem
1565 3604 1895 3674 domumque
1939 3605 2055 3674 ejus

460 3690 726 3758 futuram,
770 3699 893 3751 nnn'
928 3693 1168 3762 potuisse
1225 3692 1496 3762 praescire.
1538 3691 1656 3751 Non
1703 3693 1830 3747 hinc
1874 3702 2054 3748 autem

461 3783 782 3839 “eremus
812 3783 1107 3854 ambigere,
1148 3798 1249 3842 nec
1283 3783 1328 3855 si
1365 3797 1472 3839 non
1500 3783 1557 3849 in
1582 3781 1798 3847 Christo
1827 3782 2056 3840 Domino

459 3877 674 3937 nostro,
707 3871 801 3944 qui
824 3869 1002 3926 factus
1029 3870 1207 3944 (Rom.
1258 3888 1319 3942 1,,
1345 3872 1400 3942 '5)
1429 3880 1519 3940 est
1554 3887 1620 3928 ex
1651 3873 1856 3930 semine
1885 3875 2054 3928 David

459 3963 760 4019 secundum
791 3979 1033 4030 carnem,
1061 3963 1172 4036 jam
1199 3963 1507 4023 videremus
1535 3965 1638 4023 ista
1662 3965 1942 4038 compleri,
1985 3981 2054 4019 ne

459 4066 599 4108 vane
644 4061 806 4123 atque
848 4053 1084 4114 inaniter
1117 4053 1204 4107 hic
1243 4051 1478 4127 aliquem
1515 4052 1875 4123 requiramus,
1914 4054 2054 4108 sicut

461 4143 707 4199 carnales
727 4144 914 4202 Judaei.
946 4143 1080 4204 Nam
1103 4152 1160 4199 et
1185 4145 1284 4212 ipsi
1309 4159 1479 4212 usque
1509 4130 1645 4201 adeo
1672 4144 1864 4209 lilium,
1891 4159 2052 4221 quem

459 4234 582 4294 loco
633 4237 737 4291 is'to
779 4237 890 4309 regi
927 4236 1095 4291 David
1128 4235 1455 4305 promissum
1490 4235 1698 4308 legunt,
1752 4233 2053 4304 intelligunt

461 4337 571 4378 non
597 4323 762 4382 fuisse
784 4325 1154 4392 Salomonem,
1180 4333 1324 4390 uteo
1343 4325 1432 4394 qui
1458 4326 1754 4394 promissus
1774 4332 1876 4389 est,
1903 4333 2051 4394 tanta

454 4411 571 4485 jam
618 4411 1056 4470 manifestatione
1093 4409 1390 4487 declarato,
1418 4415 1593 4473 adhuc
1635 4414 1868 4468 mirabili
1899 4416 2053 4470 unci-

2158 3265 2309 3321 pore,
2337 3249 2494 3318 Iesus
2520 3249 2774 3316 Cbuhtus
2801 3251 3035 3318 veniret,
3059 3250 3248 3320 procul
3269 3250 3437 3310 dubio
3454 3257 3583 3319 past
3605 3266 3760 3304 mor-

2156 3349 2265 3396 tem
2292 3340 2463 3400 David
2492 3341 2660 3412 regis,
2687 3340 2775 3395 cui
2803 3341 2883 3396 sic
2913 3347 3000 3403 est
3042 3340 3362 3410 promissus,
3386 3354 3516 3394 .eum
3555 3339 3760 3393 venire

2154 3433 2459 3502 oportebat,
2490 3432 2588 3502 qui
2609 3429 2903 3492 aediﬁcaret
2926 3431 3145 3494 domum
3179 3430 3316 3495 Deo,
3354 3443 3458 3491 non
3488 3429 3553 3484 de
3587 3429 3760 3498 lignis

2155 3534 2210 3580 et
2235 3524 2522 3594 lapidibus,
2554 3525 2648 3586 sed
2679 3523 2746 3591 de
2791 3521 3125 3587 hominibus,
3153 3521 3368 3591 qualem
3399 3520 3541 3581 illum
3573 3520 3758 3574 aediﬁ-

2156 3629 2281 3668 care
2324 3613 2619 3683 gaudemus
2657 3630 2668 3664 :
2714 3612 2841 3670 huic
2869 3612 3013 3667 enim
3045 3609 3228 3667 domui
3266 3611 3397 3665 dicit
3433 3609 3758 3677 Apostolus,

2157 3703 2260 3757 hoc
2301 3710 2384 3759 est
2430 3702 2682 3768 ﬁdelibus
2709 3700 2912 3768 Christi
2946 3719 2968 3760 ε,
2999 3699 3054 3772 (Ι
3090 3697 3214 3759 Cor.
3247 3715 3329 3764 ιιι,
3357 3698 3441 3770 l7)
3474 3697 3763 3767 Templum

2154 3793 2291 3857 enim
2323 3789 2417 3846 Dei
2455 3799 2691 3846 sanctum
2722 3798 2817 3853 est,
2847 3789 2987 3860 quod
3029 3789 3154 3843 estis
3195 3804 3303 3852 vos.
3351 3786 3575 3856 Propter
3599 3787 3758 3855 quod

2157 3883 2209 3935 in
2246 3880 2454 3954 psalmo
2501 3879 2873 3952 octuagesimo
2913 3886 3127 3948 octavo,
3176 3877 3330 3946 cujus
3379 3875 3560 3931 titulus
3626 3887 3753 3930 est:

2156 3975 2460 4031 Intellectus
2482 3973 2582 4042 ipsi
2602 3971 2780 4039 Ethan
2799 3970 3080 4035 Israelitaz,
3105 3976 3602 4035 commemorantur
3624 3979 3754 4035 pros

2156 4064 2564 4142 mnssionesﬁei
2595 4063 2751 4126 factm
2781 4063 2896 4132 regi
2929 4060 3116 4129 David,
3145 4061 3287 4142 sicut
3314 4066 3371 4113 et
3391 4059 3445 4112 in
3474 4057 3578 4112 hoc
3608 4057 3754 4112 libro

2157 4155 2363 4224 Regum
2386 4134 2576 4223 po’sitae
2607 4158 2753 4216 sunt,
2781 4151 2854 4216 ita
2879 4157 2936 4213 et
2959 4149 3033 4210 ibi
3057 4138 3304 4218 quaedam
3327 4147 3522 4202 similia
3551 4146 3754 4201 dicun-

2155 4255 2261 4307 tur,
2297 4246 2434 4303 sicut
2459 4252 2542 4307 est
2569 4243 2700 4304 illud
2735 4260 2746 4295 :
2783 4240 3030 4313 (Ibidem,
3071 4240 3126 4303 id
3157 4247 3233 4296 est
3257 4236 3352 4293 Ps.
3397 4253 3672 4302 tum",
3698 4239 3751 4309 5)

2154 4336 2342 4401 λιιι·αυὶ
2385 4335 2554 4396 David
2601 4349 2748 4398 servo
2791 4348 2927 4396 meo,
2977 4346 3138 4400 usque
3166 4331 3502 4386 itemternum
3528 4345 3750 4399 prepa-

2157 4424 2280 4480 rabo
2304 4441 2475 4490 semesa
2503 4433 2668 4490 tuum,
2696 4430 2806 4483 etc.
2833 4421 2860 4460 δ
2892 4418 3023 4476 Illud
3041 4433 3168 4476 vero
3192 4417 3334 4488 quod
3363 4416 3530 4471 dicit:
3560 4427 3580 4455 ε
3621 4416 3749 4481 Qui,

460 4509 576 4562 late
619 4503 783 4559 alium
811 4520 1032 4580 sperare
1058 4519 1116 4566 se
1146 4506 1348 4561 dicunt.
1376 4505 1540 4578 Fac“!
1565 4505 1888 4575 estquidem
1916 4521 2050 4560 DOD-
2074 4516 2127 4575 D
2151 4515 2196 4567 si
2219 4515 2393 4583 inique
2423 4513 2623 4584 aliquid
2644 4513 2876 4583 gesserit,
2914 4525 3137 4580 arguam
3175 4524 3293 4570 eum
3334 4510 3390 4560 in
3426 4508 3569 4576 virga
3609 4510 3753 4563 viro-

462 4591 609 4648 nulla
653 4592 829 4668 imago
867 4594 946 4648 rei
994 4592 1189 4647 futurae
1229 4594 1393 4648 etiam
1438 4595 1493 4650 in
1537 4592 1844 4658 Salomone,
1888 4594 1943 4648 in
1984 4609 2049 4650 eo

459 4673 907 4753 quod'trémplum
943 4682 1251 4749 aedificavit,
1297 4690 1350 4737 et
1393 4698 1582 4755 pacem
1617 4683 1808 4750 habuit
1851 4699 2048 4740 secun~

464 4767 592 4832 dum
617 4790 813 4831 nomen
845 4791 1002 4830 suum
1026 4773 1303 4848 (Salomon
1340 4776 1537 4853 quippe
1565 4774 1822 4844 paciﬁcus
1842 4783 1926 4829 est
1953 4775 2050 4828 La-

461 4867 622 4937 tine),
657 4875 710 4922 et
747 4868 799 4921 in
831 4868 1052 4937 exordio
1093 4869 1245 4939 regni
1273 4867 1355 4930 sui
1402 4867 1722 4938 mirabiliter
1765 4866 2049 4927 laudabilis

461 4957 600 5016 fuit:
634 4959 728 5014 sed
775 4960 962 5015 eadem
1003 4975 1100 5013 sua
1144 4975 1372 5033 persona
1421 4975 1519 5029 per
1563 4959 1810 5026 umbram
1859 4958 2047 5024 futuri,

461 5049 860 5117 pramuntiabat
904 5050 1066 5118 etiam
1102 5051 1215 5120 ipse
1257 5048 1532 5108 Christum
1585 5049 1892 5103 Dominum.
1940 5065 2047 5104 non

463 5127 771 5202 exhibebat.
823 5135 976 5194 Unde
1019 5139 1263 5211 quaedam
1301 5138 1367 5203 de
1413 5136 1501 5210 illo
1543 5138 1617 5209 ita
1653 5137 1855 5210 scripta
1899 5148 2046 5205 sunt,

465 5230 622 5300 quasi
670 5231 736 5286 de
788 5232 904 5300 ipso
956 5229 1055 5291 ista
1104 5231 1362 5314 praedicta
1406 5230 1530 5304 sint,
1585 5231 1709 5299 dum
1765 5218 2047 5306 Scriptura

467 5330 654 5374 sancta
681 5321 842 5375 etiam
884 5323 1046 5378 rebus
1071 5322 1236 5393 gestis
1257 5323 1604 5391 prophetans,
1634 5321 1864 5389 quodam
1889 5323 2046 5385 modo

540 5464 567 5493 ι
615 5452 715 5520 Qui
765 5463 872 5507 tam
920 5455 1084 5508 multa
1134 5468 1200 5507 ex
1237 5453 1534 5522 Augustino
1584 5453 1637 5506 in
1689 5453 1884 5520 prioris
1926 5454 2049 5509 libri

467 5523 676 5592 Regum
712 5523 1064 5592 explicatione
1097 5524 1479 5592 descripserat,
1524 5522 1718 5593 iterum
1757 5539 1822 5577 ex
1873 5523 2049 5593 Augu-

467 5594 612 5658 διὶηο
640 5593 755 5663 hmo
781 5594 1051 5663 describit,
1104 5609 1222 5660 qua:
1252 5593 1456 5647 scilicet
1501 5592 1767 5663 capitibus
1795 5595 1826 5648 8
1852 5602 1907 5648 et
1931 5592 2049 5648 9’li-

469 5663 554 5717 bri
586 5661 696 5717 xvii
721 5663 783 5715 de
807 5661 1025 5719 Civitate
1048 5663 1230 5717 tradit.

543 5734 570 5773 δ
602 5733 657 5788 ln
683 5733 827 5788 edito
859 5733 1137 5803 Augustini
1165 5732 1278 5787 loco
1308 5733 1409 5785 alia
1445 5732 1608 5787 [nulla
1641 5733 1954 5798 rccilantur,
1980 5749 2042 5786 cx

2156 4623 2274 4664 rum
2310 4615 2358 4668 et
2406 4605 2463 4658 in
2501 4603 2669 4674 plagis
2711 4602 2953 4671 ﬁliorum.
2989 4600 3296 4662 hominum;
3328 4598 3750 4658 διίκΐίεοκιὶαιη

2155 4706 2517 4758 αιιιεπιςηκαω
2549 4709 2652 4748 ηοη
2672 4691 2910 4761 auferam
2933 4689 2997 4744 ab
3023 4706 3104 4754 eo,
3127 4690 3264 4743 sicut
3282 4687 3477 4748 abstuli
3497 4705 3532 4740 a
3557 4685 3748 4751 Σαμία,

2153 4802 2304 4856 quem
2334 4783 2505 4840 amovi
2528 4800 2559 4837 a
2594 4782 2727 4851 {acie
2766 4797 2881 4848 mea
2907 4795 2925 4832 :
2954 4792 3064 4843 non
3093 4777 3232 4840 dixit
3251 4777 3316 4830 ab
3351 4777 3448 4842 eis,
3492 4775 3584 4837 sed
3609 4776 3749 4831 dixit

2155 4876 2219 4930 ab
2263 4892 2342 4930 eo.
2384 4873 2500 4929 Non
2539 4872 2681 4928 enim
2709 4871 2911 4928 Christi
2936 4869 3128 4941 ipsius,
3159 4867 3302 4940 quod
3332 4877 3419 4923 est
3447 4877 3608 4936 caput
3647 4867 3746 4921 Ec-

2155 4966 2356 5028 clesiaz,
2398 4972 2621 5034 possunt
2652 4962 2884 5030 inveniri
2913 4961 3018 5019 ulla
3049 4968 3294 5030 peccata,
3339 4974 3460 5029 qua:
3484 4974 3622 5028 opus
3653 4974 3744 5013 es-

2156 5064 2238 5110 set
2263 5052 2582 5110 humanibus
2626 5050 3077 5119 correptionibus,
3119 5057 3337 5111 servata
3364 5047 3742 5102 misericordia

2155 5143 2407 5200 divinitus
2439 5142 2705 5210 coerceri,
2733 5141 2826 5208 sed
2854 5141 2909 5198 in
2949 5139 3068 5209 ejus
3100 5153 3328 5209 corpore
3356 5153 3421 5195 ac
3456 5136 3739 5199 membris,

2155 5234 2296 5304 quod
2319 5233 2541 5306 populus
2571 5233 2682 5301 ejus
2717 5241 2809 5294 est.

2151 5452 2338 5509 eodem
2367 5447 2594 5517 psalmo,
2615 5462 2736 5516 qua:
2759 5446 3012 5502 desinunt
3041 5445 3096 5500 in
3122 5442 3302 5502 verbis
3324 5441 3431 5497 illis
3459 5459 3471 5496 ι
3504 5439 3574 5495 Et
3598 5441 3743 5495 thro-

2154 5519 2420 5599 num'ejus
2446 5517 2901 5599 sicut‘dies'cmli.‘
3027 5592 3089 5599 γ’
3385 5582 3396 5599 ,

2223 5578 2376 5662 cllic
2404 5587 2657 5641 nonnulla
2687 5586 2972 5641 diversitas
2995 5592 3097 5662 _est
3130 5583 3334 5662 editum
3377 5582 3526 5662 inter
3551 5578 3741 5662 augu—

2150 5659 2273 5712 stini
2311 5657 2485 5712 locum
2528 5665 2582 5709 et
2627 5664 2890 5722 nostrum,
2921 5656 3009 5726 qui
3057 5669 3177 5710 cum
3209 5652 3423 5720 vulgato
3461 5649 3738 5704 Eucherio

2149 5730 2259 5784 fcrc
2290 5726 2559 5786 convenit,
