3912 6314
124 371 230 426 701

775 366 1233 438 QUIESTIONES
1269 366 1417 421 XXX
1456 362 1681 421 SUPER

1813 360 1963 417 lROS
2002 362 2264 419 REGUM.
2303 394 2371 403 —
2407 362 2611 418 LIBER
2648 363 2711 418 Il.

3272 356 3381 415 70”}

202 499 230 527 ι
278 506 296 539 ι
334 485 464 541 Illud
492 499 621 540 vero
662 483 808 554 quod
836 483 1044 537 locutus
1080 490 1163 537 est
1196 481 1338 535 Deus
1375 494 1470 550 per
1498 476 1708 532 Nathan
1738 485 1787 545 Α
1813 479 2007 547 oravit,
2031 482 2135 536 hoc
2170 487 2384 537 movet:
2426 494 2545 533 cum
2580 487 2634 534 et
2657 478 2683 518 ἀ
2714 479 2935 548 spiritus
2959 477 3127 534 Helim
3167 479 3269 533 hoc
3291 475 3379 539 fe-

121 580 197 633 ad
228 578 421 643 David,
453 577 599 631 nullo
622 576 781 631 modo
807 572 1322 644 praetermittendum
1350 581 1447 636 est,
1473 572 1563 626 ubi
1590 570 1666 624 ait
1692 589 1704 623 :

123 666 219 737 (II
249 667 376 738 Reg.
412 683 507 731 vn,
550 666 638 730 10,
690 664 775 733 11)
823 662 891 716 Et
925 662 1323 733 ponam‘locum
1361 677 1473 715 meo
1520 659 1710 731 populo

123 756 335 822 Israel,
363 765 411 809 et
446 754 693 825 plantabo
720 752 869 807 illum
888 794 903 818 ,
951 763 998 807 et
1027 751 1332 808 inhabitabit
1367 766 1597 804 seorsum
1616 790 1630 813 ,
1662 760 1709 802 et

124 862 237 899 non
258 845 517 901 sollicitus
552 845 650 899 erit
674 844 837 907 ultra,
865 852 919 897 et
969 859 1071 896 non
1099 852 1319 949 apponet
1343 841 1486 910 ﬁlius
1508 841 1702 911 iniqui-

122 938 255 992 tatis
285 937 563 991 humiliare
588 952 725 1003 eunt,
755 938 887 991 sicut
925 936 989 989 ab
1021 931 1171 989 initio
1210 951 1243 987 a
1284 934 1486 997 diebus,
1523 931 1709 1002 quibus

122 1036 378 1089 constitui
414 1033 624 1104 judices
658 1048 814 1102 super
861 1029 1108 1101 populum
1147 1044 1317 1081 meum
1363 1024 1550 1080 Israel.
1598 1023 1711 1077 Hoc

119 1129 241 1178 tam
290 1140 543 1195 magnum
578 1123 781 1179 bonum
819 1120 1065 1190 quisquis
1091 1119 1145 1173 in
1180 1119 1284 1173 hoc
1325 1115 1539 1177 saeculo,
1566 1123 1621 1168 et
1656 1115 1707 1167 in

120 1212 233 1267 hac
257 1221 407 1268 terra
453 1219 654 1282 sperat,
696 1210 1012 1278 insipienter
1040 1208 1069 1247 ι’
1110 1207 1257 1261 facit.
1310 1206 1391 1268 An
1440 1204 1707 1275 quispiam

116 1302 338 1371 putabit
366 1303 419 1357 in
444 1316 577 1372 pace
611 1300 755 1371 regis
780 1297 1083 1354 Salomonis
1112 1296 1164 1359 id
1190 1310 1309 1351 esse
1344 1293 1666 1363 wmpletum
1692 1309 1707 1345 :

116 1406 317 1461 pacem
345 1393 436 1461 qui
475 1407 543 1461 pe
570 1389 717 1445 illam
764 1386 1043 1457 Scriptura
1072 1388 1125 1440 in
1164 1387 1355 1440 umbra
1406 1384 1568 1438 futuri
1617 1398 1711 1437 ex-

115 1484 339 1540 cellenti
385 1483 766 1554 pmdicatione
825 1479 1201 1535 commendat?
1239 1476 1333 1531 sed
1377 1477 1501 1530 huic
1542 1474 1711 1544 suspi-

114 1575 267 1630 cioni
298 1573 586 1644 vigilanter
626 1587 911 1629 occursum
941 1579 1042 1636 est,
1089 1586 1211 1626 cum
1244 1577 1593 1639 posteaquam
1630 1567 1711 1621 di-

115 1675 274 1721 ctum
300 1673 383 1720 est
410 1682 422 1718 :
454 1662 520 1717 Et
556 1680 660 1717 non
688 1672 909 1733 apponet
948 1662 1091 1732 ﬁlius
1119 1659 1411 1731 iniquitatis
1432 1657 1711 1717 humiliore

114 1771 267 1819 eum,
312 1754 568 1810 continuo
611 1752 953 1822 subjunctum
1003 1759 1129 1807 est:
1167 1751 1299 1804 sicut
1346 1749 1410 1802 ab
1459 1747 1608 1802 initio
1653 1746 1707 1798 in

1814 570 1982 633 cerit,
2033 570 2247 638 quando
2288 569 2526 639 pluviam
2564 569 2766 624 orando
2798 568 3122 638 impetravit.
3178 566 3383 634 Quibus

1813 658 2163 713 admonemur
2184 658 2462 729 exemplis,
2511 674 2617 713 non
2656 674 2773 714 esse
2814 660 3212 732 przescriptum,
3242 672 3381 728 quo-

1811 749 1972 803 modo
1996 764 2191 819 corpus
2216 750 2574 805 constituatur
2598 750 2664 804 ad
2689 751 2947 805 orandum
2964 792 2978 815 ,
3014 749 3143 805 dum
3171 750 3384 806 animus

1785 841 1922 896 Deo
1970 856 2208 911 praesens
2249 852 2474 913 peragat
2521 843 2871 899 intentionem
2921 859 3093 898 suam.
3147 842 3281 897 Nam
3326 852 3383 897 et

1812 941 2017 989 stantes
2039 950 2287 997 oramus,
2319 936 2457 990 sicut
2481 935 2740 1005 scriptum
2766 944 2882 989 est:
2915 935 3065 1007 (Luc.
3093 951 3245 999 xvtu,
3284 935 3381 1004 15)

1809 1022 2118 1093 publicanus
2148 1033 2321 1077 autem
2368 1025 2431 1078 de
2474 1025 2623 1095 longe
2667 1024 2872 1089 stabat,
2903 1035 2957 1079 et
2982 1024 3106 1079 fixis
3134 1024 3380 1095 genibus,

1812 1112 1949 1166 sicut
1972 1112 2025 1165 in
2052 1112 2277 1168 Actibus
2304 1115 2666 1182 apostolorum
2692 1115 2938 1184 legimus,
2978 1115 3114 1185 (Act.
3146 1130 3253 1179 vn,
3291 1113 3379 1179 59,

1811 1213 1857 1255 et
1889 1218 1982 1267 xx,
2013 1202 2101 1270 36)
2132 1211 2186 1257 et
2216 1203 2464 1259 sedentes
2504 1206 2669 1270 sicut,
2709 1219 2835 1259 ecce
2872 1203 3064 1268 David,
3096 1212 3151 1257 et
3178 1201 3378 1257 Helias.

1811 1292 1925 1347 Nisi
1949 1303 2128 1350 autem
2154 1296 2316 1350 etiam
2355 1296 2597 1366 jacentes
2624 1310 2932 1359 oraremus,
2974 1309 3080 1349 non
3124 1294 3383 1361 scriptum

1810 1394 1955 1442 esset
1978 1388 2031 1441 in
2063 1388 2311 1455 psalmis:
2360 1386 2529 1459 (Psal.
2568 1403 2651 1451 vr,
2689 1384 2741 1456 7)
2791 1384 3000 1438 Lavabo
3026 1400 3115 1453 per
3150 1381 3387 1451 singulas

1811 1488 1984 1532 noctes
2018 1478 2205 1533 lectum
2234 1493 2442 1532 meum:
2481 1478 2725 1547 lacrymis
2773 1478 2898 1529 meis
2945 1483 3165 1528 stratum
3212 1487 3387 1525 meum

1811 1567 2010 1637 rigabo.
2043 1566 2177 1622 Cum
2215 1568 2355 1621 cnim
2395 1568 2621 1637 quisque
2667 1566 2964 1621 orationem
3003 1563 3220 1632 quaerit,
3273 1561 3384 1615 col-

1812 1656 1954 1712 locat
1984 1656 2246 1722 membra,
2282 1656 2422 1711 sicut
2460 1656 2509 1709 ei
2537 1654 2837 1710 occurrerit
2857 1653 3255 1707 accommodata
3286 1666 3384 1720 pro

1813 1756 2057 1817 tempore
2080 1748 2273 1816 positio
2293 1748 2532 1816 corporis
2550 1747 2615 1800 ad
2632 1745 2951 1799 movendum
2972 1744 3231 1797 animum.
3250 1741 3385 1796 Cum

114 1848 307 1903 diebus
326 1848 512 1919 quibus
539 1847 783 1902 constitui
804 1844 1011 1915 judices
1048 1858 1205 1912 super
1242 1838 1489 1910 populum
1537 1852 1709 1892 meum
1738 1834 1787 1892 B
1813 1847 1991 1893 autem
2023 1837 2431 1907 nonqutcritur,
2477 1836 2571 1891 scd
2610 1834 2840 1889 infertur
2878 1837 3146 1903 appetitus
3172 1830 3382 1895 orandi,

115 1940 318 1995 Israel.
361 1939 577 1995 Iudices
628 1952 883 2008 namque,
930 1936 1246 2006 priusquam
1294 1945 1448 2001 rcges
1475 1929 1546 1983 ibi
1588 1941 1708 1982 esse

114 2034 441 2103 erupissent,
490 2048 651 2102 super
694 2032 842 2087 illum
870 2029 1123 2100 populum
1168 2026 1384 2081 fuerant
1409 2020 1705 2084 constituti,

113 2138 188 2177 ex
215 2138 325 2192 quo
356 2131 555 2177 terram
582 2122 956 2193 promissionis
978 2119 1205 2189 accepit.
1234 2118 1301 2171 Et
1323 2117 1507 2185 utique
1534 2113 1715 2167 humi-

113 2210 293 2265 liabat
316 2226 439 2295 eum
467 2210 608 2265 ﬁlius
632 2209 950 2280 iniquitatis,
984 2210 1084 2263 hoc
1111 2216 1193 2262 est
1218 2206 1389 2261 hostis
1412 2204 1707 2272 alienigena

112 2315 219 2370 per
248 2290 529 2356 intervalla
554 2310 878 2369 temporum,
912 2298 1105 2368 quibus
1136 2298 1384 2367 leguntur
1422 2308 1607 2362 pacem
1634 2290 1711 2343 al-

113 2400 370 2445 ternasse
398 2406 521 2446 cum
550 2390 706 2446 bellis
732 2409 743 2443 ε
778 2398 832 2444 et
858 2390 1135 2443 inveniunt
1165 2387 1270 2441 illic
1294 2386 1444 2455 pacis
1467 2394 1707 2451 tempora

108 2481 444 2549 prolixiora,
480 2478 645 2551 quam
677 2478 928 2535 Salomon
966 2479 1173 2541 habuit,
1213 2476 1304 2545 qui
1352 2473 1708 2544 quadraginta

112 2574 371 2642 regnavit
397 2588 585 2628 annos.
613 2571 750 2625 Nam
773 2570 872 2626 sub
901 2585 964 2625 co
992 2568 1196 2640 judice,
1229 2567 1319 2636 qui
1354 2574 1437 2620 est
1474 2562 1709 2632 appella-

110 2669 209 2716 tus
246 2661 414 2725 Aoth,
455 2663 727 2731 octoginta
766 2660 891 2713 anni
926 2659 1075 2727 pacis
1115 2656 1353 2711 fuerunt.
1383 2654 1536 2707 Absit
1578 2665 1707 2720 ergo

110 2752 512 2809 utSalomonis
538 2763 784 2823 tempora
827 2753 880 2805 in
924 2752 1024 2806 bac
1067 2748 1423 2820 promissione
1452 2745 1703 2816 prtedicta

113 2858 239 2899 esse
268 2843 597 2898 credantur:
634 2842 801 2897 multo
822 2842 1001 2894 minus
1024 2840 1211 2910 utique
1247 2836 1531 2906 cujuslibet
1564 2833 1707 2903 regis

112 2934 348 2990 alterius
373 2952 385 2987 :
414 2949 520 2988 non
544 2934 687 2988 enim
709 2933 992 3001 quisquam
1021 2944 1207 2983 eorum
1229 2929 1285 2980 in
1312 2934 1479 2989 tanta,
1504 2932 1705 2992 quanta

110 3028 229 3093 ille,
262 3042 400 3097 pace
422 3024 670 3094 regnavit
694 3042 706 3076 :
738 3037 838 3076 nec
862 3034 1097 3089 unquam
1118 3017 1340 3074 omnino
1354 3030 1484 3087 gens
1515 3014 1603 3068 illa
1628 3014 1705 3067 ita

111 3134 347 3190 regnum
394 3116 586 3180 tenuit,
635 3122 695 3168 ut
741 3112 969 3167 sollicita
1016 3125 1121 3164 non
1151 3107 1333 3173 fuerit,
1364 3121 1433 3161 ne
1458 3104 1711 3160 hostibus

112 3177 483 3266 subderetur:
518 3177 641 3275 quia
674 3204 728 3257 in
760 3210 908 3257 tanta
934 3198 1291 3255 mutabilitate
1312 3210 1487 3249 rerum
1522 3193 1705 3246 buma-
1731 3177 1774 3238 C

110 3314 318 3355 narum
345 3296 477 3351 nulli
503 3296 791 3363 aliquando
820 3292 1014 3363 populo
1041 3302 1297 3345 concessa
1331 3294 1413 3341 est
1446 3293 1593 3339 tanta
1621 3299 1707 3347 se-

111 3391 350 3454 curitas,
374 3396 433 3441 ut
454 3385 611 3453 lmjus
633 3385 755 3437 vitae
788 3381 1009 3437 hostiles
1048 3394 1154 3434 non
1180 3377 1495 3432 formidaret
1525 3376 1705 3429 incur-

110 3496 231 3537 sus.
264 3478 441 3534 Locus
461 3491 590 3545 ergo
612 3476 734 3539 iste,
769 3475 860 3543 qui
890 3472 1223 3543 promittitur
1264 3476 1372 3521 tam
1402 3474 1606 3536 pacata:
1643 3480 1707 3519 ac

111 3584 328 3626 secura:
353 3564 727 3628 habitationis,
750 3572 982 3616 aeternus
1002 3566 1107 3623 est,
1134 3556 1459 3625 aeternisque
1486 3554 1708 3609 debetur

112 3664 170 3718 in
200 3669 383 3734 matre
416 3656 751 3712 Hierusalem
784 3653 973 3717 libera,
1005 3652 1096 3706 ubi
1124 3650 1230 3704 erit
1246 3648 1513 3701 veraciter
1539 3660 1708 3713 popu—

110 3750 199 3805 lus
240 3747 410 3803 Israel
458 3763 470 3799 :
523 3746 627 3800 hoc
667 3743 813 3799 enim
854 3755 1047 3795 nomen
1105 3739 1490 3807 interpretatur
1526 3733 1706 3787 videns

111 3838 291 3893 Deum
316 3852 334 3889 :
358 3832 512 3903 cujus
542 3832 746 3904 praemii
773 3828 1040 3885 desiderio
1075 3827 1162 3895 pia
1192 3839 1292 3895 per
1328 3822 1488 3878 ﬁdem
1514 3822 1623 3875 vita
1654 3821 1707 3874 in

112 3930 221 3983 hac
248 3938 556 3981 mrumnosa
578 3919 1012 3992 peregrinatione
1040 3917 1281 3973 ducenda
1307 3923 1408 3970 est.

189 4016 489 4072 Nuntiante
513 4012 677 4068 verba
701 4013 816 4065 hmo
840 4009 1051 4063 Natban
1079 4008 1147 4062 ad
1170 4007 1357 4070 David,
1379 4003 1464 4076 (II
1490 4019 1589 4067 vu,
1622 4000 1707 4069 18)

112 4110 388 4179 ingressus
436 4114 510 4158 est
569 4119 658 4157 rea:
710 4100 905 4165 David,
953 4109 999 4153 et
1048 4098 1178 4152 sedit
1231 4112 1407 4149 coram
1463 4093 1704 4147 Domino.

116 4208 138 4235 ε
182 4215 203 4248 ‹
247 4194 389 4262 Quid
430 4192 574 4247 aliud
616 4192 669 4245 in
716 4191 819 4243 hac
855 4188 1097 4243 sessione
1138 4185 1541 4255 intelligendum
1590 4190 1704 4245 est,

114 4286 227 4341 nisi
268 4284 397 4353 quia
436 4282 577 4338 sedit
624 4281 679 4334 in
720 4286 1012 4347 conspectu
1040 4274 1273 4337 Domini,
1314 4274 1425 4327 sive
1466 4271 1557 4327 ubi
1591 4278 1709 4325 erat

114 4393 249 4433 arca
284 4373 616 4437 testamenti,
650 4386 749 4439 per
778 4383 938 4437 quam
967 4366 1230 4422 sacratior
1258 4372 1314 4418 et
1360 4362 1707 4419 commenda-

116 4471 228 4525 tior
252 4466 501 4537 quzedam
536 4463 823 4534 prtesentia
871 4460 1083 4515 Domini
1131 4458 1301 4529 accipi
1348 4464 1561 4527 potest,
1595 4456 1706 4511 sive

115 4562 250 4631 quia
275 4567 532 4614 oraturus
563 4555 699 4610 sedit
726 4573 736 4605 :
779 4552 923 4622 quod
951 4566 1058 4608 non
1086 4550 1145 4604 fit
1166 4557 1343 4614 recte,
1370 4549 1475 4602 nisi
1502 4548 1554 4601 in
1579 4562 1705 4601 con-

117 4661 315 4723 spectu
345 4647 466 4713 Dei,
496 4647 601 4701 hoc
628 4652 710 4701 est
735 4644 792 4698 in
814 4642 1021 4697 intimis
1048 4640 1246 4695 cordis.
1277 4639 1462 4693 Potest
1485 4638 1627 4697 enim
1653 4644 1709 4691 et

118 4744 200 4800 sie
228 4740 422 4809 accipi,
455 4737 600 4807 quod
628 4737 831 4792 dictum
859 4744 963 4799 est,
990 4742 1110 4787 ante
1139 4731 1445 4795 Dominum,
1470 4729 1562 4783 ubi
1588 4728 1708 4782 nul-

118 4835 208 4889 lus
239 4839 387 4887 esset
411 4829 713 4891 hominum,
740 4826 831 4896 qui
863 4824 1073 4879 audiret
1109 4830 1371 4877 orantem.
1422 4820 1546 4875 Sive
1577 4834 1718 4890 ergo-

116 4930 348 4995 propter
374 4934 557 4974 arcam
588 4915 914 4979 testamenti,
945 4914 1059 4973 sive
1078 4921 1301 4983 propter
1337 4920 1600 4968 secretum
1629 4910 1707 4964 lo-

118 5028 276 5075 cum,
305 5019 362 5065 et
402 5016 667 5064 remotum
694 5007 763 5061 ab
788 5006 1025 5067 arbitris,
1071 5004 1183 5058 sive
1207 5010 1427 5073 propter
1459 5001 1709 5056 intimum

121 5104 334 5168 cordis,
359 5102 450 5157 ubi
471 5110 590 5156 erat
614 5101 820 5156 orantis
849 5097 1089 5159 allectus,
1105 5096 1487 5150 convenienter
1505 5094 1708 5168 dictum

121 5203 250 5252 est:
293 5192 425 5248 sedit
471 5201 591 5245 ante
633 5190 955 5246 Dominum:
1006 5186 1110 5245 nisi
1150 5183 1291 5239 forte
1329 5183 1471 5252 quod
1517 5165 1709 5237 sedens

199 5365 226 5392 ι
261 5346 674 5417 Subsequentia
699 5345 916 5417 require
956 5342 1010 5397 in
1039 5339 1144 5394 line
1184 5338 1378 5409 capitis
1420 5336 1485 5390 12
1509 5345 1565 5391 et
1583 5336 1709 5391 sub-

124 5419 377 5490 sequenti
404 5414 602 5490 capite,
624 5415 679 5470 id
699 5425 782 5469 est
808 5414 892 5467 15.

196 5487 227 5530 Β
259 5489 427 5550 Edit.,
459 5487 613 5556 sapit.

202 5570 225 5598 ε
286 5550 647 5627 Augustinum
698 5551 1011 5627 Magistrum
1065 5550 1153 5605 hic
1206 5564 1277 5618 qu

128 5622 409 5690 Claudius,
441 5626 494 5679 in
529 5639 644 5678 rem
671 5622 822 5676 suam
853 5622 1138 5681 deducens,
1166 5633 1283 5688 qua:
1310 5622 1464 5690 docet
1488 5623 1710 5690 sanctus

127 5696 322 5756 doctor
360 5684 657 5765 quaestione
692 5691 724 5745 4
762 5691 884 5744 libri
922 5706 957 5743 ιι
988 5684 1350 5755 Quaestionum
1392 5687 1457 5741 ad
1489 5684 1707 5754 Simpli-

135 5780 368 5830 clauum.
1132 5780 1133 5783 “

1352 5562 1419 5601 ue
1465 5544 1709 5614 sequitur

1810 1931 1911 1984 hoc
1934 1936 2018 1983 est
2043 1944 2163 1983 cum
2204 1926 2403 1995 aliquid
2434 1933 2651 1995 repente
2680 1924 2826 1977 venit
2871 1923 2923 1976 in
2967 1932 3199 1975 mentem
3222 1960 3236 1984 ,
3274 1934 3389 1988 quo

1810 2018 2143 2089 supplicandi
2170 2024 2447 2071 moveatur
2471 2014 2694 2068 allectus
2734 2010 3022 2081 gemitibus
3050 2007 3388 2063 inenarrabi-

1809 2110 1970 2174 libus,
1999 2121 2316 2178 quocunque
2341 2106 2500 2160 modo
2526 2103 2793 2158 invenerit
2822 2102 3091 2155 hominem
3112 2140 3125 2161 ,
3168 2113 3273 2152 non
3303 2106 3388 2151 est

1808 2201 1992 2269 utique
2027 2198 2317 2255 dill'erenda
2345 2196 2537 2261 oratio,
2570 2204 2629 2248 ut
2658 2207 2978 2263 quaeramus,
3023 2206 3130 2261 quo
3169 2188 3388 2245 seceda—

1810 2310 1949 2358 mus,
1980 2301 2075 2346 aut
2100 2291 2191 2345 ubi
2219 2299 2454 2351 stemus,
2486 2294 2579 2341 aut
2611 2286 2699 2340 ubi
2739 2291 3181 2355 prosternamur:
3219 2281 3388 2351 gignit

1807 2382 1950 2437 enim
1987 2381 2088 2436 sibi
2121 2379 2317 2434 mentis
2344 2376 2568 2431 intentio
2594 2374 2952 2437 solitudinem,
2983 2380 3036 2426 et
3058 2386 3198 2441 sa‘pc
3221 2369 3385 2425 etiam

1806 2474 2140 2529 obliviscitur
2171 2488 2249 2535 se,
2274 2469 2358 2526 vel
2380 2484 2539 2538 quam
2564 2466 2686 2521 caeli
2710 2472 2942 2535 partem,
2968 2463 3051 2516 vel
3080 2462 3133 2515 in
3157 2476 3262 2530 qua
3290 2472 3378 2530 po-

1808 2566 2001 2621 sitione
2030 2562 2273 2632 corporis
2302 2560 2542 2614 membra
2572 2556 2701 2610 illud
2724 2566 2935 2623 tempus
2961 2551 3243 2607 invenerit.

1884 2674 1902 2705 ‹
1943 2653 2087 2707 Fecit
2117 2667 2320 2722 quoque
2347 2648 2514 2703 David
2540 2647 2637 2701 sibi
2662 2661 2867 2707 nomen,
2900 2660 3017 2697 cum
3046 2643 3386 2695 feverteretur

1808 2754 1959 2815 capta
1992 2744 2232 2814 Syria’in
2272 2739 2404 2794 valle
2433 2738 2747 2801 salinarum,
2778 2736 2924 2789 cwsis
2950 2733 3225 2787 duodecim
3268 2728 3388 2783 mil-

1807 2836 1962 2889 libus.
2001 2846 2023 2874 ε
2052 2833 2192 2901 Quid
2237 2831 2304 2885 de
2329 2843 2585 2900 percussa
2625 2825 2965 2881 multitudine
3007 2823 3076 2888 ad
3117 2821 3287 2876 David
3332 2820 3387 2874 in

1809 2928 2105 2983 salinarum
2132 2923 2269 2978 valle
2295 2922 2556 2991 signatur,
2588 2919 2687 2972 nisi
2712 2917 2838 2985 quia
2863 2914 3186 2982 Redemptor
3206 2917 3390 2965 noster

1809 3034 1919 3075 suae
1945 3016 2197 3073 videlicet
2220 3010 2575 3069 districtionis
2599 3007 2866 3071 examine,
2897 3006 2950 3059 in
2978 3004 3063 3058 bis
3092 3002 3184 3072 qui
3210 3001 3276 3056 de
3297 2999 3389 3055 illo

1808 3126 1973 3182 prava
2014 3109 2287 3173 sentiunt,
2333 3103 2613 3167 stultitiam
2659 3082 2996 3153 immoderati
3038 3093 3248 3164 saporis
3291 3107 3386 3147 ex-

1808 3200 2020 3270 tinguit.
2052 3219 2070 3251 ι

1880 3291 1965 3365 (ΙΙ
1994 3277 2121 3362 Reg.
2150 3307 2205 3355 ι,
2232 3290 2284 3353 1,
2312 3298 2360 3342 et
2386 3285 2517 3357 seq.)
2546 3282 2771 3337 Factum
2791 3289 2865 3334 est
2889 3284 3063 3332 aute‘m
3093 3286 3208 3348 post
3251 3276 3386 3340 hate,

1807 3396 1864 3440 ut
1898 3391 2184 3439 moreretur
2206 3396 2296 3434 rea:
2323 3378 2556 3449 ﬁliorum
2585 3376 2823 3436 Ammon,
2853 3380 2901 3426 et
2932 3379 3170 3440 regnaret
3193 3366 3390 3426 Hauon

1808 3476 1950 3545 ﬁlius
1985 3474 2099 3544 ejus
2123 3490 2216 3543 pro
2246 3488 2304 3523 eo
2328 3487 2345 3523 :
2370 3470 2604 3537 dixitque
2627 3463 2834 3519 David:
2862 3463 3056 3531 faciam
3087 3458 3385 3512 misericor-

1807 3568 1951 3621 diam
1981 3579 2097 3617 cum
2128 3560 2322 3616 Hauon
2348 3556 2458 3626 ﬁlio
2488 3556 2658 3620 Naas,
2681 3554 2813 3608 sicut
2836 3550 2955 3622 fecit
2976 3546 3125 3619 pater
3143 3547 3255 3616 ejus
3276 3561 3384 3603 me-

1808 3672 1924 3709 cum
1956 3650 2390 3706 misericordiam.
2434 3645 2578 3699 Misit
2607 3660 2728 3712 ergo
2759 3640 2927 3695 David
2964 3635 3239 3691 consolans
3266 3648 3387 3687 eum

1807 3758 1898 3814 per
1940 3758 2112 3797 servos
2141 3756 2264 3794 suos
2307 3752 2463 3807 super
2498 3733 2663 3804 patris
2710 3728 2996 3783 interitum.
3038 3722 3169 3779 Cum
3214 3730 3390 3777 autem

1808 3811 2062 3887 venissent
2095 3827 2227 3882 servi
2258 3823 2425 3877 David
2452 3824 2505 3873 in
2533 3832 2672 3873 terra
2702 3816 2934 3885 ﬁliorum
2957 3812 3197 3871 Ammon,
3232 3811 3405 3863 diu»

1811 3934 1933 3977 runt
1968 3920 2225 3990 principes
2263 3915 2493 3985 ﬁliorum
2535 3910 2755 3963 Ammon
2790 3906 2859 3960 ad
2896 3903 3089 3981 Hauon
3117 3902 3389 3959 dominum

1809 3989 2002 4067 suum:
2038 4019 2192 4081 putas
2230 4005 2368 4077 quod
2396 4010 2604 4074 propter
2630 4001 2878 4054 honorem
2910 3994 3075 4066 patris
3114 3992 3190 4046 tui
3216 3989 3387 4046 David

1809 4104 2007 4156 miserit
2032 4101 2100 4154 ad
2126 4110 2174 4153 te
2196 4094 2565 4155 consolatores,
2592 4099 2639 4144 et
2670 4106 2773 4142 non
2797 4087 2932 4151 ideo,
2961 4093 3016 4139 ut
3057 4082 3386 4151 investigaret

1809 4203 1857 4247 et
1883 4191 2177 4261 exploraret
2208 4187 2485 4248 civitatem,
2516 4190 2562 4235 et
2591 4186 2833 4261 everteret
2862 4192 3000 4239 eam,
3035 4172 3175 4226 misit
3212 4169 3386 4224 David

1808 4254 1979 4332 servos
2009 4292 2130 4330 suos
2161 4273 2228 4327 ad
2263 4272 2356 4325 te?
2396 4267 2537 4322 Tulit
2564 4267 2738 4336 itaque
2761 4254 2958 4316 Hauon
2983 4276 3153 4315 servos
3193 4256 3384 4321 David,

1811 4370 2041 4438 rasilque
2069 4364 2342 4419 dimidiam
2375 4371 2573 4431 partem
2604 4357 2777 4412 barba:
2811 4372 3009 4420 eorum,
3055 4362 3101 4407 et
3144 4350 3386 4423 pra'cidit

1811 4469 1969 4513 vestes
1997 4472 2174 4510 eorum
2198 4453 2393 4506 medias
2432 4465 2592 4519 usque
2623 4448 2692 4502 ad
2738 4454 2913 4507 nates,
2954 4453 3000 4497 et
3034 4443 3230 4496 dimisit
3273 4457 3381 4494 eos.

1812 4548 1963 4614 Quod
1994 4561 2112 4599 cum
2135 4543 2429 4597 nuntiatum
2459 4541 2639 4610 {uisset
2666 4536 3011 4599 David,misit
3034 4534 3087 4587 in
3111 4547 3386 4585 occursum

1810 4640 2185 4698 eorum;erant
2213 4631 2349 4683 enim
2374 4629 2470 4682 viri
2496 4626 2699 4695 confusi
2723 4624 2941 4692 turpiter
2967 4621 3131 4685 valde,
3160 4628 3208 4673 et
3236 4635 3386 4671 man-

1810 4729 1949 4783 davit
1996 4727 2069 4779 eis
2110 4722 2318 4779 David:
2368 4730 2569 4773 manete
2618 4720 2674 4771 in
2723 4716 2929 4779 Ierico,
2980 4712 3142 4767 donec
3189 4719 3386 4767 crescat

1813 4817 1975 4872 barba
2010 4824 2179 4869 vestra
2200 4852 2215 4876 ,
2241 4820 2289 4865 et
2332 4821 2453 4864 tunc
2483 4806 2815 4862 revertimini.
2847 4804 2997 4858 Sicut
3020 4803 3163 4855 enim
3194 4801 3383 4855 Hauon

1814 4925 1908 4964 rex
1943 4906 1962 4945 ί
1993 4902 2423 4961 Ammonitarum
2465 4912 2649 4953 servos
2676 4895 2844 4949 David
2875 4894 2940 4947 ad
2977 4908 3034 4947 se
3064 4892 3256 4958 missos
3286 4893 3383 4945 de-

1810 4996 2063 5067 turpavit,
2095 5002 2255 5062 atque
2280 4990 2562 5054 ludibriter
2586 4986 2795 5042 fedatos
2836 4985 2904 5039 ad
2937 4984 3181 5039 eumdem
3214 4982 3383 5036 David

1812 5089 2041 5155 remisit,
2073 5088 2145 5141 ita
2173 5094 2229 5140 et
2248 5083 2489 5151 diabolus
2514 5082 2762 5151 princeps
2787 5078 2943 5150 hujus
2970 5077 3153 5131 mundi
3179 5076 3385 5145 pleros-

1810 5196 1915 5257 que
1955 5177 2235 5250 religiosos
2261 5189 2359 5245 per
2389 5171 2740 5242 subripientia
2770 5170 2901 5223 vitia
2940 5168 3226 5237 deturpare
3254 5180 3382 5220 con-

1878 5336 1904 5375 ἀ
1937 5335 2102 5397 Edit.,
2132 5331 2359 5388 Sanctus
2381 5328 2548 5392 Elias,
2575 5324 2642 5380 Ill
2677 5324 2822 5397 RegL
2845 5338 3003 5397 xvm,
3023 5320 3109 5375 42.

1886 5418 1909 5445 θ
1938 5388 1985 5458 ΙΙ
2015 5388 2144 5473 Reg.
2184 5416 2312 5473 vui,
2336 5400 2456 5473 _15_._
2490 5388 2749 5473 Deinceps
2765 5388 3379 5473 'GregpriumnMagnum

1810 5458 2373 5530 docentemvexscribit
2401 5468 2670 5523 Claudius.
2686 5458 2829 5520 ’Haac
2859 5458 3064 5525 scilicet
3077 5458 3382 5531 Gregorius

1812 5528 1975 5599 tradit
2027 5558 2174 5597 num.
2222 5539 2491 5610 45[alias
2546 5553 2663 5606 cap.
2717 5534 2806 5598 14,
2860 5533 2941 5587 vel
2996 5529 3095 5602 18]
3140 5528 3259 5583 libri
3315 5528 3377 5581 tu

1812 5613 2108 5669 Moralium.

1888 5684 1904 5722 τ
1937 5683 2113 5739 Codex
2144 5694 2420 5749 perperam
2442 5678 2607 5733 habet
2640 5673 2809 5728 Moab.
