3912 6328
483 364 588 422 703

1557 358 1833 418 CLAUDII
1872 352 2335 414 TAUBINENSIS
2369 351 2680 410 EPISCOPI
3674 342 3767 399 τω

482 478 679 545 suevit,
725 476 818 548 qui
844 478 971 533 dum
998 489 1186 532 eorum
1211 473 1437 531 latentia
1465 474 1604 529 mala
1626 516 1640 539 ,
1685 474 1739 529 in
1789 477 1976 542 aperta
2016 474 2071 522 et
2097 468 2150 528 Α
2174 473 2322 517 mum
2352 461 2431 517 ire
2466 460 2636 516 David
2676 458 2951 548 admonet,
2982 454 3149 548 pedes
3186 452 3398 548 lavare,
3430 448 3560 523 quia
3590 452 3772 548 incar—

483 568 769 642 llagitiosa,
796 573 1214 638 perpetrataque
1239 565 1451 620 luxuria
1475 565 1695 635 detegit,
1714 563 2069 633 quasieorum

484 659 816 716 indumentis
842 673 1013 729 usque
1045 659 1113 713 ad
1143 664 1299 713 nates
1349 657 1604 716 abscissis
1630 650 1802 712 nudos
1830 672 1860 709 a
1891 655 2070 726 digni-

486 758 596 806 tate
623 749 888 805 castitatis
917 748 1243 819 derelinquit
1269 766 1281 802 :
1326 756 1383 804 et
1414 749 1543 803 dum
1569 748 1855 817 pristinam
1883 761 2069 802 eorum

482 840 853 897 fortitudinem
882 842 1061 911 eripit,
1092 838 1239 895 velut
1264 841 1494 896 barbam
1519 841 1682 895 radit.
1715 839 1862 906 Quos
1890 846 2072 894 tamen

480 946 646 987 verus
694 931 895 998 David,
930 932 1191 987 Dominus
1233 930 1469 996 scilicet,
1501 940 1555 986 et
1590 930 1837 986 Salvator
1867 938 2068 995 noster,

484 1020 737 1076 clementi
774 1029 1025 1091 respectu
1054 1037 1084 1075 a
1114 1021 1447 1091 paenitentiae
1473 1020 1803 1091 indulgentia
1829 1035 1937 1074 non
1977 1033 2074 1074 ex-

484 1110 689 1167 cludit:
730 1126 865 1181 quos
894 1119 950 1166 et
977 1112 1030 1166 in
1067 1110 1247 1167 Jerico
1282 1110 1419 1179 (hoc
1462 1118 1545 1167 est
1586 1112 1686 1167 sub
1730 1113 2074 1166 anathemate

482 1199 850 1272 pmnitentize)
877 1201 1116 1256 residere
1142 1201 1325 1271 jubet,
1364 1201 1537 1256 donec
1579 1210 1915 1256 sacramenta
1965 1201 2074 1269 spi-

484 1289 724 1355 ritualia,
752 1297 807 1345 et
827 1289 1198 1344 fortitudinem
1222 1290 1439 1356 mentis,
1462 1304 1583 1359 quae
1605 1290 1877 1359 peccando
1894 1288 2075 1359 perdi-

483 1377 711 1445 derunt,
756 1378 1137 1434 satisfaciendo
1180 1380 1483 1449 recipiant;
1538 1388 1594 1433 et
1641 1381 1719 1435 sic
1762 1381 1977 1435 demum
2018 1381 2073 1436 in

485 1480 782 1541 conspectu
808 1469 925 1539 ejus
956 1481 1102 1526 stare
1130 1470 1364 1525 valeant.

556 1580 644 1653 (II
667 1581 794 1653 Reg.
824 1598 887 1647 ιι,
914 1582 993 1655 2..)
1039 1581 1265 1637 Factum
1288 1592 1387 1649 est,
1417 1583 1542 1638 dum
1581 1594 1868 1657 resurgeret
1900 1584 2073 1640 David

484 1669 550 1724 de
575 1680 738 1731 strato
760 1688 854 1726 suo
884 1682 997 1743 post
1020 1673 1311 1739 meridiem,
1339 1682 1389 1727 et
1415 1671 1770 1743 deambularet
1800 1673 1855 1727 in
1877 1672 2075 1729 salario

485 1760 673 1816 domus
704 1764 883 1832 regiae,
909 1762 1036 1817 vidit
1061 1762 1331 1817 mulierem
1360 1780 1414 1818 se
1446 1762 1724 1829 lavantem,
1768 1764 2074 1837 mittensque

484 1852 605 1907 tulit
629 1869 767 1920 eam,
797 1863 845 1907 et
872 1854 1117 1908 dormivit
1148 1870 1265 1907 cum
1291 1871 1353 1908 ea
1375 1896 1389 1920 ,
1418 1871 1535 1926 quia
1569 1857 1818 1926 concepit.
1843 1855 2076 1928 Cumque

486 1942 804 2012 cognovisset
827 1943 1019 2010 David,
1051 1944 1193 1999 misit
1221 1945 1290 1998 ad
1314 1944 1452 1999 Joab
1486 1946 1663 2001 dicens
1682 1964 1700 2001 :
1732 1949 1875 2003 mitte
1898 1949 1968 2003 ad
1996 1966 2076 2006 me

489 2031 674 2088 Uriam
707 2034 1002 2090 /Etlueum.
1040 2035 1265 2092 Veniens
1297 2035 1453 2093 Urias
1481 2038 1551 2092 ad
1578 2038 1750 2093 David
1934 2042 2076 2096 misit

484 2123 759 2195 epistolam
786 2124 960 2179 David
982 2143 1076 2197 per
1099 2124 1139 2180 Β
1150 2128 1283 2181 riam
1310 2127 1380 2181 ad
1405 2128 1638 2194 Joab,ut
1656 2140 1869 2199 poneret
1892 2128 2076 2187 Uriam

485 2214 577 2267 ubi
619 2214 966 2284 fortissimum
1005 2217 1248 2287 prrelium
1275 2228 1428 2272 erat:
1464 2219 1687 2291 fecitque
1707 2221 1843 2276 Joab
1874 2224 1990 2278 ita:
2027 2234 2075 2278 et

486 2312 724 2357 mortuus
764 2314 843 2358 est
887 2302 1048 2359 Urius
1092 2305 1328 2361 Etlueus.
1357 2319 1382 2349 ι
1416 2326 1434 2359 ι
1472 2307 1797 2380 Plerumque
1832 2313 2076 2380 quaedam

485 2405 575 2445 res
616 2406 715 2462 per
763 2393 1047 2449 historiam
1090 2395 1265 2450 virtus
1312 2404 1428 2462 est,
1478 2412 1575 2466 per
1625 2399 2076 2469 significationem

486 2480 683 2552 culpa:
721 2484 864 2539 sicut
904 2485 1193 2556 aliquando
1236 2501 1324 2541 res
1370 2496 1523 2559 gesta
1551 2488 1579 2528 ιι
1618 2489 1672 2543 in
1714 2505 1877 2546 causa
1915 2492 2072 2560 facta,

486 2572 763 2629 damnatio
793 2585 896 2641 est,
930 2577 987 2632 in
1028 2578 1232 2648 scripto
1276 2585 1459 2635 autem
1505 2581 1789 2649 prophetia
1817 2585 2072 2641 virtutis:

486 2662 632 2730 quod
663 2674 685 2701 ο
712 2672 1003 2736 utrumque
1022 2667 1183 2723 citius
1206 2668 1562 2734 ostendimus,
1582 2684 1711 2724 cum
1728 2669 1888 2739 hujus
1908 2689 2077 2731 sacrm

487 2752 781 2825 Scriptura:
810 2759 1177 2813 testimonium
1208 2759 1275 2813 ad
1302 2769 1536 2830 utraque
1574 2762 1851 2832 probanda
1878 2764 1933 2818 in
1964 2780 2077 2821 me-

485 2846 636 2901 dium
664 2846 1000 2906 deducimus.
1046 2849 1179 2918 Quis
1215 2869 1449 2923 namque
1492 2855 1717 2911 audiens
1753 2871 1862 2911 non
1901 2857 2077 2913 solum

488 2937 747 3008 ﬁdelium,
773 2944 868 2997 sed
892 2945 1058 3000 etiam
1086 2945 1405 3014 inﬁdelium,
1437 2964 1545 3004 non
1571 2952 1881 3007 omnimode
1913 2959 2079 3007 testa.

488 3039 596 3098 tur,
627 3032 771 3104 quod
816 3035 988 3091 David
1034 3036 1089 3091 in
1130 3037 1331 3094 solario
1374 3040 1759 3109 deambulans,
1805 3041 2078 3099 Bersabee

487 3120 633 3178 lisias
657 3124 967 3196 concupivit
1002 3129 1269 3183 uxorem?
1304 3127 1475 3196 Quem
1506 3138 1686 3187 tamen
1725 3147 1753 3186 a
1778 3132 1966 3203 praelio
1990 3148 2077 3189 re-

485 3222 789 3271 vertentem
818 3216 898 3273 ire
925 3218 993 3273 ad
1020 3217 1237 3274 domum
1266 3220 1539 3285 admonet,
1571 3222 1829 3293 et‘pedes
1856 3223 2039 3279 lavare
2064 3241 2077 3278 :

487 3305 577 3374 qui
601 3306 848 3375 protinus
871 3310 1149 3379 respondit
1169 3310 1388 3367 dicens:
1414 3310 1569 3383 (vers.
1599 3313 1688 3382 ll)
1720 3331 1847 3369 arca
1867 3315 2083 3370 Domini

485 3396 582 3449 sub
602 3396 822 3468 pellibus
843 3410 936 3465 est,
953 3410 1001 3454 et
1024 3418 1117 3472 ego
1138 3403 1192 3456 in
1216 3403 1371 3457 domo
1393 3420 1508 3459 mea
1534 3407 1852 3477 requiescam
1868 3408 1894 3461 Ρ
1911 3408 2083 3476 Quem

488 3487 661 3545 David
688 3490 755 3545 ad
778 3506 1020 3547 mensam
1048 3494 1324 3565 propriam
1347 3497 1607 3566 suscepit,
1625 3497 1784 3567 eique
1803 3498 2080 3568 epistolas,

487 3597 588 3653 per
606 3598 745 3653 quas
761 3584 899 3638 mori
920 3584 1172 3651 debebat,
1190 3586 1429 3642 tradidit.
1452 3586 1618 3658 Cujus
1641 3603 1707 3642 au
1717 3595 1823 3643 tem
1838 3588 2006 3644 David
2030 3590 2085 3644 in

489 3672 693 3727 solario
720 3672 1075 3729 deambulans
1115 3682 1304 3744 typum
1329 3682 1513 3739 tenet,
1554 3676 1658 3730 nisi
1699 3676 1849 3747 ejus,
1878 3677 1948 3730 de
1978 3691 2086 3746 quo

490 3762 751 3829 scriptum
798 3769 882 3816 est
921 3780 937 3816 :
988 3761 1171 3833 (Psal.
1215 3779 1379 3828 xvtu,
1437 3763 1503 3834 6)
1550 3765 1605 3817 in
1644 3763 1753 3819 sole
1782 3767 1959 3836 posuit
2001 3775 2086 3819 ta-

491 3850 831 3907 bernaculum
859 3870 1014 3907 suum
1038 3854 1063 3907 .9
1100 3853 1166 3908 Et
1191 3854 1321 3923 quid
1346 3864 1430 3910 est
1456 3853 1725 3910 Bersabee
1753 3855 1820 3909 ad
1860 3871 1919 3910 se
1957 3870 2085 3924 per-

493 3940 712 4005 ducere,
746 3941 849 3996 nisi
874 3942 1051 4013 legem
1069 3942 1262 3997 litterae
1291 3943 1495 3997 carnali
1518 3944 1716 4013 populo
1737 3943 2086 4014 conjunctam

492 4030 760 4101 spirituali
796 4030 900 4086 sibi
932 4031 1206 4087 intellectu
1247 4032 1493 4087 sociare?
1534 4032 1800 4087 Bersabee
1823 4034 1966 4088 enim
1991 4052 2087 4103 pu-

492 4132 607 4175 teus
627 4123 877 4192 septimus
898 4122 1122 4177 dicitur:
1162 4122 1288 4191 quia
1315 4123 1568 4177 nimirum
1600 4138 1697 4193 per
1725 4125 2086 4195 cognitionem

493 4210 643 4282 legis,
673 4210 943 4266 inlusione
975 4211 1270 4281 spiritualis
1296 4213 1485 4281 gratiae
1504 4252 1518 4276 ,
1546 4211 1789 4281 perfecta
1815 4212 1973 4267 nobis
2001 4228 2088 4266 sa-

492 4302 699 4372 pientia
735 4303 1098 4364 ministratur.
1143 4302 1313 4369 Quem
1341 4318 1470 4357 vero
1519 4303 1704 4368 Urias,
1758 4303 1861 4358 nisi
1904 4302 2089 4357 Judai—

496 4409 621 4450 cum
662 4393 920 4465 populum
968 4395 1191 4466 signat?
1238 4394 1392 4463 cujus
1437 4410 1632 4450 nomen
1676 4395 2089 4465 interpretatum

2170 561 2332 617 natus
2358 551 2619 606 Dominus
2646 550 2891 615 veniens,
2916 546 3142 602 Iudaico
3164 545 3362 616 populo
3402 543 3691 613 praecepit,
3716 550 3774 597 ut

2173 646 2241 699 ad
2268 643 2663 704 conscientiam
2706 643 2927 705 redeat,
2961 648 3016 694 et
3045 637 3234 694 sordes
3281 650 3513 706 cperum
3557 633 3773 688 ﬂetibus

2173 742 2381 803 tergat,
2431 739 2491 786 ut
2537 728 2892 800 Spiritualiter
2916 727 3169 781 mandata
3206 724 3340 794 legis
3371 721 3683 792 intelligat,
3715 726 3776 774 ut

2172 831 2294 891 post
2328 829 2531 876 tantam
2574 818 2829 873 duritiem
2859 823 3286 887 praceptorum,
3322 812 3533 867 fontem
3561 811 3772 880 baptiso

2173 912 2335 966 matis
2366 909 2680 972 inveniens,
2726 906 2796 961 ad
2843 919 3038 975 aquam
3075 912 3199 973 post
3224 903 3465 957 laborem
3497 910 3774 954 recurrat.

2176 1004 2283 1060 Sed
2317 1003 2493 1067 Urias,
2526 1002 2618 1072 qui
2656 1015 2837 1055 arcam
2865 997 3079 1054 Domini
3103 1012 3224 1052 esse
3258 996 3358 1050 sub
3382 993 3625 1065 pellibus
3666 1008 3779 1046 me-

2174 1095 2361 1160 minit,
2412 1093 2691 1164 respondit
2747 1090 2891 1161 quod
2927 1089 3145 1144 domum
3190 1102 3344 1141 suam
3388 1086 3601 1140 intrare
3670 1097 3781 1137 non

2173 1192 2392 1255 posset:
2435 1198 2500 1238 ac
2527 1184 2573 1239 si
2597 1181 2851 1238 Judaicus
2880 1179 3110 1251 populus
3145 1178 3329 1234 dicat:
3370 1191 3472 1247 ego
3514 1174 3781 1230 mandata

2175 1279 2271 1337 Dei
2297 1281 2353 1334 in
2381 1278 2667 1335 sacrificiis
2690 1276 3001 1333 carnalibus
3029 1275 3221 1339 videoi,
3261 1279 3317 1328 et
3342 1272 3523 1326 redire
3547 1270 3621 1324 ad
3648 1284 3783 1325 con-

2174 1371 2459 1425 scientiam
2484 1384 2581 1440 per
2601 1368 2939 1440 spiritualem
2964 1363 3374 1435 intelligentiam
3394 1377 3502 1417 non
3528 1360 3780 1430 requiro.

2175 1460 2342 1527 Quasi
2367 1459 2513 1514 enim
2538 1473 2723 1513 arcam
2746 1472 2868 1513 esse
2894 1456 2992 1511 sub
3022 1453 3252 1526 pellibus
3280 1453 3444 1515 dicit,
3472 1450 3608 1520 quia
3636 1464 3783 1520 prae-

2176 1559 2329 1621 cepta
2353 1549 2448 1603 Dei
2473 1563 2581 1603 non
2610 1548 2715 1603 nisi
2738 1547 2805 1601 ad
2826 1545 3191 1601 exhibendum
3214 1542 3583 1597 ministerium
3610 1540 3789 1594 sacri-

2177 1640 2283 1695 ﬁcii
2315 1638 2549 1694 carnalis
2579 1636 2850 1708 intelligit.
2879 1636 3035 1690 Hunc
3061 1641 3241 1688 tamen
3273 1634 3440 1689 etiam
3483 1630 3673 1686 redire
3717 1628 3781 1683 ad

2176 1729 2397 1785 domum
2439 1729 2746 1791 nolentem,
2795 1726 2965 1781 David
3014 1725 3082 1779 ad
3127 1738 3372 1778 mensam
3410 1728 3615 1776 vocat:
3654 1719 3780 1790 quia

2102 1819 2151 1879 B
2178 1821 2426 1890 quamvis
2453 1817 2711 1874 Iudaicus
2739 1816 2971 1888 populus
3012 1814 3081 1868 ad
3128 1812 3525 1868 conscientiam
3576 1809 3780 1864 reverti

2179 1919 2527 1975 contemnat,
2576 1909 2627 1964 ei
2672 1914 2853 1962 tamen
2882 1905 3213 1973 Redemptor
3255 1902 3481 1957 veniens
3519 1899 3779 1954 mandata

2180 1998 2478 2069 spiritualia
2492 1998 2768 2068 praedicat,
2786 1996 2972 2051 dicens
2990 2012 3002 2047 :
3020 1992 3205 2066 (Joan.
3229 2008 3284 2057 v,
3306 1991 3396 2065 46)
3416 1990 3478 2046 Si
3495 1991 3782 2045 crederetis

2181 2091 2375 2162 Moysi,
2423 2090 2701 2144 crederetis
2731 2089 2957 2159 forsitan
2997 2096 3045 2141 et
3091 2087 3262 2139 mihi:
3302 2085 3367 2138 de
3406 2100 3492 2138 me
3520 2084 3668 2136 enim
3696 2081 3783 2134 ille

2180 2182 2407 2251 scripsit.
2436 2180 2633 2250 Legem
2677 2181 2859 2249 itaque
2896 2176 3151 2232 Iudaicus
3176 2175 3409 2245 pepulus
3443 2182 3621 2237 tenet,
3661 2187 3781 2242 qua:

2180 2271 2297 2340 ejus
2320 2272 2657 2327 divinitatem
2704 2270 2964 2340 loquitur,
2999 2268 3087 2323 cui
3117 2268 3257 2322 idem
3293 2266 3527 2335 pepulus
3555 2264 3781 2318 credere

2181 2364 2523 2433 dedignatur.
2558 2363 2712 2419 Unde
2739 2372 2795 2417 et
2821 2361 2979 2417 Urias
3001 2364 3067 2415 ad
3096 2358 3232 2415 Joab
3264 2373 3388 2413 cum
3415 2356 3693 2427 epistolis,
3715 2370 3777 2409 ex

2181 2453 2376 2521 quibus
2405 2452 2578 2507 occidi
2606 2452 2818 2515 debeat,
2842 2451 3096 2513 mittitur,
3123 2450 3248 2519 quia
3276 2450 3418 2502 idem
3446 2448 3565 2517 ipse
3595 2444 3781 2499 Judai-

2181 2558 2277 2597 cus
2300 2542 2528 2612 populus
2549 2542 2719 2612 legem
2740 2549 2942 2612 portat,
2965 2555 3070 2611 qua
3101 2540 3460 2595 convincente
3484 2537 3777 2592 moriatur.

2182 2632 2318 2686 Dum
2357 2632 2500 2686 enim
2541 2632 2793 2686 mandata
2817 2630 2950 2701 legis
2984 2629 2999 2668 ί
3032 2630 3298 2694 detinens,
3330 2628 3558 2697 implere
3592 2626 3776 2680 reniti.

2183 2730 2291 2787 tur,
2323 2722 2439 2792 ipse
2474 2721 2729 2775 nimirum
2756 2721 2932 2775 defert
2958 2718 3220 2791 judicium
3241 2759 3257 2784 ,
3288 2719 3432 2773 unde
3459 2718 3779 2771 damnetur.

2183 2810 2321 2879 Quid
2343 2825 2473 2881 ergo
2503 2825 2599 2880 per
2636 2809 2840 2865 factum
2869 2808 3014 2864 istud
3039 2808 3234 2873 David,
3268 2807 3552 2863 scelestius
3573 2806 3599 2858 ?
3640 2805 3782 2872 Quid

2184 2900 2315 2957 Uria
2357 2900 2611 2959 mundius
2657 2899 2763 2953 diei
2795 2898 3017 2970 potest?
3066 2899 3162 2953 sed
3196 2911 3386 2951 rursus
3430 2911 3530 2965 per
3567 2905 3780 2966 myste-

2184 2992 2325 3047 rium
2365 2991 2495 3061 quid
2532 2990 2744 3045 David8
2766 2990 3020 3046 sacrius?
3057 2988 3195 3055 Quid
3231 2988 3358 3043 Uria
3388 2986 3672 3041 iuﬁdelius
3697 2987 3781 3040 in-

2186 3085 2442 3139 venitur?
2475 3083 2689 3152 quando
2729 3090 2786 3136 et
2815 3080 2904 3135 ille
2930 3095 3029 3151 per
3057 3081 3179 3134 vita
3216 3078 3427 3147 culpam
3474 3076 3785 3146 prophetia

2107 3168 2153 3231 C
2184 3174 2368 3245 signat
2391 3171 2753 3227 innocentiam
2774 3210 2790 3235 ,
2817 3178 2874 3225 et
2900 3170 3004 3225 iste
3036 3184 3134 3239 per
3161 3167 3285 3223 vita:
3311 3166 3691 3222 innocentiam
3731 3167 3783 3221 in

2097 3297 2100 3299 λ
2182 3265 2463 3334 prophetia
2488 3262 2742 3333 exprimit
2778 3261 3032 3332 culpam?
3057 3301 3069 3314 .
3102 3299 3116 3313 .
3148 3300 3161 3314 .
3198 3299 3211 3312 .
3241 3297 3257 3311 .
3308 3258 3488 3312 Virtus
3532 3270 3785 3326 namque

2184 3356 2326 3412 sacri
2352 3355 2551 3424 eloquii
2580 3355 2659 3410 sic
2690 3360 2963 3409 transacta
3004 3361 3191 3406 narrat
3209 3391 3223 3417 ,
3252 3358 3313 3404 ut
3338 3358 3563 3403 ventura
3594 3347 3786 3418 expri-

2185 3456 2336 3511 mat;
2366 3445 2520 3501 sicin
2555 3443 2700 3499 facto
2727 3458 2842 3498 rem
2870 3441 3164 3513 approbat,
3194 3450 3254 3495 ut
3281 3441 3333 3494 in
3363 3438 3631 3509 mysterio
3676 3452 3786 3493 non

2184 3536 2561 3601 contradicat;
2594 3534 2674 3590 sic
2714 3541 2868 3605 gesta
2896 3532 3138 3595 damnat,
3168 3539 3230 3587 ut
3270 3531 3385 3587 haec
3420 3528 3661 3599 mystice
3697 3542 3786 3600 ge-

2186 3627 2353 3682 renda
2373 3626 2717 3697 persuadeat.

2262 3761 2279 3793 ι
2316 3743 2343 3782 ιι
2377 3742 2457 3796 Ad
2489 3743 2594 3796 hoc
2622 3741 2767 3795 enim
2802 3740 2855 3794 in
2900 3737 3179 3807 Scriptura
3227 3750 3379 3791 sacra
3415 3734 3668 3788 virorum
3704 3741 3784 3788 tl-

2188 3834 2341 3897 lium,
2365 3834 2417 3887 id
2443 3841 2527 3888 est
2552 3833 2741 3897 David,
2775 3839 2830 3887 et
2850 3830 3018 3895 Petri,
3047 3837 3271 3898 peccata
3299 3837 3422 3882 sunt
3449 3825 3700 3880 indicata
3742 3826 3782 3887 ί,

2185 3936 2245 3981 ut
2272 3924 2478 3980 cautela
2505 3925 2773 3979 minorum
2797 3924 2868 3983 sit
2893 3922 3048 3977 ruina
3076 3920 3376 3990 majorum:
3411 3916 3478 3972 ad
3508 3917 3619 3970 hoc
3652 3931 3783 3971 vero

2186 4026 2536 4084 utrorumque
2562 4014 2688 4078 illic,
2717 4021 2773 4067 et
2799 4011 3113 4081 pmnitentia
3146 4009 3479 4069 insinuatur,
3506 4016 3560 4059 et
3593 4005 3781 4067 venia,

2186 4117 2245 4162 ut
2275 4122 2398 4176 spes
2428 4107 2769 4177 pereuntium
2802 4105 2873 4158 sit
2905 4101 3246 4170 recuperatio
3292 4098 3655 4168 perditorum.
3712 4096 3783 4149 De

2188 4207 2330 4252 statu
2361 4212 2490 4267 ergo
2522 4210 2637 4260 suo,
2672 4193 2841 4248 David
2883 4191 3134 4254 cadente,
3166 4204 3322 4243 nemo
3357 4186 3679 4255 superbiat:
3722 4184 3783 4238 de

2187 4286 2342 4357 lapsu
2366 4286 2529 4338 etiam
2550 4298 2668 4346 suo,
2686 4282 2855 4336 David
2876 4287 3154 4349 surgente,
3172 4291 3330 4331 nemo
3350 4276 3621 4343 desperet.
3642 4273 3783 4327 Ecce

2188 4390 2350 4445 quam
2400 4373 2721 4428 mirabiliter
2765 4370 3045 4440 Scriptura
3090 4365 3278 4422 eodem
3308 4365 3474 4419 verbo
3513 4365 3785 4433 superbos

497 4458 697 4539 dicitur
726 4458 749 4539 τ’
781 4484 873 4539 luas
916 4458 1088 4540 πιθανά
1127 4484 1258 4550 Dei;
1297 4458 1553 4540 iudaieus
1597 4494 1778 4540 autem
1819 4458 2082 4554 populus,
2112 4508 2164 4567 Ι)
2188 4466 2407 4535 Diem“:
2436 4466 2735 4567 quojei‘bo
2759 4461 2992 4567 ξυωίιθε
3014 4460 3176 4567 Ιενξιι·
3204 4458 3379 4567 Una?!
3407 4469 3643 4567 Damt}le
3667 4470 3779 4567 re“:

498 4575 625 4646 quia
654 4576 720 4631 de
743 4584 964 4646 accepta
987 4568 1126 4641 legis
1151 4576 1376 4631 scientia
1404 4575 1697 4640 extollitur,
1721 4575 1876 4645 quasi
1903 4573 1968 4629 de
1990 4573 2085 4627 Dei

498 4667 619 4723 luce
660 4667 956 4738 gloriatur;
996 4667 1092 4722 sed
1129 4667 1255 4723 huic
1288 4679 1311 4706 θ
1353 4665 1527 4721 David
1567 4680 1792 4721 uxorem
1834 4663 2086 4729 abstulit,

499 4758 712 4827 sibique
737 4756 1039 4825 conjunxit,
1077 4756 1204 4825 quia
1242 4755 1489 4811 videlicet
1521 4771 1680 4808 manu
1721 4754 1895 4822 fortis,
1941 4753 2087 4823 quod

501 4847 670 4902 David
702 4846 924 4911 dicitur,
949 4846 1003 4901 in
1031 4860 1197 4899 carne
1234 4844 1561 4915 Redemptor
1587 4852 1773 4899 noster
1797 4858 2084 4912 apparens,

501 4939 629 4993 dum
656 4938 721 4993 de
752 4952 810 4992 se
833 4936 1188 5006 spiritualiter
1212 4935 1357 5004 loqui
1384 4935 1559 5006 legem
1591 4933 1846 4997 innotuit,
1869 4946 1966 5001 per
1987 4934 2088 4987 hoc

502 5028 643 5098 quod
657 5026 811 5095 juxta
836 5027 1072 5082 litteram
1096 5025 1403 5089 tenebatur,
1429 5026 1572 5081 hanc
1592 5039 1624 5078 a
1643 5022 1868 5078 Judaico
1891 5022 2089 5093 populo

500 5128 817 5176 extraneum
861 5116 1287 5181 demonstravit,
1315 5114 1523 5184 sibique
1550 5112 1848 5181 conjunxit,
1875 5111 2001 5182 quia
2028 5125 2087 5167 se

503 5224 599 5280 per
628 5209 775 5267 illam
802 5207 1084 5279 praedicari
1112 5204 1425 5261 declaravit.
1465 5202 1651 5259 Uriam
1686 5210 1869 5256 tamen
1893 5200 1961 5256 ad
1992 5200 2088 5256 do-

575 5422 600 5450 ι
634 5408 761 5492 Hzee
782 5405 1035 5492 perquire
1050 5418 1279 5492 numer?
1299 5400 1368 5457 55
1391 5400 1548 5473 [alias
1577 5412 1694 5468 cap.
1731 5396 1823 5468 28]
1854 5394 1978 5451 libri
2020 5410 2080 5450 ιιι

502 5478 752 5535 ϐτθσοτὶἰ
785 5472 1070 5532 Moralium
1101 5475 1155 5528 in
1180 5472 1300 5527 Job.
1396 5472 1411 5473 “

576 5519 772 5631 b'i'gdit.
804 5549 858 5602 in
885 5546 1023 5614 facto
1049 5560 1210 5599 causa
1233 5540 1584 5597 damnationis
1609 5545 1702 5593 est.

578 5628 601 5657 ο
632 5617 773 5671 Edit.
799 5632 997 5670 verum.

576 5687 603 5726 δ
636 5686 915 5768 96min!”-

583 5769 605 5797 ε
635 5757 690 5811 In
719 5756 879 5813 editis
915 5755 1127 5810 additur
1157 5750 1319 5805 (Μαι.

2192 4565 2399 4626 gestam
2424 4554 2626 4618 retulit,
2659 4561 2713 4607 et
2738 4552 2953 4606 diverso
2986 4550 3144 4604 modo
3173 4549 3432 4618 superbos
3459 4546 3688 4615 quidem
3713 4544 3779 4598 ad

2192 4646 2510 4701 humilitatis
2557 4644 2921 4707 formidinem,
2969 4641 3199 4695 humiles
3228 4654 3359 4693 vero
3406 4639 3472 4693 ad
3518 4636 3777 4692 ﬁduciam

2192 4741 2483 4796 revocavit.
2519 4737 2962 4796 Oinaestimabile
3006 4738 3131 4791 novi
3168 4735 3385 4807 generis
3410 4732 3779 4789 medicamen-

2191 4845 2303 4890 tum
2332 4837 2344 4888 !
2384 4835 2525 4904 quod
2553 4848 2678 4897 uno,
2712 4834 3011 4902 eodemque
3046 4832 3234 4887 ordine
3263 4830 3529 4899 positum,
3557 4835 3614 4883 et
3656 4844 3779 4897 pne-

2192 4928 2387 4983 mendo
2424 4927 2685 4981 tumentia
2716 4926 2988 4987 exsiccat,
3019 4933 3073 4979 et
3099 4922 3426 4978 sublevando
3458 4919 3669 4973 arentia
3699 4920 3779 4973 in-

2197 5018 2390 5073 fundit.
2438 5016 2515 5071 De
2543 5015 2805 5083 majorum
2836 5029 2934 5069 nos
2962 5014 3112 5082 lapsu
3148 5011 3359 5075 terruit,
3390 5010 3486 5064 sed
3526 5009 3592 5063 de
3619 5023 3775 5076 repa-

2194 5110 2407 5165 ratione
2431 5107 2724 5162 roboravit.
2754 5105 2847 5160 Sic
2872 5105 3067 5174 quippe
3095 5116 3329 5171 semper,
3349 5100 3431 5154 sie
3458 5114 3556 5154 nos
3580 5097 3776 5151 divina!

2196 5197 2613 5269 dispensationis
2636 5193 3007 5251 misericordia
3027 5200 3083 5247 et
3102 5191 3475 5262 superbientes
3505 5189 3771 5257 reprimit.

2267 5394 2286 5433 τ
2317 5394 2458 5448 Edit.
2492 5393 2738 5445 retinens.

2262 5466 2289 5573 ιῗ
2315 5463 2708 5600 gigiéhutféuug
2735 5526 2978 5600 invenies
2997 5537 3146 5580 num.
3167 5521 3279 5588 '25,
3301 5519 3435 5575 alias
3462 5532 3581 5588 cap.
3602 5517 3667 5571 l2
3692 5517 3772 5572 vel

2196 5605 2261 5659 15
2290 5602 2411 5657 libri
2442 5596 2617 5654 xx'xm
2648 5596 2951 5651 Moralium.

2272 5677 2285 5714 ἱ
2324 5672 2486 5740 Grcg.
2520 5670 2662 5737 vulg.
2697 5666 2884 5719 indita.
