  <div class='ocr_page' id='page_1' title='image "/cluster/home/n/w/nwhite01/storage/ocr_20150623/104/uva.x000827061/360.png"; bbox 0 0 3912 6324; ppageno 0'>
   <div class='ocr_carea' id='block_1_1' title="bbox 128 401 241 457">
    <p class='ocr_par' dir='ltr' id='par_1_1' title="bbox 128 401 241 457">
     <span class='ocr_line' id='line_1_1' title="bbox 128 401 241 457; baseline 0.018 -2"><span class='ocrx_word' id='word_1_1' title='bbox 128 401 241 457; x_wconf 70' lang='grc' dir='ltr'><strong>τυδ</strong></span> 
     </span>
    </p>
   </div>
   <div class='ocr_carea' id='block_1_2' title="bbox 786 391 2746 471">
    <p class='ocr_par' dir='ltr' id='par_1_2' title="bbox 786 391 2746 471">
     <span class='ocr_line' id='line_1_2' title="bbox 786 391 2746 471; baseline -0.002 -12"><span class='ocrx_word' id='word_1_2' title='bbox 786 402 1247 471; x_wconf 76' lang='lat' dir='ltr'><strong>QU/ESTIONES</strong></span> <span class='ocrx_word' id='word_1_3' title='bbox 1287 400 1435 456; x_wconf 72' lang='lat' dir='ltr'><strong>XXX</strong></span> <span class='ocrx_word' id='word_1_4' title='bbox 1475 394 1697 453; x_wconf 76' lang='lat' dir='ltr'><strong>SUPER</strong></span> <span class='ocrx_word' id='word_1_5' title='bbox 1734 391 1983 449; x_wconf 80' lang='lat' dir='ltr'><strong>LIBROS</strong></span> <span class='ocrx_word' id='word_1_6' title='bbox 2021 395 2283 455; x_wconf 83' lang='lat' dir='ltr'><strong>REGUM.</strong></span> <span class='ocrx_word' id='word_1_7' title='bbox 2326 426 2397 439; x_wconf 91' lang='lat'><strong>-—</strong></span> <span class='ocrx_word' id='word_1_8' title='bbox 2432 399 2637 455; x_wconf 79' lang='lat' dir='ltr'><strong>LIBER</strong></span> <span class='ocrx_word' id='word_1_9' title='bbox 2682 399 2746 455; x_wconf 86' lang='lat' dir='ltr'><strong>Il.</strong></span> 
     </span>
    </p>
   </div>
   <div class='ocr_carea' id='block_1_3' title="bbox 3285 402 3387 459">
    <p class='ocr_par' dir='ltr' id='par_1_3' title="bbox 3285 402 3387 459">
     <span class='ocr_line' id='line_1_3' title="bbox 3285 402 3387 459; baseline 0.01 -2"><span class='ocrx_word' id='word_1_10' title='bbox 3285 402 3387 459; x_wconf 79' lang='lat'><strong>706</strong></span> 
     </span>
    </p>
   </div>
   <div class='ocr_carea' id='block_1_4' title="bbox 124 505 3398 587">
    <p class='ocr_par' dir='ltr' id='par_1_4' title="bbox 124 505 3398 587">
     <span class='ocr_line' id='line_1_4' title="bbox 124 505 3398 587; baseline 0.001 -16"><span class='ocrx_word' id='word_1_11' title='bbox 124 526 189 571; x_wconf 89' lang='lat' dir='ltr'><strong>et</strong></span> <span class='ocrx_word' id='word_1_12' title='bbox 212 532 281 572; x_wconf 89' lang='lat' dir='ltr'><strong>ne</strong></span> <span class='ocrx_word' id='word_1_13' title='bbox 305 518 371 571; x_wconf 92' lang='lat' dir='ltr'><strong>ad</strong></span> <span class='ocrx_word' id='word_1_14' title='bbox 400 516 831 587; x_wconf 74' lang='lat' dir='ltr'><strong>desperationem</strong></span> <span class='ocrx_word' id='word_1_15' title='bbox 852 530 1186 578; x_wconf 84' lang='lat' dir='ltr'><strong>corruamus,</strong></span> <span class='ocrx_word' id='word_1_16' title='bbox 1218 514 1388 568; x_wconf 91' lang='lat' dir='ltr'><strong>fulcit.</strong></span> <span class='ocrx_word' id='word_1_17' title='bbox 1406 526 1431 554; x_wconf 74' lang='grc' dir='ltr'>ι</span> <span class='ocrx_word' id='word_1_18' title='bbox 1456 512 1562 567; x_wconf 90' lang='lat' dir='ltr'><strong>Sed</strong></span> <span class='ocrx_word' id='word_1_19' title='bbox 1588 512 1714 581; x_wconf 82' lang='lat' dir='ltr'><strong>quia</strong></span> <span class='ocrx_word' id='word_1_20' title='bbox 1742 505 1793 564; x_wconf 82' lang='grc' dir='ltr'><strong>Α</strong></span> <span class='ocrx_word' id='word_1_21' title='bbox 1819 506 2069 573; x_wconf 75' lang='lat' dir='ltr'><strong>diximus,</strong></span> <span class='ocrx_word' id='word_1_22' title='bbox 2103 512 2304 568; x_wconf 89' lang='lat' dir='ltr'><strong>electos</strong></span> <span class='ocrx_word' id='word_1_23' title='bbox 2335 528 2463 569; x_wconf 90' lang='lat' dir='ltr'><strong>suos</strong></span> <span class='ocrx_word' id='word_1_24' title='bbox 2492 514 2752 569; x_wconf 88' lang='lat' dir='ltr'><strong>Dominus</strong></span> <span class='ocrx_word' id='word_1_25' title='bbox 2793 530 2934 585; x_wconf 63' lang='lat' dir='ltr'><strong>saepe</strong></span> <span class='ocrx_word' id='word_1_26' title='bbox 2983 517 3234 571; x_wconf 84' lang='lat' dir='ltr'><strong>tentatori</strong></span> <span class='ocrx_word' id='word_1_27' title='bbox 3274 520 3398 573; x_wconf 88' lang='lat' dir='ltr'><strong>sub-</strong></span> 
     </span>
    </p>
   </div>
   <div class='ocr_carea' id='block_1_5' title="bbox 122 598 1721 676">
    <p class='ocr_par' dir='ltr' id='par_1_5' title="bbox 122 598 1721 676">
     <span class='ocr_line' id='line_1_5' title="bbox 122 598 1721 676; baseline -0.006 -16"><span class='ocrx_word' id='word_1_28' title='bbox 122 607 383 676; x_wconf 84' lang='lat' dir='ltr'><strong>exigente</strong></span> <span class='ocrx_word' id='word_1_29' title='bbox 409 620 596 670; x_wconf 88' lang='lat' dir='ltr'><strong>causa,</strong></span> <span class='ocrx_word' id='word_1_30' title='bbox 627 604 794 658; x_wconf 83' lang='lat' dir='ltr'><strong>David</strong></span> <span class='ocrx_word' id='word_1_31' title='bbox 821 604 888 658; x_wconf 89' lang='lat' dir='ltr'><strong>ad</strong></span> <span class='ocrx_word' id='word_1_32' title='bbox 911 604 1147 658; x_wconf 90' lang='lat' dir='ltr'><strong>medium</strong></span> <span class='ocrx_word' id='word_1_33' title='bbox 1174 603 1433 667; x_wconf 89' lang='lat' dir='ltr'><strong>deducto,</strong></span> <span class='ocrx_word' id='word_1_34' title='bbox 1479 601 1611 654; x_wconf 90' lang='lat' dir='ltr'><strong>tanti</strong></span> <span class='ocrx_word' id='word_1_35' title='bbox 1643 598 1721 652; x_wconf 87' lang='lat' dir='ltr'><strong>fa-</strong></span> 
     </span>
    </p>
   </div>
   <div class='ocr_carea' id='block_1_6' title="bbox 125 691 1721 758">
    <p class='ocr_par' dir='ltr' id='par_1_6' title="bbox 125 691 1721 758">
     <span class='ocr_line' id='line_1_6' title="bbox 125 691 1721 758; baseline -0.003 -8"><span class='ocrx_word' id='word_1_36' title='bbox 125 696 343 750; x_wconf 91' lang='lat' dir='ltr'><strong>cinoris</strong></span> <span class='ocrx_word' id='word_1_37' title='bbox 372 696 699 750; x_wconf 52' lang='lat' dir='ltr'><strong>memoriam-</strong></span> <span class='ocrx_word' id='word_1_38' title='bbox 716 692 940 749; x_wconf 86' lang='lat' dir='ltr'><strong>fecimus</strong></span> <span class='ocrx_word' id='word_1_39' title='bbox 959 734 972 758; x_wconf 92' lang='lat'><strong>,</strong></span> <span class='ocrx_word' id='word_1_40' title='bbox 1002 693 1221 749; x_wconf 72' lang='lat' dir='ltr'><strong>lectoris</strong></span> <span class='ocrx_word' id='word_1_41' title='bbox 1251 692 1479 746; x_wconf 77' lang='lat' dir='ltr'><strong>fortasse</strong></span> <span class='ocrx_word' id='word_1_42' title='bbox 1506 691 1721 745; x_wconf 88' lang='lat' dir='ltr'><strong>animus</strong></span> 
     </span>
    </p>
   </div>
   <div class='ocr_carea' id='block_1_7' title="bbox 125 782 1721 854">
    <p class='ocr_par' dir='ltr' id='par_1_7' title="bbox 125 782 1721 854">
     <span class='ocr_line' id='line_1_7' title="bbox 125 782 1721 854; baseline -0.003 -15"><span class='ocrx_word' id='word_1_43' title='bbox 125 794 409 847; x_wconf 86' lang='lat' dir='ltr'><strong>movetur,</strong></span> <span class='ocrx_word' id='word_1_44' title='bbox 439 800 539 839; x_wconf 89' lang='lat' dir='ltr'><strong>cur</strong></span> <span class='ocrx_word' id='word_1_45' title='bbox 556 783 908 854; x_wconf 79' lang='lat' dir='ltr'><strong>omnipotens</strong></span> <span class='ocrx_word' id='word_1_46' title='bbox 932 783 1075 838; x_wconf 83' lang='lat' dir='ltr'><strong>Deus</strong></span> <span class='ocrx_word' id='word_1_47' title='bbox 1103 797 1197 837; x_wconf 90' lang='lat' dir='ltr'><strong>eos</strong></span> <span class='ocrx_word' id='word_1_48' title='bbox 1216 824 1231 848; x_wconf 92' lang='lat'><strong>,</strong></span> <span class='ocrx_word' id='word_1_49' title='bbox 1275 796 1412 850; x_wconf 90' lang='lat' dir='ltr'><strong>quos</strong></span> <span class='ocrx_word' id='word_1_50' title='bbox 1452 782 1505 835; x_wconf 91' lang='lat' dir='ltr'><strong>in</strong></span> <span class='ocrx_word' id='word_1_51' title='bbox 1532 794 1721 850; x_wconf 88' lang='lat' dir='ltr'><strong>perpe-</strong></span> 
     </span>
    </p>
   </div>
   <div class='ocr_carea' id='block_1_8' title="bbox 126 874 1720 947">
    <p class='ocr_par' dir='ltr' id='par_1_8' title="bbox 126 874 1720 947">
     <span class='ocr_line' id='line_1_8' title="bbox 126 874 1720 947; baseline -0.001 -18"><span class='ocrx_word' id='word_1_52' title='bbox 126 884 290 929; x_wconf 89' lang='lat' dir='ltr'><strong>tuum</strong></span> <span class='ocrx_word' id='word_1_53' title='bbox 318 876 513 947; x_wconf 90' lang='lat' dir='ltr'><strong>elegit,</strong></span> <span class='ocrx_word' id='word_1_54' title='bbox 544 891 679 945; x_wconf 85' lang='lat' dir='ltr'><strong>quos</strong></span> <span class='ocrx_word' id='word_1_55' title='bbox 706 876 773 930; x_wconf 90' lang='lat' dir='ltr'><strong>ad</strong></span> <span class='ocrx_word' id='word_1_56' title='bbox 815 876 1080 931; x_wconf 88' lang='lat' dir='ltr'><strong>donorum</strong></span> <span class='ocrx_word' id='word_1_57' title='bbox 1109 888 1323 945; x_wconf 92' lang='lat' dir='ltr'><strong>quoque</strong></span> <span class='ocrx_word' id='word_1_58' title='bbox 1355 874 1720 945; x_wconf 74' lang='lat' dir='ltr'><strong>spiritualium</strong></span> 
     </span>
    </p>
   </div>
   <div class='ocr_carea' id='block_1_9' title="bbox 126 965 1721 1036">
    <p class='ocr_par' dir='ltr' id='par_1_9' title="bbox 126 965 1721 1036">
     <span class='ocr_line' id='line_1_9' title="bbox 126 965 1721 1036; baseline -0.002 -15"><span class='ocrx_word' id='word_1_59' title='bbox 126 968 349 1021; x_wconf 82' lang='lat' dir='ltr'><strong>culmen</strong></span> <span class='ocrx_word' id='word_1_60' title='bbox 397 967 654 1032; x_wconf 80' lang='lat' dir='ltr'><strong>assumit,</strong></span> <span class='ocrx_word' id='word_1_61' title='bbox 700 967 895 1022; x_wconf 75' lang='lat' dir='ltr'><strong>illaesos</strong></span> <span class='ocrx_word' id='word_1_62' title='bbox 937 984 967 1021; x_wconf 86' lang='lat' dir='ltr'><strong>a</strong></span> <span class='ocrx_word' id='word_1_63' title='bbox 1014 965 1389 1036; x_wconf 83' lang='lat' dir='ltr'><strong>corporalibus</strong></span> <span class='ocrx_word' id='word_1_64' title='bbox 1422 966 1569 1021; x_wconf 90' lang='lat' dir='ltr'><strong>vitiis</strong></span> <span class='ocrx_word' id='word_1_65' title='bbox 1612 980 1721 1019; x_wconf 88' lang='lat' dir='ltr'><strong>non</strong></span> 
     </span>
    </p>
   </div>
   <div class='ocr_carea' id='block_1_10' title="bbox 126 1055 1721 1125">
    <p class='ocr_par' dir='ltr' id='par_1_10' title="bbox 126 1055 1721 1125">
     <span class='ocr_line' id='line_1_10' title="bbox 126 1055 1721 1125; baseline 0 -17"><span class='ocrx_word' id='word_1_66' title='bbox 126 1056 415 1111; x_wconf 85' lang='lat' dir='ltr'><strong>custodit?</strong></span> <span class='ocrx_word' id='word_1_67' title='bbox 454 1056 604 1112; x_wconf 88' lang='lat' dir='ltr'><strong>Unde</strong></span> <span class='ocrx_word' id='word_1_68' title='bbox 629 1057 754 1125; x_wconf 84' lang='lat' dir='ltr'><strong>quia</strong></span> <span class='ocrx_word' id='word_1_69' title='bbox 785 1057 1035 1111; x_wconf 75' lang='lat' dir='ltr'><strong>satisfieri</strong></span> <span class='ocrx_word' id='word_1_70' title='bbox 1081 1056 1240 1110; x_wconf 87' lang='lat' dir='ltr'><strong>citius</strong></span> <span class='ocrx_word' id='word_1_71' title='bbox 1263 1055 1533 1110; x_wconf 86' lang='lat' dir='ltr'><strong>credimus</strong></span> <span class='ocrx_word' id='word_1_72' title='bbox 1552 1094 1566 1119; x_wconf 91' lang='lat'><strong>,</strong></span> <span class='ocrx_word' id='word_1_73' title='bbox 1598 1055 1721 1108; x_wconf 86' lang='lat' dir='ltr'><strong>bre-</strong></span> 
     </span>
    </p>
   </div>
   <div class='ocr_carea' id='block_1_11' title="bbox 126 1148 1722 1217">
    <p class='ocr_par' dir='ltr' id='par_1_11' title="bbox 126 1148 1722 1217">
     <span class='ocr_line' id='line_1_11' title="bbox 126 1148 1722 1217; baseline -0.001 -17"><span class='ocrx_word' id='word_1_74' title='bbox 126 1149 277 1201; x_wconf 83' lang='lat' dir='ltr'><strong>viter</strong></span> <span class='ocrx_word' id='word_1_75' title='bbox 307 1152 695 1217; x_wconf 84' lang='lat' dir='ltr'><strong>respondemus</strong></span> <span class='ocrx_word' id='word_1_76' title='bbox 715 1189 730 1213; x_wconf 95' lang='lat'><strong>,</strong></span> <span class='ocrx_word' id='word_1_77' title='bbox 755 1148 998 1203; x_wconf 81' lang='lat' dir='ltr'><strong>nonnulli</strong></span> <span class='ocrx_word' id='word_1_78' title='bbox 1025 1148 1168 1202; x_wconf 89' lang='lat' dir='ltr'><strong>enim</strong></span> <span class='ocrx_word' id='word_1_79' title='bbox 1195 1162 1293 1216; x_wconf 89' lang='lat' dir='ltr'><strong>per</strong></span> <span class='ocrx_word' id='word_1_80' title='bbox 1321 1154 1542 1214; x_wconf 88' lang='lat' dir='ltr'><strong>accepta</strong></span> <span class='ocrx_word' id='word_1_81' title='bbox 1582 1148 1722 1199; x_wconf 88' lang='lat' dir='ltr'><strong>dona</strong></span> 
     </span>
    </p>
   </div>
   <div class='ocr_carea' id='block_1_12' title="bbox 128 1237 1723 1308">
    <p class='ocr_par' dir='ltr' id='par_1_12' title="bbox 128 1237 1723 1308">
     <span class='ocr_line' id='line_1_12' title="bbox 128 1237 1723 1308; baseline 0 -19"><span class='ocrx_word' id='word_1_82' title='bbox 128 1239 434 1299; x_wconf 79' lang='lat' dir='ltr'><strong>virtutum,</strong></span> <span class='ocrx_word' id='word_1_83' title='bbox 466 1253 564 1306; x_wconf 90' lang='lat' dir='ltr'><strong>per</strong></span> <span class='ocrx_word' id='word_1_84' title='bbox 607 1239 904 1308; x_wconf 87' lang='lat' dir='ltr'><strong>impensam</strong></span> <span class='ocrx_word' id='word_1_85' title='bbox 936 1237 1164 1307; x_wconf 82' lang='lat' dir='ltr'><strong>gratiam</strong></span> <span class='ocrx_word' id='word_1_86' title='bbox 1204 1238 1468 1291; x_wconf 90' lang='lat' dir='ltr'><strong>bonorum</strong></span> <span class='ocrx_word' id='word_1_87' title='bbox 1498 1252 1723 1306; x_wconf 90' lang='lat' dir='ltr'><strong>operum</strong></span> 
     </span>
    </p>
   </div>
   <div class='ocr_carea' id='block_1_13' title="bbox 124 1325 1723 1394">
    <p class='ocr_par' dir='ltr' id='par_1_13' title="bbox 124 1325 1723 1394">
     <span class='ocr_line' id='line_1_13' title="bbox 124 1325 1723 1394; baseline 0 -16"><span class='ocrx_word' id='word_1_88' title='bbox 124 1326 187 1379; x_wconf 91' lang='lat' dir='ltr'><strong>in</strong></span> <span class='ocrx_word' id='word_1_89' title='bbox 217 1326 487 1394; x_wconf 60' lang='lat' dir='ltr'><strong>superbia:</strong></span> <span class='ocrx_word' id='word_1_90' title='bbox 520 1326 711 1380; x_wconf 82' lang='lat' dir='ltr'><strong>vitium</strong></span> <span class='ocrx_word' id='word_1_91' title='bbox 754 1327 987 1389; x_wconf 83' lang='lat' dir='ltr'><strong>cadunt;</strong></span> <span class='ocrx_word' id='word_1_92' title='bbox 1032 1326 1125 1380; x_wconf 92' lang='lat' dir='ltr'><strong>sed</strong></span> <span class='ocrx_word' id='word_1_93' title='bbox 1172 1334 1351 1380; x_wconf 89' lang='lat' dir='ltr'><strong>tamen</strong></span> <span class='ocrx_word' id='word_1_94' title='bbox 1394 1325 1421 1364; x_wconf 68' lang='grc' dir='ltr'>δ</span> <span class='ocrx_word' id='word_1_95' title='bbox 1458 1326 1723 1394; x_wconf 90' lang='lat' dir='ltr'><strong>quomodo</strong></span> 
     </span>
    </p>
   </div>
   <div class='ocr_carea' id='block_1_14' title="bbox 126 1416 1725 1486">
    <p class='ocr_par' dir='ltr' id='par_1_14' title="bbox 126 1416 1725 1486">
     <span class='ocr_line' id='line_1_14' title="bbox 126 1416 1725 1486; baseline 0.001 -16"><span class='ocrx_word' id='word_1_96' title='bbox 126 1417 471 1481; x_wconf 89' lang='lat' dir='ltr'><strong>ceciderunt,</strong></span> <span class='ocrx_word' id='word_1_97' title='bbox 501 1432 610 1471; x_wconf 89' lang='lat' dir='ltr'><strong>non</strong></span> <span class='ocrx_word' id='word_1_98' title='bbox 631 1427 950 1486; x_wconf 88' lang='lat' dir='ltr'><strong>agnoscunt.</strong></span> <span class='ocrx_word' id='word_1_99' title='bbox 973 1416 1208 1471; x_wconf 89' lang='lat' dir='ltr'><strong>Proinde</strong></span> <span class='ocrx_word' id='word_1_100' title='bbox 1232 1426 1420 1471; x_wconf 86' lang='lat' dir='ltr'><strong>contra</strong></span> <span class='ocrx_word' id='word_1_101' title='bbox 1442 1432 1536 1472; x_wconf 89' lang='lat' dir='ltr'><strong>eos</strong></span> <span class='ocrx_word' id='word_1_102' title='bbox 1552 1417 1725 1472; x_wconf 89' lang='lat' dir='ltr'><strong>hostis</strong></span> 
     </span>
    </p>
   </div>
   <div class='ocr_carea' id='block_1_15' title="bbox 126 1509 1725 1580">
    <p class='ocr_par' dir='ltr' id='par_1_15' title="bbox 126 1509 1725 1580">
     <span class='ocr_line' id='line_1_15' title="bbox 126 1509 1725 1580; baseline 0 -18"><span class='ocrx_word' id='word_1_103' title='bbox 126 1510 414 1579; x_wconf 87' lang='lat' dir='ltr'><strong>antiquus,</strong></span> <span class='ocrx_word' id='word_1_104' title='bbox 442 1511 534 1579; x_wconf 89' lang='lat' dir='ltr'><strong>qui</strong></span> <span class='ocrx_word' id='word_1_105' title='bbox 555 1511 669 1580; x_wconf 89' lang='lat' dir='ltr'><strong>jam</strong></span> <span class='ocrx_word' id='word_1_106' title='bbox 697 1509 927 1563; x_wconf 90' lang='lat' dir='ltr'><strong>interius</strong></span> <span class='ocrx_word' id='word_1_107' title='bbox 948 1509 1277 1574; x_wconf 89' lang='lat' dir='ltr'><strong>dominatur,</strong></span> <span class='ocrx_word' id='word_1_108' title='bbox 1302 1510 1539 1563; x_wconf 83' lang='lat' dir='ltr'><strong>exterius</strong></span> <span class='ocrx_word' id='word_1_109' title='bbox 1560 1509 1725 1564; x_wconf 89' lang='lat' dir='ltr'><strong>etiam</strong></span> 
     </span>
    </p>
   </div>
   <div class='ocr_carea' id='block_1_16' title="bbox 129 1598 1721 1669">
    <p class='ocr_par' dir='ltr' id='par_1_16' title="bbox 129 1598 1721 1669">
     <span class='ocr_line' id='line_1_16' title="bbox 129 1598 1721 1669; baseline -0.002 -15"><span class='ocrx_word' id='word_1_110' title='bbox 129 1601 335 1655; x_wconf 83' lang='lat' dir='ltr'><strong>saevire</strong></span> <span class='ocrx_word' id='word_1_111' title='bbox 366 1601 727 1669; x_wconf 89' lang='lat' dir='ltr'><strong>permittitur,</strong></span> <span class='ocrx_word' id='word_1_112' title='bbox 772 1608 831 1653; x_wconf 92' lang='lat' dir='ltr'><strong>ut</strong></span> <span class='ocrx_word' id='word_1_113' title='bbox 859 1600 951 1669; x_wconf 85' lang='lat' dir='ltr'><strong>qui</strong></span> <span class='ocrx_word' id='word_1_114' title='bbox 986 1600 1041 1653; x_wconf 93' lang='lat' dir='ltr'><strong>in</strong></span> <span class='ocrx_word' id='word_1_115' title='bbox 1070 1599 1396 1669; x_wconf 76' lang='lat' dir='ltr'><strong>cogitatione</strong></span> <span class='ocrx_word' id='word_1_116' title='bbox 1423 1598 1546 1654; x_wconf 88' lang='lat' dir='ltr'><strong>elati</strong></span> <span class='ocrx_word' id='word_1_117' title='bbox 1578 1607 1721 1662; x_wconf 86' lang='lat' dir='ltr'><strong>sunt,</strong></span> 
     </span>
    </p>
   </div>
   <div class='ocr_carea' id='block_1_17' title="bbox 125 1688 1725 1758">
    <p class='ocr_par' dir='ltr' id='par_1_17' title="bbox 125 1688 1725 1758">
     <span class='ocr_line' id='line_1_17' title="bbox 125 1688 1725 1758; baseline -0.001 -16"><span class='ocrx_word' id='word_1_118' title='bbox 125 1704 237 1757; x_wconf 84' lang='lat' dir='ltr'><strong>per</strong></span> <span class='ocrx_word' id='word_1_119' title='bbox 279 1690 460 1747; x_wconf 84' lang='lat' dir='ltr'><strong>carnis</strong></span> <span class='ocrx_word' id='word_1_120' title='bbox 487 1688 758 1742; x_wconf 77' lang='lat' dir='ltr'><strong>luxuriam</strong></span> <span class='ocrx_word' id='word_1_121' title='bbox 797 1696 1226 1758; x_wconf 89' lang='lat' dir='ltr'><strong>prosternantur.</strong></span> <span class='ocrx_word' id='word_1_122' title='bbox 1282 1688 1496 1743; x_wconf 82' lang='lat' dir='ltr'><strong>Scimus</strong></span> <span class='ocrx_word' id='word_1_123' title='bbox 1542 1696 1725 1742; x_wconf 88' lang='lat' dir='ltr'><strong>autem</strong></span> 
     </span>
    </p>
   </div>
   <div class='ocr_carea' id='block_1_18' title="bbox 126 1777 1724 1848">
    <p class='ocr_par' dir='ltr' id='par_1_18' title="bbox 126 1777 1724 1848">
     <span class='ocr_line' id='line_1_18' title="bbox 126 1777 1724 1848; baseline 0.001 -18"><span class='ocrx_word' id='word_1_124' title='bbox 126 1779 265 1845; x_wconf 90' lang='lat' dir='ltr'><strong>quia</strong></span> <span class='ocrx_word' id='word_1_125' title='bbox 296 1777 582 1847; x_wconf 84' lang='lat' dir='ltr'><strong>aliquando</strong></span> <span class='ocrx_word' id='word_1_126' title='bbox 624 1778 803 1832; x_wconf 90' lang='lat' dir='ltr'><strong>minus</strong></span> <span class='ocrx_word' id='word_1_127' title='bbox 832 1786 915 1833; x_wconf 91' lang='lat' dir='ltr'><strong>est</strong></span> <span class='ocrx_word' id='word_1_128' title='bbox 952 1780 1008 1832; x_wconf 89' lang='lat' dir='ltr'><strong>in</strong></span> <span class='ocrx_word' id='word_1_129' title='bbox 1048 1780 1293 1847; x_wconf 88' lang='lat' dir='ltr'><strong>corporis</strong></span> <span class='ocrx_word' id='word_1_130' title='bbox 1320 1780 1724 1848; x_wconf 85' lang='lat' dir='ltr'><strong>corruptionem</strong></span> 
     </span>
    </p>
   </div>
   <div class='ocr_carea' id='block_1_19' title="bbox 1817 600 3397 677">
    <p class='ocr_par' dir='ltr' id='par_1_19' title="bbox 1817 600 3397 677">
     <span class='ocr_line' id='line_1_19' title="bbox 1817 600 3397 677; baseline 0.006 -22"><span class='ocrx_word' id='word_1_131' title='bbox 1817 600 1977 669; x_wconf 86' lang='lat' dir='ltr'><strong>jicit;</strong></span> <span class='ocrx_word' id='word_1_132' title='bbox 2014 603 2155 657; x_wconf 84' lang='lat' dir='ltr'><strong>sicut</strong></span> <span class='ocrx_word' id='word_1_133' title='bbox 2190 612 2310 673; x_wconf 92' lang='lat' dir='ltr'><strong>post</strong></span> <span class='ocrx_word' id='word_1_134' title='bbox 2350 606 2585 674; x_wconf 86' lang='lat' dir='ltr'><strong>paradisi</strong></span> <span class='ocrx_word' id='word_1_135' title='bbox 2623 606 2854 661; x_wconf 87' lang='lat' dir='ltr'><strong>claustra</strong></span> <span class='ocrx_word' id='word_1_136' title='bbox 2878 647 2891 672; x_wconf 89' lang='lat'><strong>,</strong></span> <span class='ocrx_word' id='word_1_137' title='bbox 2936 616 3057 677; x_wconf 90' lang='lat' dir='ltr'><strong>post</strong></span> <span class='ocrx_word' id='word_1_138' title='bbox 3094 610 3238 663; x_wconf 89' lang='lat' dir='ltr'><strong>tertii</strong></span> <span class='ocrx_word' id='word_1_139' title='bbox 3273 610 3397 665; x_wconf 69' lang='grc' dir='ltr'><strong>(εωιί</strong></span> 
     </span>
    </p>
   </div>
   <div class='ocr_carea' id='block_1_20' title="bbox 1824 694 3396 779">
    <p class='ocr_par' dir='ltr' id='par_1_20' title="bbox 1824 694 3396 779">
     <span class='ocr_line' id='line_1_20' title="bbox 1824 694 3396 779; baseline 0.005 -34"><span class='ocrx_word' id='word_1_140' title='bbox 1824 701 2061 756; x_wconf 88' lang='lat' dir='ltr'><strong>secreta,</strong></span> <span class='ocrx_word' id='word_1_141' title='bbox 2094 707 2165 747; x_wconf 92' lang='lat' dir='ltr'><strong>ne</strong></span> <span class='ocrx_word' id='word_1_142' title='bbox 2193 694 2577 749; x_wconf 76' lang='lat' dir='ltr'><strong>revelationum</strong></span> <span class='ocrx_word' id='word_1_143' title='bbox 2619 697 2985 779; x_wconf 77' lang='lat' dir='ltr'><strong>magnitudine</strong></span> <span class='ocrx_word' id='word_1_144' title='bbox 3026 698 3227 753; x_wconf 84' lang='lat' dir='ltr'><strong>Paulus</strong></span> <span class='ocrx_word' id='word_1_145' title='bbox 3271 714 3396 769; x_wconf 89' lang='lat' dir='ltr'><strong>apo-</strong></span> 
     </span>
    </p>
   </div>
   <div class='ocr_carea' id='block_1_21' title="bbox 1823 783 3401 859">
    <p class='ocr_par' dir='ltr' id='par_1_21' title="bbox 1823 783 3401 859">
     <span class='ocr_line' id='line_1_21' title="bbox 1823 783 3401 859; baseline 0.005 -22"><span class='ocrx_word' id='word_1_146' title='bbox 1823 784 1993 839; x_wconf 91' lang='lat' dir='ltr'><strong>stolus</strong></span> <span class='ocrx_word' id='word_1_147' title='bbox 2022 784 2203 839; x_wconf 80' lang='lat' dir='ltr'><strong>extolli</strong></span> <span class='ocrx_word' id='word_1_148' title='bbox 2248 785 2530 853; x_wconf 83' lang='lat' dir='ltr'><strong>potuisset,</strong></span> <span class='ocrx_word' id='word_1_149' title='bbox 2570 784 2667 856; x_wconf 87' lang='lat' dir='ltr'><strong>(II</strong></span> <span class='ocrx_word' id='word_1_150' title='bbox 2704 783 2826 840; x_wconf 89' lang='lat' dir='ltr'><strong>Cor.</strong></span> <span class='ocrx_word' id='word_1_151' title='bbox 2864 803 2972 852; x_wconf 79' lang='lat' dir='ltr'><strong>xu,</strong></span> <span class='ocrx_word' id='word_1_152' title='bbox 3004 788 3066 859; x_wconf 89' lang='lat'><strong>7)</strong></span> <span class='ocrx_word' id='word_1_153' title='bbox 3097 788 3146 843; x_wconf 94' lang='lat' dir='ltr'><strong>ei</strong></span> <span class='ocrx_word' id='word_1_154' title='bbox 3183 787 3401 845; x_wconf 70' lang='lat' dir='ltr'><strong>Satanre</strong></span> 
     </span>
    </p>
   </div>
   <div class='ocr_carea' id='block_1_22' title="bbox 1822 874 3403 949">
    <p class='ocr_par' dir='ltr' id='par_1_22' title="bbox 1822 874 3403 949">
     <span class='ocr_line' id='line_1_22' title="bbox 1822 874 3403 949; baseline 0.004 -22"><span class='ocrx_word' id='word_1_155' title='bbox 1822 874 2045 944; x_wconf 82' lang='lat' dir='ltr'><strong>angelus</strong></span> <span class='ocrx_word' id='word_1_156' title='bbox 2072 876 2229 931; x_wconf 89' lang='lat' dir='ltr'><strong>datus</strong></span> <span class='ocrx_word' id='word_1_157' title='bbox 2256 886 2373 931; x_wconf 88' lang='lat' dir='ltr'><strong>est:</strong></span> <span class='ocrx_word' id='word_1_158' title='bbox 2421 875 2516 930; x_wconf 88' lang='lat' dir='ltr'><strong>sed</strong></span> <span class='ocrx_word' id='word_1_159' title='bbox 2560 883 2621 930; x_wconf 93' lang='lat' dir='ltr'><strong>ut</strong></span> <span class='ocrx_word' id='word_1_160' title='bbox 2649 876 2857 945; x_wconf 83' lang='lat' dir='ltr'><strong>praefati</strong></span> <span class='ocrx_word' id='word_1_161' title='bbox 2889 892 3093 941; x_wconf 87' lang='lat' dir='ltr'><strong>sumus,</strong></span> <span class='ocrx_word' id='word_1_162' title='bbox 3141 879 3258 949; x_wconf 90' lang='lat' dir='ltr'><strong>ipsa</strong></span> <span class='ocrx_word' id='word_1_163' title='bbox 3301 878 3403 933; x_wconf 88' lang='lat' dir='ltr'><strong>hac</strong></span> 
     </span>
    </p>
   </div>
   <div class='ocr_carea' id='block_1_23' title="bbox 1823 963 3400 1035">
    <p class='ocr_par' dir='ltr' id='par_1_23' title="bbox 1823 963 3400 1035">
     <span class='ocr_line' id='line_1_23' title="bbox 1823 963 3400 1035; baseline 0.004 -19"><span class='ocrx_word' id='word_1_164' title='bbox 1823 963 2119 1017; x_wconf 86' lang='lat' dir='ltr'><strong>tentatione</strong></span> <span class='ocrx_word' id='word_1_165' title='bbox 2156 963 2479 1032; x_wconf 86' lang='lat' dir='ltr'><strong>disponitur,</strong></span> <span class='ocrx_word' id='word_1_166' title='bbox 2507 971 2568 1017; x_wconf 94' lang='lat' dir='ltr'><strong>ut</strong></span> <span class='ocrx_word' id='word_1_167' title='bbox 2596 964 2689 1033; x_wconf 90' lang='lat' dir='ltr'><strong>qui</strong></span> <span class='ocrx_word' id='word_1_168' title='bbox 2728 963 2856 1017; x_wconf 90' lang='lat' dir='ltr'><strong>elati</strong></span> <span class='ocrx_word' id='word_1_169' title='bbox 2900 966 3081 1034; x_wconf 89' lang='lat' dir='ltr'><strong>perire</strong></span> <span class='ocrx_word' id='word_1_170' title='bbox 3119 976 3400 1035; x_wconf 82' lang='lat' dir='ltr'><strong>poterant,</strong></span> 
     </span>
    </p>
   </div>
   <div class='ocr_carea' id='block_1_24' title="bbox 1823 1052 3404 1126">
    <p class='ocr_par' dir='ltr' id='par_1_24' title="bbox 1823 1052 3404 1126">
     <span class='ocr_line' id='line_1_24' title="bbox 1823 1052 3404 1126; baseline 0.004 -22"><span class='ocrx_word' id='word_1_171' title='bbox 1823 1052 2088 1105; x_wconf 90' lang='lat' dir='ltr'><strong>humiliati</strong></span> <span class='ocrx_word' id='word_1_172' title='bbox 2112 1067 2139 1105; x_wconf 91' lang='lat' dir='ltr'><strong>a</strong></span> <span class='ocrx_word' id='word_1_173' title='bbox 2166 1052 2468 1121; x_wconf 90' lang='lat' dir='ltr'><strong>perditione</strong></span> <span class='ocrx_word' id='word_1_174' title='bbox 2491 1064 2795 1107; x_wconf 82' lang='lat' dir='ltr'><strong>serventur.</strong></span> <span class='ocrx_word' id='word_1_175' title='bbox 2815 1052 3035 1110; x_wconf 90' lang='lat' dir='ltr'><strong>Secreto</strong></span> <span class='ocrx_word' id='word_1_176' title='bbox 3052 1070 3181 1125; x_wconf 90' lang='lat' dir='ltr'><strong>ergo</strong></span> <span class='ocrx_word' id='word_1_177' title='bbox 3197 1057 3404 1126; x_wconf 88' lang='lat' dir='ltr'><strong>dispen-</strong></span> 
     </span>
    </p>
   </div>
   <div class='ocr_carea' id='block_1_25' title="bbox 1824 1139 3404 1214">
    <p class='ocr_par' dir='ltr' id='par_1_25' title="bbox 1824 1139 3404 1214">
     <span class='ocr_line' id='line_1_25' title="bbox 1824 1139 3404 1214; baseline 0.004 -22"><span class='ocrx_word' id='word_1_178' title='bbox 1824 1139 2053 1194; x_wconf 86' lang='lat' dir='ltr'><strong>sationis</strong></span> <span class='ocrx_word' id='word_1_179' title='bbox 2096 1140 2304 1204; x_wconf 88' lang='lat' dir='ltr'><strong>ordine,</strong></span> <span class='ocrx_word' id='word_1_180' title='bbox 2354 1141 2497 1194; x_wconf 90' lang='lat' dir='ltr'><strong>unde</strong></span> <span class='ocrx_word' id='word_1_181' title='bbox 2539 1142 2729 1195; x_wconf 62' lang='lat' dir='ltr'><strong>smvire</strong></span> <span class='ocrx_word' id='word_1_182' title='bbox 2771 1143 3108 1211; x_wconf 89' lang='lat' dir='ltr'><strong>permittitur</strong></span> <span class='ocrx_word' id='word_1_183' title='bbox 3148 1145 3404 1214; x_wconf 85' lang='lat' dir='ltr'><strong>iniquitas</strong></span> 
     </span>
    </p>
   </div>
   <div class='ocr_carea' id='block_1_26' title="bbox 1825 1230 3407 1303">
    <p class='ocr_par' dir='ltr' id='par_1_26' title="bbox 1825 1230 3407 1303">
     <span class='ocr_line' id='line_1_26' title="bbox 1825 1230 3407 1303; baseline 0.002 -18"><span class='ocrx_word' id='word_1_184' title='bbox 1825 1230 2039 1293; x_wconf 90' lang='lat' dir='ltr'><strong>diaboli,</strong></span> <span class='ocrx_word' id='word_1_185' title='bbox 2058 1231 2182 1285; x_wconf 91' lang='lat' dir='ltr'><strong>inde</strong></span> <span class='ocrx_word' id='word_1_186' title='bbox 2203 1233 2290 1301; x_wconf 90' lang='lat' dir='ltr'><strong>pie</strong></span> <span class='ocrx_word' id='word_1_187' title='bbox 2315 1231 2592 1300; x_wconf 84' lang='lat' dir='ltr'><strong>perficitur</strong></span> <span class='ocrx_word' id='word_1_188' title='bbox 2612 1233 2915 1302; x_wconf 75' lang='lat' dir='ltr'><strong>benignitas</strong></span> <span class='ocrx_word' id='word_1_189' title='bbox 2940 1234 3057 1299; x_wconf 90' lang='lat' dir='ltr'><strong>Dei,</strong></span> <span class='ocrx_word' id='word_1_190' title='bbox 3075 1235 3199 1303; x_wconf 88' lang='lat' dir='ltr'><strong>quia</strong></span> <span class='ocrx_word' id='word_1_191' title='bbox 3222 1236 3407 1289; x_wconf 83' lang='lat' dir='ltr'><strong>adver-</strong></span> 
     </span>
    </p>
   </div>
   <div class='ocr_carea' id='block_1_27' title="bbox 1825 1320 3405 1394">
    <p class='ocr_par' dir='ltr' id='par_1_27' title="bbox 1825 1320 3405 1394">
     <span class='ocr_line' id='line_1_27' title="bbox 1825 1320 3405 1394; baseline 0.001 -19"><span class='ocrx_word' id='word_1_192' title='bbox 1825 1321 2005 1376; x_wconf 87' lang='lat' dir='ltr'><strong>sarius</strong></span> <span class='ocrx_word' id='word_1_193' title='bbox 2030 1329 2213 1375; x_wconf 90' lang='lat' dir='ltr'><strong>noster</strong></span> <span class='ocrx_word' id='word_1_194' title='bbox 2249 1320 2373 1376; x_wconf 92' lang='lat' dir='ltr'><strong>inde</strong></span> <span class='ocrx_word' id='word_1_195' title='bbox 2396 1322 2730 1391; x_wconf 84' lang='lat' dir='ltr'><strong>obtemperat</strong></span> <span class='ocrx_word' id='word_1_196' title='bbox 2757 1324 2975 1378; x_wconf 89' lang='lat' dir='ltr'><strong>nutibus</strong></span> <span class='ocrx_word' id='word_1_197' title='bbox 3011 1339 3256 1394; x_wconf 73' lang='lat' dir='ltr'><strong>superna:</strong></span> <span class='ocrx_word' id='word_1_198' title='bbox 3285 1338 3405 1391; x_wconf 84' lang='lat' dir='ltr'><strong>gra-</strong></span> 
     </span>
    </p>
   </div>
   <div class='ocr_carea' id='block_1_28' title="bbox 1825 1413 3401 1482">
    <p class='ocr_par' dir='ltr' id='par_1_28' title="bbox 1825 1413 3401 1482">
     <span class='ocr_line' id='line_1_28' title="bbox 1825 1413 3401 1482; baseline 0.002 -15"><span class='ocrx_word' id='word_1_199' title='bbox 1825 1413 1931 1475; x_wconf 65' lang='lat' dir='ltr'><strong>tiae,</strong></span> <span class='ocrx_word' id='word_1_200' title='bbox 1960 1414 2102 1467; x_wconf 90' lang='lat' dir='ltr'><strong>unde</strong></span> <span class='ocrx_word' id='word_1_201' title='bbox 2131 1422 2383 1467; x_wconf 83' lang='lat' dir='ltr'><strong>exerceat</strong></span> <span class='ocrx_word' id='word_1_202' title='bbox 2416 1414 2550 1466; x_wconf 89' lang='lat' dir='ltr'><strong>iram</strong></span> <span class='ocrx_word' id='word_1_203' title='bbox 2581 1414 2924 1482; x_wconf 72' lang='lat' dir='ltr'><strong>nequissimae</strong></span> <span class='ocrx_word' id='word_1_204' title='bbox 2952 1415 3242 1470; x_wconf 81' lang='lat' dir='ltr'><strong>vdluntatis</strong></span> <span class='ocrx_word' id='word_1_205' title='bbox 3271 1431 3401 1472; x_wconf 63' lang='lat' dir='ltr'><strong>suae.</strong></span> 
     </span>
    </p>
   </div>
   <div class='ocr_carea' id='block_1_29' title="bbox 1900 1502 3405 1575">
    <p class='ocr_par' dir='ltr' id='par_1_29' title="bbox 1900 1502 3405 1575">
     <span class='ocr_line' id='line_1_29' title="bbox 1900 1502 3405 1575; baseline 0.004 -19"><span class='ocrx_word' id='word_1_206' title='bbox 1900 1502 2051 1575; x_wconf 83' lang='lat' dir='ltr'><strong>(Cap.</strong></span> <span class='ocrx_word' id='word_1_207' title='bbox 2080 1504 2166 1567; x_wconf 73' lang='grc'><strong>12,</strong></span> <span class='ocrx_word' id='word_1_208' title='bbox 2196 1520 2326 1558; x_wconf 88' lang='lat' dir='ltr'><strong>vers.</strong></span> <span class='ocrx_word' id='word_1_209' title='bbox 2372 1505 2447 1573; x_wconf 81' lang='grc'><strong>1.)</strong></span> <span class='ocrx_word' id='word_1_210' title='bbox 2492 1504 2587 1559; x_wconf 83' lang='lat' dir='ltr'><strong>His</strong></span> <span class='ocrx_word' id='word_1_211' title='bbox 2615 1505 2688 1557; x_wconf 87' lang='lat' dir='ltr'><strong>ita</strong></span> <span class='ocrx_word' id='word_1_212' title='bbox 2718 1505 2883 1575; x_wconf 84' lang='lat' dir='ltr'><strong>gestis</strong></span> <span class='ocrx_word' id='word_1_213' title='bbox 2902 1545 2917 1569; x_wconf 94' lang='lat'><strong>,</strong></span> <span class='ocrx_word' id='word_1_214' title='bbox 2969 1507 3117 1560; x_wconf 89' lang='lat' dir='ltr'><strong>misit</strong></span> <span class='ocrx_word' id='word_1_215' title='bbox 3145 1507 3405 1562; x_wconf 84' lang='lat' dir='ltr'><strong>Dominus</strong></span> 
     </span>
    </p>
   </div>
   <div class='ocr_carea' id='block_1_30' title="bbox 1827 1591 3403 1663">
    <p class='ocr_par' dir='ltr' id='par_1_30' title="bbox 1827 1591 3403 1663">
     <span class='ocr_line' id='line_1_30' title="bbox 1827 1591 3403 1663; baseline 0.002 -16"><span class='ocrx_word' id='word_1_216' title='bbox 1827 1592 2039 1647; x_wconf 86' lang='lat' dir='ltr'><strong>Natban</strong></span> <span class='ocrx_word' id='word_1_217' title='bbox 2062 1591 2131 1645; x_wconf 91' lang='lat' dir='ltr'><strong>ad</strong></span> <span class='ocrx_word' id='word_1_218' title='bbox 2158 1592 2345 1646; x_wconf 88' lang='lat' dir='ltr'><strong>David.</strong></span> <span class='ocrx_word' id='word_1_219' title='bbox 2375 1592 2603 1647; x_wconf 85' lang='lat' dir='ltr'><strong>Veniens</strong></span> <span class='ocrx_word' id='word_1_220' title='bbox 2626 1591 2832 1646; x_wconf 86' lang='lat' dir='ltr'><strong>Nathan</strong></span> <span class='ocrx_word' id='word_1_221' title='bbox 2853 1596 3135 1663; x_wconf 86' lang='lat' dir='ltr'><strong>proposuit</strong></span> <span class='ocrx_word' id='word_1_222' title='bbox 3160 1595 3403 1650; x_wconf 90' lang='lat' dir='ltr'><strong>similitu-</strong></span> 
     </span>
    </p>
   </div>
   <div class='ocr_carea' id='block_1_31' title="bbox 1828 1682 3404 1752">
    <p class='ocr_par' dir='ltr' id='par_1_31' title="bbox 1828 1682 3404 1752">
     <span class='ocr_line' id='line_1_31' title="bbox 1828 1682 3404 1752; baseline 0 -14"><span class='ocrx_word' id='word_1_223' title='bbox 1828 1684 2005 1738; x_wconf 91' lang='lat' dir='ltr'><strong>dinem</strong></span> <span class='ocrx_word' id='word_1_224' title='bbox 2040 1684 2107 1739; x_wconf 88' lang='lat' dir='ltr'><strong>de</strong></span> <span class='ocrx_word' id='word_1_225' title='bbox 2150 1684 2318 1738; x_wconf 89' lang='lat' dir='ltr'><strong>divite</strong></span> <span class='ocrx_word' id='word_1_226' title='bbox 2362 1691 2416 1737; x_wconf 93' lang='lat' dir='ltr'><strong>et</strong></span> <span class='ocrx_word' id='word_1_227' title='bbox 2458 1698 2695 1752; x_wconf 87' lang='lat' dir='ltr'><strong>paupere</strong></span> <span class='ocrx_word' id='word_1_228' title='bbox 2734 1692 2753 1737; x_wconf 85' lang='lat'><strong>‘:</strong></span> <span class='ocrx_word' id='word_1_229' title='bbox 2795 1682 2941 1738; x_wconf 84' lang='lat' dir='ltr'><strong>Unus</strong></span> <span class='ocrx_word' id='word_1_230' title='bbox 2972 1682 3166 1738; x_wconf 81' lang='lat' dir='ltr'><strong>habens</strong></span> <span class='ocrx_word' id='word_1_231' title='bbox 3193 1700 3326 1749; x_wconf 85' lang='lat' dir='ltr'><strong>oves,</strong></span> <span class='ocrx_word' id='word_1_232' title='bbox 3357 1695 3404 1739; x_wconf 90' lang='lat' dir='ltr'><strong>et</strong></span> 
     </span>
    </p>
   </div>
   <div class='ocr_carea' id='block_1_32' title="bbox 1831 1771 3407 1838">
    <p class='ocr_par' dir='ltr' id='par_1_32' title="bbox 1831 1771 3407 1838">
     <span class='ocr_line' id='line_1_32' title="bbox 1831 1771 3407 1838; baseline 0 -12"><span class='ocrx_word' id='word_1_233' title='bbox 1831 1773 2011 1838; x_wconf 81' lang='lat' dir='ltr'><strong>boves,</strong></span> <span class='ocrx_word' id='word_1_234' title='bbox 2058 1772 2192 1826; x_wconf 85' lang='lat' dir='ltr'><strong>alter</strong></span> <span class='ocrx_word' id='word_1_235' title='bbox 2222 1771 2583 1825; x_wconf 82' lang='lat' dir='ltr'><strong>tantummodo</strong></span> <span class='ocrx_word' id='word_1_236' title='bbox 2631 1788 2773 1825; x_wconf 83' lang='lat' dir='ltr'><strong>ovem</strong></span> <span class='ocrx_word' id='word_1_237' title='bbox 2822 1782 3024 1825; x_wconf 84' lang='lat' dir='ltr'><strong>unam:</strong></span> <span class='ocrx_word' id='word_1_238' title='bbox 3072 1773 3205 1826; x_wconf 84' lang='lat' dir='ltr'><strong>hanc</strong></span> <span class='ocrx_word' id='word_1_239' title='bbox 3246 1789 3407 1826; x_wconf 85' lang='lat' dir='ltr'><strong>unam</strong></span> 
     </span>
    </p>
   </div>
   <div class='ocr_carea' id='block_1_33' title="bbox 126 1843 3408 1939">
    <p class='ocr_par' dir='ltr' id='par_1_33' title="bbox 126 1843 3408 1939">
     <span class='ocr_line' id='line_1_33' title="bbox 126 1843 3408 1939; baseline -0.002 -17"><span class='ocrx_word' id='word_1_240' title='bbox 126 1843 355 1932; x_wconf 72' lang='lat' dir='ltr'><strong>cadere,</strong></span> <span class='ocrx_word' id='word_1_241' title='bbox 386 1843 551 1937; x_wconf 77' lang='lat' dir='ltr'><strong>quam</strong></span> <span class='ocrx_word' id='word_1_242' title='bbox 580 1869 907 1939; x_wconf 84' lang='lat' dir='ltr'><strong>cogitatione</strong></span> <span class='ocrx_word' id='word_1_243' title='bbox 939 1870 1102 1924; x_wconf 89' lang='lat' dir='ltr'><strong>tacita</strong></span> <span class='ocrx_word' id='word_1_244' title='bbox 1122 1843 1163 1934; x_wconf 51' lang='lat'><strong>,_</strong></span> <span class='ocrx_word' id='word_1_245' title='bbox 1182 1878 1237 1923; x_wconf 90' lang='lat' dir='ltr'><strong>et</strong></span> <span class='ocrx_word' id='word_1_246' title='bbox 1274 1843 1571 1925; x_wconf 79' lang='lat' dir='ltr'><strong>deliberata</strong></span> <span class='ocrx_word' id='word_1_247' title='bbox 1614 1870 1725 1925; x_wconf 86' lang='lat' dir='ltr'><strong>ela-</strong></span> <span class='ocrx_word' id='word_1_248' title='bbox 1755 1843 1800 1900; x_wconf 80' lang='grc' dir='ltr'><strong><em>Β</em></strong></span> <span class='ocrx_word' id='word_1_249' title='bbox 1829 1880 1973 1917; x_wconf 84' lang='lat' dir='ltr'><strong>ovem</strong></span> <span class='ocrx_word' id='word_1_250' title='bbox 1995 1864 2239 1933; x_wconf 77' lang='lat' dir='ltr'><strong>pauperis</strong></span> <span class='ocrx_word' id='word_1_251' title='bbox 2267 1862 2385 1916; x_wconf 86' lang='lat' dir='ltr'><strong>tulit</strong></span> <span class='ocrx_word' id='word_1_252' title='bbox 2403 1863 2564 1916; x_wconf 87' lang='lat' dir='ltr'><strong>dives.</strong></span> <span class='ocrx_word' id='word_1_253' title='bbox 2588 1862 2783 1917; x_wconf 78' lang='lat' dir='ltr'><strong>Audito</strong></span> <span class='ocrx_word' id='word_1_254' title='bbox 2813 1862 2983 1917; x_wconf 85' lang='lat' dir='ltr'><strong>David</strong></span> <span class='ocrx_word' id='word_1_255' title='bbox 3004 1863 3306 1932; x_wconf 85' lang='lat' dir='ltr'><strong>indignatus</strong></span> <span class='ocrx_word' id='word_1_256' title='bbox 3334 1864 3408 1917; x_wconf 90' lang='lat' dir='ltr'><strong>ait</strong></span> 
     </span>
    </p>
   </div>
   <div class='ocr_carea' id='block_1_34' title="bbox 127 1959 1726 2029">
    <p class='ocr_par' dir='ltr' id='par_1_34' title="bbox 127 1959 1726 2029">
     <span class='ocr_line' id='line_1_34' title="bbox 127 1959 1726 2029; baseline 0.001 -18"><span class='ocrx_word' id='word_1_257' title='bbox 127 1959 287 2013; x_wconf 89' lang='lat' dir='ltr'><strong>tione</strong></span> <span class='ocrx_word' id='word_1_258' title='bbox 312 1974 536 2027; x_wconf 84' lang='lat' dir='ltr'><strong>peccare</strong></span> <span class='ocrx_word' id='word_1_259' title='bbox 560 1977 572 2012; x_wconf 90' lang='lat'><strong>:</strong></span> <span class='ocrx_word' id='word_1_260' title='bbox 602 1959 698 2013; x_wconf 89' lang='lat' dir='ltr'><strong>sed</strong></span> <span class='ocrx_word' id='word_1_261' title='bbox 726 1974 847 2015; x_wconf 92' lang='lat' dir='ltr'><strong>cum</strong></span> <span class='ocrx_word' id='word_1_262' title='bbox 875 1961 1052 2014; x_wconf 90' lang='lat' dir='ltr'><strong>minus</strong></span> <span class='ocrx_word' id='word_1_263' title='bbox 1077 1960 1247 2029; x_wconf 90' lang='lat' dir='ltr'><strong>turpis</strong></span> <span class='ocrx_word' id='word_1_264' title='bbox 1270 1960 1520 2028; x_wconf 81' lang='lat' dir='ltr'><strong>superbia</strong></span> <span class='ocrx_word' id='word_1_265' title='bbox 1551 1961 1726 2015; x_wconf 87' lang='lat' dir='ltr'><strong>credi-</strong></span> 
     </span>
    </p>
   </div>
   <div class='ocr_carea' id='block_1_35' title="bbox 126 2048 1723 2119">
    <p class='ocr_par' dir='ltr' id='par_1_35' title="bbox 126 2048 1723 2119">
     <span class='ocr_line' id='line_1_35' title="bbox 126 2048 1723 2119; baseline 0.003 -18"><span class='ocrx_word' id='word_1_266' title='bbox 126 2057 246 2113; x_wconf 86' lang='lat' dir='ltr'><strong>tur,</strong></span> <span class='ocrx_word' id='word_1_267' title='bbox 278 2049 458 2103; x_wconf 87' lang='lat' dir='ltr'><strong>minus</strong></span> <span class='ocrx_word' id='word_1_268' title='bbox 481 2049 705 2104; x_wconf 86' lang='lat' dir='ltr'><strong>vitatur.</strong></span> <span class='ocrx_word' id='word_1_269' title='bbox 735 2048 1029 2103; x_wconf 79' lang='lat' dir='ltr'><strong>Luxuriam</strong></span> <span class='ocrx_word' id='word_1_270' title='bbox 1054 2063 1183 2104; x_wconf 90' lang='lat' dir='ltr'><strong>vero</strong></span> <span class='ocrx_word' id='word_1_271' title='bbox 1202 2063 1266 2104; x_wconf 91' lang='lat' dir='ltr'><strong>eo</strong></span> <span class='ocrx_word' id='word_1_272' title='bbox 1294 2050 1464 2119; x_wconf 89' lang='lat' dir='ltr'><strong>magis</strong></span> <span class='ocrx_word' id='word_1_273' title='bbox 1494 2052 1723 2105; x_wconf 85' lang='lat' dir='ltr'><strong>erubes-</strong></span> 
     </span>
    </p>
   </div>
   <div class='ocr_carea' id='block_1_36' title="bbox 124 2138 1719 2207">
    <p class='ocr_par' dir='ltr' id='par_1_36' title="bbox 124 2138 1719 2207">
     <span class='ocr_line' id='line_1_36' title="bbox 124 2138 1719 2207; baseline 0.001 -16"><span class='ocrx_word' id='word_1_274' title='bbox 124 2146 270 2192; x_wconf 90' lang='lat' dir='ltr'><strong>cunt</strong></span> <span class='ocrx_word' id='word_1_275' title='bbox 298 2139 573 2203; x_wconf 87' lang='lat' dir='ltr'><strong>homines,</strong></span> <span class='ocrx_word' id='word_1_276' title='bbox 622 2154 729 2207; x_wconf 88' lang='lat' dir='ltr'><strong>quo</strong></span> <span class='ocrx_word' id='word_1_277' title='bbox 754 2138 913 2193; x_wconf 90' lang='lat' dir='ltr'><strong>simul</strong></span> <span class='ocrx_word' id='word_1_278' title='bbox 949 2153 1137 2193; x_wconf 90' lang='lat' dir='ltr'><strong>omnes</strong></span> <span class='ocrx_word' id='word_1_279' title='bbox 1180 2147 1390 2207; x_wconf 90' lang='lat' dir='ltr'><strong>turpem</strong></span> <span class='ocrx_word' id='word_1_280' title='bbox 1436 2147 1719 2194; x_wconf 88' lang='lat' dir='ltr'><strong>noverunt.</strong></span> 
     </span>
    </p>
   </div>
   <div class='ocr_carea' id='block_1_37' title="bbox 128 2227 1721 2299">
    <p class='ocr_par' dir='ltr' id='par_1_37' title="bbox 128 2227 1721 2299">
     <span class='ocr_line' id='line_1_37' title="bbox 128 2227 1721 2299; baseline 0.001 -16"><span class='ocrx_word' id='word_1_281' title='bbox 128 2228 295 2283; x_wconf 88' lang='lat' dir='ltr'><strong>Unde</strong></span> <span class='ocrx_word' id='word_1_282' title='bbox 321 2227 381 2281; x_wconf 85' lang='lat' dir='ltr'><strong>fit</strong></span> <span class='ocrx_word' id='word_1_283' title='bbox 402 2227 751 2298; x_wconf 85' lang='lat' dir='ltr'><strong>plerumque,</strong></span> <span class='ocrx_word' id='word_1_284' title='bbox 792 2239 849 2282; x_wconf 90' lang='lat' dir='ltr'><strong>ut</strong></span> <span class='ocrx_word' id='word_1_285' title='bbox 877 2228 1115 2283; x_wconf 90' lang='lat' dir='ltr'><strong>nonnulli</strong></span> <span class='ocrx_word' id='word_1_286' title='bbox 1152 2238 1275 2298; x_wconf 90' lang='lat' dir='ltr'><strong>post</strong></span> <span class='ocrx_word' id='word_1_287' title='bbox 1317 2229 1624 2299; x_wconf 88' lang='lat' dir='ltr'><strong>superbiam</strong></span> <span class='ocrx_word' id='word_1_288' title='bbox 1670 2231 1721 2285; x_wconf 92' lang='lat' dir='ltr'><strong>in</strong></span> 
     </span>
    </p>
   </div>
   <div class='ocr_carea' id='block_1_38' title="bbox 125 2318 1724 2392">
    <p class='ocr_par' dir='ltr' id='par_1_38' title="bbox 125 2318 1724 2392">
     <span class='ocr_line' id='line_1_38' title="bbox 125 2318 1724 2392; baseline 0.004 -21"><span class='ocrx_word' id='word_1_289' title='bbox 125 2318 410 2373; x_wconf 84' lang='lat' dir='ltr'><strong>luxuriam</strong></span> <span class='ocrx_word' id='word_1_290' title='bbox 435 2328 772 2384; x_wconf 88' lang='lat' dir='ltr'><strong>corruentes,</strong></span> <span class='ocrx_word' id='word_1_291' title='bbox 822 2334 885 2374; x_wconf 81' lang='lat' dir='ltr'><strong>ex</strong></span> <span class='ocrx_word' id='word_1_292' title='bbox 933 2328 1120 2390; x_wconf 91' lang='lat' dir='ltr'><strong>aperto</strong></span> <span class='ocrx_word' id='word_1_293' title='bbox 1164 2335 1291 2375; x_wconf 90' lang='lat' dir='ltr'><strong>casu</strong></span> <span class='ocrx_word' id='word_1_294' title='bbox 1330 2321 1527 2375; x_wconf 89' lang='lat' dir='ltr'><strong>malum</strong></span> <span class='ocrx_word' id='word_1_295' title='bbox 1555 2322 1724 2392; x_wconf 71' lang='lat' dir='ltr'><strong>culpa:</strong></span> 
     </span>
    </p>
   </div>
   <div class='ocr_carea' id='block_1_39' title="bbox 126 2408 1719 2483">
    <p class='ocr_par' dir='ltr' id='par_1_39' title="bbox 126 2408 1719 2483">
     <span class='ocr_line' id='line_1_39' title="bbox 126 2408 1719 2483; baseline 0.004 -23"><span class='ocrx_word' id='word_1_296' title='bbox 126 2408 359 2463; x_wconf 83' lang='lat' dir='ltr'><strong>latentis</strong></span> <span class='ocrx_word' id='word_1_297' title='bbox 388 2410 740 2465; x_wconf 79' lang='lat' dir='ltr'><strong>erubescant:</strong></span> <span class='ocrx_word' id='word_1_298' title='bbox 771 2418 826 2466; x_wconf 91' lang='lat' dir='ltr'><strong>et</strong></span> <span class='ocrx_word' id='word_1_299' title='bbox 856 2421 983 2466; x_wconf 90' lang='lat' dir='ltr'><strong>tunc</strong></span> <span class='ocrx_word' id='word_1_300' title='bbox 1008 2412 1170 2465; x_wconf 87' lang='lat' dir='ltr'><strong>etiam</strong></span> <span class='ocrx_word' id='word_1_301' title='bbox 1195 2409 1400 2479; x_wconf 81' lang='lat' dir='ltr'><strong>majora</strong></span> <span class='ocrx_word' id='word_1_302' title='bbox 1423 2413 1719 2483; x_wconf 81' lang='lat' dir='ltr'><strong>corrigunt,</strong></span> 
     </span>
    </p>
   </div>
   <div class='ocr_carea' id='block_1_40' title="bbox 125 2500 1725 2572">
    <p class='ocr_par' dir='ltr' id='par_1_40' title="bbox 125 2500 1725 2572">
     <span class='ocr_line' id='line_1_40' title="bbox 125 2500 1725 2572; baseline 0.003 -18"><span class='ocrx_word' id='word_1_303' title='bbox 125 2516 261 2554; x_wconf 88' lang='lat' dir='ltr'><strong>cum</strong></span> <span class='ocrx_word' id='word_1_304' title='bbox 287 2501 543 2571; x_wconf 88' lang='lat' dir='ltr'><strong>prostrati</strong></span> <span class='ocrx_word' id='word_1_305' title='bbox 572 2501 625 2555; x_wconf 93' lang='lat' dir='ltr'><strong>in</strong></span> <span class='ocrx_word' id='word_1_306' title='bbox 647 2502 885 2556; x_wconf 88' lang='lat' dir='ltr'><strong>minimis</strong></span> <span class='ocrx_word' id='word_1_307' title='bbox 906 2502 1125 2572; x_wconf 88' lang='lat' dir='ltr'><strong>gravius</strong></span> <span class='ocrx_word' id='word_1_308' title='bbox 1145 2500 1577 2557; x_wconf 83' lang='lat' dir='ltr'><strong>confunduntur:</strong></span> <span class='ocrx_word' id='word_1_309' title='bbox 1604 2519 1725 2559; x_wconf 89' lang='lat' dir='ltr'><strong>reos</strong></span> 
     </span>
    </p>
   </div>
   <div class='ocr_carea' id='block_1_41' title="bbox 125 2592 1723 2663">
    <p class='ocr_par' dir='ltr' id='par_1_41' title="bbox 125 2592 1723 2663">
     <span class='ocr_line' id='line_1_41' title="bbox 125 2592 1723 2663; baseline 0.003 -19"><span class='ocrx_word' id='word_1_310' title='bbox 125 2592 289 2645; x_wconf 83' lang='lat' dir='ltr'><strong>enim</strong></span> <span class='ocrx_word' id='word_1_311' title='bbox 318 2607 376 2646; x_wconf 89' lang='lat' dir='ltr'><strong>se</strong></span> <span class='ocrx_word' id='word_1_312' title='bbox 402 2593 543 2646; x_wconf 91' lang='lat' dir='ltr'><strong>inter</strong></span> <span class='ocrx_word' id='word_1_313' title='bbox 571 2592 781 2648; x_wconf 90' lang='lat' dir='ltr'><strong>minora</strong></span> <span class='ocrx_word' id='word_1_314' title='bbox 807 2593 1170 2661; x_wconf 91' lang='lat' dir='ltr'><strong>conspiciunt,</strong></span> <span class='ocrx_word' id='word_1_315' title='bbox 1198 2594 1290 2663; x_wconf 90' lang='lat' dir='ltr'><strong>qui</strong></span> <span class='ocrx_word' id='word_1_316' title='bbox 1319 2608 1377 2647; x_wconf 87' lang='lat' dir='ltr'><strong>se</strong></span> <span class='ocrx_word' id='word_1_317' title='bbox 1405 2593 1605 2649; x_wconf 88' lang='lat' dir='ltr'><strong>liberos</strong></span> <span class='ocrx_word' id='word_1_318' title='bbox 1643 2594 1723 2649; x_wconf 85' lang='lat' dir='ltr'><strong>in-</strong></span> 
     </span>
    </p>
   </div>
   <div class='ocr_carea' id='block_1_42' title="bbox 128 2683 1725 2756">
    <p class='ocr_par' dir='ltr' id='par_1_42' title="bbox 128 2683 1725 2756">
     <span class='ocr_line' id='line_1_42' title="bbox 128 2683 1725 2756; baseline 0.003 -20"><span class='ocrx_word' id='word_1_319' title='bbox 128 2693 222 2737; x_wconf 88' lang='lat' dir='ltr'><strong>ter</strong></span> <span class='ocrx_word' id='word_1_320' title='bbox 250 2683 500 2753; x_wconf 90' lang='lat' dir='ltr'><strong>graviora</strong></span> <span class='ocrx_word' id='word_1_321' title='bbox 528 2684 889 2739; x_wconf 87' lang='lat' dir='ltr'><strong>crediderant.</strong></span> <span class='ocrx_word' id='word_1_322' title='bbox 924 2684 1018 2739; x_wconf 87' lang='lat' dir='ltr'><strong>Pia</strong></span> <span class='ocrx_word' id='word_1_323' title='bbox 1045 2700 1175 2755; x_wconf 90' lang='lat' dir='ltr'><strong>ergo</strong></span> <span class='ocrx_word' id='word_1_324' title='bbox 1200 2686 1414 2740; x_wconf 91' lang='lat' dir='ltr'><strong>Domini</strong></span> <span class='ocrx_word' id='word_1_325' title='bbox 1445 2686 1725 2756; x_wconf 89' lang='lat' dir='ltr'><strong>dispensa-</strong></span> 
     </span>
    </p>
   </div>
   <div class='ocr_carea' id='block_1_43' title="bbox 129 2775 1726 2846">
    <p class='ocr_par' dir='ltr' id='par_1_43' title="bbox 129 2775 1726 2846">
     <span class='ocr_line' id='line_1_43' title="bbox 129 2775 1726 2846; baseline 0.002 -19"><span class='ocrx_word' id='word_1_326' title='bbox 129 2775 289 2829; x_wconf 86' lang='lat' dir='ltr'><strong>tione</strong></span> <span class='ocrx_word' id='word_1_327' title='bbox 333 2775 543 2829; x_wconf 80' lang='lat' dir='ltr'><strong>laxatus</strong></span> <span class='ocrx_word' id='word_1_328' title='bbox 588 2790 975 2844; x_wconf 88' lang='lat' dir='ltr'><strong>nonnunquam</strong></span> <span class='ocrx_word' id='word_1_329' title='bbox 1018 2786 1040 2815; x_wconf 80' lang='grc' dir='ltr'><strong>ο</strong></span> <span class='ocrx_word' id='word_1_330' title='bbox 1075 2776 1343 2846; x_wconf 89' lang='lat' dir='ltr'><strong>malignus</strong></span> <span class='ocrx_word' id='word_1_331' title='bbox 1390 2776 1610 2845; x_wconf 89' lang='lat' dir='ltr'><strong>spiritus</strong></span> <span class='ocrx_word' id='word_1_332' title='bbox 1659 2776 1726 2830; x_wconf 85' lang='lat' dir='ltr'><strong>de</strong></span> 
     </span>
    </p>
   </div>
   <div class='ocr_carea' id='block_1_44' title="bbox 129 2863 1725 2935">
    <p class='ocr_par' dir='ltr' id='par_1_44' title="bbox 129 2863 1725 2935">
     <span class='ocr_line' id='line_1_44' title="bbox 129 2863 1725 2935; baseline 0.002 -18"><span class='ocrx_word' id='word_1_333' title='bbox 129 2863 298 2933; x_wconf 87' lang='lat' dir='ltr'><strong>culpa</strong></span> <span class='ocrx_word' id='word_1_334' title='bbox 322 2864 388 2918; x_wconf 87' lang='lat' dir='ltr'><strong>ad</strong></span> <span class='ocrx_word' id='word_1_335' title='bbox 415 2863 625 2933; x_wconf 88' lang='lat' dir='ltr'><strong>culpam</strong></span> <span class='ocrx_word' id='word_1_336' title='bbox 668 2863 855 2929; x_wconf 84' lang='lat' dir='ltr'><strong>trahit,</strong></span> <span class='ocrx_word' id='word_1_337' title='bbox 899 2871 955 2919; x_wconf 92' lang='lat' dir='ltr'><strong>et</strong></span> <span class='ocrx_word' id='word_1_338' title='bbox 984 2864 1111 2918; x_wconf 90' lang='lat' dir='ltr'><strong>dum</strong></span> <span class='ocrx_word' id='word_1_339' title='bbox 1155 2864 1276 2935; x_wconf 90' lang='lat' dir='ltr'><strong>plus</strong></span> <span class='ocrx_word' id='word_1_340' title='bbox 1302 2866 1559 2934; x_wconf 90' lang='lat' dir='ltr'><strong>percutit,</strong></span> <span class='ocrx_word' id='word_1_341' title='bbox 1601 2865 1725 2920; x_wconf 91' lang='lat' dir='ltr'><strong>inde</strong></span> 
     </span>
    </p>
   </div>
   <div class='ocr_carea' id='block_1_45' title="bbox 129 2953 1724 3024">
    <p class='ocr_par' dir='ltr' id='par_1_45' title="bbox 129 2953 1724 3024">
     <span class='ocr_line' id='line_1_45' title="bbox 129 2953 1724 3024; baseline 0 -17"><span class='ocrx_word' id='word_1_342' title='bbox 129 2970 286 3017; x_wconf 89' lang='lat' dir='ltr'><strong>cum,</strong></span> <span class='ocrx_word' id='word_1_343' title='bbox 316 2969 471 3023; x_wconf 87' lang='lat' dir='ltr'><strong>quem</strong></span> <span class='ocrx_word' id='word_1_344' title='bbox 496 2964 736 3023; x_wconf 88' lang='lat' dir='ltr'><strong>ceperat,</strong></span> <span class='ocrx_word' id='word_1_345' title='bbox 762 2954 963 3008; x_wconf 89' lang='lat' dir='ltr'><strong>amittit</strong></span> <span class='ocrx_word' id='word_1_346' title='bbox 993 2971 1007 3007; x_wconf 93' lang='lat'><strong>:</strong></span> <span class='ocrx_word' id='word_1_347' title='bbox 1036 2964 1198 3024; x_wconf 86' lang='lat' dir='ltr'><strong>atque</strong></span> <span class='ocrx_word' id='word_1_348' title='bbox 1218 2953 1360 3009; x_wconf 83' lang='lat' dir='ltr'><strong>unde</strong></span> <span class='ocrx_word' id='word_1_349' title='bbox 1386 2955 1585 3009; x_wconf 87' lang='lat' dir='ltr'><strong>vicisse</strong></span> <span class='ocrx_word' id='word_1_350' title='bbox 1606 2968 1724 3008; x_wconf 90' lang='lat' dir='ltr'><strong>cer-</strong></span> 
     </span>
    </p>
   </div>
   <div class='ocr_carea' id='block_1_46' title="bbox 131 3044 1724 3113">
    <p class='ocr_par' dir='ltr' id='par_1_46' title="bbox 131 3044 1724 3113">
     <span class='ocr_line' id='line_1_46' title="bbox 131 3044 1724 3113; baseline 0.002 -17"><span class='ocrx_word' id='word_1_351' title='bbox 131 3044 308 3108; x_wconf 90' lang='lat' dir='ltr'><strong>nitur,</strong></span> <span class='ocrx_word' id='word_1_352' title='bbox 340 3044 463 3099; x_wconf 90' lang='lat' dir='ltr'><strong>inde</strong></span> <span class='ocrx_word' id='word_1_353' title='bbox 486 3054 790 3113; x_wconf 88' lang='lat' dir='ltr'><strong>superatur.</strong></span> <span class='ocrx_word' id='word_1_354' title='bbox 823 3044 1183 3100; x_wconf 88' lang='lat' dir='ltr'><strong>Considerare</strong></span> <span class='ocrx_word' id='word_1_355' title='bbox 1209 3045 1341 3099; x_wconf 88' lang='lat' dir='ltr'><strong>libet</strong></span> <span class='ocrx_word' id='word_1_356' title='bbox 1379 3046 1519 3099; x_wconf 87' lang='lat' dir='ltr'><strong>intra</strong></span> <span class='ocrx_word' id='word_1_357' title='bbox 1549 3047 1724 3099; x_wconf 90' lang='lat' dir='ltr'><strong>muni-</strong></span> 
     </span>
    </p>
   </div>
   <div class='ocr_carea' id='block_1_47' title="bbox 131 3133 1722 3204">
    <p class='ocr_par' dir='ltr' id='par_1_47' title="bbox 131 3133 1722 3204">
     <span class='ocr_line' id='line_1_47' title="bbox 131 3133 1722 3204; baseline 0.003 -18"><span class='ocrx_word' id='word_1_358' title='bbox 131 3143 253 3187; x_wconf 91' lang='lat' dir='ltr'><strong>tum</strong></span> <span class='ocrx_word' id='word_1_359' title='bbox 284 3133 471 3204; x_wconf 72' lang='lat' dir='ltr'><strong>gratiae</strong></span> <span class='ocrx_word' id='word_1_360' title='bbox 495 3134 693 3199; x_wconf 90' lang='lat' dir='ltr'><strong>sinum,</strong></span> <span class='ocrx_word' id='word_1_361' title='bbox 723 3142 924 3204; x_wconf 83' lang='lat' dir='ltr'><strong>quanto</strong></span> <span class='ocrx_word' id='word_1_362' title='bbox 945 3134 1089 3190; x_wconf 91' lang='lat' dir='ltr'><strong>Deus</strong></span> <span class='ocrx_word' id='word_1_363' title='bbox 1124 3135 1510 3190; x_wconf 72' lang='lat' dir='ltr'><strong>misericordia:</strong></span> <span class='ocrx_word' id='word_1_364' title='bbox 1538 3135 1722 3191; x_wconf 84' lang='lat' dir='ltr'><strong>favore</strong></span> 
     </span>
    </p>
   </div>
   <div class='ocr_carea' id='block_1_48' title="bbox 132 3225 1723 3296">
    <p class='ocr_par' dir='ltr' id='par_1_48' title="bbox 132 3225 1723 3296">
     <span class='ocr_line' id='line_1_48' title="bbox 132 3225 1723 3296; baseline 0.001 -18"><span class='ocrx_word' id='word_1_365' title='bbox 132 3240 237 3279; x_wconf 90' lang='lat' dir='ltr'><strong>nos</strong></span> <span class='ocrx_word' id='word_1_366' title='bbox 265 3225 525 3279; x_wconf 88' lang='lat' dir='ltr'><strong>continet.</strong></span> <span class='ocrx_word' id='word_1_367' title='bbox 554 3226 693 3279; x_wconf 91' lang='lat' dir='ltr'><strong>Ecce</strong></span> <span class='ocrx_word' id='word_1_368' title='bbox 718 3226 809 3295; x_wconf 91' lang='lat' dir='ltr'><strong>qui</strong></span> <span class='ocrx_word' id='word_1_369' title='bbox 839 3227 904 3281; x_wconf 91' lang='lat' dir='ltr'><strong>de</strong></span> <span class='ocrx_word' id='word_1_370' title='bbox 932 3227 1133 3280; x_wconf 90' lang='lat' dir='ltr'><strong>virtute</strong></span> <span class='ocrx_word' id='word_1_371' title='bbox 1178 3239 1238 3281; x_wconf 88' lang='lat' dir='ltr'><strong>se</strong></span> <span class='ocrx_word' id='word_1_372' title='bbox 1260 3226 1487 3289; x_wconf 84' lang='lat' dir='ltr'><strong>extollit,</strong></span> <span class='ocrx_word' id='word_1_373' title='bbox 1522 3242 1617 3296; x_wconf 90' lang='lat' dir='ltr'><strong>per</strong></span> <span class='ocrx_word' id='word_1_374' title='bbox 1640 3227 1723 3280; x_wconf 86' lang='lat' dir='ltr'><strong>vi-</strong></span> 
     </span>
    </p>
   </div>
   <div class='ocr_carea' id='block_1_49' title="bbox 135 3315 1725 3386">
    <p class='ocr_par' dir='ltr' id='par_1_49' title="bbox 135 3315 1725 3386">
     <span class='ocr_line' id='line_1_49' title="bbox 135 3315 1725 3386; baseline 0.001 -17"><span class='ocrx_word' id='word_1_375' title='bbox 135 3316 276 3369; x_wconf 83' lang='lat' dir='ltr'><strong>tium</strong></span> <span class='ocrx_word' id='word_1_376' title='bbox 308 3315 375 3369; x_wconf 90' lang='lat' dir='ltr'><strong>ad</strong></span> <span class='ocrx_word' id='word_1_377' title='bbox 404 3316 765 3370; x_wconf 86' lang='lat' dir='ltr'><strong>humilitatem</strong></span> <span class='ocrx_word' id='word_1_378' title='bbox 797 3317 955 3372; x_wconf 88' lang='lat' dir='ltr'><strong>redit.</strong></span> <span class='ocrx_word' id='word_1_379' title='bbox 992 3317 1094 3384; x_wconf 86' lang='lat' dir='ltr'><strong>Qui</strong></span> <span class='ocrx_word' id='word_1_380' title='bbox 1119 3332 1248 3371; x_wconf 91' lang='lat' dir='ltr'><strong>vero</strong></span> <span class='ocrx_word' id='word_1_381' title='bbox 1277 3318 1513 3386; x_wconf 88' lang='lat' dir='ltr'><strong>acceptis</strong></span> <span class='ocrx_word' id='word_1_382' title='bbox 1551 3317 1725 3371; x_wconf 77' lang='lat' dir='ltr'><strong>virtu-</strong></span> 
     </span>
    </p>
   </div>
   <div class='ocr_carea' id='block_1_50' title="bbox 132 3403 1725 3476">
    <p class='ocr_par' dir='ltr' id='par_1_50' title="bbox 132 3403 1725 3476">
     <span class='ocr_line' id='line_1_50' title="bbox 132 3403 1725 3476; baseline 0.003 -20"><span class='ocrx_word' id='word_1_383' title='bbox 132 3404 287 3457; x_wconf 87' lang='lat' dir='ltr'><strong>tibus</strong></span> <span class='ocrx_word' id='word_1_384' title='bbox 308 3403 601 3469; x_wconf 82' lang='lat' dir='ltr'><strong>extollitur,</strong></span> <span class='ocrx_word' id='word_1_385' title='bbox 634 3419 739 3459; x_wconf 90' lang='lat' dir='ltr'><strong>non</strong></span> <span class='ocrx_word' id='word_1_386' title='bbox 768 3406 964 3476; x_wconf 83' lang='lat' dir='ltr'><strong>gladio,</strong></span> <span class='ocrx_word' id='word_1_387' title='bbox 989 3407 1103 3471; x_wconf 86' lang='lat' dir='ltr'><strong>sed,</strong></span> <span class='ocrx_word' id='word_1_388' title='bbox 1133 3415 1193 3461; x_wconf 94' lang='lat' dir='ltr'><strong>ut</strong></span> <span class='ocrx_word' id='word_1_389' title='bbox 1218 3406 1292 3461; x_wconf 89' lang='lat' dir='ltr'><strong>ita</strong></span> <span class='ocrx_word' id='word_1_390' title='bbox 1318 3406 1544 3460; x_wconf 83' lang='lat' dir='ltr'><strong>dixerim</strong></span> <span class='ocrx_word' id='word_1_391' title='bbox 1564 3448 1577 3468; x_wconf 89' lang='lat'><strong>,</strong></span> <span class='ocrx_word' id='word_1_392' title='bbox 1613 3422 1725 3461; x_wconf 91' lang='lat' dir='ltr'><strong>me-</strong></span> 
     </span>
    </p>
   </div>
   <div class='ocr_carea' id='block_1_51' title="bbox 134 3492 1728 3562">
    <p class='ocr_par' dir='ltr' id='par_1_51' title="bbox 134 3492 1728 3562">
     <span class='ocr_line' id='line_1_51' title="bbox 134 3492 1728 3562; baseline 0.001 -14"><span class='ocrx_word' id='word_1_393' title='bbox 134 3492 451 3548; x_wconf 91' lang='lat' dir='ltr'><strong>dicamento</strong></span> <span class='ocrx_word' id='word_1_394' title='bbox 479 3494 813 3548; x_wconf 88' lang='lat' dir='ltr'><strong>vulneratur.</strong></span> <span class='ocrx_word' id='word_1_395' title='bbox 846 3496 985 3562; x_wconf 92' lang='lat' dir='ltr'><strong>Quid</strong></span> <span class='ocrx_word' id='word_1_396' title='bbox 1022 3496 1166 3549; x_wconf 90' lang='lat' dir='ltr'><strong>enim</strong></span> <span class='ocrx_word' id='word_1_397' title='bbox 1195 3495 1399 3560; x_wconf 88' lang='lat' dir='ltr'><strong>virtus,</strong></span> <span class='ocrx_word' id='word_1_398' title='bbox 1426 3495 1530 3549; x_wconf 82' lang='lat' dir='ltr'><strong>nisi</strong></span> <span class='ocrx_word' id='word_1_399' title='bbox 1562 3496 1728 3551; x_wconf 86' lang='lat' dir='ltr'><strong>medi-</strong></span> 
     </span>
    </p>
   </div>
   <div class='ocr_carea' id='block_1_52' title="bbox 134 3585 1727 3655">
    <p class='ocr_par' dir='ltr' id='par_1_52' title="bbox 134 3585 1727 3655">
     <span class='ocr_line' id='line_1_52' title="bbox 134 3585 1727 3655; baseline 0.002 -17"><span class='ocrx_word' id='word_1_400' title='bbox 134 3586 500 3639; x_wconf 85' lang='lat' dir='ltr'><strong>camentum?</strong></span> <span class='ocrx_word' id='word_1_401' title='bbox 528 3585 599 3640; x_wconf 87' lang='lat' dir='ltr'><strong>Et</strong></span> <span class='ocrx_word' id='word_1_402' title='bbox 640 3586 767 3655; x_wconf 89' lang='lat' dir='ltr'><strong>quid</strong></span> <span class='ocrx_word' id='word_1_403' title='bbox 813 3594 896 3641; x_wconf 92' lang='lat' dir='ltr'><strong>est</strong></span> <span class='ocrx_word' id='word_1_404' title='bbox 920 3587 1107 3641; x_wconf 87' lang='lat' dir='ltr'><strong>vitium</strong></span> <span class='ocrx_word' id='word_1_405' title='bbox 1129 3627 1145 3653; x_wconf 92' lang='lat'><strong>,</strong></span> <span class='ocrx_word' id='word_1_406' title='bbox 1187 3588 1291 3642; x_wconf 88' lang='lat' dir='ltr'><strong>nisi</strong></span> <span class='ocrx_word' id='word_1_407' title='bbox 1327 3588 1552 3642; x_wconf 86' lang='lat' dir='ltr'><strong>vulnus?</strong></span> <span class='ocrx_word' id='word_1_408' title='bbox 1591 3587 1727 3653; x_wconf 87' lang='lat' dir='ltr'><strong>Quia</strong></span> 
     </span>
    </p>
   </div>
   <div class='ocr_carea' id='block_1_53' title="bbox 134 3676 1728 3744">
    <p class='ocr_par' dir='ltr' id='par_1_53' title="bbox 134 3676 1728 3744">
     <span class='ocr_line' id='line_1_53' title="bbox 134 3676 1728 3744; baseline 0.001 -14"><span class='ocrx_word' id='word_1_409' title='bbox 134 3690 274 3744; x_wconf 87' lang='lat' dir='ltr'><strong>ergo</strong></span> <span class='ocrx_word' id='word_1_410' title='bbox 303 3690 402 3729; x_wconf 91' lang='lat' dir='ltr'><strong>nos</strong></span> <span class='ocrx_word' id='word_1_411' title='bbox 442 3676 509 3730; x_wconf 92' lang='lat' dir='ltr'><strong>de</strong></span> <span class='ocrx_word' id='word_1_412' title='bbox 538 3676 933 3732; x_wconf 88' lang='lat' dir='ltr'><strong>medicamento</strong></span> <span class='ocrx_word' id='word_1_413' title='bbox 961 3677 1154 3732; x_wconf 88' lang='lat' dir='ltr'><strong>vulnus</strong></span> <span class='ocrx_word' id='word_1_414' title='bbox 1189 3676 1438 3742; x_wconf 82' lang='lat' dir='ltr'><strong>facimus,</strong></span> <span class='ocrx_word' id='word_1_415' title='bbox 1484 3677 1615 3733; x_wconf 83' lang='lat' dir='ltr'><strong>facit</strong></span> <span class='ocrx_word' id='word_1_416' title='bbox 1640 3678 1728 3732; x_wconf 92' lang='lat' dir='ltr'><strong>ille</strong></span> 
     </span>
    </p>
   </div>
   <div class='ocr_carea' id='block_1_54' title="bbox 136 3765 1725 3836">
    <p class='ocr_par' dir='ltr' id='par_1_54' title="bbox 136 3765 1725 3836">
     <span class='ocr_line' id='line_1_54' title="bbox 136 3765 1725 3836; baseline -0.001 -15"><span class='ocrx_word' id='word_1_417' title='bbox 136 3766 207 3821; x_wconf 89' lang='lat' dir='ltr'><strong>de</strong></span> <span class='ocrx_word' id='word_1_418' title='bbox 236 3765 463 3819; x_wconf 85' lang='lat' dir='ltr'><strong>vulnere</strong></span> <span class='ocrx_word' id='word_1_419' title='bbox 501 3765 994 3829; x_wconf 85' lang='lat' dir='ltr'><strong>medicamentum;</strong></span> <span class='ocrx_word' id='word_1_420' title='bbox 1036 3774 1095 3819; x_wconf 91' lang='lat' dir='ltr'><strong>ut</strong></span> <span class='ocrx_word' id='word_1_421' title='bbox 1133 3767 1223 3835; x_wconf 89' lang='lat' dir='ltr'><strong>qui</strong></span> <span class='ocrx_word' id='word_1_422' title='bbox 1250 3766 1450 3821; x_wconf 86' lang='lat' dir='ltr'><strong>virtute</strong></span> <span class='ocrx_word' id='word_1_423' title='bbox 1493 3766 1725 3836; x_wconf 89' lang='lat' dir='ltr'><strong>percuti-</strong></span> 
     </span>
    </p>
   </div>
   <div class='ocr_carea' id='block_1_55' title="bbox 138 3856 1729 3926">
    <p class='ocr_par' dir='ltr' id='par_1_55' title="bbox 138 3856 1729 3926">
     <span class='ocr_line' id='line_1_55' title="bbox 138 3856 1729 3926; baseline 0 -15"><span class='ocrx_word' id='word_1_424' title='bbox 138 3873 293 3921; x_wconf 89' lang='lat' dir='ltr'><strong>mur,</strong></span> <span class='ocrx_word' id='word_1_425' title='bbox 322 3856 455 3911; x_wconf 88' lang='lat' dir='ltr'><strong>vitio</strong></span> <span class='ocrx_word' id='word_1_426' title='bbox 484 3871 757 3911; x_wconf 81' lang='lat' dir='ltr'><strong>curemur.</strong></span> <span class='ocrx_word' id='word_1_427' title='bbox 797 3856 908 3912; x_wconf 92' lang='lat' dir='ltr'><strong>Nos</strong></span> <span class='ocrx_word' id='word_1_428' title='bbox 937 3872 1171 3926; x_wconf 85' lang='lat' dir='ltr'><strong>namque</strong></span> <span class='ocrx_word' id='word_1_429' title='bbox 1189 3858 1446 3911; x_wconf 88' lang='lat' dir='ltr'><strong>virtutum</strong></span> <span class='ocrx_word' id='word_1_430' title='bbox 1477 3857 1616 3912; x_wconf 89' lang='lat' dir='ltr'><strong>dona</strong></span> <span class='ocrx_word' id='word_1_431' title='bbox 1647 3872 1729 3911; x_wconf 86' lang='lat' dir='ltr'><strong>re-</strong></span> 
     </span>
    </p>
   </div>
   <div class='ocr_carea' id='block_1_56' title="bbox 138 3950 1729 4018">
    <p class='ocr_par' dir='ltr' id='par_1_56' title="bbox 138 3950 1729 4018">
     <span class='ocr_line' id='line_1_56' title="bbox 138 3950 1729 4018; baseline 0.002 -16"><span class='ocrx_word' id='word_1_432' title='bbox 138 3957 466 4018; x_wconf 90' lang='lat' dir='ltr'><strong>torquemus</strong></span> <span class='ocrx_word' id='word_1_433' title='bbox 488 3950 542 4003; x_wconf 92' lang='lat' dir='ltr'><strong>in</strong></span> <span class='ocrx_word' id='word_1_434' title='bbox 568 3965 725 4005; x_wconf 90' lang='lat' dir='ltr'><strong>usum</strong></span> <span class='ocrx_word' id='word_1_435' title='bbox 746 3950 1032 4005; x_wconf 88' lang='lat' dir='ltr'><strong>vitiorum:</strong></span> <span class='ocrx_word' id='word_1_436' title='bbox 1059 3951 1148 4005; x_wconf 91' lang='lat' dir='ltr'><strong>ille</strong></span> <span class='ocrx_word' id='word_1_437' title='bbox 1174 3951 1427 4005; x_wconf 89' lang='lat' dir='ltr'><strong>vitiorum</strong></span> <span class='ocrx_word' id='word_1_438' title='bbox 1450 3950 1729 4005; x_wconf 88' lang='lat' dir='ltr'><strong>illecebras</strong></span> 
     </span>
    </p>
   </div>
   <div class='ocr_carea' id='block_1_57' title="bbox 138 4038 1727 4109">
    <p class='ocr_par' dir='ltr' id='par_1_57' title="bbox 138 4038 1727 4109">
     <span class='ocr_line' id='line_1_57' title="bbox 138 4038 1727 4109; baseline 0 -16"><span class='ocrx_word' id='word_1_439' title='bbox 138 4038 377 4093; x_wconf 85' lang='lat' dir='ltr'><strong>assumit</strong></span> <span class='ocrx_word' id='word_1_440' title='bbox 399 4039 452 4092; x_wconf 93' lang='lat' dir='ltr'><strong>in</strong></span> <span class='ocrx_word' id='word_1_441' title='bbox 477 4047 651 4093; x_wconf 91' lang='lat' dir='ltr'><strong>artem</strong></span> <span class='ocrx_word' id='word_1_442' title='bbox 673 4039 952 4105; x_wconf 87' lang='lat' dir='ltr'><strong>virtutum,</strong></span> <span class='ocrx_word' id='word_1_443' title='bbox 973 4049 1027 4095; x_wconf 90' lang='lat' dir='ltr'><strong>et</strong></span> <span class='ocrx_word' id='word_1_444' title='bbox 1047 4040 1234 4094; x_wconf 89' lang='lat' dir='ltr'><strong>salutis</strong></span> <span class='ocrx_word' id='word_1_445' title='bbox 1258 4047 1453 4093; x_wconf 90' lang='lat' dir='ltr'><strong>statum</strong></span> <span class='ocrx_word' id='word_1_446' title='bbox 1474 4040 1727 4109; x_wconf 87' lang='lat' dir='ltr'><strong>percutit,</strong></span> 
     </span>
    </p>
   </div>
   <div class='ocr_carea' id='block_1_58' title="bbox 140 4128 1728 4199">
    <p class='ocr_par' dir='ltr' id='par_1_58' title="bbox 140 4128 1728 4199">
     <span class='ocr_line' id='line_1_58' title="bbox 140 4128 1728 4199; baseline 0.002 -17"><span class='ocrx_word' id='word_1_447' title='bbox 140 4138 207 4184; x_wconf 89' lang='lat' dir='ltr'><strong>ut</strong></span> <span class='ocrx_word' id='word_1_448' title='bbox 236 4136 458 4182; x_wconf 87' lang='lat' dir='ltr'><strong>servet:</strong></span> <span class='ocrx_word' id='word_1_449' title='bbox 492 4136 551 4183; x_wconf 91' lang='lat' dir='ltr'><strong>ut</strong></span> <span class='ocrx_word' id='word_1_450' title='bbox 585 4129 679 4199; x_wconf 88' lang='lat' dir='ltr'><strong>qui</strong></span> <span class='ocrx_word' id='word_1_451' title='bbox 731 4128 1089 4183; x_wconf 90' lang='lat' dir='ltr'><strong>humilitatem</strong></span> <span class='ocrx_word' id='word_1_452' title='bbox 1139 4138 1420 4187; x_wconf 89' lang='lat' dir='ltr'><strong>currentes</strong></span> <span class='ocrx_word' id='word_1_453' title='bbox 1459 4129 1728 4199; x_wconf 80' lang='lat' dir='ltr'><strong>fugimus,</strong></span> 
     </span>
    </p>
   </div>
   <div class='ocr_carea' id='block_1_59' title="bbox 138 4217 1729 4275">
    <p class='ocr_par' dir='ltr' id='par_1_59' title="bbox 138 4217 1729 4275">
     <span class='ocr_line' id='line_1_59' title="bbox 138 4217 1729 4275; baseline 0.001 -2"><span class='ocrx_word' id='word_1_454' title='bbox 138 4217 353 4273; x_wconf 69' lang='lat' dir='ltr'><strong>dsaluti</strong></span> <span class='ocrx_word' id='word_1_455' title='bbox 377 4218 632 4273; x_wconf 83' lang='lat' dir='ltr'><strong>cadentes</strong></span> <span class='ocrx_word' id='word_1_456' title='bbox 660 4218 978 4273; x_wconf 60' lang='lat' dir='ltr'><strong>habeamus.</strong></span> <span class='ocrx_word' id='word_1_457' title='bbox 1005 4217 1111 4274; x_wconf 88' lang='lat' dir='ltr'><strong>Sed</strong></span> <span class='ocrx_word' id='word_1_458' title='bbox 1140 4220 1281 4273; x_wconf 89' lang='lat' dir='ltr'><strong>inter</strong></span> <span class='ocrx_word' id='word_1_459' title='bbox 1308 4221 1423 4273; x_wconf 75' lang='lat' dir='ltr'><strong>haec</strong></span> <span class='ocrx_word' id='word_1_460' title='bbox 1452 4220 1729 4275; x_wconf 83' lang='lat' dir='ltr'><strong>sciendum</strong></span> 
     </span>
    </p>
   </div>
   <div class='ocr_carea' id='block_1_60' title="bbox 137 4307 1726 4377">
    <p class='ocr_par' dir='ltr' id='par_1_60' title="bbox 137 4307 1726 4377">
     <span class='ocr_line' id='line_1_60' title="bbox 137 4307 1726 4377; baseline -0.001 -14"><span class='ocrx_word' id='word_1_461' title='bbox 137 4317 251 4372; x_wconf 89' lang='lat' dir='ltr'><strong>est,</strong></span> <span class='ocrx_word' id='word_1_462' title='bbox 282 4307 425 4377; x_wconf 92' lang='lat' dir='ltr'><strong>quod</strong></span> <span class='ocrx_word' id='word_1_463' title='bbox 446 4307 686 4377; x_wconf 87' lang='lat' dir='ltr'><strong>plerique</strong></span> <span class='ocrx_word' id='word_1_464' title='bbox 713 4308 1012 4374; x_wconf 89' lang='lat' dir='ltr'><strong>hominum,</strong></span> <span class='ocrx_word' id='word_1_465' title='bbox 1035 4323 1142 4377; x_wconf 91' lang='lat' dir='ltr'><strong>quo</strong></span> <span class='ocrx_word' id='word_1_466' title='bbox 1165 4309 1219 4362; x_wconf 92' lang='lat' dir='ltr'><strong>in</strong></span> <span class='ocrx_word' id='word_1_467' title='bbox 1243 4308 1428 4363; x_wconf 89' lang='lat' dir='ltr'><strong>multis</strong></span> <span class='ocrx_word' id='word_1_468' title='bbox 1448 4318 1726 4374; x_wconf 85' lang='lat' dir='ltr'><strong>corruunt,</strong></span> 
     </span>
    </p>
   </div>
   <div class='ocr_carea' id='block_1_61' title="bbox 139 4397 1731 4467">
    <p class='ocr_par' dir='ltr' id='par_1_61' title="bbox 139 4397 1731 4467">
     <span class='ocr_line' id='line_1_61' title="bbox 139 4397 1731 4467; baseline 0 -15"><span class='ocrx_word' id='word_1_469' title='bbox 139 4398 355 4452; x_wconf 86' lang='lat' dir='ltr'><strong>arctius</strong></span> <span class='ocrx_word' id='word_1_470' title='bbox 390 4397 658 4467; x_wconf 86' lang='lat' dir='ltr'><strong>ligantur:</strong></span> <span class='ocrx_word' id='word_1_471' title='bbox 698 4413 929 4466; x_wconf 88' lang='lat' dir='ltr'><strong>cumque</strong></span> <span class='ocrx_word' id='word_1_472' title='bbox 972 4413 1064 4453; x_wconf 89' lang='lat' dir='ltr'><strong>eos</strong></span> <span class='ocrx_word' id='word_1_473' title='bbox 1096 4411 1118 4436; x_wconf 70' lang='grc' dir='ltr'>ε</span> <span class='ocrx_word' id='word_1_474' title='bbox 1151 4398 1407 4466; x_wconf 86' lang='lat' dir='ltr'><strong>antiquus</strong></span> <span class='ocrx_word' id='word_1_475' title='bbox 1449 4399 1620 4453; x_wconf 90' lang='lat' dir='ltr'><strong>hostis</strong></span> <span class='ocrx_word' id='word_1_476' title='bbox 1663 4414 1731 4453; x_wconf 80' lang='lat' dir='ltr'><strong>ex</strong></span> 
     </span>
    </p>
   </div>
   <div class='ocr_carea' id='block_1_62' title="bbox 1827 1953 3407 2025">
    <p class='ocr_par' dir='ltr' id='par_1_62' title="bbox 1827 1953 3407 2025">
     <span class='ocr_line' id='line_1_62' title="bbox 1827 1953 3407 2025; baseline 0.001 -19"><span class='ocrx_word' id='word_1_477' title='bbox 1827 1954 2077 2008; x_wconf 78' lang='lat' dir='ltr'><strong>adversus</strong></span> <span class='ocrx_word' id='word_1_478' title='bbox 2103 1955 2363 2008; x_wconf 78' lang='lat' dir='ltr'><strong>hominem</strong></span> <span class='ocrx_word' id='word_1_479' title='bbox 2391 1954 2539 2008; x_wconf 84' lang='lat' dir='ltr'><strong>illum</strong></span> <span class='ocrx_word' id='word_1_480' title='bbox 2564 1969 2583 2008; x_wconf 90' lang='lat'><strong>:</strong></span> <span class='ocrx_word' id='word_1_481' title='bbox 2613 1953 2745 2009; x_wconf 87' lang='lat' dir='ltr'><strong>Vivit</strong></span> <span class='ocrx_word' id='word_1_482' title='bbox 2775 1954 3035 2009; x_wconf 80' lang='lat' dir='ltr'><strong>Dominus</strong></span> <span class='ocrx_word' id='word_1_483' title='bbox 3063 1955 3308 2025; x_wconf 85' lang='lat' dir='ltr'><strong>quoniam</strong></span> <span class='ocrx_word' id='word_1_484' title='bbox 3337 1955 3407 2017; x_wconf 78' lang='lat' dir='ltr'><strong>ﬁ-</strong></span> 
     </span>
    </p>
   </div>
   <div class='ocr_carea' id='block_1_63' title="bbox 1825 2044 3406 2116">
    <p class='ocr_par' dir='ltr' id='par_1_63' title="bbox 1825 2044 3406 2116">
     <span class='ocr_line' id='line_1_63' title="bbox 1825 2044 3406 2116; baseline 0.001 -17"><span class='ocrx_word' id='word_1_485' title='bbox 1825 2046 1927 2100; x_wconf 86' lang='lat' dir='ltr'><strong>lius</strong></span> <span class='ocrx_word' id='word_1_486' title='bbox 1954 2045 2134 2100; x_wconf 85' lang='lat' dir='ltr'><strong>mortis</strong></span> <span class='ocrx_word' id='word_1_487' title='bbox 2160 2056 2235 2100; x_wconf 81' lang='lat' dir='ltr'><strong>est</strong></span> <span class='ocrx_word' id='word_1_488' title='bbox 2261 2046 2338 2100; x_wconf 84' lang='lat' dir='ltr'><strong>vir</strong></span> <span class='ocrx_word' id='word_1_489' title='bbox 2370 2047 2459 2116; x_wconf 86' lang='lat' dir='ltr'><strong>qui</strong></span> <span class='ocrx_word' id='word_1_490' title='bbox 2487 2046 2609 2116; x_wconf 84' lang='lat' dir='ltr'><strong>fecit</strong></span> <span class='ocrx_word' id='word_1_491' title='bbox 2646 2047 2761 2100; x_wconf 86' lang='lat' dir='ltr'><strong>hoc.</strong></span> <span class='ocrx_word' id='word_1_492' title='bbox 2807 2045 2953 2099; x_wconf 76' lang='lat' dir='ltr'><strong>Dixit</strong></span> <span class='ocrx_word' id='word_1_493' title='bbox 2983 2044 3406 2100; x_wconf 82' lang='lat' dir='ltr'><strong>autemNathan</strong></span> 
     </span>
    </p>
   </div>
   <div class='ocr_carea' id='block_1_64' title="bbox 1825 2136 3403 2192">
    <p class='ocr_par' dir='ltr' id='par_1_64' title="bbox 1825 2136 3403 2192">
     <span class='ocr_line' id='line_1_64' title="bbox 1825 2136 3403 2192; baseline -0.001 0"><span class='ocrx_word' id='word_1_494' title='bbox 1825 2138 1893 2192; x_wconf 85' lang='lat' dir='ltr'><strong>ad</strong></span> <span class='ocrx_word' id='word_1_495' title='bbox 1925 2137 2093 2192; x_wconf 83' lang='lat' dir='ltr'><strong>David</strong></span> <span class='ocrx_word' id='word_1_496' title='bbox 2112 2155 2130 2192; x_wconf 91' lang='lat'><strong>:</strong></span> <span class='ocrx_word' id='word_1_497' title='bbox 2162 2147 2219 2191; x_wconf 88' lang='lat' dir='ltr'><strong>tu</strong></span> <span class='ocrx_word' id='word_1_498' title='bbox 2248 2155 2300 2192; x_wconf 81' lang='lat' dir='ltr'><strong>es</strong></span> <span class='ocrx_word' id='word_1_499' title='bbox 2325 2137 2413 2191; x_wconf 84' lang='lat' dir='ltr'><strong>ille</strong></span> <span class='ocrx_word' id='word_1_500' title='bbox 2437 2138 2533 2191; x_wconf 89' lang='lat' dir='ltr'><strong>vir.</strong></span> <span class='ocrx_word' id='word_1_501' title='bbox 2564 2137 2633 2192; x_wconf 86' lang='lat' dir='ltr'><strong>Et</strong></span> <span class='ocrx_word' id='word_1_502' title='bbox 2661 2138 2794 2192; x_wconf 75' lang='lat' dir='ltr'><strong>dixit</strong></span> <span class='ocrx_word' id='word_1_503' title='bbox 2828 2137 3001 2192; x_wconf 82' lang='lat' dir='ltr'><strong>David</strong></span> <span class='ocrx_word' id='word_1_504' title='bbox 3034 2138 3103 2191; x_wconf 85' lang='lat' dir='ltr'><strong>ad</strong></span> <span class='ocrx_word' id='word_1_505' title='bbox 3142 2136 3362 2191; x_wconf 87' lang='lat' dir='ltr'><strong>Nathan</strong></span> <span class='ocrx_word' id='word_1_506' title='bbox 3385 2154 3403 2191; x_wconf 93' lang='lat'><strong>:</strong></span> 
     </span>
    </p>
   </div>
   <div class='ocr_carea' id='block_1_65' title="bbox 1823 2225 3404 2298">
    <p class='ocr_par' dir='ltr' id='par_1_65' title="bbox 1823 2225 3404 2298">
     <span class='ocr_line' id='line_1_65' title="bbox 1823 2225 3404 2298; baseline -0.003 -15"><span class='ocrx_word' id='word_1_507' title='bbox 1823 2230 2029 2298; x_wconf 83' lang='lat' dir='ltr'><strong>peccavi</strong></span> <span class='ocrx_word' id='word_1_508' title='bbox 2058 2228 2282 2282; x_wconf 89' lang='lat' dir='ltr'><strong>Domino</strong></span> <span class='ocrx_word' id='word_1_509' title='bbox 2303 2242 2322 2280; x_wconf 92' lang='lat'><strong>:</strong></span> <span class='ocrx_word' id='word_1_510' title='bbox 2355 2228 2589 2298; x_wconf 76' lang='lat' dir='ltr'><strong>dixitque</strong></span> <span class='ocrx_word' id='word_1_511' title='bbox 2621 2225 2839 2282; x_wconf 83' lang='lat' dir='ltr'><strong>Nathan</strong></span> <span class='ocrx_word' id='word_1_512' title='bbox 2868 2226 2937 2281; x_wconf 85' lang='lat' dir='ltr'><strong>ad</strong></span> <span class='ocrx_word' id='word_1_513' title='bbox 2962 2227 3133 2281; x_wconf 84' lang='lat' dir='ltr'><strong>David</strong></span> <span class='ocrx_word' id='word_1_514' title='bbox 3156 2244 3175 2281; x_wconf 88' lang='lat'><strong>:</strong></span> <span class='ocrx_word' id='word_1_515' title='bbox 3218 2226 3404 2280; x_wconf 83' lang='lat' dir='ltr'><strong>Domi-</strong></span> 
     </span>
    </p>
   </div>
   <div class='ocr_carea' id='block_1_66' title="bbox 1825 2317 3403 2389">
    <p class='ocr_par' dir='ltr' id='par_1_66' title="bbox 1825 2317 3403 2389">
     <span class='ocr_line' id='line_1_66' title="bbox 1825 2317 3403 2389; baseline -0.001 -16"><span class='ocrx_word' id='word_1_516' title='bbox 1825 2336 1923 2373; x_wconf 85' lang='lat' dir='ltr'><strong>nus</strong></span> <span class='ocrx_word' id='word_1_517' title='bbox 1966 2335 2167 2389; x_wconf 84' lang='lat' dir='ltr'><strong>quoque</strong></span> <span class='ocrx_word' id='word_1_518' title='bbox 2192 2317 2460 2371; x_wconf 72' lang='lat' dir='ltr'><strong>transtulit</strong></span> <span class='ocrx_word' id='word_1_519' title='bbox 2490 2327 2759 2388; x_wconf 84' lang='lat' dir='ltr'><strong>peccatum</strong></span> <span class='ocrx_word' id='word_1_520' title='bbox 2788 2322 2963 2382; x_wconf 82' lang='lat' dir='ltr'><strong>tuum,</strong></span> <span class='ocrx_word' id='word_1_521' title='bbox 3008 2334 3111 2371; x_wconf 85' lang='lat' dir='ltr'><strong>non</strong></span> <span class='ocrx_word' id='word_1_522' title='bbox 3145 2317 3403 2371; x_wconf 83' lang='lat' dir='ltr'><strong>morieris.</strong></span> 
     </span>
    </p>
   </div>
   <div class='ocr_carea' id='block_1_67' title="bbox 1831 2406 3409 2479">
    <p class='ocr_par' dir='ltr' id='par_1_67' title="bbox 1831 2406 3409 2479">
     <span class='ocr_line' id='line_1_67' title="bbox 1831 2406 3409 2479; baseline 0 -18"><span class='ocrx_word' id='word_1_523' title='bbox 1831 2411 1886 2460; x_wconf 73' lang='lat' dir='ltr'><strong>th</strong></span> <span class='ocrx_word' id='word_1_524' title='bbox 1905 2408 1960 2463; x_wconf 89' lang='lat' dir='ltr'><strong>Si</strong></span> <span class='ocrx_word' id='word_1_525' title='bbox 1984 2419 2264 2479; x_wconf 88' lang='lat' dir='ltr'><strong>peccatum</strong></span> <span class='ocrx_word' id='word_1_526' title='bbox 2283 2408 2447 2463; x_wconf 89' lang='lat' dir='ltr'><strong>David</strong></span> <span class='ocrx_word' id='word_1_527' title='bbox 2473 2417 2580 2461; x_wconf 89' lang='lat' dir='ltr'><strong>tam</strong></span> <span class='ocrx_word' id='word_1_528' title='bbox 2606 2406 2923 2462; x_wconf 87' lang='lat' dir='ltr'><strong>detestabile</strong></span> <span class='ocrx_word' id='word_1_529' title='bbox 2950 2407 3211 2462; x_wconf 90' lang='lat' dir='ltr'><strong>Dominus</strong></span> <span class='ocrx_word' id='word_1_530' title='bbox 3234 2416 3409 2462; x_wconf 86' lang='lat' dir='ltr'><strong>trans-</strong></span> 
     </span>
    </p>
   </div>
   <div class='ocr_carea' id='block_1_68' title="bbox 1824 2496 3408 2568">
    <p class='ocr_par' dir='ltr' id='par_1_68' title="bbox 1824 2496 3408 2568">
     <span class='ocr_line' id='line_1_68' title="bbox 1824 2496 3408 2568; baseline 0 -17"><span class='ocrx_word' id='word_1_531' title='bbox 1824 2498 1966 2562; x_wconf 89' lang='lat' dir='ltr'><strong>tulit,</strong></span> <span class='ocrx_word' id='word_1_532' title='bbox 1998 2500 2127 2568; x_wconf 90' lang='lat' dir='ltr'><strong>quid</strong></span> <span class='ocrx_word' id='word_1_533' title='bbox 2157 2506 2240 2553; x_wconf 89' lang='lat' dir='ltr'><strong>est</strong></span> <span class='ocrx_word' id='word_1_534' title='bbox 2273 2498 2415 2567; x_wconf 88' lang='lat' dir='ltr'><strong>quod</strong></span> <span class='ocrx_word' id='word_1_535' title='bbox 2452 2497 2633 2551; x_wconf 89' lang='lat' dir='ltr'><strong>omnia</strong></span> <span class='ocrx_word' id='word_1_536' title='bbox 2676 2510 2795 2565; x_wconf 72' lang='lat' dir='ltr'><strong>qum</strong></span> <span class='ocrx_word' id='word_1_537' title='bbox 2840 2496 2906 2551; x_wconf 92' lang='lat' dir='ltr'><strong>de</strong></span> <span class='ocrx_word' id='word_1_538' title='bbox 2952 2497 3143 2551; x_wconf 89' lang='lat' dir='ltr'><strong>eodem</strong></span> <span class='ocrx_word' id='word_1_539' title='bbox 3187 2506 3408 2566; x_wconf 83' lang='lat' dir='ltr'><strong>peccato</strong></span> 
     </span>
    </p>
   </div>
   <div class='ocr_carea' id='block_1_69' title="bbox 1822 2587 3407 2663">
    <p class='ocr_par' dir='ltr' id='par_1_69' title="bbox 1822 2587 3407 2663">
     <span class='ocr_line' id='line_1_69' title="bbox 1822 2587 3407 2663; baseline -0.001 -21"><span class='ocrx_word' id='word_1_540' title='bbox 1822 2603 1921 2657; x_wconf 88' lang='lat' dir='ltr'><strong>per</strong></span> <span class='ocrx_word' id='word_1_541' title='bbox 1944 2588 2268 2658; x_wconf 86' lang='lat' dir='ltr'><strong>Prophetam</strong></span> <span class='ocrx_word' id='word_1_542' title='bbox 2298 2588 2511 2643; x_wconf 87' lang='lat' dir='ltr'><strong>Domini</strong></span> <span class='ocrx_word' id='word_1_543' title='bbox 2539 2588 2680 2642; x_wconf 86' lang='lat' dir='ltr'><strong>dicta</strong></span> <span class='ocrx_word' id='word_1_544' title='bbox 2712 2596 2856 2653; x_wconf 88' lang='lat' dir='ltr'><strong>sunt,</strong></span> <span class='ocrx_word' id='word_1_545' title='bbox 2894 2587 3239 2656; x_wconf 87' lang='lat' dir='ltr'><strong>postmodum</strong></span> <span class='ocrx_word' id='word_1_546' title='bbox 3271 2587 3407 2663; x_wconf 83' lang='lat' dir='ltr'><strong>tole-</strong></span> 
     </span>
    </p>
   </div>
   <div class='ocr_carea' id='block_1_70' title="bbox 1823 2676 3404 2747">
    <p class='ocr_par' dir='ltr' id='par_1_70' title="bbox 1823 2676 3404 2747">
     <span class='ocr_line' id='line_1_70' title="bbox 1823 2676 3404 2747; baseline -0.002 -16"><span class='ocrx_word' id='word_1_547' title='bbox 1823 2679 2006 2732; x_wconf 89' lang='lat' dir='ltr'><strong>ravit?</strong></span> <span class='ocrx_word' id='word_1_548' title='bbox 2035 2678 2127 2733; x_wconf 90' lang='lat' dir='ltr'><strong>sed</strong></span> <span class='ocrx_word' id='word_1_549' title='bbox 2153 2677 2340 2747; x_wconf 88' lang='lat' dir='ltr'><strong>procul</strong></span> <span class='ocrx_word' id='word_1_550' title='bbox 2363 2678 2526 2733; x_wconf 91' lang='lat' dir='ltr'><strong>dubio</strong></span> <span class='ocrx_word' id='word_1_551' title='bbox 2563 2680 2578 2717; x_wconf 78' lang='grc' dir='ltr'><strong>ί</strong></span> <span class='ocrx_word' id='word_1_552' title='bbox 2612 2678 2875 2732; x_wconf 89' lang='lat' dir='ltr'><strong>Dominus</strong></span> <span class='ocrx_word' id='word_1_553' title='bbox 2895 2677 3148 2731; x_wconf 83' lang='lat' dir='ltr'><strong>delictum</strong></span> <span class='ocrx_word' id='word_1_554' title='bbox 3175 2676 3293 2732; x_wconf 86' lang='lat' dir='ltr'><strong>sine</strong></span> <span class='ocrx_word' id='word_1_555' title='bbox 3320 2676 3404 2728; x_wconf 91' lang='lat' dir='ltr'><strong>ul-</strong></span> 
     </span>
    </p>
   </div>
   <div class='ocr_carea' id='block_1_71' title="bbox 1824 2769 3407 2840">
    <p class='ocr_par' dir='ltr' id='par_1_71' title="bbox 1824 2769 3407 2840">
     <span class='ocr_line' id='line_1_71' title="bbox 1824 2769 3407 2840; baseline -0.003 -13"><span class='ocrx_word' id='word_1_556' title='bbox 1824 2773 1970 2828; x_wconf 90' lang='lat' dir='ltr'><strong>tione</strong></span> <span class='ocrx_word' id='word_1_557' title='bbox 2000 2788 2107 2827; x_wconf 85' lang='lat' dir='ltr'><strong>non</strong></span> <span class='ocrx_word' id='word_1_558' title='bbox 2136 2772 2369 2827; x_wconf 90' lang='lat' dir='ltr'><strong>deserit:</strong></span> <span class='ocrx_word' id='word_1_559' title='bbox 2411 2779 2507 2826; x_wconf 91' lang='lat' dir='ltr'><strong>aut</strong></span> <span class='ocrx_word' id='word_1_560' title='bbox 2545 2771 2690 2826; x_wconf 90' lang='lat' dir='ltr'><strong>enim</strong></span> <span class='ocrx_word' id='word_1_561' title='bbox 2730 2771 2846 2840; x_wconf 91' lang='lat' dir='ltr'><strong>ipse</strong></span> <span class='ocrx_word' id='word_1_562' title='bbox 2896 2771 3001 2824; x_wconf 90' lang='lat' dir='ltr'><strong>hoc</strong></span> <span class='ocrx_word' id='word_1_563' title='bbox 3042 2769 3204 2824; x_wconf 89' lang='lat' dir='ltr'><strong>homo</strong></span> <span class='ocrx_word' id='word_1_564' title='bbox 3250 2769 3307 2823; x_wconf 91' lang='lat' dir='ltr'><strong>in</strong></span> <span class='ocrx_word' id='word_1_565' title='bbox 3348 2783 3407 2824; x_wconf 85' lang='lat' dir='ltr'><strong>se</strong></span> 
     </span>
    </p>
   </div>
   <div class='ocr_carea' id='block_1_72' title="bbox 1822 2850 3405 2933">
    <p class='ocr_par' dir='ltr' id='par_1_72' title="bbox 1822 2850 3405 2933">
     <span class='ocr_line' id='line_1_72' title="bbox 1822 2850 3405 2933; baseline -0.001 -14"><span class='ocrx_word' id='word_1_566' title='bbox 1822 2850 2093 2932; x_wconf 73' lang='lat' dir='ltr'><strong>paenitens</strong></span> <span class='ocrx_word' id='word_1_567' title='bbox 2114 2863 2290 2933; x_wconf 90' lang='lat' dir='ltr'><strong>punit,</strong></span> <span class='ocrx_word' id='word_1_568' title='bbox 2313 2870 2406 2918; x_wconf 89' lang='lat' dir='ltr'><strong>aut</strong></span> <span class='ocrx_word' id='word_1_569' title='bbox 2432 2863 2536 2918; x_wconf 90' lang='lat' dir='ltr'><strong>hoc</strong></span> <span class='ocrx_word' id='word_1_570' title='bbox 2561 2863 2703 2917; x_wconf 86' lang='lat' dir='ltr'><strong>Deus</strong></span> <span class='ocrx_word' id='word_1_571' title='bbox 2732 2876 2855 2917; x_wconf 90' lang='lat' dir='ltr'><strong>cum</strong></span> <span class='ocrx_word' id='word_1_572' title='bbox 2877 2861 3097 2916; x_wconf 85' lang='lat' dir='ltr'><strong>homine</strong></span> <span class='ocrx_word' id='word_1_573' title='bbox 3121 2861 3405 2919; x_wconf 88' lang='lat' dir='ltr'><strong>vindicans</strong></span> 
     </span>
    </p>
   </div>
   <div class='ocr_carea' id='block_1_73' title="bbox 1821 2951 3405 3024">
    <p class='ocr_par' dir='ltr' id='par_1_73' title="bbox 1821 2951 3405 3024">
     <span class='ocr_line' id='line_1_73' title="bbox 1821 2951 3405 3024; baseline -0.001 -17"><span class='ocrx_word' id='word_1_574' title='bbox 1821 2954 2079 3023; x_wconf 88' lang='lat' dir='ltr'><strong>percutit.</strong></span> <span class='ocrx_word' id='word_1_575' title='bbox 2110 2953 2457 3023; x_wconf 87' lang='lat' dir='ltr'><strong>Nequaquam</strong></span> <span class='ocrx_word' id='word_1_576' title='bbox 2488 2952 2655 3024; x_wconf 83' lang='lat' dir='ltr'><strong>igitur</strong></span> <span class='ocrx_word' id='word_1_577' title='bbox 2698 2959 2921 3022; x_wconf 87' lang='lat' dir='ltr'><strong>peccato</strong></span> <span class='ocrx_word' id='word_1_578' title='bbox 2964 2951 3240 3020; x_wconf 88' lang='lat' dir='ltr'><strong>parcitur:</strong></span> <span class='ocrx_word' id='word_1_579' title='bbox 3277 2952 3405 3022; x_wconf 89' lang='lat' dir='ltr'><strong>quia</strong></span> 
     </span>
    </p>
   </div>
   <div class='ocr_carea' id='block_1_74' title="bbox 1824 3042 3409 3100">
    <p class='ocr_par' dir='ltr' id='par_1_74' title="bbox 1824 3042 3409 3100">
     <span class='ocr_line' id='line_1_74' title="bbox 1824 3042 3409 3100; baseline 0.001 -2"><span class='ocrx_word' id='word_1_580' title='bbox 1824 3045 2129 3100; x_wconf 88' lang='lat' dir='ltr'><strong>nullatenus</strong></span> <span class='ocrx_word' id='word_1_581' title='bbox 2159 3046 2276 3100; x_wconf 91' lang='lat' dir='ltr'><strong>sine</strong></span> <span class='ocrx_word' id='word_1_582' title='bbox 2322 3045 2557 3100; x_wconf 87' lang='lat' dir='ltr'><strong>vindicta</strong></span> <span class='ocrx_word' id='word_1_583' title='bbox 2590 3045 2821 3099; x_wconf 81' lang='lat' dir='ltr'><strong>laxatur.</strong></span> <span class='ocrx_word' id='word_1_584' title='bbox 2873 3043 2965 3098; x_wconf 89' lang='lat' dir='ltr'><strong>Sic</strong></span> <span class='ocrx_word' id='word_1_585' title='bbox 3003 3042 3172 3097; x_wconf 87' lang='lat' dir='ltr'><strong>David</strong></span> <span class='ocrx_word' id='word_1_586' title='bbox 3221 3044 3409 3099; x_wconf 84' lang='lat' dir='ltr'><strong>audire</strong></span> 
     </span>
    </p>
   </div>
   <div class='ocr_carea' id='block_1_75' title="bbox 1822 3130 3407 3205">
    <p class='ocr_par' dir='ltr' id='par_1_75' title="bbox 1822 3130 3407 3205">
     <span class='ocr_line' id='line_1_75' title="bbox 1822 3130 3407 3205; baseline -0.003 -15"><span class='ocrx_word' id='word_1_587' title='bbox 1822 3143 1946 3205; x_wconf 92' lang='lat' dir='ltr'><strong>post</strong></span> <span class='ocrx_word' id='word_1_588' title='bbox 1987 3133 2382 3190; x_wconf 79' lang='lat' dir='ltr'><strong>confessionem</strong></span> <span class='ocrx_word' id='word_1_589' title='bbox 2422 3136 2653 3189; x_wconf 73' lang='lat' dir='ltr'><strong>meruit:</strong></span> <span class='ocrx_word' id='word_1_590' title='bbox 2694 3132 2952 3187; x_wconf 78' lang='lat' dir='ltr'><strong>Dominus</strong></span> <span class='ocrx_word' id='word_1_591' title='bbox 2988 3130 3252 3185; x_wconf 82' lang='lat' dir='ltr'><strong>transtulit</strong></span> <span class='ocrx_word' id='word_1_592' title='bbox 3289 3149 3407 3202; x_wconf 74' lang='lat' dir='ltr'><strong>pec—</strong></span> 
     </span>
    </p>
   </div>
   <div class='ocr_carea' id='block_1_76' title="bbox 1825 3220 3407 3293">
    <p class='ocr_par' dir='ltr' id='par_1_76' title="bbox 1825 3220 3407 3293">
     <span class='ocr_line' id='line_1_76' title="bbox 1825 3220 3407 3293; baseline -0.002 -13"><span class='ocrx_word' id='word_1_593' title='bbox 1825 3237 2019 3291; x_wconf 87' lang='lat' dir='ltr'><strong>catum,</strong></span> <span class='ocrx_word' id='word_1_594' title='bbox 2054 3234 2107 3281; x_wconf 92' lang='lat' dir='ltr'><strong>et</strong></span> <span class='ocrx_word' id='word_1_595' title='bbox 2132 3234 2311 3280; x_wconf 90' lang='lat' dir='ltr'><strong>tamen</strong></span> <span class='ocrx_word' id='word_1_596' title='bbox 2336 3224 2522 3279; x_wconf 91' lang='lat' dir='ltr'><strong>multis</strong></span> <span class='ocrx_word' id='word_1_597' title='bbox 2548 3232 2670 3293; x_wconf 92' lang='lat' dir='ltr'><strong>post</strong></span> <span class='ocrx_word' id='word_1_598' title='bbox 2697 3223 3028 3279; x_wconf 88' lang='lat' dir='ltr'><strong>cruciatibus</strong></span> <span class='ocrx_word' id='word_1_599' title='bbox 3061 3220 3312 3287; x_wconf 81' lang='lat' dir='ltr'><strong>alllictus,</strong></span> <span class='ocrx_word' id='word_1_600' title='bbox 3342 3237 3407 3278; x_wconf 91' lang='lat' dir='ltr'><strong>ac</strong></span> 
     </span>
    </p>
   </div>
   <div class='ocr_carea' id='block_1_77' title="bbox 1826 3314 3405 3388">
    <p class='ocr_par' dir='ltr' id='par_1_77' title="bbox 1826 3314 3405 3388">
     <span class='ocr_line' id='line_1_77' title="bbox 1826 3314 3405 3388; baseline -0.002 -17"><span class='ocrx_word' id='word_1_601' title='bbox 1826 3315 2039 3388; x_wconf 87' lang='lat' dir='ltr'><strong>fugiens</strong></span> <span class='ocrx_word' id='word_1_602' title='bbox 2064 3324 2271 3371; x_wconf 88' lang='lat' dir='ltr'><strong>reatum</strong></span> <span class='ocrx_word' id='word_1_603' title='bbox 2300 3316 2472 3385; x_wconf 60' lang='lat' dir='ltr'><strong>culpae</strong></span> <span class='ocrx_word' id='word_1_604' title='bbox 2514 3330 2675 3384; x_wconf 90' lang='lat' dir='ltr'><strong>quam</strong></span> <span class='ocrx_word' id='word_1_605' title='bbox 2702 3322 3125 3384; x_wconf 87' lang='lat' dir='ltr'><strong>perpetraverat,</strong></span> <span class='ocrx_word' id='word_1_606' title='bbox 3152 3314 3405 3369; x_wconf 87' lang='lat' dir='ltr'><strong>exsolvit.</strong></span> 
     </span>
    </p>
   </div>
   <div class='ocr_carea' id='block_1_78' title="bbox 1828 3403 3404 3473">
    <p class='ocr_par' dir='ltr' id='par_1_78' title="bbox 1828 3403 3404 3473">
     <span class='ocr_line' id='line_1_78' title="bbox 1828 3403 3404 3473; baseline -0.003 -12"><span class='ocrx_word' id='word_1_607' title='bbox 1828 3404 1920 3461; x_wconf 92' lang='lat' dir='ltr'><strong>Sic</strong></span> <span class='ocrx_word' id='word_1_608' title='bbox 1943 3421 2042 3461; x_wconf 87' lang='lat' dir='ltr'><strong>nos</strong></span> <span class='ocrx_word' id='word_1_609' title='bbox 2070 3405 2261 3461; x_wconf 88' lang='lat' dir='ltr'><strong>salutis</strong></span> <span class='ocrx_word' id='word_1_610' title='bbox 2284 3405 2426 3459; x_wconf 87' lang='lat' dir='ltr'><strong>unda</strong></span> <span class='ocrx_word' id='word_1_611' title='bbox 2454 3420 2485 3458; x_wconf 88' lang='lat' dir='ltr'><strong>a</strong></span> <span class='ocrx_word' id='word_1_612' title='bbox 2513 3403 2668 3472; x_wconf 88' lang='lat' dir='ltr'><strong>culpa</strong></span> <span class='ocrx_word' id='word_1_613' title='bbox 2704 3403 2863 3473; x_wconf 89' lang='lat' dir='ltr'><strong>primi</strong></span> <span class='ocrx_word' id='word_1_614' title='bbox 2885 3404 3127 3473; x_wconf 88' lang='lat' dir='ltr'><strong>parentis</strong></span> <span class='ocrx_word' id='word_1_615' title='bbox 3152 3403 3404 3469; x_wconf 89' lang='lat' dir='ltr'><strong>absolvit,</strong></span> 
     </span>
    </p>
   </div>
   <div class='ocr_carea' id='block_1_79' title="bbox 1827 3493 3407 3564">
    <p class='ocr_par' dir='ltr' id='par_1_79' title="bbox 1827 3493 3407 3564">
     <span class='ocr_line' id='line_1_79' title="bbox 1827 3493 3407 3564; baseline -0.002 -13"><span class='ocrx_word' id='word_1_616' title='bbox 1827 3497 1923 3551; x_wconf 91' lang='lat' dir='ltr'><strong>sed</strong></span> <span class='ocrx_word' id='word_1_617' title='bbox 1952 3505 2131 3551; x_wconf 86' lang='lat' dir='ltr'><strong>tamen</strong></span> <span class='ocrx_word' id='word_1_618' title='bbox 2162 3503 2373 3550; x_wconf 88' lang='lat' dir='ltr'><strong>reatum</strong></span> <span class='ocrx_word' id='word_1_619' title='bbox 2402 3494 2644 3564; x_wconf 86' lang='lat' dir='ltr'><strong>ejusdem</strong></span> <span class='ocrx_word' id='word_1_620' title='bbox 2671 3493 2841 3563; x_wconf 65' lang='lat' dir='ltr'><strong>culpae</strong></span> <span class='ocrx_word' id='word_1_621' title='bbox 2879 3493 3133 3549; x_wconf 89' lang='lat' dir='ltr'><strong>diluentis</strong></span> <span class='ocrx_word' id='word_1_622' title='bbox 3174 3494 3407 3549; x_wconf 88' lang='lat' dir='ltr'><strong>absoluti</strong></span> 
     </span>
    </p>
   </div>
   <div class='ocr_carea' id='block_1_80' title="bbox 1828 3582 3407 3655">
    <p class='ocr_par' dir='ltr' id='par_1_80' title="bbox 1828 3582 3407 3655">
     <span class='ocr_line' id='line_1_80' title="bbox 1828 3582 3407 3655; baseline -0.003 -16"><span class='ocrx_word' id='word_1_623' title='bbox 1828 3600 2042 3655; x_wconf 91' lang='lat' dir='ltr'><strong>quoque</strong></span> <span class='ocrx_word' id='word_1_624' title='bbox 2062 3585 2236 3639; x_wconf 89' lang='lat' dir='ltr'><strong>adhuc</strong></span> <span class='ocrx_word' id='word_1_625' title='bbox 2255 3584 2549 3639; x_wconf 88' lang='lat' dir='ltr'><strong>carnaliter</strong></span> <span class='ocrx_word' id='word_1_626' title='bbox 2568 3583 2800 3648; x_wconf 89' lang='lat' dir='ltr'><strong>obimus,</strong></span> <span class='ocrx_word' id='word_1_627' title='bbox 2824 3583 2949 3652; x_wconf 89' lang='lat' dir='ltr'><strong>quia</strong></span> <span class='ocrx_word' id='word_1_628' title='bbox 2979 3582 3174 3637; x_wconf 90' lang='lat' dir='ltr'><strong>delicta</strong></span> <span class='ocrx_word' id='word_1_629' title='bbox 3198 3591 3407 3648; x_wconf 88' lang='lat' dir='ltr'><strong>nostra,</strong></span> 
     </span>
    </p>
   </div>
   <div class='ocr_carea' id='block_1_81' title="bbox 1829 3674 3408 3744">
    <p class='ocr_par' dir='ltr' id='par_1_81' title="bbox 1829 3674 3408 3744">
     <span class='ocr_line' id='line_1_81' title="bbox 1829 3674 3408 3744; baseline -0.001 -14"><span class='ocrx_word' id='word_1_630' title='bbox 1829 3678 1943 3731; x_wconf 90' lang='lat' dir='ltr'><strong>sive</strong></span> <span class='ocrx_word' id='word_1_631' title='bbox 1988 3690 2086 3744; x_wconf 91' lang='lat' dir='ltr'><strong>per</strong></span> <span class='ocrx_word' id='word_1_632' title='bbox 2131 3689 2263 3739; x_wconf 90' lang='lat' dir='ltr'><strong>nos,</strong></span> <span class='ocrx_word' id='word_1_633' title='bbox 2311 3689 2405 3729; x_wconf 91' lang='lat' dir='ltr'><strong>seu</strong></span> <span class='ocrx_word' id='word_1_634' title='bbox 2440 3689 2537 3744; x_wconf 89' lang='lat' dir='ltr'><strong>per</strong></span> <span class='ocrx_word' id='word_1_635' title='bbox 2567 3674 2915 3742; x_wconf 88' lang='lat' dir='ltr'><strong>semetipsum</strong></span> <span class='ocrx_word' id='word_1_636' title='bbox 2953 3682 3193 3739; x_wconf 88' lang='lat' dir='ltr'><strong>resecat,</strong></span> <span class='ocrx_word' id='word_1_637' title='bbox 3242 3675 3408 3729; x_wconf 88' lang='lat' dir='ltr'><strong>etiam</strong></span> 
     </span>
    </p>
   </div>
   <div class='ocr_carea' id='block_1_82' title="bbox 1830 3763 3411 3831">
    <p class='ocr_par' dir='ltr' id='par_1_82' title="bbox 1830 3763 3411 3831">
     <span class='ocr_line' id='line_1_82' title="bbox 1830 3763 3411 3831; baseline -0.002 -9"><span class='ocrx_word' id='word_1_638' title='bbox 1830 3780 1954 3822; x_wconf 89' lang='lat' dir='ltr'><strong>cum</strong></span> <span class='ocrx_word' id='word_1_639' title='bbox 1990 3765 2219 3821; x_wconf 80' lang='lat' dir='ltr'><strong>relaxat.</strong></span> <span class='ocrx_word' id='word_1_640' title='bbox 2249 3764 2330 3818; x_wconf 86' lang='lat' dir='ltr'><strong>Ab</strong></span> <span class='ocrx_word' id='word_1_641' title='bbox 2364 3763 2549 3818; x_wconf 84' lang='lat' dir='ltr'><strong>electis</strong></span> <span class='ocrx_word' id='word_1_642' title='bbox 2586 3763 2731 3817; x_wconf 89' lang='lat' dir='ltr'><strong>enim</strong></span> <span class='ocrx_word' id='word_1_643' title='bbox 2759 3764 2873 3817; x_wconf 88' lang='lat' dir='ltr'><strong>suis</strong></span> <span class='ocrx_word' id='word_1_644' title='bbox 2915 3763 3257 3831; x_wconf 88' lang='lat' dir='ltr'><strong>iniquitatum</strong></span> <span class='ocrx_word' id='word_1_645' title='bbox 3297 3780 3411 3819; x_wconf 86' lang='lat' dir='ltr'><strong>ma-</strong></span> 
     </span>
    </p>
   </div>
   <div class='ocr_carea' id='block_1_83' title="bbox 1830 3851 3411 3923">
    <p class='ocr_par' dir='ltr' id='par_1_83' title="bbox 1830 3851 3411 3923">
     <span class='ocr_line' id='line_1_83' title="bbox 1830 3851 3411 3923; baseline -0.001 -12"><span class='ocrx_word' id='word_1_646' title='bbox 1830 3855 1980 3911; x_wconf 89' lang='lat' dir='ltr'><strong>culas</strong></span> <span class='ocrx_word' id='word_1_647' title='bbox 2007 3855 2185 3909; x_wconf 87' lang='lat' dir='ltr'><strong>studet</strong></span> <span class='ocrx_word' id='word_1_648' title='bbox 2207 3852 2487 3923; x_wconf 89' lang='lat' dir='ltr'><strong>temporali</strong></span> <span class='ocrx_word' id='word_1_649' title='bbox 2516 3851 2803 3908; x_wconf 83' lang='lat' dir='ltr'><strong>aﬂlictione</strong></span> <span class='ocrx_word' id='word_1_650' title='bbox 2828 3860 3060 3923; x_wconf 86' lang='lat' dir='ltr'><strong>tergere,</strong></span> <span class='ocrx_word' id='word_1_651' title='bbox 3088 3868 3223 3923; x_wconf 91' lang='lat' dir='ltr'><strong>quas</strong></span> <span class='ocrx_word' id='word_1_652' title='bbox 3250 3854 3303 3907; x_wconf 92' lang='lat' dir='ltr'><strong>in</strong></span> <span class='ocrx_word' id='word_1_653' title='bbox 3332 3855 3411 3910; x_wconf 81' lang='lat' dir='ltr'><strong>eis</strong></span> 
     </span>
    </p>
   </div>
   <div class='ocr_carea' id='block_1_84' title="bbox 1830 3944 2821 4016">
    <p class='ocr_par' dir='ltr' id='par_1_84' title="bbox 1830 3944 2821 4016">
     <span class='ocr_line' id='line_1_84' title="bbox 1830 3944 2821 4016; baseline -0.006 -14"><span class='ocrx_word' id='word_1_654' title='bbox 1830 3949 1885 4002; x_wconf 90' lang='lat' dir='ltr'><strong>in</strong></span> <span class='ocrx_word' id='word_1_655' title='bbox 1914 3954 2234 4016; x_wconf 89' lang='lat' dir='ltr'><strong>perpetuum</strong></span> <span class='ocrx_word' id='word_1_656' title='bbox 2262 3960 2370 3999; x_wconf 88' lang='lat' dir='ltr'><strong>non</strong></span> <span class='ocrx_word' id='word_1_657' title='bbox 2398 3944 2511 3997; x_wconf 89' lang='lat' dir='ltr'><strong>vult</strong></span> <span class='ocrx_word' id='word_1_658' title='bbox 2537 3944 2821 3999; x_wconf 87' lang='lat' dir='ltr'><strong>vindicari.</strong></span> 
     </span>
    </p>
   </div>
   <div class='ocr_carea' id='block_1_85' title="bbox 1902 4036 3412 4107">
    <p class='ocr_par' dir='ltr' id='par_1_85' title="bbox 1902 4036 3412 4107">
     <span class='ocr_line' id='line_1_85' title="bbox 1902 4036 3412 4107; baseline 0 -16"><span class='ocrx_word' id='word_1_659' title='bbox 1902 4039 1917 4091; x_wconf 87' lang='lat' dir='ltr'><strong>i</strong></span> <span class='ocrx_word' id='word_1_660' title='bbox 1959 4039 2112 4107; x_wconf 92' lang='lat' dir='ltr'><strong>Quod</strong></span> <span class='ocrx_word' id='word_1_661' title='bbox 2135 4053 2265 4095; x_wconf 88' lang='lat' dir='ltr'><strong>vero</strong></span> <span class='ocrx_word' id='word_1_662' title='bbox 2302 4037 2466 4103; x_wconf 89' lang='lat' dir='ltr'><strong>dicit,</strong></span> <span class='ocrx_word' id='word_1_663' title='bbox 2510 4037 2616 4090; x_wconf 84' lang='lat' dir='ltr'><strong>duo</strong></span> <span class='ocrx_word' id='word_1_664' title='bbox 2658 4036 2891 4091; x_wconf 78' lang='lat' dir='ltr'><strong>homines</strong></span> <span class='ocrx_word' id='word_1_665' title='bbox 2929 4044 3077 4089; x_wconf 87' lang='lat' dir='ltr'><strong>erant</strong></span> <span class='ocrx_word' id='word_1_666' title='bbox 3115 4036 3171 4090; x_wconf 90' lang='lat' dir='ltr'><strong>in</strong></span> <span class='ocrx_word' id='word_1_667' title='bbox 3204 4036 3412 4091; x_wconf 85' lang='lat' dir='ltr'><strong>civitate</strong></span> 
     </span>
    </p>
   </div>
   <div class='ocr_carea' id='block_1_86' title="bbox 1828 4127 3416 4198">
    <p class='ocr_par' dir='ltr' id='par_1_86' title="bbox 1828 4127 3416 4198">
     <span class='ocr_line' id='line_1_86' title="bbox 1828 4127 3416 4198; baseline -0.003 -11"><span class='ocrx_word' id='word_1_668' title='bbox 1828 4150 1937 4187; x_wconf 83' lang='lat' dir='ltr'><strong>una</strong></span> <span class='ocrx_word' id='word_1_669' title='bbox 1958 4151 1976 4186; x_wconf 89' lang='lat'><strong>:</strong></span> <span class='ocrx_word' id='word_1_670' title='bbox 2018 4131 2198 4197; x_wconf 88' lang='lat' dir='ltr'><strong>Urias,</strong></span> <span class='ocrx_word' id='word_1_671' title='bbox 2229 4138 2286 4185; x_wconf 89' lang='lat' dir='ltr'><strong>et</strong></span> <span class='ocrx_word' id='word_1_672' title='bbox 2324 4128 2493 4184; x_wconf 91' lang='lat' dir='ltr'><strong>David</strong></span> <span class='ocrx_word' id='word_1_673' title='bbox 2518 4127 2835 4198; x_wconf 88' lang='lat' dir='ltr'><strong>intelligitur</strong></span> <span class='ocrx_word' id='word_1_674' title='bbox 2854 4167 2869 4192; x_wconf 90' lang='lat'><strong>,</strong></span> <span class='ocrx_word' id='word_1_675' title='bbox 2899 4137 2928 4166; x_wconf 75' lang='grc' dir='ltr'>ι</span> <span class='ocrx_word' id='word_1_676' title='bbox 2964 4134 3022 4182; x_wconf 90' lang='lat' dir='ltr'><strong>et</strong></span> <span class='ocrx_word' id='word_1_677' title='bbox 3048 4127 3265 4182; x_wconf 85' lang='lat' dir='ltr'><strong>addisce</strong></span> <span class='ocrx_word' id='word_1_678' title='bbox 3292 4143 3416 4198; x_wconf 84' lang='lat' dir='ltr'><strong>per-</strong></span> 
     </span>
    </p>
   </div>
   <div class='ocr_carea' id='block_1_87' title="bbox 1832 4218 3414 4290">
    <p class='ocr_par' dir='ltr' id='par_1_87' title="bbox 1832 4218 3414 4290">
     <span class='ocr_line' id='line_1_87' title="bbox 1832 4218 3414 4290; baseline -0.002 -12"><span class='ocrx_word' id='word_1_679' title='bbox 1832 4238 2010 4278; x_wconf 89' lang='lat' dir='ltr'><strong>sonas.</strong></span> <span class='ocrx_word' id='word_1_680' title='bbox 2034 4221 2351 4290; x_wconf 89' lang='lat' dir='ltr'><strong>Pauperculi</strong></span> <span class='ocrx_word' id='word_1_681' title='bbox 2376 4235 2529 4275; x_wconf 92' lang='lat' dir='ltr'><strong>ovem</strong></span> <span class='ocrx_word' id='word_1_682' title='bbox 2556 4218 2827 4273; x_wconf 84' lang='lat' dir='ltr'><strong>mulierem</strong></span> <span class='ocrx_word' id='word_1_683' title='bbox 2851 4218 3011 4274; x_wconf 88' lang='lat' dir='ltr'><strong>dicit:</strong></span> <span class='ocrx_word' id='word_1_684' title='bbox 3036 4219 3141 4274; x_wconf 91' lang='lat' dir='ltr'><strong>hoc</strong></span> <span class='ocrx_word' id='word_1_685' title='bbox 3170 4228 3253 4275; x_wconf 89' lang='lat' dir='ltr'><strong>est</strong></span> <span class='ocrx_word' id='word_1_686' title='bbox 3280 4235 3414 4275; x_wconf 78' lang='lat' dir='ltr'><strong>uxo-</strong></span> 
     </span>
    </p>
   </div>
   <div class='ocr_carea' id='block_1_88' title="bbox 1832 4306 3415 4380">
    <p class='ocr_par' dir='ltr' id='par_1_88' title="bbox 1832 4306 3415 4380">
     <span class='ocr_line' id='line_1_88' title="bbox 1832 4306 3415 4380; baseline -0.003 -13"><span class='ocrx_word' id='word_1_687' title='bbox 1832 4327 1947 4367; x_wconf 89' lang='lat' dir='ltr'><strong>rem</strong></span> <span class='ocrx_word' id='word_1_688' title='bbox 1977 4310 2114 4379; x_wconf 86' lang='lat' dir='ltr'><strong>ejus,</strong></span> <span class='ocrx_word' id='word_1_689' title='bbox 2160 4326 2280 4380; x_wconf 62' lang='lat' dir='ltr'><strong>qua;</strong></span> <span class='ocrx_word' id='word_1_690' title='bbox 2317 4309 2619 4365; x_wconf 88' lang='lat' dir='ltr'><strong>adulterata</strong></span> <span class='ocrx_word' id='word_1_691' title='bbox 2651 4316 2759 4374; x_wconf 88' lang='lat' dir='ltr'><strong>est,</strong></span> <span class='ocrx_word' id='word_1_692' title='bbox 2792 4323 2912 4377; x_wconf 58' lang='lat' dir='ltr'><strong>quas</strong></span> <span class='ocrx_word' id='word_1_693' title='bbox 2955 4308 3021 4365; x_wconf 91' lang='lat' dir='ltr'><strong>de</strong></span> <span class='ocrx_word' id='word_1_694' title='bbox 3065 4322 3255 4364; x_wconf 86' lang='lat' dir='ltr'><strong>mensa</strong></span> <span class='ocrx_word' id='word_1_695' title='bbox 3298 4306 3415 4377; x_wconf 84' lang='lat' dir='ltr'><strong>ejus</strong></span> 
     </span>
    </p>
   </div>
   <div class='ocr_carea' id='block_1_89' title="bbox 1831 4397 3415 4468">
    <p class='ocr_par' dir='ltr' id='par_1_89' title="bbox 1831 4397 3415 4468">
     <span class='ocr_line' id='line_1_89' title="bbox 1831 4397 3415 4468; baseline -0.003 -11"><span class='ocrx_word' id='word_1_696' title='bbox 1831 4403 2171 4468; x_wconf 86' lang='lat' dir='ltr'><strong>vescebatur,</strong></span> <span class='ocrx_word' id='word_1_697' title='bbox 2217 4409 2273 4456; x_wconf 89' lang='lat' dir='ltr'><strong>et</strong></span> <span class='ocrx_word' id='word_1_698' title='bbox 2312 4400 2378 4455; x_wconf 87' lang='lat' dir='ltr'><strong>de</strong></span> <span class='ocrx_word' id='word_1_699' title='bbox 2419 4399 2587 4454; x_wconf 90' lang='lat' dir='ltr'><strong>calice</strong></span> <span class='ocrx_word' id='word_1_700' title='bbox 2613 4397 2729 4466; x_wconf 86' lang='lat' dir='ltr'><strong>ejus</strong></span> <span class='ocrx_word' id='word_1_701' title='bbox 2754 4399 2997 4468; x_wconf 88' lang='lat' dir='ltr'><strong>potabat,</strong></span> <span class='ocrx_word' id='word_1_702' title='bbox 3023 4407 3078 4453; x_wconf 89' lang='lat' dir='ltr'><strong>et</strong></span> <span class='ocrx_word' id='word_1_703' title='bbox 3120 4398 3173 4452; x_wconf 91' lang='lat' dir='ltr'><strong>in</strong></span> <span class='ocrx_word' id='word_1_704' title='bbox 3211 4398 3415 4468; x_wconf 87' lang='lat' dir='ltr'><strong>gremio</strong></span> 
     </span>
    </p>
   </div>
   <div class='ocr_carea' id='block_1_90' title="bbox 141 4487 3415 4585">
    <p class='ocr_par' dir='ltr' id='par_1_90' title="bbox 141 4487 3415 4585">
     <span class='ocr_line' id='line_1_90' title="bbox 141 4487 3415 4585; baseline -0.001 -42"><span class='ocrx_word' id='word_1_705' title='bbox 141 4503 256 4543; x_wconf 91' lang='lat' dir='ltr'><strong>uno</strong></span> <span class='ocrx_word' id='word_1_706' title='bbox 284 4489 414 4541; x_wconf 92' lang='lat' dir='ltr'><strong>vitio</strong></span> <span class='ocrx_word' id='word_1_707' title='bbox 432 4489 685 4556; x_wconf 87' lang='lat' dir='ltr'><strong>percutit,</strong></span> <span class='ocrx_word' id='word_1_708' title='bbox 711 4498 769 4541; x_wconf 92' lang='lat' dir='ltr'><strong>ut</strong></span> <span class='ocrx_word' id='word_1_709' title='bbox 794 4489 1099 4552; x_wconf 88' lang='lat' dir='ltr'><strong>concidant,</strong></span> <span class='ocrx_word' id='word_1_710' title='bbox 1123 4505 1186 4543; x_wconf 81' lang='lat' dir='ltr'><strong>ex</strong></span> <span class='ocrx_word' id='word_1_711' title='bbox 1212 4489 1316 4542; x_wconf 86' lang='lat' dir='ltr'><strong>alio</strong></span> <span class='ocrx_word' id='word_1_712' title='bbox 1336 4504 1551 4558; x_wconf 89' lang='lat' dir='ltr'><strong>quoque</strong></span> <span class='ocrx_word' id='word_1_713' title='bbox 1577 4490 1726 4560; x_wconf 85' lang='lat' dir='ltr'><strong>ligat,</strong></span> <span class='ocrx_word' id='word_1_714' title='bbox 1754 4525 1810 4585; x_wconf 72' lang='grc' dir='ltr'><strong>Β</strong></span> <span class='ocrx_word' id='word_1_715' title='bbox 1834 4493 1948 4564; x_wconf 85' lang='lat' dir='ltr'><strong>ejus</strong></span> <span class='ocrx_word' id='word_1_716' title='bbox 1982 4492 2232 4549; x_wconf 81' lang='lat' dir='ltr'><strong>cubabat.</strong></span> <span class='ocrx_word' id='word_1_717' title='bbox 2256 4490 2547 4546; x_wconf 86' lang='lat' dir='ltr'><strong>Considera</strong></span> <span class='ocrx_word' id='word_1_718' title='bbox 2574 4503 2885 4557; x_wconf 88' lang='lat' dir='ltr'><strong>pauperem,</strong></span> <span class='ocrx_word' id='word_1_719' title='bbox 2908 4488 3176 4542; x_wconf 88' lang='lat' dir='ltr'><strong>incentiva</strong></span> <span class='ocrx_word' id='word_1_720' title='bbox 3197 4487 3415 4555; x_wconf 80' lang='lat' dir='ltr'><strong>pietatis</strong></span> 
     </span>
    </p>
   </div>
   <div class='ocr_carea' id='block_1_91' title="bbox 140 4576 1731 4647">
    <p class='ocr_par' dir='ltr' id='par_1_91' title="bbox 140 4576 1731 4647">
     <span class='ocr_line' id='line_1_91' title="bbox 140 4576 1731 4647; baseline 0.001 -15"><span class='ocrx_word' id='word_1_721' title='bbox 140 4592 214 4632; x_wconf 88' lang='lat' dir='ltr'><strong>ne</strong></span> <span class='ocrx_word' id='word_1_722' title='bbox 248 4585 491 4647; x_wconf 86' lang='lat' dir='ltr'><strong>surgant.</strong></span> <span class='ocrx_word' id='word_1_723' title='bbox 534 4576 851 4632; x_wconf 88' lang='lat' dir='ltr'><strong>Consideret</strong></span> <span class='ocrx_word' id='word_1_724' title='bbox 890 4578 1069 4645; x_wconf 89' lang='lat' dir='ltr'><strong>itaque</strong></span> <span class='ocrx_word' id='word_1_725' title='bbox 1108 4578 1267 4633; x_wconf 90' lang='lat' dir='ltr'><strong>homo</strong></span> <span class='ocrx_word' id='word_1_726' title='bbox 1291 4594 1415 4632; x_wconf 89' lang='lat' dir='ltr'><strong>cum</strong></span> <span class='ocrx_word' id='word_1_727' title='bbox 1442 4594 1547 4647; x_wconf 88' lang='lat' dir='ltr'><strong>quo</strong></span> <span class='ocrx_word' id='word_1_728' title='bbox 1585 4579 1602 4617; x_wconf 74' lang='grc' dir='ltr'>ί</span> <span class='ocrx_word' id='word_1_729' title='bbox 1638 4582 1731 4634; x_wconf 86' lang='lat' dir='ltr'><strong>ad-</strong></span> 
     </span>
    </p>
   </div>
   <div class='ocr_carea' id='block_1_92' title="bbox 141 4668 1728 4743">
    <p class='ocr_par' dir='ltr' id='par_1_92' title="bbox 141 4668 1728 4743">
     <span class='ocr_line' id='line_1_92' title="bbox 141 4668 1728 4743; baseline 0.002 -20"><span class='ocrx_word' id='word_1_730' title='bbox 141 4670 395 4724; x_wconf 88' lang='lat' dir='ltr'><strong>versario</strong></span> <span class='ocrx_word' id='word_1_731' title='bbox 417 4668 615 4723; x_wconf 89' lang='lat' dir='ltr'><strong>bellum</strong></span> <span class='ocrx_word' id='word_1_732' title='bbox 640 4678 811 4739; x_wconf 89' lang='lat' dir='ltr'><strong>gerat,</strong></span> <span class='ocrx_word' id='word_1_733' title='bbox 839 4680 893 4723; x_wconf 92' lang='lat' dir='ltr'><strong>et</strong></span> <span class='ocrx_word' id='word_1_734' title='bbox 915 4670 959 4724; x_wconf 91' lang='lat' dir='ltr'><strong>si</strong></span> <span class='ocrx_word' id='word_1_735' title='bbox 983 4669 1094 4738; x_wconf 88' lang='lat' dir='ltr'><strong>jam</strong></span> <span class='ocrx_word' id='word_1_736' title='bbox 1122 4671 1254 4739; x_wconf 85' lang='lat' dir='ltr'><strong>(jam</strong></span> <span class='ocrx_word' id='word_1_737' title='bbox 1284 4688 1337 4724; x_wconf 86' lang='lat' dir='ltr'><strong>se</strong></span> <span class='ocrx_word' id='word_1_738' title='bbox 1368 4672 1421 4725; x_wconf 85' lang='lat' dir='ltr'><strong>in</strong></span> <span class='ocrx_word' id='word_1_739' title='bbox 1449 4672 1644 4743; x_wconf 72' lang='lat' dir='ltr'><strong>aliquo)</strong></span> <span class='ocrx_word' id='word_1_740' title='bbox 1676 4674 1728 4726; x_wconf 91' lang='lat' dir='ltr'><strong>in</strong></span> 
     </span>
    </p>
   </div>
   <div class='ocr_carea' id='block_1_93' title="bbox 139 4749 1730 4830">
    <p class='ocr_par' dir='ltr' id='par_1_93' title="bbox 139 4749 1730 4830">
     <span class='ocr_line' id='line_1_93' title="bbox 139 4749 1730 4830; baseline 0.002 -17"><span class='ocrx_word' id='word_1_741' title='bbox 139 4772 204 4813; x_wconf 73' lang='lat' dir='ltr'><strong>se</strong></span> <span class='ocrx_word' id='word_1_742' title='bbox 242 4758 447 4827; x_wconf 87' lang='lat' dir='ltr'><strong>aliquid</strong></span> <span class='ocrx_word' id='word_1_743' title='bbox 473 4758 757 4826; x_wconf 89' lang='lat' dir='ltr'><strong>deliquisse</strong></span> <span class='ocrx_word' id='word_1_744' title='bbox 787 4760 1104 4828; x_wconf 78' lang='lat' dir='ltr'><strong>perpendit,</strong></span> <span class='ocrx_word' id='word_1_745' title='bbox 1147 4759 1325 4815; x_wconf 86' lang='lat' dir='ltr'><strong>saltim</strong></span> <span class='ocrx_word' id='word_1_746' title='bbox 1374 4776 1472 4830; x_wconf 91' lang='lat' dir='ltr'><strong>per</strong></span> <span class='ocrx_word' id='word_1_747' title='bbox 1518 4749 1730 4830; x_wconf 73' lang='lat' dir='ltr'><strong>culpam</strong></span> 
     </span>
    </p>
   </div>
   <div class='ocr_carea' id='block_1_94' title="bbox 140 4854 1731 4924">
    <p class='ocr_par' dir='ltr' id='par_1_94' title="bbox 140 4854 1731 4924">
     <span class='ocr_line' id='line_1_94' title="bbox 140 4854 1731 4924; baseline -0.001 -16"><span class='ocrx_word' id='word_1_748' title='bbox 140 4855 213 4908; x_wconf 90' lang='lat' dir='ltr'><strong>ad</strong></span> <span class='ocrx_word' id='word_1_749' title='bbox 243 4854 457 4924; x_wconf 90' lang='lat' dir='ltr'><strong>culpam</strong></span> <span class='ocrx_word' id='word_1_750' title='bbox 484 4856 722 4922; x_wconf 89' lang='lat' dir='ltr'><strong>pertrahi</strong></span> <span class='ocrx_word' id='word_1_751' title='bbox 744 4857 1121 4924; x_wconf 90' lang='lat' dir='ltr'><strong>pertimescat:</strong></span> <span class='ocrx_word' id='word_1_752' title='bbox 1148 4865 1207 4910; x_wconf 92' lang='lat' dir='ltr'><strong>ut</strong></span> <span class='ocrx_word' id='word_1_753' title='bbox 1232 4855 1472 4910; x_wconf 88' lang='lat' dir='ltr'><strong>studiose</strong></span> <span class='ocrx_word' id='word_1_754' title='bbox 1493 4856 1731 4909; x_wconf 90' lang='lat' dir='ltr'><strong>vitentur</strong></span> 
     </span>
    </p>
   </div>
   <div class='ocr_carea' id='block_1_95' title="bbox 139 4944 1731 5014">
    <p class='ocr_par' dir='ltr' id='par_1_95' title="bbox 139 4944 1731 5014">
     <span class='ocr_line' id='line_1_95' title="bbox 139 4944 1731 5014; baseline -0.001 -15"><span class='ocrx_word' id='word_1_755' title='bbox 139 4945 404 5009; x_wconf 88' lang='lat' dir='ltr'><strong>vulnera,</strong></span> <span class='ocrx_word' id='word_1_756' title='bbox 454 4945 648 5014; x_wconf 83' lang='lat' dir='ltr'><strong>quibus</strong></span> <span class='ocrx_word' id='word_1_757' title='bbox 680 4945 991 5014; x_wconf 86' lang='lat' dir='ltr'><strong>frequenter</strong></span> <span class='ocrx_word' id='word_1_758' title='bbox 1030 4945 1383 5010; x_wconf 83' lang='lat' dir='ltr'><strong>interﬁcitur,</strong></span> <span class='ocrx_word' id='word_1_759' title='bbox 1425 4946 1548 5014; x_wconf 91' lang='lat' dir='ltr'><strong>quia</strong></span> <span class='ocrx_word' id='word_1_760' title='bbox 1577 4944 1731 4999; x_wconf 89' lang='lat' dir='ltr'><strong>valde</strong></span> 
     </span>
    </p>
   </div>
   <div class='ocr_carea' id='block_1_96' title="bbox 140 5032 1729 5102">
    <p class='ocr_par' dir='ltr' id='par_1_96' title="bbox 140 5032 1729 5102">
     <span class='ocr_line' id='line_1_96' title="bbox 140 5032 1729 5102; baseline -0.003 -15"><span class='ocrx_word' id='word_1_761' title='bbox 140 5050 332 5088; x_wconf 89' lang='lat' dir='ltr'><strong>rarum</strong></span> <span class='ocrx_word' id='word_1_762' title='bbox 373 5042 486 5100; x_wconf 87' lang='lat' dir='ltr'><strong>est,</strong></span> <span class='ocrx_word' id='word_1_763' title='bbox 531 5032 672 5102; x_wconf 89' lang='lat' dir='ltr'><strong>quod</strong></span> <span class='ocrx_word' id='word_1_764' title='bbox 717 5034 890 5088; x_wconf 89' lang='lat' dir='ltr'><strong>hostis</strong></span> <span class='ocrx_word' id='word_1_765' title='bbox 928 5042 1114 5087; x_wconf 90' lang='lat' dir='ltr'><strong>noster</strong></span> <span class='ocrx_word' id='word_1_766' title='bbox 1157 5033 1453 5088; x_wconf 91' lang='lat' dir='ltr'><strong>electorum</strong></span> <span class='ocrx_word' id='word_1_767' title='bbox 1498 5032 1729 5085; x_wconf 89' lang='lat' dir='ltr'><strong>salutem</strong></span> 
     </span>
    </p>
   </div>
   <div class='ocr_carea' id='block_1_97' title="bbox 140 5122 1731 5188">
    <p class='ocr_par' dir='ltr' id='par_1_97' title="bbox 140 5122 1731 5188">
     <span class='ocr_line' id='line_1_97' title="bbox 140 5122 1731 5188; baseline -0.001 -10"><span class='ocrx_word' id='word_1_768' title='bbox 140 5124 315 5178; x_wconf 89' lang='lat' dir='ltr'><strong>etiam</strong></span> <span class='ocrx_word' id='word_1_769' title='bbox 342 5123 655 5179; x_wconf 85' lang='lat' dir='ltr'><strong>vulneribus</strong></span> <span class='ocrx_word' id='word_1_770' title='bbox 691 5132 888 5178; x_wconf 87' lang='lat' dir='ltr'><strong>servet.</strong></span> <span class='ocrx_word' id='word_1_771' title='bbox 926 5125 950 5163; x_wconf 71' lang='grc' dir='ltr'><strong>Β</strong></span> <span class='ocrx_word' id='word_1_772' title='bbox 980 5123 1315 5178; x_wconf 90' lang='lat' dir='ltr'><strong>Erudiendos</strong></span> <span class='ocrx_word' id='word_1_773' title='bbox 1363 5124 1541 5188; x_wconf 90' lang='lat' dir='ltr'><strong>enim,</strong></span> <span class='ocrx_word' id='word_1_774' title='bbox 1591 5122 1731 5177; x_wconf 89' lang='lat' dir='ltr'><strong>sicut</strong></span> 
     </span>
    </p>
   </div>
   <div class='ocr_carea' id='block_1_98' title="bbox 220 5273 1727 5346">
    <p class='ocr_par' dir='ltr' id='par_1_98' title="bbox 220 5273 1727 5346">
     <span class='ocr_line' id='line_1_98' title="bbox 220 5273 1727 5346; baseline -0.001 -17"><span class='ocrx_word' id='word_1_775' title='bbox 220 5290 247 5317; x_wconf 71' lang='grc' dir='ltr'>α</span> <span class='ocrx_word' id='word_1_776' title='bbox 278 5276 543 5332; x_wconf 83' lang='lat' dir='ltr'><strong>Nonnulla</strong></span> <span class='ocrx_word' id='word_1_777' title='bbox 568 5277 812 5346; x_wconf 86' lang='lat' dir='ltr'><strong>Gregorii</strong></span> <span class='ocrx_word' id='word_1_778' title='bbox 833 5278 1037 5346; x_wconf 85' lang='lat' dir='ltr'><strong>monita</strong></span> <span class='ocrx_word' id='word_1_779' title='bbox 1069 5277 1307 5346; x_wconf 72' lang='lat' dir='ltr'><strong>prmterit</strong></span> <span class='ocrx_word' id='word_1_780' title='bbox 1332 5273 1606 5346; x_wconf 83' lang='lat' dir='ltr'><strong>Claudius,</strong></span> <span class='ocrx_word' id='word_1_781' title='bbox 1635 5274 1727 5342; x_wconf 92' lang='lat' dir='ltr'><strong>qui</strong></span> 
     </span>
    </p>
   </div>
   <div class='ocr_carea' id='block_1_99' title="bbox 142 5344 1544 5417">
    <p class='ocr_par' dir='ltr' id='par_1_99' title="bbox 142 5344 1544 5417">
     <span class='ocr_line' id='line_1_99' title="bbox 142 5344 1544 5417; baseline -0.004 -16"><span class='ocrx_word' id='word_1_782' title='bbox 142 5347 535 5417; x_wconf 75' lang='lat' dir='ltr'><strong>subsequentia</strong></span> <span class='ocrx_word' id='word_1_783' title='bbox 559 5363 625 5401; x_wconf 82' lang='lat' dir='ltr'><strong>ex</strong></span> <span class='ocrx_word' id='word_1_784' title='bbox 654 5344 914 5417; x_wconf 81' lang='lat' dir='ltr'><strong>Gregorio</strong></span> <span class='ocrx_word' id='word_1_785' title='bbox 943 5344 1115 5417; x_wconf 83' lang='lat' dir='ltr'><strong>[num.</strong></span> <span class='ocrx_word' id='word_1_786' title='bbox 1145 5346 1237 5416; x_wconf 70' lang='grc'><strong>25]</strong></span> <span class='ocrx_word' id='word_1_787' title='bbox 1265 5344 1544 5399; x_wconf 75' lang='lat' dir='ltr'><strong>cxscnibit.</strong></span> 
     </span>
    </p>
   </div>
   <div class='ocr_carea' id='block_1_100' title="bbox 223 5416 1578 5482">
    <p class='ocr_par' dir='ltr' id='par_1_100' title="bbox 223 5416 1578 5482">
     <span class='ocr_line' id='line_1_100' title="bbox 223 5416 1578 5482; baseline -0.005 -10"><span class='ocrx_word' id='word_1_788' title='bbox 223 5418 252 5455; x_wconf 73' lang='grc' dir='ltr'>δ</span> <span class='ocrx_word' id='word_1_789' title='bbox 283 5416 449 5479; x_wconf 84' lang='lat' dir='ltr'><strong>Edit.,</strong></span> <span class='ocrx_word' id='word_1_790' title='bbox 475 5434 576 5482; x_wconf 86' lang='lat' dir='ltr'><strong>quo</strong></span> <span class='ocrx_word' id='word_1_791' title='bbox 605 5416 882 5471; x_wconf 84' lang='lat' dir='ltr'><strong>ceciderint</strong></span> <span class='ocrx_word' id='word_1_792' title='bbox 905 5432 923 5470; x_wconf 90' lang='lat'><strong>:</strong></span> <span class='ocrx_word' id='word_1_793' title='bbox 944 5416 1102 5471; x_wconf 86' lang='lat' dir='ltr'><strong>lectio</strong></span> <span class='ocrx_word' id='word_1_794' title='bbox 1130 5426 1313 5470; x_wconf 86' lang='lat' dir='ltr'><strong>nostra</strong></span> <span class='ocrx_word' id='word_1_795' title='bbox 1341 5422 1578 5482; x_wconf 66' lang='lat' dir='ltr'><strong>praestat.</strong></span> 
     </span>
    </p>
   </div>
   <div class='ocr_carea' id='block_1_101' title="bbox 226 5486 739 5550">
    <p class='ocr_par' dir='ltr' id='par_1_101' title="bbox 226 5486 739 5550">
     <span class='ocr_line' id='line_1_101' title="bbox 226 5486 739 5550; baseline -0.004 -10"><span class='ocrx_word' id='word_1_796' title='bbox 226 5498 249 5524; x_wconf 75' lang='grc' dir='ltr'>ε</span> <span class='ocrx_word' id='word_1_797' title='bbox 285 5486 451 5550; x_wconf 85' lang='lat' dir='ltr'><strong>Edit.,</strong></span> <span class='ocrx_word' id='word_1_798' title='bbox 475 5486 739 5540; x_wconf 82' lang='lat' dir='ltr'><strong>Behemot.</strong></span> 
     </span>
    </p>
   </div>
   <div class='ocr_carea' id='block_1_102' title="bbox 223 5554 534 5618">
    <p class='ocr_par' dir='ltr' id='par_1_102' title="bbox 223 5554 534 5618">
     <span class='ocr_line' id='line_1_102' title="bbox 223 5554 534 5618; baseline -0.01 -8"><span class='ocrx_word' id='word_1_799' title='bbox 223 5554 250 5592; x_wconf 71' lang='grc' dir='ltr'><strong>τί</strong></span> <span class='ocrx_word' id='word_1_800' title='bbox 285 5554 425 5609; x_wconf 84' lang='lat' dir='ltr'><strong>Edit.</strong></span> <span class='ocrx_word' id='word_1_801' title='bbox 447 5555 534 5618; x_wconf 83' lang='lat' dir='ltr'><strong>,ei.</strong></span> 
     </span>
    </p>
   </div>
   <div class='ocr_carea' id='block_1_103' title="bbox 231 5623 547 5677">
    <p class='ocr_par' dir='ltr' id='par_1_103' title="bbox 231 5623 547 5677">
     <span class='ocr_line' id='line_1_103' title="bbox 231 5623 547 5677; baseline 0.006 -2"><span class='ocrx_word' id='word_1_802' title='bbox 231 5636 255 5663; x_wconf 74' lang='grc' dir='ltr'><strong>θ</strong></span> <span class='ocrx_word' id='word_1_803' title='bbox 287 5623 547 5677; x_wconf 73' lang='lat' dir='ltr'><strong>Beliemot.</strong></span> 
     </span>
    </p>
   </div>
   <div class='ocr_carea' id='block_1_104' title="bbox 233 5691 941 5761">
    <p class='ocr_par' dir='ltr' id='par_1_104' title="bbox 233 5691 941 5761">
     <span class='ocr_line' id='line_1_104' title="bbox 233 5691 941 5761; baseline -0.004 -13"><span class='ocrx_word' id='word_1_804' title='bbox 233 5694 253 5731; x_wconf 71' lang='grc' dir='ltr'><em>ί</em></span> <span class='ocrx_word' id='word_1_805' title='bbox 286 5691 471 5761; x_wconf 82' lang='lat' dir='ltr'><strong>Hoste.</strong></span> <span class='ocrx_word' id='word_1_806' title='bbox 936 5756 941 5761; x_wconf 12' lang='grc' dir='ltr'><strong>ἢ</strong></span> 
     </span>
    </p>
   </div>
   <div class='ocr_carea' id='block_1_105' title="bbox 227 5758 1669 5833">
    <p class='ocr_par' dir='ltr' id='par_1_105' title="bbox 227 5758 1669 5833">
     <span class='ocr_line' id='line_1_105' title="bbox 227 5758 1669 5833; baseline -0.004 -16"><span class='ocrx_word' id='word_1_807' title='bbox 227 5766 254 5803; x_wconf 77' lang='grc' dir='ltr'>ε</span> <span class='ocrx_word' id='word_1_808' title='bbox 286 5760 409 5818; x_wconf 72' lang='lat' dir='ltr'><strong>llaec</strong></span> <span class='ocrx_word' id='word_1_809' title='bbox 436 5763 605 5819; x_wconf 87' lang='lat' dir='ltr'><strong>babes</strong></span> <span class='ocrx_word' id='word_1_810' title='bbox 630 5778 854 5819; x_wconf 89' lang='lat' dir='ltr'><strong>numero</strong></span> <span class='ocrx_word' id='word_1_811' title='bbox 881 5758 965 5829; x_wconf 70' lang='lat'><strong>28,</strong></span> <span class='ocrx_word' id='word_1_812' title='bbox 999 5762 1130 5818; x_wconf 86' lang='lat' dir='ltr'><strong>alias</strong></span> <span class='ocrx_word' id='word_1_813' title='bbox 1150 5776 1268 5832; x_wconf 89' lang='lat' dir='ltr'><strong>cap.</strong></span> <span class='ocrx_word' id='word_1_814' title='bbox 1304 5762 1386 5828; x_wconf 73' lang='grc'><strong>14,</strong></span> <span class='ocrx_word' id='word_1_815' title='bbox 1414 5760 1532 5833; x_wconf 77' lang='lat' dir='ltr'><strong>[seu</strong></span> <span class='ocrx_word' id='word_1_816' title='bbox 1559 5758 1669 5831; x_wconf 81' lang='lat' dir='ltr'><strong>l5].</strong></span> 
     </span>
    </p>
   </div>
   <div class='ocr_carea' id='block_1_106' title="bbox 1834 4578 3417 4647">
    <p class='ocr_par' dir='ltr' id='par_1_106' title="bbox 1834 4578 3417 4647">
     <span class='ocr_line' id='line_1_106' title="bbox 1834 4578 3417 4647; baseline -0.008 -4"><span class='ocrx_word' id='word_1_817' title='bbox 1834 4588 2035 4643; x_wconf 86' lang='lat' dir='ltr'><strong>habere</strong></span> <span class='ocrx_word' id='word_1_818' title='bbox 2060 4604 2074 4640; x_wconf 90' lang='lat'><strong>:</strong></span> <span class='ocrx_word' id='word_1_819' title='bbox 2117 4584 2173 4639; x_wconf 90' lang='lat' dir='ltr'><strong>in</strong></span> <span class='ocrx_word' id='word_1_820' title='bbox 2209 4584 2462 4638; x_wconf 87' lang='lat' dir='ltr'><strong>divitibus</strong></span> <span class='ocrx_word' id='word_1_821' title='bbox 2491 4588 2673 4635; x_wconf 90' lang='lat' dir='ltr'><strong>autem</strong></span> <span class='ocrx_word' id='word_1_822' title='bbox 2703 4578 2977 4634; x_wconf 91' lang='lat' dir='ltr'><strong>fulcimina</strong></span> <span class='ocrx_word' id='word_1_823' title='bbox 3009 4578 3197 4643; x_wconf 90' lang='lat' dir='ltr'><strong>multa,</strong></span> <span class='ocrx_word' id='word_1_824' title='bbox 3227 4593 3417 4647; x_wconf 86' lang='lat' dir='ltr'><strong>super-</strong></span> 
     </span>
    </p>
   </div>
   <div class='ocr_carea' id='block_1_107' title="bbox 1833 4667 3415 4747">
    <p class='ocr_par' dir='ltr' id='par_1_107' title="bbox 1833 4667 3415 4747">
     <span class='ocr_line' id='line_1_107' title="bbox 1833 4667 3415 4747; baseline -0.008 -13"><span class='ocrx_word' id='word_1_825' title='bbox 1833 4679 2018 4734; x_wconf 88' lang='lat' dir='ltr'><strong>biam:</strong></span> <span class='ocrx_word' id='word_1_826' title='bbox 2052 4678 2193 4747; x_wconf 91' lang='lat' dir='ltr'><strong>apud</strong></span> <span class='ocrx_word' id='word_1_827' title='bbox 2236 4686 2499 4745; x_wconf 90' lang='lat' dir='ltr'><strong>pauperes</strong></span> <span class='ocrx_word' id='word_1_828' title='bbox 2526 4685 2693 4735; x_wconf 84' lang='lat' dir='ltr'><strong>uxor,</strong></span> <span class='ocrx_word' id='word_1_829' title='bbox 2734 4677 2790 4725; x_wconf 91' lang='lat' dir='ltr'><strong>et</strong></span> <span class='ocrx_word' id='word_1_830' title='bbox 2817 4668 3043 4732; x_wconf 85' lang='lat' dir='ltr'><strong>ancilla,</strong></span> <span class='ocrx_word' id='word_1_831' title='bbox 3074 4676 3128 4723; x_wconf 91' lang='lat' dir='ltr'><strong>et</strong></span> <span class='ocrx_word' id='word_1_832' title='bbox 3166 4667 3415 4721; x_wconf 86' lang='lat' dir='ltr'><strong>ministra</strong></span> 
     </span>
    </p>
   </div>
   <div class='ocr_carea' id='block_1_108' title="bbox 1834 4756 3410 4836">
    <p class='ocr_par' dir='ltr' id='par_1_108' title="bbox 1834 4756 3410 4836">
     <span class='ocr_line' id='line_1_108' title="bbox 1834 4756 3410 4836; baseline -0.011 -12"><span class='ocrx_word' id='word_1_833' title='bbox 1834 4777 1916 4824; x_wconf 91' lang='lat' dir='ltr'><strong>est</strong></span> <span class='ocrx_word' id='word_1_834' title='bbox 1941 4787 1952 4822; x_wconf 92' lang='lat'><strong>:</strong></span> <span class='ocrx_word' id='word_1_835' title='bbox 1994 4775 2050 4824; x_wconf 92' lang='lat' dir='ltr'><strong>et</strong></span> <span class='ocrx_word' id='word_1_836' title='bbox 2075 4771 2325 4836; x_wconf 83' lang='lat' dir='ltr'><strong>procreat</strong></span> <span class='ocrx_word' id='word_1_837' title='bbox 2350 4762 2508 4826; x_wconf 81' lang='lat' dir='ltr'><strong>filios,</strong></span> <span class='ocrx_word' id='word_1_838' title='bbox 2540 4770 2596 4817; x_wconf 92' lang='lat' dir='ltr'><strong>et</strong></span> <span class='ocrx_word' id='word_1_839' title='bbox 2622 4761 2742 4829; x_wconf 90' lang='lat' dir='ltr'><strong>ipsa</strong></span> <span class='ocrx_word' id='word_1_840' title='bbox 2774 4767 2972 4823; x_wconf 87' lang='lat' dir='ltr'><strong>mater,</strong></span> <span class='ocrx_word' id='word_1_841' title='bbox 2997 4765 3053 4811; x_wconf 93' lang='lat' dir='ltr'><strong>et</strong></span> <span class='ocrx_word' id='word_1_842' title='bbox 3080 4756 3262 4810; x_wconf 81' lang='lat' dir='ltr'><strong>nutrix</strong></span> <span class='ocrx_word' id='word_1_843' title='bbox 3292 4764 3410 4808; x_wconf 91' lang='lat' dir='ltr'><strong>est:</strong></span> 
     </span>
    </p>
   </div>
   <div class='ocr_carea' id='block_1_109' title="bbox 1833 4845 3417 4929">
    <p class='ocr_par' dir='ltr' id='par_1_109' title="bbox 1833 4845 3417 4929">
     <span class='ocr_line' id='line_1_109' title="bbox 1833 4845 3417 4929; baseline -0.009 -16"><span class='ocrx_word' id='word_1_844' title='bbox 1833 4857 1974 4929; x_wconf 88' lang='lat' dir='ltr'><strong>apud</strong></span> <span class='ocrx_word' id='word_1_845' title='bbox 2001 4856 2197 4911; x_wconf 89' lang='lat' dir='ltr'><strong>divites</strong></span> <span class='ocrx_word' id='word_1_846' title='bbox 2237 4860 2416 4907; x_wconf 89' lang='lat' dir='ltr'><strong>autem</strong></span> <span class='ocrx_word' id='word_1_847' title='bbox 2445 4867 2552 4906; x_wconf 90' lang='lat' dir='ltr'><strong>non</strong></span> <span class='ocrx_word' id='word_1_848' title='bbox 2581 4859 2665 4906; x_wconf 91' lang='lat' dir='ltr'><strong>est</strong></span> <span class='ocrx_word' id='word_1_849' title='bbox 2708 4850 2804 4905; x_wconf 85' lang='lat' dir='ltr'><strong>ita.</strong></span> <span class='ocrx_word' id='word_1_850' title='bbox 2858 4847 2961 4903; x_wconf 87' lang='lat' dir='ltr'><strong>Sed</strong></span> <span class='ocrx_word' id='word_1_851' title='bbox 2992 4862 3115 4902; x_wconf 90' lang='lat' dir='ltr'><strong>cum</strong></span> <span class='ocrx_word' id='word_1_852' title='bbox 3141 4845 3417 4916; x_wconf 90' lang='lat' dir='ltr'><strong>generavit</strong></span> 
     </span>
    </p>
   </div>
   <div class='ocr_carea' id='block_1_110' title="bbox 1836 4936 3414 5013">
    <p class='ocr_par' dir='ltr' id='par_1_110' title="bbox 1836 4936 3414 5013">
     <span class='ocr_line' id='line_1_110' title="bbox 1836 4936 3414 5013; baseline -0.011 -8"><span class='ocrx_word' id='word_1_853' title='bbox 1836 4951 2027 5013; x_wconf 80' lang='lat' dir='ltr'><strong>ﬁlium,</strong></span> <span class='ocrx_word' id='word_1_854' title='bbox 2053 4948 2234 5003; x_wconf 88' lang='lat' dir='ltr'><strong>statim</strong></span> <span class='ocrx_word' id='word_1_855' title='bbox 2259 4960 2381 5001; x_wconf 89' lang='lat' dir='ltr'><strong>eum</strong></span> <span class='ocrx_word' id='word_1_856' title='bbox 2421 4944 2587 4997; x_wconf 90' lang='lat' dir='ltr'><strong>tradit</strong></span> <span class='ocrx_word' id='word_1_857' title='bbox 2628 4942 2801 4996; x_wconf 90' lang='lat' dir='ltr'><strong>foris:</strong></span> <span class='ocrx_word' id='word_1_858' title='bbox 2841 4949 2894 4995; x_wconf 89' lang='lat' dir='ltr'><strong>et</strong></span> <span class='ocrx_word' id='word_1_859' title='bbox 2924 4938 3141 5008; x_wconf 87' lang='lat' dir='ltr'><strong>pietatis</strong></span> <span class='ocrx_word' id='word_1_860' title='bbox 3184 4936 3414 5006; x_wconf 88' lang='lat' dir='ltr'><strong>insignia</strong></span> 
     </span>
    </p>
   </div>
   <div class='ocr_carea' id='block_1_111' title="bbox 1836 5017 3415 5105">
    <p class='ocr_par' dir='ltr' id='par_1_111' title="bbox 1836 5017 3415 5105">
     <span class='ocr_line' id='line_1_111' title="bbox 1836 5017 3415 5105; baseline -0.011 -11"><span class='ocrx_word' id='word_1_861' title='bbox 1836 5038 2065 5094; x_wconf 87' lang='lat' dir='ltr'><strong>abscidit</strong></span> <span class='ocrx_word' id='word_1_862' title='bbox 2106 5034 2374 5105; x_wconf 87' lang='lat' dir='ltr'><strong>superbia.</strong></span> <span class='ocrx_word' id='word_1_863' title='bbox 2426 5030 2710 5088; x_wconf 89' lang='lat' dir='ltr'><strong>Erubescit</strong></span> <span class='ocrx_word' id='word_1_864' title='bbox 2744 5028 2862 5083; x_wconf 75' lang='lat' dir='ltr'><strong>fieri</strong></span> <span class='ocrx_word' id='word_1_865' title='bbox 2890 5027 3093 5091; x_wconf 82' lang='lat' dir='ltr'><strong>nutrix,</strong></span> <span class='ocrx_word' id='word_1_866' title='bbox 3124 5040 3243 5094; x_wconf 70' lang='lat' dir='ltr'><strong>quae</strong></span> <span class='ocrx_word' id='word_1_867' title='bbox 3276 5017 3415 5077; x_wconf 80' lang='lat' dir='ltr'><strong>facta</strong></span> 
     </span>
    </p>
   </div>
   <div class='ocr_carea' id='block_1_112' title="bbox 1835 5117 3417 5195">
    <p class='ocr_par' dir='ltr' id='par_1_112' title="bbox 1835 5117 3417 5195">
     <span class='ocr_line' id='line_1_112' title="bbox 1835 5117 3417 5195; baseline -0.012 -7"><span class='ocrx_word' id='word_1_868' title='bbox 1835 5140 1920 5188; x_wconf 91' lang='lat' dir='ltr'><strong>est</strong></span> <span class='ocrx_word' id='word_1_869' title='bbox 1944 5139 2135 5185; x_wconf 87' lang='lat' dir='ltr'><strong>mater.</strong></span> <span class='ocrx_word' id='word_1_870' title='bbox 2168 5124 2447 5195; x_wconf 88' lang='lat' dir='ltr'><strong>Quomodo</strong></span> <span class='ocrx_word' id='word_1_871' title='bbox 2483 5138 2611 5195; x_wconf 90' lang='lat' dir='ltr'><strong>ergo</strong></span> <span class='ocrx_word' id='word_1_872' title='bbox 2646 5123 2701 5177; x_wconf 90' lang='lat' dir='ltr'><strong>in</strong></span> <span class='ocrx_word' id='word_1_873' title='bbox 2740 5121 2945 5193; x_wconf 89' lang='lat' dir='ltr'><strong>gremio</strong></span> <span class='ocrx_word' id='word_1_874' title='bbox 2986 5117 3104 5187; x_wconf 85' lang='lat' dir='ltr'><strong>ejus</strong></span> <span class='ocrx_word' id='word_1_875' title='bbox 3144 5117 3417 5172; x_wconf 82' lang='lat' dir='ltr'><strong>cubabat?</strong></span> 
     </span>
    </p>
   </div>
   <div class='ocr_carea' id='block_1_113' title="bbox 1906 5282 3315 5352">
    <p class='ocr_par' dir='ltr' id='par_1_113' title="bbox 1906 5282 3315 5352">
     <span class='ocr_line' id='line_1_113' title="bbox 1906 5282 3315 5352; baseline 0.01 -14"><span class='ocrx_word' id='word_1_876' title='bbox 1906 5288 1934 5327; x_wconf 74' lang='grc' dir='ltr'><strong>ιι</strong></span> <span class='ocrx_word' id='word_1_877' title='bbox 1961 5285 2085 5339; x_wconf 62' lang='lat' dir='ltr'><strong>Haec</strong></span> <span class='ocrx_word' id='word_1_878' title='bbox 2113 5286 2164 5337; x_wconf 93' lang='lat' dir='ltr'><strong>in</strong></span> <span class='ocrx_word' id='word_1_879' title='bbox 2196 5283 2420 5337; x_wconf 83' lang='lat' dir='ltr'><strong>Rabano</strong></span> <span class='ocrx_word' id='word_1_880' title='bbox 2446 5282 2717 5352; x_wconf 65' lang='lat' dir='ltr'><strong>perquire-</strong></span> <span class='ocrx_word' id='word_1_881' title='bbox 2833 5345 2865 5352; x_wconf 55' lang='grc' dir='ltr'>η</span> <span class='ocrx_word' id='word_1_882' title='bbox 3131 5340 3181 5352; x_wconf 86' lang='grc'><strong>,.</strong></span> <span class='ocrx_word' id='word_1_883' title='bbox 3282 5340 3315 5352; x_wconf 90' lang='grc'><strong>..</strong></span> 
     </span>
    </p>
   </div>
   <div class='ocr_carea' id='block_1_114' title="bbox 1915 5340 3411 5422">
    <p class='ocr_par' dir='ltr' id='par_1_114' title="bbox 1915 5340 3411 5422">
     <span class='ocr_line' id='line_1_114' title="bbox 1915 5340 3411 5422; baseline -0.013 -11"><span class='ocrx_word' id='word_1_884' title='bbox 1915 5358 1929 5396; x_wconf 77' lang='lat' dir='ltr'><strong>i</strong></span> <span class='ocrx_word' id='word_1_885' title='bbox 1965 5355 2093 5422; x_wconf 74' lang='lat' dir='ltr'><strong>Quae</strong></span> <span class='ocrx_word' id='word_1_886' title='bbox 2115 5340 2514 5422; x_wconf 68' lang='lat' dir='ltr'><strong>subsequuntur</strong></span> <span class='ocrx_word' id='word_1_887' title='bbox 2537 5340 2867 5422; x_wconf 39' lang='lat' dir='ltr'><strong>etggregorii</strong></span> <span class='ocrx_word' id='word_1_888' title='bbox 2890 5344 3028 5399; x_wconf 90' lang='lat' dir='ltr'><strong>libro</strong></span> <span class='ocrx_word' id='word_1_889' title='bbox 3053 5357 3114 5422; x_wconf 51' lang='lat' dir='ltr'><strong>tit</strong></span> <span class='ocrx_word' id='word_1_890' title='bbox 3131 5340 3411 5422; x_wconf 58' lang='lat' dir='ltr'><strong>Moralium</strong></span> 
     </span>
    </p>
   </div>
   <div class='ocr_carea' id='block_1_115' title="bbox 1859 5368 3414 5490">
    <p class='ocr_par' dir='ltr' id='par_1_115' title="bbox 1859 5368 3414 5490">
     <span class='ocr_line' id='line_1_115' title="bbox 1915 5368 3411 5422; baseline -0.013 -11"><span class='ocrx_word' id='word_1_891' title='bbox 1915 5368 1929 5396; x_wconf 84' lang='grc' dir='ltr'>ι</span> <span class='ocrx_word' id='word_1_892' title='bbox 1965 5368 2093 5422; x_wconf 65' lang='lat' dir='ltr'><strong>Qum</strong></span> <span class='ocrx_word' id='word_1_893' title='bbox 2115 5368 2275 5407; x_wconf 89' lang='lat' dir='ltr'><strong>sunse</strong></span> <span class='ocrx_word' id='word_1_894' title='bbox 2317 5368 2514 5404; x_wconf 79' lang='lat' dir='ltr'><strong>nuntur</strong></span> <span class='ocrx_word' id='word_1_895' title='bbox 2537 5368 2601 5403; x_wconf 83' lang='lat' dir='ltr'><strong>ex</strong></span> <span class='ocrx_word' id='word_1_896' title='bbox 2626 5368 2867 5417; x_wconf 74' lang='lat' dir='ltr'><strong>ureguru</strong></span> <span class='ocrx_word' id='word_1_897' title='bbox 2891 5368 3028 5399; x_wconf 83' lang='lat' dir='ltr'><strong>nuru</strong></span> <span class='ocrx_word' id='word_1_898' title='bbox 3055 5368 3109 5396; x_wconf 71' lang='grc' dir='ltr'><strong>ιλ</strong></span> <span class='ocrx_word' id='word_1_899' title='bbox 3133 5368 3411 5395; x_wconf 78' lang='lat' dir='ltr'><strong>muruuum</strong></span> 
     </span>
     <span class='ocr_line' id='line_1_116' title="bbox 1859 5368 3414 5490; baseline -0.011 -11"><span class='ocrx_word' id='word_1_900' title='bbox 1859 5441 2003 5479; x_wconf 91' lang='lat' dir='ltr'><strong>num.</strong></span> <span class='ocrx_word' id='word_1_901' title='bbox 2038 5424 2127 5490; x_wconf 72' lang='grc'><strong>54,</strong></span> <span class='ocrx_word' id='word_1_902' title='bbox 2157 5368 2395 5486; x_wconf 71' lang='lat' dir='ltr'><strong>cap.q‘54,</strong></span> <span class='ocrx_word' id='word_1_903' title='bbox 2421 5420 2549 5474; x_wconf 92' lang='lat' dir='ltr'><strong>olim</strong></span> <span class='ocrx_word' id='word_1_904' title='bbox 2571 5417 2661 5489; x_wconf 76' lang='lat'><strong>9.7]</strong></span> <span class='ocrx_word' id='word_1_905' title='bbox 2689 5415 3029 5485; x_wconf 78' lang='lat' dir='ltr'><strong>exscripsere</strong></span> <span class='ocrx_word' id='word_1_906' title='bbox 3075 5411 3331 5467; x_wconf 77' lang='lat' dir='ltr'><strong>Rabanus</strong></span> <span class='ocrx_word' id='word_1_907' title='bbox 3360 5419 3414 5462; x_wconf 92' lang='lat' dir='ltr'><strong>et</strong></span> 
     </span>
    </p>
   </div>
   <div class='ocr_carea' id='block_1_116' title="bbox 1876 5495 2103 5548">
    <p class='ocr_par' dir='ltr' id='par_1_116' title="bbox 1876 5495 2103 5548">
     <span class='ocr_line' id='line_1_117' title="bbox 1876 5495 2103 5548; baseline -0.009 0"><span class='ocrx_word' id='word_1_908' title='bbox 1876 5495 2103 5548; x_wconf 91' lang='lat' dir='ltr'><strong>laudius.</strong></span> 
     </span>
    </p>
   </div>
   <div class='ocr_carea' id='block_1_117' title="bbox 1906 5547 3409 5630">
    <p class='ocr_par' dir='ltr' id='par_1_117' title="bbox 1906 5547 3409 5630">
     <span class='ocr_line' id='line_1_118' title="bbox 1906 5547 3409 5630; baseline -0.011 -13"><span class='ocrx_word' id='word_1_909' title='bbox 1906 5563 1919 5616; x_wconf 83' lang='lat' dir='ltr'><strong>i</strong></span> <span class='ocrx_word' id='word_1_910' title='bbox 1954 5563 2083 5630; x_wconf 76' lang='lat' dir='ltr'><strong>Qua:</strong></span> <span class='ocrx_word' id='word_1_911' title='bbox 2110 5569 2423 5630; x_wconf 87' lang='lat' dir='ltr'><strong>sequuntur,</strong></span> <span class='ocrx_word' id='word_1_912' title='bbox 2456 5558 2706 5630; x_wconf 79' lang='lat' dir='ltr'><strong>videntur</strong></span> <span class='ocrx_word' id='word_1_913' title='bbox 2744 5570 2807 5608; x_wconf 81' lang='lat' dir='ltr'><strong>ex</strong></span> <span class='ocrx_word' id='word_1_914' title='bbox 2839 5550 3147 5630; x_wconf 83' lang='lat' dir='ltr'><strong>_Augustino</strong></span> <span class='ocrx_word' id='word_1_915' title='bbox 3188 5547 3409 5603; x_wconf 85' lang='lat' dir='ltr'><strong>desum-</strong></span> 
     </span>
    </p>
   </div>
   <div class='ocr_carea' id='block_1_118' title="bbox 1832 5624 2877 5706">
    <p class='ocr_par' dir='ltr' id='par_1_118' title="bbox 1832 5624 2877 5706">
     <span class='ocr_line' id='line_1_119' title="bbox 1832 5624 2877 5706; baseline -0.012 -18"><span class='ocrx_word' id='word_1_916' title='bbox 1832 5646 1941 5706; x_wconf 85' lang='lat' dir='ltr'><strong>pta,</strong></span> <span class='ocrx_word' id='word_1_917' title='bbox 1963 5624 2067 5706; x_wconf 43' lang='lat' dir='ltr'><strong>;scd</strong></span> <span class='ocrx_word' id='word_1_918' title='bbox 2088 5624 2263 5706; x_wconf 73' lang='lat' dir='ltr'><strong>locum</strong></span> <span class='ocrx_word' id='word_1_919' title='bbox 2294 5627 2539 5706; x_wconf 76' lang='lat' dir='ltr'><strong>invenire</strong></span> <span class='ocrx_word' id='word_1_920' title='bbox 2577 5640 2683 5706; x_wconf 62' lang='lat' dir='ltr'><strong>non</strong></span> <span class='ocrx_word' id='word_1_921' title='bbox 2706 5624 2877 5706; x_wconf 74' lang='lat' dir='ltr'><strong>p_otu_i.</strong></span> 
     </span>
    </p>
   </div>
   <div class='ocr_carea' id='block_1_119' title="bbox 1906 5694 3330 5766">
    <p class='ocr_par' dir='ltr' id='par_1_119' title="bbox 1906 5694 3330 5766">
     <span class='ocr_line' id='line_1_120' title="bbox 1906 5694 3330 5766; baseline -0.015 -6"><span class='ocrx_word' id='word_1_922' title='bbox 1906 5694 1937 5742; x_wconf 61' lang='grc' dir='ltr'><strong>ι’</strong></span> <span class='ocrx_word' id='word_1_923' title='bbox 1961 5702 2134 5759; x_wconf 88' lang='lat' dir='ltr'><strong>Locus</strong></span> <span class='ocrx_word' id='word_1_924' title='bbox 2171 5701 2271 5755; x_wconf 85' lang='lat' dir='ltr'><strong>iste</strong></span> <span class='ocrx_word' id='word_1_925' title='bbox 2300 5701 2355 5753; x_wconf 92' lang='lat' dir='ltr'><strong>in</strong></span> <span class='ocrx_word' id='word_1_926' title='bbox 2377 5697 2591 5766; x_wconf 81' lang='lat' dir='ltr'><strong>vulgato</strong></span> <span class='ocrx_word' id='word_1_927' title='bbox 2616 5694 2883 5749; x_wconf 85' lang='lat' dir='ltr'><strong>Eucherio</strong></span> <span class='ocrx_word' id='word_1_928' title='bbox 2910 5696 3199 5759; x_wconf 87' lang='lat' dir='ltr'><strong>corruptus</strong></span> <span class='ocrx_word' id='word_1_929' title='bbox 3226 5694 3330 5744; x_wconf 83' lang='lat' dir='ltr'><strong>est.</strong></span> 
     </span>
    </p>
   </div>
  </div>
