3912 6318
513 383 614 439 707

1581 371 1853 429 CLAUDII
1895 366 2358 425 TAURINENSIS
2397 367 2703 426 EPISCOPI

3693 364 3782 421 73.3

513 499 678 556 Auxit
703 493 1016 566 parabolam
1046 491 1355 551 narratione
1391 488 1627 559 pietatis.
1661 486 1822 541 Venit
1850 499 1978 554 ergo
2005 497 2098 552 pe-
2127 484 2175 542 Α
2201 482 2462 537 stratione
2501 484 2904 554 compungitur,
2940 494 3125 540 sancto
3155 484 3428 540 desiderio
3473 487 3541 539 de
3574 484 3702 538 imis
3731 488 3786 540 ad

512 589 765 660 regrinus
791 587 954 640 homo
986 583 1052 638 ad
1082 596 1262 652 regem
1292 581 1462 635 illum.
1501 578 1632 646 Quis
1677 579 1854 645 itaque
1892 584 1975 629 est
2003 590 2096 643 pe-

513 677 804 751 regrinus?
835 676 1270 745 cnncupiscentia
1297 672 1566 728 videlicet.
1597 671 1666 727 Ut
1693 685 1821 740 ergo
1849 668 1990 722 illius
2015 681 2100 734 os-

513 771 759 827 tenderet
805 764 1111 823 castitatem
1138 806 1153 832 ,
1206 764 1552 835 peregrinam
1603 758 2100 830 concupiscentiam

512 859 830 917 nominavit.
848 858 1136 928 Nunquam
1160 856 1305 910 enim
1328 853 1531 908 alienas
1552 853 1764 922 nuptias
1786 848 2093 918 dissipavit:

511 966 688 1030 neque
714 949 914 1018 iniquis
941 946 1225 1016 conspexit
1248 944 1438 1007 oculis,
1469 945 1567 999 sed
1603 953 1893 1013 percussus
1923 939 1979 991 in
2008 937 2098 990 illa

513 1026 736 1097 muliere
763 1037 998 1110 perdidit
1045 1038 1389 1092 castitatem:
1432 1037 1556 1103 quia
1599 1030 1876 1102 paululum
1907 1026 2100 1082 remis-

512 1133 706 1188 siorem
739 1146 797 1186 se
820 1128 1126 1184 reddiderat
1163 1125 1452 1182 securitate
1477 1122 1644 1192 pacis.
1677 1118 1839 1175 Venit
1861 1116 2100 1187 peregrib

512 1239 645 1288 nus;
678 1222 900 1291 iniqua,
947 1228 1003 1274 et
1047 1217 1278 1288 agrestis
1315 1210 1788 1283 concupiscentia:
1832 1199 1899 1263 ad
1947 1206 2097 1260 illum

511 1315 732 1371 divitem
761 1305 929 1367 venit.
959 1311 1055 1366 Ille
1102 1325 1209 1363 non
1238 1306 1449 1375 accepit
1477 1304 1542 1358 de
1568 1300 1844 1373 gregibus,
1873 1306 1966 1352 aut
2004 1311 2095 1349 πα

511 1407 707 1462 mentis
744 1405 877 1466 suis,
908 1411 968 1457 ut
996 1398 1283 1471 peregrino
1327 1400 1546 1465 pararet
1573 1392 1790 1461 epulas,
1821 1390 1914 1444 sed
1949 1387 2101 1442 misit

508 1505 562 1552 et
581 1495 765 1572 rapuit
795 1505 950 1549 ovem
979 1492 1255 1562 pauperis,
1284 1489 1403 1556 quae
1432 1485 1487 1538 in
1517 1485 1635 1537 sinu
1662 1481 1779 1550 ejus
1795 1480 2092 1539 cubitabat,

508 1595 564 1642 et
603 1571 670 1640 de
720 1591 909 1638 mensa
947 1579 1161 1636 edebat:
1203 1577 1342 1632 Cum
1367 1573 1488 1629 haec
1526 1573 1693 1643 igitur
1731 1571 1970 1624 audisset
2001 1583 2098 1623 rex

507 1671 696 1740 David,
725 1675 899 1728 iratus
931 1677 1019 1726 est
1049 1669 1203 1722 vaide
1228 1666 1493 1720 adversus
1532 1661 1805 1716 hominem
1835 1658 1983 1713 illum
2002 1699 2015 1724 ,
2043 1665 2099 1711 et

506 1767 645 1823 dixit
669 1761 738 1818 ad
763 1759 1008 1817 Nathan:
1046 1754 1183 1813 Viuit
1213 1754 1492 1820 Dominus,
1517 1753 1765 1823 quoniam
1793 1751 1935 1820 ﬁlius
1959 1765 2099 1802 mor-

506 1822 574 1911 tis
612 1855 795 1926 estvir
817 1851 907 1907 ille
939 1851 1030 1922 qui
1059 1848 1180 1918 fecit
1214 1847 1332 1901 nos.
1374 1822 1536 1899 Ovem
1566 1843 1748 1896 reddet
1777 1839 1834 1894 in
1859 1839 2096 1910 quadru-
2124 1822 2172 1881 Β

506 1946 674 2018 plum,
702 1953 749 2000 et
777 1946 887 2014 ipse
914 1940 1091 2013 gladio
1119 1936 1384 2010 punietur.
1420 1935 1469 1991 0
1485 1933 1674 2003 jndi‘cii
1711 1928 2095 2000 sdpereilluen-

507 2046 618 2094 tem
637 2024 944 2108 jttStl‘tiaml
986 2035 1097 2087 nb‘n’
1122 2027 1240 2085 erat
1285 2028 1486 2083 a‘m'oris
1528 2025 1686 2088 libra,
1718 2031 1777 2076 ut
1799 2020 1946 2089 juste
1983 2031 2094 2072 non

506 2107 730 2183 diceret.
757 2122 922 2178 dubet
952 2116 1174 2191 quidein’
1201 2119 1254 2172 iu
1286 2114 1644 2186 quadruplum
1692 2109 1988 2165 secundum
2022 2107 2098 2160 le-

505 2232 665 2290 gem:
709 2214 793 2270 lex
824 2213 968 2269 enim
985 2209 1233 2281 praecipit
1258 2205 1533 2262 iiii-antem
1564 2201 1846 2273 quadrupli
1878 2200 2098 2254 restitu-

507 2309 668 2364 tione
689 2302 914 2360 vinciri:
947 2299 1148 2374 (Exod.
1193 2301 1332 2362 xxii,
1373 2299 1425 2368 i)
1460 2297 1562 2352 iste
1591 2303 1795 2358 autem,
1833 2302 1888 2349 et
1921 2293 2096 2364 legem

505 2406 591 2458 est
611 2407 1062 2472 praetergressus;
1083 2394 1236 2464 jubet
1261 2391 1525 2462 siquidem
1553 2399 1607 2444 et
1631 2390 1806 2459 ipSum
1831 2385 2096 2449 interimi,

506 2501 563 2551 et
590 2490 951 2564 quadruplum
982 2482 1274 2544 obnoxium
1314 2482 1561 2538 detineri.
1599 2480 1874 2548 Prompsit
1917 2478 2099 2546 itaque

506 2583 855 2646 sententiam,
881 2589 937 2636 et
952 2579 1217 2649 judicium
1244 2586 1270 2615 α
1288 2574 1660 2629 eliminatum.
1701 2568 1840 2624 Cum
1865 2569 1969 2622 hoc
1999 2577 2096 2621 au-

506 2677 673 2734 disset
696 2672 964 2743 PrOpheta
988 2712 1002 2736 ,
1030 2666 1276 2738 jactabat
1294 2676 1516 2719 omnem
1547 2663 1796 2718 umbram
1825 2658 2096 2730 imaginis,

505 2775 562 2822 et
599 2766 653 2821 in
692 2763 932 2818 medium
959 2755 1450 2830 profert-gladium,
1473 2763 1527 2808 et
1553 2768 1675 2807 cum
1707 2751 1904 2805 fiducia
1934 2749 2093 2804 dicit:

508 2855 585 2912 Tu
612 2853 833 2920 milex,
849 2853 939 2925 qui
971 2853 1068 2905 hac
1098 2865 1228 2923 opus
1251 2849 1445 2918 fecisti.
1474 2845 1520 2902 Ο
1545 2859 1755 2909 secure,
1790 2847 1895 2897 non
1922 2841 2098 2912 gladio

508 2960 700 3004 secans
730 2958 948 3000 sensum
981 2943 1205 3005 doloris,
1237 2940 1331 2995 sed
1360 2940 1411 2992 in
1445 2936 1764 3006 compendio
1791 2931 2097 2987 accusatio-

507 3035 615 3093 nis.
640 3034 777 3092 Cum
802 3034 908 3090 hoc
931 3032 1194 3103 oportuit,
1222 3027 1512 3085 occultavit
1539 3024 1905 3080 narrationem
1931 3039 1944 3074 :
1975 3035 2098 3074 cum

510 3142 640 3183 vero
683 3133 897 3196 tempus
941 3122 1177 3187 invenit,
1223 3121 1407 3175 statim
1450 3115 1722 3187 percussit
1770 3120 1825 3168 et
1864 3111 2098 3166 abscidit
2119 3160 2170 3224 α

541 3216 553 3224 .
828 3215 860 3224 ..
949 3213 962 3224 .
1184 3211 1197 3224 .
1397 3208 1482 3224 η.
1654 3203 1984 3224 ηιμμψηι,
2020 3201 2067 3224 ,ιε

508 3216 630 3273 sine
671 3215 865 3287 grandi
911 3213 1082 3285 plaga!
1111 3211 1358 3274 vulnere,
1390 3208 1485 3262 sed
1512 3207 1614 3260 hoc
1650 3203 1989 3260 solummodo
2017 3201 2098 3255 di-

507 3321 677 3362 cens:
719 3313 777 3358 tu
820 3302 1047 3373 es,Re:r:
1086 3303 1142 3355 at
1186 3299 1275 3354 ille
1319 3297 1580 3352 velociter
1609 3295 1677 3349 ad
1706 3292 2096 3350 conscientiam

510 3398 744 3460 rediens,
778 3404 1038 3463 tanquam
1077 3392 1250 3447 ﬁdelis
1275 3399 1329 3445 et
1354 3391 1579 3444 idoneus
1619 3401 1841 3449 servus,
1885 3384 2096 3453 culpam

509 3487 833 3558 simpliciter
857 3485 1177 3542 conﬁtetur.
1207 3491 1263 3538 et
1297 3481 1462 3536 dicit:
1500 3478 1718 3532 Peccavi
1761 3475 2016 3538 Domino,
2046 3482 2102 3527 et

502 3580 783 3650 Propheta
827 3572 1144 3648 reSpondit:
1197 3572 1454 3627 Dominus
1514 3568 1782 3623 transtulit
1830 3576 2099 3638 peccatum

510 3682 681 3727 tuum.
731 3667 900 3724 Velox
948 3660 1256 3722 εστιΐὲὣὶοτ
1310 3662 1549 3717 velocior
1593 3659 1905 3713 medicina:
1959 3656 2102 3711 facto

510 3763 786 3834 peccavit:
820 3761 987 3815 verbo
1015 3758 1302 3830 ptenituit:
1338 3756 1526 3809 annuit
1551 3755 1727 3808 Deus:
1755 3762 1809 3806 et
1831 3752 2100 3820 correptio

511 3853 660 3908 facta
685 3861 806 3917 est;
845 3848 1040 3904 vulnus
1094 3838 1306 3917 aperuit
1332 3851 1387 3899 et
1416 3841 1837 3906 sanita‘sredit;
1872 3840 1966 3895 sed
1993 3851 2101 3893 non

513 3946 616 4002 fuit
639 3948 725 4002 his
744 3945 1015 4014 PrOpheta
1046 3950 1354 4003 contentus,
1383 3953 1508 3992 nam
1531 3944 1654 4006 post
1680 3934 2099 4003 correptionem,

516 4045 637 4110 post
660 4034 1058 4107 paenitentiam,
1106 4039 1228 4100 post
1257 4027 1695 4082 emendationem
1713 4065 1727 4090 ,
1756 4032 1877 4094 post
1905 4035 2100 4091 pecca-

515 4131 698 4184 torum
725 4125 1140 4186 absolutionem,
1171 4121 1436 4191 psalmum
1461 4118 1529 4171 nb
1558 4117 1700 4170 hanc
1726 4127 2104 4170 causamcau-

516 4217 760 4288 scripsit,
788 4216 867 4269 ita
891 4222 950 4268 ut
979 4212 1141 4268 etiam
1176 4215 1404 4280 postera:
1445 4204 1809 4276 generationis
1839 4202 1932 4257 ‘flat
1961 4202 2104 4256 illius

517 4309 720 4382 passio,
750 4305 1050 4366 medicina;
1091 4310 1151 4355 ut
1176 4300 1318 4354 illius
1354 4297 1690 4366 naufragium
1715 4295 1791 4349 sit
1815 4294 1938 4348 aliis
1971 4307 2101 4362 por-

520 4410 644 4455 tus:
679 4405 736 4451 et
776 4395 972 4465 quibus
1015 4393 1108 4447 ille
1151 4385 1504 4450 vulneratus,
1552 4385 1891 4447 emendavit,
1925 4383 2014 4436 alii
2037 4383 2126 4435 ἰη-

2204 588 2411 628 summa
2439 576 2613 640 evehi,
2643 591 2888 645 supernae
2923 578 3396 647 contemplationis
3435 591 3616 646 penna
3653 577 3788 633 festi-

2201 674 2324 732 nat,
2367 667 2482 721 hxec
2508 668 2653 721 beati
2702 669 2844 738 regis
2891 669 3056 724 David
3077 711 3091 734 ,
3125 677 3179 723 et
3217 669 3449 724 aliorum
3475 677 3787 722 sanctorum

2199 760 2616 826 praecedentium
2639 759 2860 814 Patrum
2888 770 3062 832 gesta,
3089 761 3179 816 ubi
3211 761 3417 831 aliquid
3446 760 3654 828 injuste
3679 776 3790 830 pcr-

2200 849 2342 917 pessi
2371 857 2514 916 sunt,
2541 858 2668 904 ante
2691 852 2889 905 mentis
2913 852 3098 907 oculos
3125 859 3314 920 ponat,
3349 860 3519 921 atque
3549 851 3606 904 in
3638 852 3719 904 eis
3739 867 3793 903 se

2202 938 2499 996 imitatione
2523 943 2824 997 exercendo
2860 943 3138 1013 proﬁciat,
3186 950 3240 996 et
3269 942 3417 1010 quod
3450 943 3506 995 in
3537 941 3792 1011 praesenti

2200 1030 2384 1086 titillat
2409 1047 2477 1086 ex
2510 1033 2662 1098 vitio,
2690 1033 2775 1087 vel
2797 1034 3196 1103 praeteritorum
3226 1032 3495 1086 malorum
3528 1030 3793 1084 memoria

2201 1123 2492 1191 reprimat,
2525 1124 2609 1178 vel
2642 1125 2905 1179 donorum
2951 1124 3374 1194 praecedentium
3416 1123 3794 1179 consolatione

2200 1212 2509 1283 restringat,
2539 1213 2622 1268 vel
2666 1214 2828 1268 etiam
2847 1209 3182 1278 imitatione,
3214 1222 3272 1267 ut
3299 1214 3502 1268 dictum
3536 1221 3643 1276 est,
3693 1211 3792 1264 Pa-

2199 1308 2343 1356 trum
2373 1303 2791 1372 praaciedentium
2816 1313 3143 1372 provocetur
3163 1305 3233 1359 ad
3265 1304 3479 1358 melius.
3511 1303 3671 1370 Quod
3706 1317 3797 1355 [λεν

2199 1405 2354 1446 cesse
2391 1401 2476 1447 est
2503 1401 2562 1446 ut
2583 1434 2596 1458 ,
2629 1395 2769 1448 sicut
2796 1395 3175 1464 preposuimus
3201 1395 3462 1463 exemplis
3489 1394 3796 1449 evidentio-

2199 1479 2371 1545 ribus,
2409 1484 2843 1550 approbemus-*3
2875 1483 2947 1539 Ut
2990 1485 3134 1538 enim
3169 1496 3336 1538 unum
3368 1484 3434 1538 de
3479 1484 3675 1537 multis
3721 1486 3796 1536 io-

2199 1583 2356 1638 quar,
2389 1581 2655 1639 quatenus
2679 1574 2948 1628 studiosus
2981 1573 3149 1628 lector
3174 1573 3341 1627 multa
3374 1574 3429 1626 in
3454 1588 3568 1628 uno
3597 1573 3797 1627 intelli-

2199 1668 2334 1728 gat:
2387 1662 2633 1730 quisquis
2679 1663 2965 1717 verborum
3009 1665 3352 1718 contumeliis
3396 1679 3624 1733 pressus
3671 1680 3796 1719 cum

2202 1751 2455 1804 virtutem
2476 1752 2751 1820 patientiae
2775 1761 2990 1806 servare
3013 1767 3120 1807 non
3147 1753 3364 1816 sufiicit,
3388 1754 3562 1807 David
3589 1754 3794 1809 factum

2200 1843 2268 1896 ad
2298 1857 2617 1896 memoriam
2650 1844 2908 1897 reducat:
2954 1844 3078 1913 quia
3125 1858 3250 1899 cum
3296 1844 3481 1899 Semei
3518 1847 3797 1901 conviciis

2197 1942 2512 2004 urgeretur,
2553 1943 2608 1988 et
2653 1936 2848 1989 armati
2874 1942 3127 2005 proceres
3150 1937 3335 1991 ulcisci
3374 1939 3793 2000 contenderent,

2199 2025 2312 2077 ait:
2348 2024 2500 2094 (vers.
2534 2025 2620 2095 10)
2681 2025 2824 2089 Quid
2865 2026 2992 2078 mihi.
3028 2037 3074 2079 et
3105 2027 3246 2080 vobis
3276 2036 3386 2091 est,
3412 2027 3513 2095 ﬁlii
3543 2026 3798 2082 δατ-υἱεῖ

2200 2115 2457 2169 Dimittite
2479 2134 2617 2180 eum,
2650 2127 2705 2170 ut
2729 2117 3009 2170 maledicat
3029 2135 3045 2169 :
3073 2118 3329 2172 Dominus
3367 2120 3507 2171 enim
3547 2123 3794 2188 prwcepit

2197 2209 2263 2270 ei,
2296 2217 2353 2260 ut
2389 2207 2719 2262 malediceret
2750 2209 2939 2263 David.
2985 2209 3052 2262 Et
3095 2212 3209 2280 quis
3240 2220 3315 2265 est
3345 2211 3434 2282 qui
3481 2212 3686 2265 audeat
3715 2215 3794 2264 di-

2199 2315 2336 2362 cere,
2365 2314 2526 2370 quare
2547 2302 2620 2358 sic
2654 2302 2774 2369 fecit
2799 2303 2824 2353 ?
2848 2302 2915 2355 Et
2944 2302 3105 2371 paulo
3133 2310 3256 2372 post
3282 2319 3294 2354 :
3330 2301 3553 2355 Dimitte
3576 2320 3721 2364 eum,
3745 2315 3794 2355 nt

2200 2388 2650 2459 maledicatjuata
2676 2401 2990 2461 prteceptum
3014 2390 3227 2445 Domini
3249 2405 3272 2442 ’ἔ
3311 2393 3359 2445 si
3384 2393 3523 2461 forte
3551 2394 3795 2461 respiciat

2199 2479 2456 2532 Daminus
2499 2471 2825 2549 aﬂlictionem
2872 2493 3043 2534 meam
3068 2494 3086 2531 :
3125 2490 3173 2534 et
3212 2480 3399 2534 reddat
3439 2483 3575 2534 mihi
3607 2482 3795 2534 bonum

2198 2582 2292 2635 pro
2311 2566 2676 2621 maledictione
2696 2569 2796 2621 hac
2815 2568 3090 2622 hodierna.
3118 2567 3324 2635 Quibus
3345 2568 3600 2639 profecto
3621 2571 3796 2624 verbis

2199 2657 2421 2722 indicat,
2443 2658 2567 2727 quia
2591 2666 2902 2728 perpetrato
2928 2659 3196 2714 Bersabee
3221 2659 3446 2724 scelere,
3482 2671 3788 2730 exsurgen-

2200 2757 2307 2802 tem
2350 2756 2537 2803 contra
2582 2763 2639 2803 se
2681 2748 2847 2802 lilium
2880 2747 3123 2816 fugiens,
3152 2750 3366 2806 reduxit
3408 2749 3479 2804 ad
3523 2751 3792 2811 animum,

2198 2839 2424 2903 malum,
2451 2841 2594 2908 quod
2616 2839 2967 2908 perpetravit,
2983 2847 3038 2893 et
3058 2839 3445 2895 contumeliosa
3470 2840 3666 2902 verba,
3693 2853 3794 2892 non

2201 2939 2310 2985 tam
2345 2931 2618 2994 convicia,
2669 2945 2833 2999 quam
2874 2928 3141 2998 adjutoria
3181 2930 3444 2994 credidit,
3489 2931 3698 3000 quibus
3740 2942 3797 2984 se

2198 3024 2442 3096 purgari,
2476 3023 2686 3093 sibique
2714 3023 2961 3078 misereri
2985 3037 3145 3092 posse
3159 3020 3441 3089 judicavit.
3468 3023 3627 3077 Tunc
3651 3023 3794 3075 enim

2201 3115 2353 3169 illata
2382 3114 2793 3169 convicia/bene
2825 3113 3139 3176 toleramus,
3165 3127 3288 3166 cum
3316 3111 3370 3165 in
3401 3118 3624 3166 secreto
3646 3126 3797 3165 men-‘-

2200 3207 2271 3260 tis
2295 3205 2363 3258 ad
2397 3203 2537 3258 mala
2574 3211 2884 3273 perpetrata
2913 3201 3265 3256 recurrimus.
3309 3200 3450 3254 Leve
3479 3200 3688 3270 quippe
3711 3200 3794 3252 vi-

2201 3294 2611 3363 debitur,,quod
2657 3292 2852 3360 injuria
2879 3293 3252 3360 percutimur,
3304 3290 3431 3344 dum
3471 3291 3529 3344 in
3573 3292 3795 3345 actione

2201 3395 2385 3439 nostra
2411 3381 2790 3450 conspicimus,
2823 3381 2947 3450 quia
2977 3379 3130 3450 pejus
3151 3387 3249 3442 est,
3292 3379 3434 3448 quod
3459 3393 3751 3434 meremur
3779 3398 3791 3430 :

2202 3475 2387 3545 sicque
2410 3475 2490 3540 iit,
2519 3483 2580 3528 ut
2605 3472 2944 3528 contumeliis
2966 3472 3139 3542 gratia
3163 3469 3339 3541 inagis
3375 3484 3534 3539 quam
3573 3469 3663 3523 ira
3706 3471 3796 3524 de-

2201 3567 2416 3628 beatur,
2445 3579 2669 3633 quarum
2696 3563 3001 3616 interventu
3031 3559 3356 3629 Deojudice,
3377 3574 3534 3630 paena
3562 3561 3796 3628 gravior

2201 3655 2457 3711 declinari
2480 3669 2636 3724 posse
2658 3651 2963 3707 conliditur.

2273 3745 2300 3784 ά
2341 3763 2359 3794 ι
2392 3744 2526 3798 illud
2555 3758 2685 3798 vero
2713 3742 2841 3810 quid
2867 3739 3153 3810 significet,
3177 3739 3320 3809 quod
3343 3729 3623 3810 parricida
3652 3733 3794 3792 ﬁlius

2202 3836 2438 3892 Absalon
2483 3843 2688 3903 patrem
2717 3834 3036 3909 insequens,
3086 3830 3262 3900 primo
3286 3838 3442 3900 pater
3468 3829 3589 3898 ejus
3623 3829 3794 3884 decli-

2203 3942 2339 3981 nans
2371 3926 2507 3996 fugit
2544 3932 2669 3978 ante
2697 3922 2889 3977 faciem
2919 3921 3034 3990 ejus
3059 3936 3283 3976 securus
3309 3921 3374 3974 de
3396 3919 3631 3973 victoria
3653 3959 3670 3984 ,
3703 3921 3791 3988 qui

2201 4015 2501 4084 aspiciebat
2533 4011 2818 4081 imperium
2849 4011 3029 4081 perire
3056 4028 3068 4062 :
3109 4023 3270 4078 quem
3298 4009 3458 4062 etiam
3489 4006 3646 4061 licvit
3683 4024 3792 4062 ma-

2201 4119 2308 4176 gno
2338 4103 2504 4166 luctu,
2535 4111 2592 4156 et
2615 4101 2914 4170 deplmavit
2943 4100 3148 4154 exitum
3177 4099 3479 4167 parricidae.
3509 4096 3792 4153 Scribitnr

2200 4193 2348 4249 enim
2393 4191 2594 4261 fugisse
2630 4190 2801 4244 David
2839 4205 2868 4242 a
2916 4189 3054 4243 facie
3099 4188 3348 4242 bellantis
3390 4188 3689 4241 adversum
3735 4203 3789 4241 se

2203 4283 2374 4355 (Edit.
2408 4282 2534 4351 sibi)
2561 4278 2680 4334 ﬁlii.
2712 4280 2778 4333 Et
2807 4279 3063 4348 quoniam
3086 4278 3346 4346 scriptum
3375 4286 3457 4331 est
3487 4275 3552 4330 de
3583 4276 3789 4345 populo

2201 4373 2535 4429 Jerusalem:
2567 4371 2703 4443 (Ita.
2729 4385 2771 4434 ι,
2797 4370 2854 4441 2)
2877 4368 3046 4422 Filios
3071 4369 3285 4432 nutrici,
3311 4377 3360 4421 et
3380 4365 3669 4428 multari,
3693 4366 3790 4435 ipsi

513 4489 713 4543 iisdem
761 4456 1099 4546 incidentes;
1155 4480 1269 4549 ipsa
1315 4477 1526 4547 possint
1570 4475 1646 4528 uti
1694 4472 1958 4527 medicina
1984 4511 1997 4534 ,
2041 4478 2098 4525 et
2124 4497 2178 4557 Β
2206 4479 2323 4518 vero
2355 4469 2654 4532 spreverunt
2680 4477 2781 4524 me,
2815 4457 2957 4512 ﬁlius
2986 4473 3115 4527 ergo
3138 4457 3254 4527 ejus
3292 4457 3486 4526 impius
3512 4456 3790 4524 signiﬁca-

521 4576 896 4633 emendationc
918 4572 1118 4627 sanari.

593 4666 746 4738 (Cap.
767 4664 876 4735 16.)
907 4662 1141 4733 Fugiens
1167 4660 1329 4714 David
1355 4655 1587 4711 Absalon
1609 4654 1778 4723 ﬁlium
1803 4667 1979 4716 suum,
2010 4669 2105 4705 nu-

520 4762 705 4832 disque
751 4756 965 4828 pedibus
1011 4753 1254 4808 inc’cdens
1302 4761 1658 4818 transgressus
1701 4754 1777 4799 est
1822 4752 2101 4797 torrentem

524 4854 751 4915 Cedro",
783 4857 831 4904 et
874 4853 1090 4901 cunctus
1120 4842 1357 4916 populus
1385 4852 1503 4893 cum
1545 4851 1624 4902 eo,
1672 4845 1719 4889 et
1764 4843 2104 4905 pervenerunt

523 4956 686 5013 usque
717 4939 991 4994 Bahuriin.
1035 4935 1169 4988 Ecce
1194 4936 1428 5003 egressus
1460 4929 1662 4991 Semei,
1693 4926 1834 4995 ﬁlius
1877 4921 2013 4977 Cera
2041 4925 2105 4975 de

526 5035 832 5106 cognatione
853 5033 1046 5085 domus
1080 5027 1229 5092 82ml,
1271 5028 1482 5078 mittens
1501 5021 1701 5092 lapides
1724 5060 1738 5085 ,
1761 5017 2105 5072 maledicebat

531 5127 716 5197 Regem
750 5126 960 5178 dicent:
989 5119 1250 5191 egredere,
1287 5116 1547 5187 egredere,
1569 5115 1648 5168 vir
1686 5113 2022 5180 sanguinem,
2060 5117 2110 5162 et

529 5219 606 5273 vir
635 5209 823 5271 Belial.
854 5215 883 5254 b
917 5231 933 5263 ι
970 5209 1224 5279 Quisquis
1271 5206 1506 5261 ﬁdelium
1536 5204 1728 5260 divinae
1773 5201 1961 5272 gratiae
1990 5199 2110 5253 illu-

604 5383 628 5408 ιι
654 5367 1021 5421 lllimitatum:
1070 5364 1121 5418 id
1160 5369 1245 5417 est
1288 5373 1550 5429 superans
1576 5358 1778 5411 limites
1806 5356 1957 5424 legis,
1989 5367 2109 5423 quae

534 5446 774 5493 mortem
794 5429 926 5489 furis
957 5450 1062 5488 non
1085 5431 1450 5502 praecipiebat.

605 5508 632 5547 δ
666 5506 935 5559 Paterium
969 5504 1055 5560 hic
1083 5495 1344 5556 exscribit
1389 5497 1669 5560 tJaudius,
1719 5495 1948 5563 ideoque
1974 5507 2110 5546 nan-

534 5575 678 5630 nulla
708 5573 967 5644 adjung’i't,
1002 5586 1122 5644 qua:
1149 5567 1552 5644 expressissime
1583 5566 1637 5619 in
1677 5565 1814 5644 libro
1845 5580 1950 5644 xxx
1998 5563 2109 5644 Mp-

535 5631 967 5712 ralium,'quetn
1015 5631 1259 5712 Paterius
1297 5638 1674 5712 allegat,_non
1721 5634 1984 5712 invenies.
2028 5631 2109 5712 Au

535 5717 660 5783 quia
681 5701 928 5767 Paterius
956 5712 1132 5783 aliqua
1164 5711 1226 5762 de
1256 5723 1353 5762 suo
1389 5701 1598 5783 inserit,
1634 5704 1841 5783 tametsi
1864 5701 2110 5783 Gregorii

539 5771 718 5840 verbis
749 5771 1205 5854 conjunctissima,
1248 5787 1305 5831 ut
1350 5776 1556 5831 scilicet
1578 5772 1920 5842 explicationi
1949 5771 2111 5825 libro-

2211 4563 2298 4607 tur
2327 4552 2554 4619 tropice,
2578 4551 2636 4604 id
2668 4557 2752 4604 est
2773 4547 3000 4616 populus
3031 4545 3314 4608 Iudaicus,
3342 4546 3433 4614 qui
3462 4560 3584 4599 eum
3619 4547 3789 4600 tradi~

2210 4645 2321 4699 dit:
2357 4641 2589 4695 Absalon
2620 4648 2819 4704 autem,
2849 4639 2989 4692 sicut
3014 4637 3234 4706 quidam
3262 4636 3678 4704 interpretatur,
3714 4637 3788 4689 im

2211 4735 2468 4806 telligitur
2491 4734 2655 4804 patris
2682 4749 2806 4803 pax.
2833 4730 2983 4798 Quod
3008 4731 3205 4784 mirum
3235 4730 3449 4783 videtur
3475 4728 3530 4781 in
3552 4728 3786 4782 historia

2209 4825 2661 4897 quemadmodum
2684 4824 2854 4894 patris
2873 4822 3168 4892 paxpossit
3191 4820 3433 4891 intelligi,
3460 4820 3551 4889 qui
3572 4832 3786 4897 patrem

2210 4891 2349 4973 bello
2375 4891 2808 4987 persecutusest.
2831 4891 2938 4968 sed
2957 4913 3049 4982 qui
3073 4912 3358 4981 diligenter
3377 4910 3446 4965 ad
3471 4891 3788 4979 allegcriam

2207 5011 2515 5075 intendunt,
2551 5009 2842 5078 inspiciunt
2870 5005 3104 5060 Absalon
3139 5018 3261 5058 esse
3299 5002 3622 5068 Jerusalem,
3673 5019 3790 5073 qua:

2205 5102 2375 5156 etiam
2403 5108 2457 5155 et
2487 5101 2602 5169 ipsa
2625 5114 2729 5168 pars
2757 5097 3165 5164 interpretatur,
3203 5107 3236 5147 ι
3267 5093 3419 5161 cujus
3448 5091 3592 5148 faeie
3629 5093 3785 5146 Chri-

2213 5201 2327 5247 stus
2350 5191 2502 5262 fugit,
2520 5189 2735 5260 quando
2756 5203 2875 5242 eam
2896 5185 3148 5258 patiendo
3167 5184 3442 5248 deserens,
3460 5184 3516 5236 in
3541 5183 3785 5253 gentibus

2216 5364 2335 5404 rum
2358 5347 2562 5417 Regum
2588 5343 2958 5417 accommodet
2978 5341 3013 5417 ?_
3030 5356 3096 5396 an
3137 5339 3518 5417 potiusetiam
3548 5339 3678 5408 quia
3705 5351 3788 5388 ve-

2215 5419 2344 5473 tusti
2372 5409 2585 5473 codices
2607 5431 2636 5468 a
2660 5413 2871 5467 Paterio
2897 5412 3016 5466 lecti
3044 5409 3286 5464 nonnihil
3309 5409 3630 5464 diderebant
3653 5425 3684 5460 a
3712 5420 3789 5457 ue

2215 5489 2384 5544 stris?
2414 5487 2656 5541 Priorem
2691 5482 3009 5537 sententiam
3040 5488 3325 5550 postrcmm
3353 5479 3477 5550 huic
3504 5476 3761 5550 praefero.

2288 5569 2309 5596 ο
2342 5547 3212 5623 Subsequentiainvenies—num.
3245 5547 3345 5611 57,
3371 5547 3508 5623 alias
3548 5560 3673 5616 cap.
3710 5547 3772 5597 tu

2215 5628 2340 5684 olim
2377 5627 2455 5690 i7,
2483 5618 2575 5678 lib.
2604 5639 2708 5679 xxx
2735 5622 2919 5674 Moral.
2948 5618 3425 5690 sanctihGregorii.

2285 5697 2308 5736 ἀ
2346 5687 2470 5749 HAEC
2494 5692 2783 5762 exscripsit
2805 5706 2867 5745 ex
2889 5689 3095 5744 Isidoro
3126 5687 3200 5760 [in
3232 5689 3322 5741 lib.
3349 5703 3385 5740 ιι
3417 5687 3646 5756 Regum,
3676 5697 3772 5751 cap

2217 5766 2277 5838 3]
2304 5765 2576 5821 Claudius.

2367 5779 2576 5818 auatus.
