3912 6328
459 379 554 439 ἸΙΙ

1531 376 1806 435 CLAUDII
1847 368 2313 434 TAURINENSIS
2353 367 2660 427 EPISCOPI

3640 369 3748 422 7|?

536 495 809 551 Protector
836 510 1002 559 meus,
1029 503 1074 547 et
1102 509 1262 547 cornu
1292 493 1476 547 salutis
1501 510 1648 558 mea',
1677 504 1723 546 et
1754 491 2048 561 redemptor
2075 491 2126 549 Α
2225 486 2291 539 Εε
2317 485 2550 539 ascendit
2576 500 2734 553 super
2756 480 3056 546 Cherubim,
3077 491 3122 535 et
3152 482 3368 537 volavit.
3393 503 3408 533 ι
3448 483 3752 553 (Cherubin

406 655 414 662 ο
461 602 629 640 meus.
666 603 684 635 ι
719 583 1000 639 Protector
1022 597 1193 648 meus,
1223 584 1347 653 quia
1377 599 1483 638 non
1513 584 1580 656 de
1605 597 1691 637 me
1710 581 2047 653 praesumpsi,

404 735 405 738 η
461 677 622 748 quasi
663 677 878 747 erigens
921 675 1207 730 adversum
1246 685 1297 728 te
1324 690 1493 730 cornu
1525 675 1822 744 superbiae,
1858 673 1953 728 sed
2001 681 2052 726 te

464 765 641 837 ipsum
664 780 852 831 cornu,
884 765 987 819 hoc
1005 772 1092 819 est
1119 762 1332 818 ﬂrmam
1359 761 1735 819 celsitudinem
1758 763 1947 818 salutis
1977 762 2054 817 in-

464 855 624 912 veni:
658 855 803 925 quod
833 863 892 909 ut
923 854 1240 918 invenirem,
1270 854 1545 910 redemisti
1572 867 1678 908 me.
1715 873 1732 906 ›

539 945 791 1000 Laudans
839 946 1073 999 invocavi
1114 942 1432 1011 Dominum,
1469 955 1515 1000 et
1561 944 1625 999 ab
1667 942 1892 998 inimicis
1925 944 2054 997 meis

465 1035 641 1091 salvus
667 1053 775 1090 ero.
814 1055 832 1086 ‹
865 1035 982 1090 Non
1009 1051 1184 1090 meam
1227 1033 1484 1104 gloriam,
1527 1035 1622 1091 sed
1652 1033 1864 1089 Domini
1910 1047 2055 1103 qua:-

467 1141 617 1193 rens,
648 1127 910 1181 invocabo
939 1126 1249 1191 Dominum,
1277 1133 1334 1180 et
1358 1141 1467 1181 non
1501 1127 1609 1180 erit
1627 1123 1768 1180 unde
1799 1124 1934 1178 mihi
1961 1139 2058 1180 no-

463 1229 628 1276 ceant
657 1220 953 1289 impietatis
981 1234 1216 1274 errores.
1261 1238 1279 1270 ι

539 1305 1010 1363 Circumdederunt
1034 1327 1116 1364 me
1140 1310 1346 1364 dolores
1368 1311 1573 1365 mortis.
1604 1328 1621 1361 t
1649 1309 1708 1365 Id
1727 1317 1809 1365 est
1829 1309 2060 1365 circum-

469 1399 738 1455 dederunt
770 1415 857 1454 me
891 1400 1105 1456 dolores
1134 1400 1335 1456 carnis.
1370 1398 1438 1455 Et
1469 1411 1726 1456 torrentes
1766 1400 2060 1472 iniquitatis

469 1491 913 1547 conturbauerunt
940 1510 1039 1546 me.
1096 1492 1290 1548 Turba:
1327 1491 1528 1562 iniquae
1557 1495 1626 1549 ad
1657 1503 1873 1565 tempus
1914 1511 2061 1550 com-

468 1592 629 1639 motae
654 1584 801 1638 velut
840 1583 1061 1638 ﬂumina
1101 1583 1354 1654 pluvialia
1383 1582 1495 1641 cito
1524 1586 1766 1642 desitura
1809 1595 2058 1658 egerunt,

469 1684 529 1730 ut
552 1675 940 1731 conturbarent
968 1692 1074 1731 me.
1119 1697 1139 1729 ι

535 1765 762 1822 Dolores
809 1765 1006 1835 inferni
1049 1766 1504 1822 circumdederunt
1539 1785 1640 1823 me.
1688 1788 1706 1821 ‹
1747 1769 1806 1824 In
1843 1770 1928 1825 his
1968 1769 2060 1839 qui

2157 577 2355 646 quippe
2392 576 2445 630 id
2466 585 2552 629 est
2578 573 2849 644 plenitudo
2885 572 3118 624 scientia:
3146 573 3461 626 ascendisse
3497 573 3731 643 perhibe

2156 678 2246 722 tur
2273 709 2287 734 ,
2316 677 2370 721 et
2419 666 2630 722 volasse
2661 706 2677 731 ,
2708 666 2835 736 quia
2867 662 3169 732 majestatis
3196 663 3313 732 ejus
3363 665 3756 720 celsitudinem

2156 755 2386 816 scientia
2432 755 2579 813 nulla
2625 756 3054 827 comprehendit.
3110 756 3329 811 Volavit
3380 771 3554 826 ergo,
3597 759 3692 826 qui
3728 774 3757 809 a

2157 854 2313 924 longe
2339 854 2393 908 in
2432 851 2600 906 altum
2623 850 2690 904 ab
2715 849 2995 905 intellectu
3051 856 3240 903 nostro
3278 863 3335 902 se
3372 849 3604 920 rapuit),
3638 849 3667 887 δ
3701 860 3764 901 ut

2157 961 2317 1000 nemo
2337 945 2404 1000 ad
2414 944 2583 998 Deum
2600 942 2933 1013 perveniret,
2949 940 3049 994 nisi
3068 955 3166 1010 per
3180 941 3508 996 charitatem
3527 958 3541 1006 ;
3570 940 3761 1012 (Rom.

2160 1035 2245 1092 15.
2287 1035 2375 1108 10)
2438 1033 2719 1106 plenitudo
2782 1033 2925 1088 enim
2976 1031 3111 1099 legis
3155 1031 3400 1108 charitas
3449 1041 3537 1086 est
3576 1049 3592 1084 :
3651 1033 3766 1085 cito

2158 1128 2304 1182 enim
2333 1143 2392 1182 se
2434 1124 3042 1195 incomprehensibilem
3082 1138 3204 1179 esse
3234 1124 3565 1179 monstravit
3590 1124 3766 1178 dilec-

2161 1218 2372 1274 toribus
2399 1217 2513 1272 suis
2537 1256 2551 1281 ,
2576 1231 2645 1271 ne
2671 1216 2822 1269 illum
2853 1213 3135 1284 corporeis
3173 1213 3665 1283 imaginationibus
3703 1227 3769 1265 se

2162 1307 2624 1378 comprehendere
2698 1307 3120 1362 arbitrarentur.
3191 1307 3266 1378 (c
3319 1301 3494 1376 Super
3554 1304 3770 1359 Cheru-

2163 1400 2248 1452 bin
2274 1398 2530 1452 Dominus
2553 1398 2812 1462 ascendit,
2843 1407 2892 1450 et
2918 1397 3130 1451 volavit.
3163 1396 3300 1463 Quia
3327 1413 3490 1468 super
3521 1396 3767 1467 plenitu-

2163 1489 2342 1543 dinem
2372 1487 2610 1542 scientim
2640 1527 2654 1551 ,
2696 1501 2816 1555 quae
2837 1502 2957 1541 esse
3000 1487 3056 1540 in
3087 1486 3398 1542 hominibus
3423 1487 3607 1556 potuit
3633 1527 3649 1551 ,
3676 1486 3768 1540 ln-

2163 1577 2504 1635 carnationis
2527 1593 2638 1635 sua:
2652 1577 2879 1647 gloriam
2895 1578 3139 1633 exaltare
3155 1578 3410 1646 dignatus
3435 1588 3543 1644 est,
3573 1588 3634 1632 ut
3659 1578 3708 1631 hu
3724 1595 3766 1631 ‘c

2162 1669 2279 1740 ejus
2305 1670 2490 1726 volare
2507 1670 2578 1724 sit
2606 1669 2863 1739 potentiae
2888 1685 3002 1725 suae
3027 1671 3350 1740 mysterium
3374 1670 3443 1723 ab
3468 1669 3765 1723 intellectu

2164 1763 2400 1817 humano
2447 1761 2788 1816 subducere:
2823 1761 3163 1829 quantalibet
3216 1762 3360 1815 enim
3417 1761 3770 1831 plenitudine

471 1870 559 1909 me
580 1853 1076 1931 circumdederunt,
1098 1863 1159 1909 ut
1178 1856 1487 1926 perderent,
1511 1866 1670 1912 erant
1692 1859 1906 1931 dolores
1930 1859 2063 1914 invi-
2090 1863 2137 1922 Β
2165 1853 2406 1909 scientia:
2426 1852 2538 1906 vita
2562 1851 2918 1921 spiritualium
2950 1851 3181 1923 fulgeat,
3212 1853 3625 1922 apprehendere
3655 1868 3767 1908 non

472 1944 594 2008 diae,
624 1944 712 2011 qui
743 1926 975 1998 mortem
1003 1954 1316 2014 operantur,
1357 1947 1767 2018 perducuntque
1795 1926 2064 2002 adinfer-

474 2049 602 2089 num
631 2032 858 2103 peccati.
894 2030 1268 2088 Prwvenerunt
1295 2052 1375 2088 me
1405 2035 1579 2106 laquei
1617 2035 1821 2090 mortis.
1851 2037 2063 2092 Praeve-

474 2134 675 2180 neruut
697 2132 888 2191 me,-ut
910 2126 1122 2193 priores
1149 2140 1346 2180 nocere
1371 2125 1592 2191 vellent,
1614 2125 1757 2194 quod
1783 2126 1861 2180 eis
1880 2135 2063 2196 postea

476 2216 814 2275 redderetur.
855 2215 1015 2270 Tales
1059 2223 1241 2270 autem
1285 2216 1534 2271 homines
1562 2215 1780 2284 capiunt
1808 2215 1861 2268 in
1889 2215 2067 2284 perdi-

475 2306 701 2368 tionem,
745 2304 942 2374 quibus
983 2301 1125 2358 mala
1163 2312 1554 2373 persuaserunt
1568 2301 1869 2371 iactatione
1909 2301 2069 2371 justi-

475 2395 583 2450 tiae.
623 2392 788 2462 Cujus
819 2407 925 2449 non
962 2408 1042 2454 re.
1069 2392 1162 2448 sed
1182 2393 1435 2457 nomine,
1466 2392 1728 2448 adversus
1750 2400 1938 2458 gentes
1962 2389 2068 2455 glo-

481 2485 713 2539 riantur.

551 2572 619 2627 Et
643 2574 697 2628 in
722 2588 968 2645 pressura
1005 2589 1123 2626 mea
1163 2571 1397 2628 invocavi
1423 2569 1730 2638 Dominum,
1746 2571 1876 2626 ctad
1898 2566 2068 2627 Deum

475 2680 649 2718 meum
671 2663 893 2718 clamavi
918 2680 934 2718 :
960 2672 1011 2717 et
1032 2661 1302 2718 exaudivit
1332 2662 1397 2718 de
1429 2661 1830 2734 tesnplovsancto
1855 2679 1952 2718 suo
1979 2681 2070 2718 vo-

478 2770 589 2808 cem
616 2770 806 2807 meam.
831 2771 849 2803 ‹
871 2753 939 2806 Et
951 2753 1226 2807 exaudivit
1257 2753 1322 2807 de
1347 2753 1509 2807 corde
1529 2767 1669 2816 meo,
1695 2752 1748 2805 in
1779 2767 1887 2821 quo
1919 2752 2072 2808 habi-

480 2850 580 2907 tat,
606 2857 794 2897 vocem
827 2856 1026 2897 meam.
1046 2842 1115 2896 Et
1145 2841 1347 2897 clamor
1372 2859 1516 2897 meus
1544 2843 1600 2896 in
1630 2853 1905 2913 conspectu
1932 2844 2066 2913 ejus.

479 2935 548 2990 Et
574 2934 779 2990 clamor
804 2949 981 2999 meus,
1009 2949 1172 3005 quem
1196 2949 1302 2989 non
1324 2935 1378 2988 in
1398 2935 1622 2990 auribus
1649 2934 1952 3000 hominum,
1977 2936 2071 2991 sed

479 3039 667 3079 coram
689 3025 805 3094 ipso
832 3025 976 3078 intus
1000 3023 1196 3090 habeo,
1219 3023 1456 3078 introivit
1477 3025 1532 3077 in
1560 3039 1715 3078 aures
1745 3023 1881 3094 ejus.
1918 3044 1934 3074 ι

553 3113 621 3168 Et
643 3125 901 3168 commota
935 3123 1010 3168 est
1041 3154 1055 3178 ,
1085 3123 1132 3169 et
1171 3115 1484 3168 contremuit
1506 3123 1668 3168 terra.
1713 3131 1732 3166 ἰ
1764 3113 1844 3169 Ita
1873 3113 2074 3170 clarifi-

2164 1941 2341 2008 valet,
2374 1943 2641 2012 quomodo
2671 1940 2876 1996 factum
2905 1941 2998 2005 sit,
3028 1949 3088 1994 ut
3116 1941 3207 2010 qui
3233 1941 3462 2004 exstitit,
3505 1942 3771 2010 concipe-

2167 2041 2316 2085 retur
2343 2072 2358 2096 ,
2387 2040 2443 2085 et
2471 2040 2596 2084 ante
2645 2029 2843 2085 saacula
2884 2036 3074 2083 auctor
3101 2029 3379 2082 hominum
3435 2038 3772 2083 nasceretur

2166 2123 2328 2177 homo
2353 2121 2406 2174 in
2423 2119 2589 2174 ﬂnem
2639 2116 3028 2185 dsaaculorum,
3063 2120 3204 2174 Deus
3249 2136 3376 2174 caro
3403 2130 3594 2184 esset;
3625 2121 3768 2174 V'cr-

2165 2215 2294 2267 bum
2325 2190 2504 2267 infans
2531 2211 2704 2266 ﬂeret.
2759 2211 2914 2268 Unde
2958 2220 3108 2267 recte
3136 2217 3191 2266 et
3218 2211 3328 2266 illic
3356 2211 3580 2265 additur
3610 2229 3624 2264 :
3667 2209 3773 2265 Vo-

2167 2303 2292 2356 lavit
2321 2319 2478 2373 super
2498 2319 2696 2373 pennas
2722 2312 2993 2355 ventorum
3016 2303 3180 2372 :quia
3198 2302 3452 2357 videlicet
3477 2311 3773 2356 transcen-

2168 2393 2247 2447 dit
2277 2408 2469 2449 omnes
2493 2392 2798 2448 intellectus
2819 2393 3146 2447 animarum.
3205 2393 3380 2449 Vento
3405 2395 3610 2464 quippe
3653 2395 3774 2447 ani-

2168 2498 2312 2537 mam
2338 2481 2558 2553 ﬁgurari
2593 2523 2607 2548 ,
2633 2497 2734 2552 pro
2760 2482 3049 2538 velocitate
3083 2499 3194 2537 suae
3223 2484 3574 2554 cogitationis
3611 2524 3625 2548 ,
3652 2500 3765 2537 non

2171 2573 2616 2628 inconvenienter
2641 2570 2984 2643 accipimus.)
3016 2572 3112 2626 Illa
3139 2581 3321 2627 autem
3350 2572 3633 2636 celeritas,
3661 2588 3769 2641 qua

2170 2677 2229 2718 se
2262 2662 2868 2733 incomprehensibilem
2891 2677 3010 2718 esse
3043 2665 3369 2719 monstravit
3397 2706 3410 2728 ,
3461 2680 3629 2732 super
3663 2665 3770 2717 vir-

2171 2761 2312 2808 tutes
2335 2754 2638 2807 animarum
2660 2762 2762 2818 est,
2781 2755 2980 2824 quibus
3005 2769 3064 2809 se
3095 2754 3264 2809 veluti
3288 2756 3483 2825 pennis
3512 2757 3584 2810 ab
3610 2766 3772 2810 aeter-

2171 2844 2256 2896 nis
2285 2843 2573 2898 timoribus
2595 2845 2650 2898 in
2683 2859 2844 2900 auras
2881 2843 3149 2900 libertatis
3182 2845 3470 2900 extollunt.
3521 2865 3540 2896 ι

2242 2931 2312 2989 Et
2353 2937 2530 3006 posuit
2577 2936 2814 2990 tenebras
2867 2935 3148 2990 latibulum
3198 2953 3374 2991 suum.
3422 2955 3441 2986 ι
3481 2937 3553 2990 Et
3583 2938 3766 3006 posuit

2173 3022 2561 3080 obscuritatem
2589 3034 3054 3082 sacramentorum
3085 3067 3099 3091 ,
3140 3035 3192 3081 et
3219 3025 3490 3082 occultam
3525 3043 3684 3095 spem
3715 3028 3768 3080 in

2174 3119 2338 3174 corde
2362 3119 2694 3173 credentium
2712 3160 2725 3182 ,
2753 3119 2841 3172 ubi
2872 3120 3064 3173 lateret
3087 3120 3200 3188 ipse
3221 3133 3326 3173 non
3355 3133 3449 3173 eos
3476 3119 3764 3173 deserens.

481 3211 605 3257 cato
636 3201 746 3256 lilio
770 3202 1008 3258 hominis
1031 3242 1046 3268 ,
1074 3203 1332 3258 commoti
1356 3210 1520 3268 sunt,
1545 3211 1600 3258 et
1626 3211 2072 3260 contremuerunt
2100 3210 2144 3273 C
2180 3220 2204 3248 ο
2235 3209 2396 3280 (Quia
2429 3197 2558 3265 dum
2594 3210 2823 3280 caligine
2867 3219 3065 3264 nostra:
3108 3208 3441 3263 inﬁrmitatis
3492 3210 3761 3264 obscura-

483 3299 818 3359 peccatores.
850 3291 916 3344 Et
939 3291 1282 3360 fundamenta
1312 3292 1569 3346 montium
1593 3293 1904 3349 conturbata
1927 3304 2068 3348 sunt.

486 3381 553 3434 Et
601 3383 956 3451 superborum
1007 3397 1166 3452 spes,
1209 3397 1330 3451 qua:
1359 3383 1413 3436 in
1457 3383 1563 3437 hoc
1605 3381 1802 3438 saeculo
1831 3382 2070 3448 fuerunt,

485 3472 823 3525 conturbata:
852 3479 993 3524 sunt.
1026 3471 1096 3524 Et
1143 3482 1400 3525 commota
1436 3483 1558 3526 sunt
1590 3513 1604 3538 ,
1633 3475 1883 3543 quoniam
1906 3473 2074 3528 iratus

486 3570 560 3614 est
589 3561 662 3614 eis
691 3560 852 3615 Deus.
888 3561 958 3616 Ut
981 3561 1189 3617 scilicet
1195 3563 1309 3633 jam
1343 3563 1743 3619 firmamentum
1773 3581 1880 3618 non
1912 3565 2076 3619 babe-

490 3657 576 3705 ret
601 3649 654 3703 in
705 3650 961 3705 cordibus
991 3651 1273 3711 hominum
1301 3667 1425 3722 spes
1478 3654 1856 3716 temporalium
1901 3656 2075 3710 bono-

492 3755 634 3795 rum.
679 3759 697 3791 δ

563 3830 810 3908 Ascendit
839 3830 1016 3900 fumus
1056 3831 1111 3884 in
1151 3831 1232 3884 ira
1261 3830 1397 3902 ejus.
1429 3850 1448 3882 Ι
1484 3832 1745 3888 Ascendit
1773 3834 2083 3906 lacrymosa

491 3922 804 3992 deprecatio
823 3922 1226 3991 paenitendum,
1259 3938 1382 3977 cum
1414 3926 1792 3995 cognovissent
1817 3927 1948 3996 quid
1976 3929 2081 3982 mi-

494 4027 656 4074 netur
687 4019 832 4074 Deus
861 4017 1058 4087 impiis.
1083 4018 1156 4073 Et
1195 4019 1332 4088 ignis
1372 4036 1404 4071 a
1435 4019 1571 4088 facie
1607 4021 1720 4088 ejus
1752 4021 2080 4074 exardescit:

497 4112 566 4168 Et
576 4112 856 4183 ﬂagrantia
871 4112 1154 4166 charttatis
1163 4119 1286 4180 post
1297 4111 1670 4181 pmnitentiam
1685 4112 1749 4166 de
1763 4113 1953 4166 notitia
1969 4112 2084 4180 ejus

494 4203 824 4259 exardescit.
869 4200 1134 4258 Carbones
1162 4203 1399 4256 succensi
1445 4210 1564 4256 sunt
1606 4202 1674 4255 ab
1710 4217 1786 4255 eo.
1845 4202 1945 4268 Qui
1971 4203 2084 4271 jam

498 4293 698 4348 mortui
728 4299 909 4357 erant,
940 4292 1142 4347 deserti
1170 4292 1236 4346 ab
1264 4293 1387 4363 igne
1407 4291 1536 4346 boni
1570 4291 1849 4358 desiderii,
1878 4307 1943 4346 ac
1966 4292 2085 4350 lucc

493 4383 722 4452 justitiac
749 4423 763 4447 ,
798 4393 851 4437 et
875 4367 1055 4451 frigidi
1081 4423 1094 4446 ,
1124 4381 1505 4450 tenebrosique
1537 4393 1932 4448 remanserant,
1967 4398 2087 4436 rur-

501 4492 595 4531 sus
622 4475 836 4530 accensi
861 4484 916 4529 et
945 4474 1228 4528 illuminati
1261 4475 1596 4530 revixerunt.
1648 4495 1665 4526 ι

2177 3316 2300 3354 mur
2327 3315 2422 3370 per
2465 3301 2827 3372 ignorantiam
2862 3310 3098 3357 nostram
3126 3343 3141 3366 ,
3176 3301 3333 3356 nobis
3386 3301 3764 3362 absconditur,

2177 3407 2246 3447 ne
2270 3407 2301 3445 a
2332 3393 2484 3448 nobis
2507 3392 2667 3447 modo
2691 3393 2743 3446 in
2767 3402 2970 3447 aeterna
3007 3401 3063 3448 et
3092 3393 3247 3447 ﬁrma
3275 3394 3548 3448 charitate
3589 3395 3768 3448 videa-

2178 3481 2308 3554 tur.)
2339 3481 2358 3521 ί
2392 3483 2448 3538 In
2498 3484 2582 3537 his
2607 3485 2772 3538 etiam
2803 3484 3045 3539 tenebris
3071 3525 3086 3550 ,
3116 3485 3206 3539 ubi
3254 3499 3353 3553 per
3394 3484 3558 3540 {idem
3590 3486 3767 3539 adhuc

2179 3574 2534 3637 ambulamus,
2568 3589 2673 3630 non
2697 3589 2794 3643 per
2822 3576 3055 3645 speciem
3079 3615 3094 3641 ,
3123 3575 3364 3645 quandiu
3389 3576 3535 3644 quod
3557 3592 3666 3631 non
3692 3578 3753 3628 vi-

2181 3665 2368 3720 demus
2401 3704 2415 3728 ,
2464 3678 2746 3733 speramus
2776 3671 2829 3719 et
2862 3679 2960 3735 per
2997 3665 3316 3735 patientiam
3360 3676 3766 3735 exspectamus.

2183 3756 2234 3826 (Β
2273 3755 2407 3821 Quia
2435 3770 2563 3809 vero
2585 3765 2777 3810 auctor
2807 3765 2993 3811 noster
3019 3796 3033 3819 ,
3060 3757 3216 3811 nobis
3252 3757 3306 3810 in
3337 3757 3441 3826 hoc
3464 3757 3634 3812 exilio
3681 3759 3770 3811 de-

2176 3847 2356 3916 jectis,
2383 3846 2557 3901 lucem
2589 3862 2699 3901 suae
2728 3847 2952 3902 visionis
2976 3846 3218 3912 abstulit,
3251 3848 3296 3902 si
3329 3863 3387 3902 se
3414 3850 3623 3903 nostris
3641 3863 3771 3902 ocu-

2184 3937 2267 3999 lis,
2317 3937 2471 4005 quasi
2523 3937 2576 3990 in
2608 3939 2955 3992 tenebrarum
3001 3937 3224 3994 latibulo
3256 3923 3560 3994 abschndit.
3622 3937 3768 4005 Quas

2183 4029 2438 4083 nimirum
2485 4029 2748 4088 caecitatis
2802 4037 3003 4083 nostra:
3054 4030 3309 4084 tenebras
3351 4044 3474 4083 cum
3521 4029 3766 4083 studiose

2186 4121 2548 4188 conspicimus
2578 4160 2591 4184 ,
2630 4131 2867 4173 mentem
2903 4120 2970 4174 ad
3002 4119 3235 4174 lamenta
3268 4134 3604 4174 revocamus.
3653 4119 3771 4172 Flet

2186 4210 2329 4263 enim
2363 4209 2658 4263 edacitatem
2687 4248 2701 4272 ,
2747 4224 2906 4278 quam
2949 4208 3081 4262 foris
3117 4209 3321 4279 patitur
3345 4249 3360 4272 ,
3409 4209 3454 4262 si
3486 4209 3770 4264 humiliter

2188 4299 2469 4364 meminit,
2502 4299 2644 4368 quod
2692 4299 2935 4354 interiori
2984 4299 3187 4354 lumine
3225 4299 3490 4369 privatur.
3523 4297 3776 4368 Cumque

2190 4391 2478 4454 tenebras,
2513 4389 2708 4458 quibus
2735 4388 3101 4443 circumdatur
3129 4429 3142 4452 ,
3179 4388 3422 4458 respicit,
3465 4387 3778 4457 splendoris

2193 4477 2365 4531 intimi
2392 4477 2600 4531 ardenti
2634 4491 2693 4532 se
2723 4477 2992 4532 desiderio
3022 4476 3209 4546 afﬂigit
3233 4517 3248 4541 ,
3291 4477 3543 4546 omnique
3582 4477 3775 4531 inten-

573 4566 644 4622 Et
672 4564 937 4619 inclinavit
979 4563 1187 4627 castum,
1227 4573 1274 4618 et
1307 4563 1594 4618 descendit.
1642 4584 1659 4616 ι
1691 4566 1759 4619 Et
1778 4565 2086 4622 liumiliavit
2113 4553 2160 4610 Ῐ)
2192 4567 2353 4619 tionis
2378 4565 2497 4619 nisu
2523 4566 2812 4634 semetipsa
2839 4566 3081 4620 concutit
3112 4606 3126 4630 ,
3159 4573 3214 4619 et
3253 4580 3538 4634 supernam
3570 4564 3778 4630 lucem,

500 4657 728 4728 justum,
758 4663 815 4709 ut
844 4653 1197 4711 descenderet
1213 4654 1278 4707 ad
1296 4654 1573 4707 hominum
1596 4655 1991 4709 infirmitatem.
2019 4653 2088 4708 Et

504 4745 677 4815 caligo
719 4744 814 4798 sub
842 4743 1059 4816 pedibus
1089 4743 1226 4813 ejus.
1258 4755 1283 4783 α
1313 4742 1521 4814 (Caligo
1565 4744 1683 4813 ejus
1707 4745 1806 4800 sub
1837 4745 2087 4814 pedibus,

506 4837 633 4908 quia
665 4851 772 4890 non
811 4851 874 4889 ea
902 4835 1151 4889 claritate
1191 4835 1260 4887 ab
1288 4834 1633 4890 inferioribus
1665 4835 1938 4901 cernitur,
1983 4851 2087 4905 qua

510 4931 564 4983 in
602 4927 972 4998 superioribus
1001 4925 1360 4992 dominatur.)
1384 4927 1536 4995 lmpii
1561 4928 1728 4991 enim,
1759 4928 1850 4996 qui
1875 4936 2090 4983 terrena

510 5018 750 5086 sapiunt,
781 5014 1012 5086 caligine
1033 5013 1256 5068 malitiae
1277 5029 1388 5068 sua:
1414 5031 1521 5068 non
1544 5023 1916 5085 cognoverunt
1932 5031 2054 5070 eum
2078 5035 2089 5070 :

512 5119 658 5163 terra
685 5108 828 5160 enim
851 5106 951 5160 sub
979 5105 1206 5174 pedibus
1231 5105 1351 5174 ejus
1381 5113 1636 5175 tanquam
1682 5105 1974 5161 scabellum
2004 5121 2097 5176 pe-

513 5197 640 5250 dum
673 5193 812 5263 ejus.
852 5215 870 5245 ι

587 5361 611 5421 ξι
636 5349 710 5402 Ea
739 5389 752 5411 ,
779 5362 898 5418 quze
941 5347 1046 5421 bic'
1077 5348 1386 5421 parenthesi
1416 5347 1605 5412 clausi,
1624 5363 1688 5402 ea
1711 5365 1948 5419 quoque,
1977 5368 2099 5421 quae

515 5417 770 5497 deinceps
816 5417 1122 5497 parenthesi
1154 5418 1408 5497 .claudam
1438 5458 1451 5481 ,
1493 5417 1943 5497 noveritdector,
1987 5417 2093 5476 non

522 5489 573 5540 in
605 5487 890 5556 Augustini
919 5487 1274 5540 Enarratione
1330 5487 1561 5540 inveniri
1591 5527 1602 5548 ,
1647 5491 1740 5542 sed
1791 5491 1992 5545 inserta
2027 5506 2092 5546 ex

517 5557 780 5629 Gregorio
805 5556 1034 5629 allegato
1063 5557 1118 5610 in
1155 5556 1330 5610 locum
1364 5557 1505 5611 hunc
1527 5572 1557 5609 a
1595 5556 1831 5623 Paterio,
1863 5575 2024 5629 quem
2047 5561 2092 5615 si

521 5625 673 5687 vult,
725 5625 970 5680 consulat
994 5625 1182 5680 lector.

595 5696 621 5734 ἱ)
659 5692 725 5766 Ut
765 5713 953 5751 nemo:
980 5711 1168 5766 rursus
1191 5695 1355 5750 habes
1377 5697 1427 5750 in
1453 5697 1771 5766 Augustino.

599 5779 620 5801 ι·
656 5765 853 5820 lterum
890 5766 940 5819 in
966 5765 1226 5834 Gregorio
1255 5767 1366 5818 hate
1396 5765 1668 5835 perquire.

2197 4669 2359 4722 quam
2384 4653 2596 4708 condita
2625 4655 2886 4718 deseruit,
2911 4655 3125 4724 repulsa
3151 4670 3260 4723 qua
3274 4656 3364 4708 rit.
3401 4654 3550 4709 Unde
3580 4656 3648 4708 ﬂt
3675 4657 3784 4726 plc-

2199 4763 2448 4816 rumque,
2482 4755 2543 4800 ut
2572 4748 2625 4800 in
2666 4747 2796 4816 ipsis
2825 4747 2928 4817 piis
2953 4746 3170 4801 ﬂetibus
3222 4746 3310 4799 illa
3353 4747 3552 4800 interni
3580 4749 3776 4818 gaudii

2197 4837 2418 4891 claritas
2448 4846 2714 4906 erumpat,
2738 4845 2793 4890 et
2817 4852 2970 4891 mens
2995 4853 3114 4906 qua:
3139 4837 3192 4891 in
3219 4844 3459 4907 tempore
3489 4839 3648 4907 prius
3679 4855 3780 4892 (δεε-

2201 4944 2265 4982 ca
2290 4929 2537 4998 jacuerat
2561 4968 2574 4991 ,
2602 4928 2668 4982 ad
2702 4928 3092 4996 inspectionem
3123 4928 3345 4998 fulgoris
3401 4929 3575 4982 intimi
3603 4929 3659 4992 ιι,
3696 4946 3786 4983 su-

2200 5025 2383 5094 perius
2407 5033 2657 5093 vegetata
2708 5021 3095 5094 convalescat.)
3121 5021 3189 5076 In
3215 5024 3438 5076 circuitu
3461 5023 3575 5091 ejus
3604 5025 3784 5077 tuber-

2202 5114 2450 5168 naculum
2472 5114 2609 5183 ejus.
2641 5112 2896 5167 Conversi
2921 5121 3101 5166 tamen
3128 5112 3194 5166 ad
3223 5112 3395 5181 ipsum
3421 5112 3672 5166 ambiunt
3692 5113 3784 5182 qui

2201 5203 2427 5258 credunt
2460 5203 2533 5269 ei,
2559 5203 2685 5271 quia
2712 5202 2765 5258 in
2795 5201 2972 5258 medio
3002 5216 3190 5257 corum
3225 5209 3309 5256 est
3341 5241 3356 5268 ,
3380 5217 3501 5256 cum
3530 5203 3785 5258 omnibus

2275 5355 2301 5394 ά
2328 5354 2471 5407 Edit.
2497 5360 2549 5407 in
2578 5367 2698 5407 nne.

2279 5355 2301 5394 τι
2411 5355 2471 5406 ἰ.
2497 5360 2549 5406 it
2685 5394 2698 5407 .

2279 5437 2302 5463 ε
2491 5367 2812 5490 εἰθίιςιιῖιεηῐυν,
2844 5423 3017 5478 donec
3055 5424 3342 5492 pervenias
3373 5437 3387 5476 :
3415 5424 3472 5477 in
3516 5423 3598 5478 Itis
3623 5424 3788 5481 etiam

2205 5510 2304 5572 nec
2405 5493 2724 5572 Augustino,
2752 5509 2852 5572 nec
2874 5495 2930 5572 in
2963 5493 3224 5572 Gregorio
3253 5494 3450 5562 reperi.

2282 5563 2301 5602 f
2331 5563 2663 5633 Rursusnos
2692 5563 2848 5616 docet
2873 5563 3228 5633 Augustinus.

2279 5636 2303 5672 ε
2329 5632 2452 5686 Haec
2480 5631 2884 5700 diligentissime
2909 5630 3024 5701 pro
3037 5646 3188 5694 more
3214 5631 3500 5701 exscripsit
3528 5648 3595 5688 es
3625 5630 3788 5687 Pate-

2209 5704 2306 5782 rio_,
2338 5703 2565 5782 ideoque
2584 5699 2964 5782 fexﬁregorib,
2996 5699 3270 5782 Claudius.

2279 5775 2300 5812 δ
2338 5772 2503 5835 Edit.,
2530 5772 2790 5841 suspiriis,
2815 5772 3010 5842 aptius,
3041 5779 3099 5826 ut
3121 5772 3375 5826 arbitror.
