3912 6384
166 443 277 500 ’113

807 437 1272 508 ΟΠᾸΞΞΤΙΟΝΕΞ
1310 437 1459 493 XXX
1500 434 1726 494 SUPER

1887 432 2016 490 ROS
2057 430 2319 490 REGUM.
2363 462 2430 474 --
2469 431 2672 488 LIBER
2712 433 2775 488 ll.

3326 436 3431 493 τη

164 557 452 628 aequaliter
477 554 636 620 favet,
676 555 730 612 in
756 555 973 626 quibus,
1002 564 1263 628 tanquam
1287 554 1341 608 in
1371 550 1749 616 tabernaculo,
1780 555 1827 613 Α
1853 546 2186 601 multitudine
2212 561 2489 616 aquarum.
2523 545 2830 617 Assumpsit
2864 560 2949 602 me
2994 547 3059 601 de
3091 545 3436 604 multitudine

164 649 381 706 habitat
407 647 508 702 hoc
543 654 805 716 tempore.
838 645 1132 702 Tenebrosa
1169 662 1307 716 aqua
1338 645 1392 699 in
1421 643 1642 697 nubibus
1667 658 1755 695 ae-

164 741 268 794 ris.
293 737 406 795 Nec
431 746 719 808 propterea
751 737 1038 808 quisquam
1054 736 1108 790 in
1140 735 1229 791 illa
1259 735 1399 800 luce,
1429 746 1547 804 qua:
1579 733 1755 788 futura

163 841 274 898 est,
307 846 431 887 cum
458 845 526 885 ex
559 829 666 884 ﬁde
684 829 752 884 ad
778 828 1014 898 speciem
1035 823 1365 890 venerimus,
1397 825 1508 896 jam
1541 839 1600 879 se
1639 839 1759 880 esse

165 923 490 986 arbitretur,
518 921 560 976 si
588 920 899 990 Scripturas
925 926 1073 973 recte
1099 916 1370 986 intelligit.
1399 916 1455 971 ln
1478 915 1759 987 prophetis

167 1013 346 1079 enim,
381 1021 543 1084 atque
566 1013 619 1067 in
648 1010 900 1067 omnibus
929 1009 1101 1065 divini
1129 1009 1283 1065 verbi
1308 1007 1758 1080 praedicatoribus

165 1106 404 1163 obscura
433 1105 682 1162 doctrina
728 1103 816 1158 est"
835 1115 860 1143 ι
890 1102 1059 1176 (quia
1089 1109 1213 1157 ante
1249 1102 1538 1157 adventum
1571 1101 1757 1156 Domi-

167 1200 250 1265 ni,
281 1200 409 1254 dum
443 1195 670 1253 occultis
705 1193 1063 1250 sacramentis
1095 1191 1302 1263 gravidi
1329 1232 1346 1258 ,
1372 1181 1626 1263 mysteria
1660 1192 1761 1249 im-

167 1305 360 1348 mensa
375 1296 674 1363 gestarent,
695 1286 1022 1343 intuentium
1035 1285 1228 1354 oculis,
1243 1300 1431 1342 eorum
1455 1285 1759 1358 intelligen-

167 1383 250 1440 tia
284 1379 599 1453 caligabat.)
634 1400 650 1432 ›

245 1471 372 1529 Prae
400 1471 605 1544 fulgore
626 1474 680 1526 in
708 1480 986 1542 conspectu
1019 1469 1133 1542 ejus
1165 1485 1181 1522 :
1220 1490 1238 1522 t
1269 1471 1320 1526 in
1356 1468 1762 1541 comparatione

166 1566 422 1639 fulgoris,
463 1567 551 1637 qui
579 1574 662 1621 est
690 1565 744 1621 in
772 1573 1063 1636 conspectu
1099 1606 1113 1631 ,
1142 1564 1596 1621 manifestationis
1621 1564 1758 1634 ejus.

170 1657 358 1714 Nubes
381 1658 545 1729 ipsius
596 1656 953 1712 transierunt.
996 1655 1386 1713 Pratdicatores
1417 1654 1570 1711 verbi
1622 1652 1756 1724 ejus,

168 1764 284 1806 non
314 1746 430 1818 jam
450 1746 649 1803 Judma:
676 1745 874 1809 ﬁnibus
901 1747 1271 1815 continentur,
1306 1749 1402 1805 sed
1427 1746 1764 1802 transierunt

167 1841 244 1895 ad
293 1846 500 1913 gentes.
556 1837 846 1909 (Universa
891 1838 1080 1895 mundi
1135 1839 1311 1908 spatia
1367 1837 1756 1893 miraculorum

1861 637 2202 710 populorum.
2242 657 2261 692 ι

1932 733 2088 787 Eruit
2127 750 2209 787 me
2236 733 2300 787 de
2324 732 2548 788 inimicis
2581 734 2708 788 meis
2738 734 3060 804 fortissimis.
3110 753 3129 788 ς
3170 734 3436 793 Eruitme

1861 829 1927 883 de
1956 826 2189 882 inimicis
2216 825 2380 890 meis,
2413 826 2506 897 qui
2534 826 2932 895 przevaluerunt
2978 827 3045 882 ad
3072 823 3438 900 ailligendam,

1859 927 1916 973 et
1948 919 2014 972 ad
2039 916 2452 987 pcrvertendam
2482 915 2644 971 istam
2664 908 3016 986 temporalem
3040 918 3205 974 vitam
3235 934 3440 975 meam.

1863 1009 1932 1063 Et
1969 1009 2032 1064 ab
2060 1009 2140 1063 Itis
2185 1009 2274 1080 qui
2324 1010 2545 1063 oderunt
2573 1025 2653 1062 me
2675 1050 2690 1076 ,
2717 1009 2967 1081 quoniam
3006 1012 3289 1082 confortati
3313 1020 3440 1067 sunt

1861 1117 2017 1173 super
2044 1117 2123 1155 me
2152 1114 2168 1152 :
2196 1099 2435 1170 quandiu
2468 1099 2569 1154 sub
2594 1098 2724 1168 ipsis
2754 1114 2874 1154 sum
2905 1099 3158 1170 ignorans
3192 1101 3379 1158 Deum.
3416 1124 3434 1155 ι

1936 1191 2182 1248 Prwvene
2191 1202 2309 1246 runt
2327 1208 2406 1246 me
2425 1192 2480 1245 in
2491 1191 2575 1246 die
2587 1191 2878 1264 afﬂictionis
2892 1206 3039 1248 metu.
3071 1209 3089 1242 t
3111 1192 3326 1249 Priores
3341 1195 3444 1249 mi-

1862 1287 1916 1341 hi
1937 1293 2237 1342 nocuerunt
2268 1285 2322 1339 in
2352 1292 2594 1355 tempore
2623 1300 2730 1354 quo
2757 1284 3004 1351 mortale,
3028 1292 3082 1340 et
3107 1285 3441 1360 laborime

1864 1393 2059 1449 corpus
2105 1391 2252 1448 gero.
2303 1375 2371 1431 Et
2422 1376 2592 1444 factus
2623 1384 2699 1429 est
2748 1374 3006 1431 Dominus
3049 1376 3442 1445 ﬁrmamentum

1849 1484 2054 1524 .meum.
2088 1467 2154 1520 Et
2197 1466 2453 1536 quoniam
2493 1465 2852 1520 amaritudine
2879 1465 3220 1521 miseriarum
3260 1465 3442 1521 ﬁrma-

1864 1565 2105 1613 mentum
2137 1566 2365 1611 terrena:
2391 1556 2418 1594 ι’
2453 1554 2747 1611 voluntatis
2773 1554 3196 1611 contribulatum
3221 1594 3238 1621 ,
3282 1561 3447 1624 atque

1863 1648 2181 1706 convulsum
2230 1656 2314 1703 est
2337 1683 2358 1710 ,μ
2399 1645 2573 1702 factus
2611 1654 2696 1702 est
2744 1645 3006 1702 Dominus
3042 1645 3443 1701 ﬁrmamentum

1864 1753 2065 1794 meum.
2103 1755 2120 1791 ›

1937 1828 2006 1882 Et
2036 1827 2214 1882 eduxit
2247 1842 2326 1883 me
2374 1826 2428 1880 in
2458 1824 2812 1879 latitudinem.
2855 1842 2872 1875 ι
2906 1823 2974 1878 Et
3027 1824 3151 1894 quia
3195 1824 3444 1881 carnales

167 1928 431 1986 claritate
458 1927 830 2001 percurrunt.)
859 1925 1075 1984 Grando
1107 1936 1156 1982 et
1193 1927 1445 1982 carbones
1473 1927 1628 1998 ignis.
1651 1925 1753 1982 0b-
1779 1921 1830 1982 Β
1859 1917 2166 1989 patiebatur
2195 1916 2492 1988 angustias,
2517 1915 2702 1970 eduxit
2727 1913 2882 1970 mein
2907 1914 3240 1986 spiritualem
3265 1914 3448 1970 latitu-

165 2020 499 2094 jurgationis
517 2019 782 2094 ﬁguratae,
806 2019 1003 2090 quibus
1025 2019 1171 2074 velut
1193 2018 1458 2090 grandine
1481 2018 1643 2072 corda
1659 2016 1757 2072 du-

167 2128 236 2168 ra
270 2111 593 2167 tunduntur.
624 2109 683 2166 Si
719 2117 902 2165 autem
938 2116 1084 2165 terra
1115 2108 1279 2175 culta,
1307 2115 1360 2163 et
1394 2108 1558 2171 mitis,
1595 2106 1646 2161 id
1675 2114 1759 2161 est

168 2205 298 2276 pius
327 2203 540 2259 animus
565 2202 880 2274 exceperit,
908 2201 1106 2257 duritia
1131 2200 1406 2272 grandinis
1450 2201 1507 2255 in
1529 2215 1758 2270 aquam,

169 2292 224 2348 id
248 2288 335 2348 est
357 2302 532 2348 terror
558 2289 844 2362 iulguratae
877 2331 892 2357 ,
918 2300 973 2347 et
1002 2291 1157 2361 quasi
1189 2290 1484 2358 congelatas
1514 2289 1763 2360 objurga-

171 2383 345 2440 tionis
379 2383 437 2438 in
487 2383 792 2439 doctrinam
840 2383 1130 2437 satiantem
1158 2380 1466 2436 resolvitur.
1515 2380 1640 2450 igne
1670 2394 1764 2433 au-

175 2484 290 2532 tem
315 2475 600 2530 cbaritatis
623 2489 854 2528 accensa
871 2473 1032 2529 corda
1059 2473 1406 2527 reviviscunt.
1441 2470 1565 2525 llaec
1585 2470 1763 2525 omnia

173 2568 231 2623 in
255 2567 492 2622 nubibus
513 2565 682 2635 ipsius
712 2563 778 2619 ad
805 2572 992 2634 gentes
1038 2563 1390 2617 transierunt.
1420 2563 1436 2631 (
1467 2560 1600 2628 Quia
1623 2560 1768 2613 vidc-

175 2657 309 2713 licet
339 2656 512 2713 sancti
545 2657 646 2710 viri
698 2656 862 2711 corda
895 2653 1228 2710 audientium
1256 2693 1270 2717 ,
1315 2662 1370 2706 et
1397 2660 1665 2706 terrentes
1695 2649 1768 2704 fc-

178 2748 353 2820 riunt,
379 2756 433 2802 et
460 2746 802 2801 blandientes
824 2741 1134 2799 infundunt.
1163 2742 1298 2797 Nam
1315 2727 1796 2812 quemadmodum,

177 2839 402 2903 feriant,
427 2838 690 2908 prepbeta
717 2845 903 2892 noster
927 2843 1157 2891 testatur
1185 2835 1370 2889 dicens
1388 2831 1559 2904 (Psal.
1589 2846 1766 2893 cxuv,

179 2931 236 3000 6)
273 2946 288 2986 :
331 2928 584 2983 Virtutem
615 2927 928 2982 terribilium
969 2937 1180 2980 tuorum
1209 2926 1400 2990 dicent,
1433 2933 1480 2977 et
1512 2921 1774 2992 magnituo

175 3021 361 3076 dinem
413 3028 561 3073 tuam
608 3017 901 3071 narrabant
952 3033 970 3070 :
1007 3024 1066 3072 et
1112 3014 1568 3084 quemadmodum
1615 3010 1762 3065 blan-

180 3111 399 3166 dientes
433 3110 656 3180 vigent,
691 3115 906 3162 secutus
955 3103 1200 3175 adjunxit
1226 3102 1414 3175 (Ibid.,
1445 3121 1492 3157 υ.
1523 3103 1578 3172 7)
1614 3119 1625 3154 :
1659 3099 1772 3153 Me-

178 3200 409 3254 moriam
459 3197 796 3252 abundantia:
845 3195 1119 3250 suavitatis
1171 3204 1274 3248 tua:
1321 3191 1649 3246 eructabunt.
1705 3188 1774 3242 Et

178 3289 395 3360 iustitia
421 3297 512 3341 tua
532 3285 883 3341 exsultabant.
907 3289 924 3358 )
961 3306 978 3338 ι

257 3399 328 3454 Et
354 3399 578 3454 intonuit
602 3397 666 3450 de
691 3395 815 3451 caelo
837 3396 1115 3452 Dominus.
1139 3415 1155 3448 ι
1200 3395 1267 3452 Et
1293 3394 1606 3465 evangelica
1634 3393 1774 3448 iidu-

184 3495 272 3550 cia
303 3495 368 3549 de
389 3492 551 3549 corde
567 3491 698 3562 justi
723 3490 905 3546 sonuit
927 3491 1204 3546 Dominus.
1224 3488 1291 3544 Et
1313 3488 1610 3542 Altissimus
1631 3486 1772 3540 dedit

185 3601 361 3639 vocem
384 3600 556 3640 suam.
587 3583 656 3638 Ut
692 3583 1015 3645 haberemus
1053 3596 1194 3646 eam,
1223 3581 1356 3635 etin
1385 3576 1652 3650 profundo
1693 3593 1771 3630 re-

188 3692 311 3731 rum
334 3677 692 3731 humanarum
720 3674 1031 3729 audiremus
1060 3672 1320 3727 emlestia.
1364 3691 1381 3724 ι

263 3790 334 3845 Et
360 3790 500 3844 misit
533 3790 751 3860 sagittas
782 3805 938 3852 suas,
983 3797 1030 3841 et
1054 3788 1321 3858 dissipavit
1350 3802 1456 3840 eos.
1503 3800 1519 3835 t
1553 3785 1620 3840 Et
1648 3786 1768 3840 etni-

188 3881 262 3937 sit
287 3880 657 3952 Evangelistas
669 3879 862 3949 pennis
886 3879 1143 3932 virtutum
1160 3886 1306 3932 recta
1321 3878 1514 3933 itinera
1529 3885 1776 3931 transvoo

189 3971 388 4037 iantes,
429 3985 536 4026 non
566 3969 698 4033 suis,
727 3969 821 4024 sed
841 3966 958 4035 ejus
985 3983 1014 4021 a
1045 3983 1153 4037 quo
1194 3967 1344 4022 missi
1380 3975 1507 4022 sunt
1545 3966 1769 4019 viribus.

188 4065 258 4121 Et
279 4064 533 4134 dispersit
560 4077 677 4127 eos,
709 4063 775 4116 ad
809 4075 945 4131 quos
969 4060 1116 4115 missi
1143 4071 1302 4126 sunt,
1335 4069 1395 4114 ut
1419 4059 1544 4113 aliis
1586 4073 1775 4113 eorum

187 4159 377 4209 essent
392 4153 526 4207 odor
549 4152 675 4206 vitae
704 4152 758 4205 in
791 4151 979 4215 vitam,
1005 4149 1124 4204 aliis
1160 4149 1296 4204 odor
1324 4149 1516 4206 mortis
1540 4149 1594 4203 in
1632 4163 1776 4202 mor-

191 4255 324 4301 tem.
352 4241 423 4297 Et
458 4242 844 4296 consentiam
896 4239 1258 4311 multiplicauit
1292 4279 1308 4304 ,
1353 4248 1400 4293 et
1452 4237 1776 4293 conturbavit

187 4351 301 4389 eos.
335 4334 403 4390 Et
430 4332 691 4389 miracula
730 4330 1130 4402 multiplicavit,
1166 4328 1229 4385 et'
1242 4331 1585 4384 conturbavit
1622 4343 1770 4383 eos.»

263 4445 337 4501 Et
359 4455 716 4517 apparuerunt
745 4445 911 4516 fontes
937 4459 1213 4515 aquarum.
1255 4461 1272 4494 ι
1316 4443 1384 4497 Et
1407 4450 1780 4514 apparuerunt

191 4537 287 4609 qui
314 4534 444 4590 laeti
466 4542 624 4590 erant
664 4532 718 4588 in
743 4533 1165 4604 praedicantibus
1191 4531 1366 4588 fontes
1386 4533 1568 4604 (Joan.
1594 4548 1671 4597 tv,
1688 4531 1777 4603 ii)

1860 2009 2039 2064 dinem
2053 2008 2195 2063 iidei.
2223 2008 2378 2061 Eruit
2392 2024 2494 2071 me,
2508 2005 2753 2079 quoniam
2765 2006 2928 2061 voluit
2947 2022 3046 2060 me.
3063 2005 3366 2078 Antequam
3388 2007 3448 2062 il-

1861 2096 1970 2153 lum
1993 2113 2092 2169 ego
2107 2098 2326 2167 vellem,
2343 2098 2581 2153 eruitme
2604 2097 2670 2152 de
2705 2096 2938 2153 inimicis
2977 2097 3111 2153 meis
3135 2098 3449 2168 potentissi-

1862 2188 1984 2253 mis,
2007 2188 2099 2257 qui
2131 2187 2262 2242 mihi
2289 2186 2528 2240 invident
2540 2185 2655 2254 jam
2680 2185 2878 2241 volenti
2904 2201 3050 2252 eum,
3076 2187 3221 2242 etab
3246 2186 3333 2242 bis
3356 2188 3448 2257 qui

1863 2279 2094 2334 oderunt
2117 2293 2220 2342 me,
2259 2278 2384 2350 quia
2407 2277 2530 2333 volo
2559 2294 2704 2332 eum.
2747 2296 2766 2330 ι

1937 2370 2005 2424 Et
2056 2370 2300 2424 retribuet
2354 2370 2482 2423 mihi
2543 2369 2798 2425 Dominus
2850 2370 3134 2425 secundum
3183 2369 3450 2440 justitiam

1867 2476 2054 2513 meam.
2088 2478 2103 2509 t
2134 2459 2566 2514 Retribuetmibi
2588 2459 2846 2514 Dominus
2863 2461 3157 2515 secundum
3175 2460 3448 2529 justitiam

1868 2551 2023 2604 bonae
2054 2550 2365 2614 voluntatis,
2416 2555 2506 2619 qui
2535 2551 2684 2621 prior
2712 2551 2945 2621 praebuit
2995 2553 3450 2615 miscricordiam,

1869 2649 2160 2710 antequam
2183 2642 2434 2696 haberem
2459 2643 2653 2697 bonam
2667 2643 3018 2700 voluntatem.
3065 2643 3135 2697 Et
3165 2645 3453 2698 secundant

1869 2730 2147 2798 puritatem
2181 2745 2432 2782 manuum
2464 2747 2700 2784 mearum
2718 2731 2962 2786 retribuet
2989 2732 3137 2788 mihi.
3168 2733 3235 2802 Et
3257 2749 3455 2789 secun-

1873 2821 1999 2874 dum
2048 2821 2340 2888 puritatem
2375 2821 2642 2876 factorum
2694 2839 2936 2881 meorum
2969 2826 3234 2882 retribuet
3297 2827 3456 2892 mihi,

1874 2907 1966 2979 qui
1994 2908 2180 2963 tn’buit
2209 2910 2340 2966 mihi
2365 2951 2379 2975 ,
2414 2919 2473 2964 ut
2497 2910 2637 2967 bene
2660 2909 2892 2968 facerem
2915 2953 2929 2977 ,
2961 2913 3242 2969 educendo
3274 2931 3358 2970 me
3399 2916 3453 2970 in

1877 2999 2210 3054 latitudinem
2235 3001 2375 3055 iidei.
2413 3020 2430 3053 ›

1951 3088 2089 3156 Quia
2116 3091 2373 3145 custodivi
2403 3093 2511 3146 vias
2548 3089 2781 3147 Domini.
2825 3111 2842 3143 ε
2882 3093 2951 3148 Ut
2977 3093 3030 3148 in
3064 3106 3082 3130 τ
3112 3095 3454 3153 latitudinem

1877 3178 2142 3234 bonorum
2167 3195 2412 3251 operum,
2447 3198 2566 3251 qum
2597 3178 2693 3252 per
2717 3182 2874 3237 iidem
2899 3193 3042 3251 sunt,
3065 3193 3116 3239 et
3141 3185 3458 3256 longanimi-

1802 3284 1846 3348 ρ
1881 3275 1967 3325 tas
1999 3271 2400 3341 perseverando
2427 3281 2806 3343 consequatur.
2848 3295 2865 3326 ι

1959 3360 2072 3416 Nec
2098 3363 2250 3432 impie
2274 3364 2408 3434 gessi
2442 3381 2474 3417 α
2499 3363 2609 3418 Deo
2650 3381 2762 3418 meo
2793 3406 2805 3430 ,
2833 3368 3080 3438 quoniam
3114 3370 3288 3423 omnia
3301 3371 3458 3441 judi-

1881 3451 1962 3506 cia
1985 3453 2096 3521 ejus
2116 3454 2168 3506 in
2189 3463 2462 3524 conspectu
2487 3472 2598 3508 meo
2621 3467 2740 3510 sunt
2764 3473 2981 3527 semper.
3013 3477 3031 3509 t
3066 3458 3331 3526 Quoniam
3346 3476 3458 3517 om-

1883 3542 1971 3599 nia
1985 3541 2185 3612 judicia
2210 3543 2347 3612 ejus,
2375 3545 2426 3600 id
2442 3555 2526 3601 est
2546 3545 2570 3586 δ
2597 3563 2695 3618 per
2718 3548 3148 3606 misericordiam
3162 3552 3458 3622 justorum,

1881 3644 1934 3690 et
1967 3651 2157 3707 pinnas
2202 3639 2489 3708 impiorum
2514 3681 2527 3702 ,
2561 3650 2616 3695 ct
2649 3639 2856 3711 ﬂagella
2891 3644 3330 3715 corrigendorum
3358 3687 3371 3711 ,
3407 3657 3460 3700 et

1883 3725 2211 3782 tcntationcs
2261 3728 2660 3798 probandorum
2711 3737 3083 3803 perseveranti
3133 3738 3460 3807 contempla-

1884 3816 2029 3870 tione
2058 3817 2358 3874 considero.
2403 3819 2472 3874 Et
2509 3820 2749 3890 justitias
2789 3823 2902 3892 ejus
2957 3841 3059 3878 non
3096 3826 3262 3895 repuli
3294 3845 3326 3880 a
3357 3845 3455 3884 nte.

1882 3905 2034 3970 Quod
2053 3905 2261 3962 faciunt
2281 3908 2588 3964 deﬁcientes
2609 3911 2708 3966 sub
2737 3912 2946 3968 sarcina
2975 3928 3183 3980 earum,
3209 3924 3263 3971 et
3281 3931 3454 3972 rever-

1883 4001 2071 4049 tuntur
2094 3996 2161 4050 ad
2190 3999 2450 4052 vomitum
2477 4013 2654 4053 suum.
2697 4021 2714 4052 ι

1954 4083 2023 4138 Et
2083 4103 2173 4141 ero
2221 4089 2589 4145 immaculatus
2631 4108 2808 4145 coram
2851 4110 2930 4158 eo,
2961 4102 3008 4147 et
3054 4095 3330 4149 observabo
3378 4112 3460 4150 me

1881 4173 1946 4231 ab
1969 4175 2238 4242 iniquitate
2264 4194 2397 4232 mea.
2428 4177 2497 4233 Et
2519 4181 2774 4246 retribuet
2797 4183 2923 4236 mihi
2981 4183 3233 4238 Dominus
3275 4202 3460 4241 secun-

1880 4271 2005 4323 dum
2036 4269 2304 4340 justitiam
2331 4285 2518 4323 meam.
2558 4287 2576 4321 t
2601 4270 2786 4341 Itaque
2815 4287 2919 4327 non
2943 4271 3115 4328 solum
3139 4284 3360 4344 propter
3383 4275 3460 4329 la-

1886 4361 2172 4416 titudinem
2196 4361 2318 4415 ildei
2348 4401 2364 4426 ,
2393 4376 2512 4431 quae
2533 4377 2630 4431 per
2654 4363 3000 4420 dilectionem
3032 4375 3290 4436 operatur
3318 4408 3332 4432 ,
3364 4370 3458 4422 sed

1882 4452 2046 4506 etiam
2073 4459 2297 4522 propter
2330 4450 2720 4520 longitudinem
2750 4456 3167 4524 perseverantia:
3198 4458 3462 4512 retribuet

1887 4541 2018 4597 mihi
2050 4541 2308 4596 Dominus
2331 4541 2628 4596 secundum
2650 4542 2920 4613 justitiam
2945 4560 3138 4600 meam.
3177 4567 3194 4599 ι

191 4646 462 4704 aquarum
497 4629 800 4686 salientium
829 4627 886 4682 in
922 4629 1088 4683 vitam
1117 4635 1396 4683 aeternam.
1442 4626 1511 4682 Et
1550 4626 1778 4681 revelata
1805 4632 1857 4692 D
1955 4630 2023 4686 Et
2049 4630 2332 4686 secundum
2349 4629 2632 4702 puritatem
2662 4649 2912 4702 manuum
2937 4652 3169 4694 mearum
3217 4639 3461 4695 retribuet

191 4733 318 4779 sunt
347 4721 692 4793 fundamenta
736 4719 872 4774 orbis
900 4730 1180 4774 terrarum.
1215 4718 1459 4775 Reveiati
1495 4725 1624 4774 sunt
1651 4733 1776 4789 pro-

191 4818 392 4890 pheta,
426 4815 518 4884 qui
548 4827 654 4870 non
686 4812 1123 4881 intelligebantur
1149 4853 1162 4876 ,
1197 4827 1359 4884 super
1381 4827 1517 4884 quos
1543 4811 1778 4868 aediﬁca-

179 4907 348 4961 ‘retur
381 4903 529 4958 orbis
552 4910 819 4958 terrarum
843 4900 1069 4957 credens
1092 4900 1338 4956 Domino.
1370 4899 1446 4954 Ab
1468 4901 1778 4970 increpatio-

194 5014 258 5053 ne
282 5007 397 5060 tua,
423 4994 644 5049 Domine
683 4993 966 5049 clamantis
1006 4991 1155 5063 (Luc.
1175 5007 1234 5059 ι.
1258 4991 1316 5063 9)
1343 5011 1354 5045 :
1384 4992 1780 5064 appropinqua~

194 5089 272 5144 vit
296 5100 462 5158 super
487 5101 582 5142 vos
624 5099 852 5156 regnum
879 5082 975 5138 Dei
1005 5101 1016 5135 :
1061 5083 1133 5136 Ab
1173 5082 1530 5151 increpatione
1560 5083 1775 5153 spiritus

193 5183 291 5234 ire
336 5187 485 5232 tua:
514 5176 746 5231 dicentis
784 5169 934 5245 (Luc.
975 5189 1097 5237 xm,
1128 5171 1181 5242 5)
1226 5191 1237 5224 :
1276 5173 1376 5226 nisi
1423 5171 1775 5242 panitentiam

193 5270 423 5343 egeritis,
457 5285 631 5324 omnes
657 5267 900 5325 similiter
927 5265 1242 5320 moriemini.
1279 5284 1297 5316 ι

267 5379 502 5436 Hisitde
527 5394 757 5442 summa,
795 5386 845 5432 et
867 5377 1062 5446 accepit
1091 5390 1191 5428 me.
1230 5391 1248 5424 ι
1276 5371 1533 5428 Vocando
1559 5387 1624 5426 ex
1643 5386 1775 5441 gen-

196 5473 346 5530 tibus
396 5470 453 5524 in
498 5469 872 5526 btereditatem
921 5465 1210 5536 gloriosam
1241 5503 1255 5528 ,
1297 5461 1594 5517 Eeclesiam
1626 5500 1641 5526 ,
1671 5475 1784 5518 non

197 5565 492 5622 habentem
538 5560 830 5625 maculam,
863 5565 958 5612 aut
987 5571 1174 5626 rugam
1209 5573 1221 5608 :
1267 5553 1561 5632 Assumpsit
1604 5567 1687 5606 nte
1712 5551 1778 5604 de

274 5749 296 5778 ι
324 5735 516 5791 Tradit
531 5731 911 5800 subsequentia
933 5730 1200 5794 Paterius,
1220 5729 1447 5798 ideoque
1462 5724 1777 5794 Gregorius.

272 5808 300 5847 δ
328 5807 470 5861 Edit.
499 5803 798 5872 voluptatis.

267 5888 293 5918 θ
337 5875 479 5932 Edit.
515 5873 763 5928 latitudo.

602 5964 876 6027 PATROL.
914 5961 1036 6026 ClV
1052 6000 1069 6021 .

1884 4723 2009 4776 mihi
2051 4724 2102 4776 in
2151 4731 2425 4793 conspectu
2452 4723 2741 4778 oculorum
2789 4726 2922 4796 ejus.
2976 4744 2994 4777 t
3030 4727 3295 4794 Quoniam
3339 4744 3461 4801 qum

1883 4813 2153 4878 videntur,
2182 4815 2501 4884 temporalia
2530 4825 2657 4870 sunt
2681 4833 2693 4881 ;
2725 4831 2843 4887 qua:
2869 4826 3048 4875 autem
3071 4836 3178 4877 non
3209 4823 3462 4879 videntur

1883 4913 2085 4961 aeterna
2108 4915 2252 4970 sunt,
2287 4922 2393 4977 quo
2419 4907 2654 4977 pertinet
2680 4907 2908 4965 altitudo
2933 4912 3065 4981 spei.
3105 4931 3123 4964 ›

1955 4995 2084 5051 Cum
2115 5007 2296 5052 sancto
2331 5007 2545 5054 sanctus
2567 5001 2690 5052 eris.
2728 5017 2745 5050 ι
2776 5000 2874 5055 Est
2899 5002 3062 5056 etiam
3091 5004 3301 5060 occulta
3332 5019 3458 5077 pro-

1881 5087 2139 5157 funditas,
2185 5106 2289 5160 qua
2341 5090 2654 5163 intelligeris
2708 5107 2830 5147 cum
2861 5101 3049 5149 sancto
3081 5096 3300 5153 sanctus
3326 5099 3456 5162 eris,

1881 5179 2008 5249 quia
2039 5187 2094 5234 tu
2123 5172 2451 5236 sa‘nctiﬁcas.
2501 5179 2569 5234 Et
2597 5199 2715 5235 cum
2745 5183 2853 5236 viro
2896 5185 3167 5238 innocente
3209 5186 3457 5241 innocens

1880 5273 2025 5344 erit:
2053 5280 2109 5326 et
2128 5273 2253 5342 quia
2276 5272 2408 5328 nulli
2449 5287 2611 5328 noces
2628 5313 2643 5339 ,
2689 5274 2783 5329 sed
2810 5274 3086 5329 criniculis
3109 5285 3455 5344 pematorum

1883 5379 2104 5419 suorum
2130 5365 2504 5434 unusquisque
2529 5366 2939 5437 constringitur.
2976 5386 2994 5418 ι

1955 5452 2024 5508 Et
2044 5471 2162 5508 cum
2189 5453 2349 5509 electo
2380 5455 2570 5510 electus
2593 5457 2716 5510 eris.
2751 5475 2769 5507 t
2806 5457 2873 5512 Et
2897 5456 2964 5512 ab
2994 5472 3058 5513 eo
3088 5473 3249 5528 quem
3280 5458 3452 5530 eligis,

1881 5547 2127 5618 elegeris.
2161 5547 2226 5600 Et
2255 5558 2278 5586 ο
2310 5564 2427 5600 cum
2450 5548 2699 5616 perversis
2729 5547 3059 5603 subveneris.
3089 5549 3154 5604 Et
3175 5565 3302 5607 cum
3329 5565 3458 5622 per-

1953 5725 1980 5765 ἀ
2015 5725 2155 5782 Edit.
2183 5735 2233 5778 et
2260 5726 2477 5795 prtcmia
2498 5725 2786 5795 justorum.

1962 5808 1984 5834 ο
2015 5796 2155 5851 Edit.
2187 5811 2453 5858 perversus
2484 5797 2603 5849 eris.

2949 5951 3024 6012 93
