3912 6352
464 332 572 389 715

1526 328 1803 387 CLAI'DII
1840 327 2298 386 TAURINENSIS
2335 330 2642 387 EPISCOPI

3638 336 3742 391 7l6

463 461 625 503 verso
670 447 872 503 videris
898 460 1187 519 perversus
1221 464 1234 501 :
1268 461 1293 488 ι
1331 448 1401 502 ob
1446 448 1591 518 quod
1621 445 1702 501 eis
1731 461 1837 502 non
1879 444 2047 510 faves,
2079 446 2130 507 Α
2157 445 2325 514 quilla
2355 484 2372 514 ,
2404 455 2458 502 et
2499 447 2679 503 mollia
2716 487 2732 515 ,
2762 450 2855 505 sed
2886 451 3049 505 etiam
3100 466 3199 522 per
3232 466 3425 522 aspera
3463 493 3477 516 ,
3517 461 3575 507 et
3612 453 3745 508 dura

460 548 753 606 perversus
779 552 899 593 esse
924 536 1127 593 videris
1149 578 1165 605 ,
1191 537 1447 608 quoniam
1472 537 1661 593 dicunt
1685 553 1791 592 non
1813 542 1896 591 est
1928 549 2048 590 rec-

466 633 518 681 ta
549 627 634 681 via
664 626 880 681 Domini
908 642 922 681 ;
959 632 1017 681 et
1050 626 1298 697 ipsorum
1326 627 1414 681 via
1445 640 1555 682 non
1592 634 1678 681 est
1701 632 1874 681 recta.
1916 644 1934 677 ι

535 716 804 785 Quoniam
826 726 886 773 tu
912 717 1160 792 populum
1174 714 1423 773 humilem
1440 717 1641 773 salvum
1668 717 1850 788 facies.
1886 735 1904 768 ι
1936 714 2050 771 Hoc

464 818 644 864 autem
676 824 1017 881 perversum,
1037 808 1251 865 videtur
1272 810 1581 879 perversis,
1609 809 1753 881 quod
1780 806 2045 865 conﬁten-

463 909 546 955 tes
567 908 788 972 peccata
834 916 932 955 sua
953 899 1131 955 salvos
1154 898 1342 955 facies.
1372 898 1439 953 Et
1464 898 1645 954 oculos
1696 898 2040 969 superborum

461 990 784 1047 bumih'abis.
814 991 1133 1064 Ignorantes
1158 999 1341 1046 autem
1367 990 1464 1046 Dei
1489 988 1782 1064 justitiam,
1812 995 1867 1043 et
1892 1002 2045 1044 suam

462 1080 708 1136 volentes
735 1080 1086 1145 constituere,
1112 1080 1445 1137 humiliabis.
1485 1101 1503 1133 ι

529 1169 799 1237 'Quonia'm
847 1160 969 1225 ttth
1016 1170 1338 1225 illuminabis
1402 1170 1671 1225 lucernam
1700 1185 1892 1234 meam,
1933 1167 2048 1222 Do-

460 1261 618 1315 mine.
678 1278 697 1312 ι
736 1261 1001 1328 Quoniam
1029 1277 1137 1316 non
1171 1271 1254 1317 est
1282 1270 1528 1317 nostrum
1554 1261 1735 1315 lumen
1780 1276 1846 1315 ex
1870 1260 2047 1323 nobis,

462 1350 558 1407 sed
600 1358 659 1408 tu
709 1352 1039 1419 illuminabis
1062 1352 1341 1408 lucernam
1377 1366 1555 1406 meam
1580 1393 1593 1419 ,
1625 1351 1872 1407 Domine.
1907 1350 2048 1405 Deus

461 1460 630 1512 meus,
679 1444 923 1501 illumina
951 1445 1189 1501 tenebras
1233 1462 1398 1501 meas.
1457 1444 1567 1502 Nos
1619 1447 1765 1501 enim
1812 1446 2050 1516 peccatis
2094 1497 2099 1503 .

462 1535 664 1591 nostris
684 1535 936 1592 tenebrae
963 1548 1183 1604 sumus,
1220 1537 1316 1592 sed
1351 1536 1496 1592 Deus
1540 1551 1693 1595 meus
1721 1536 2052 1593 illuminabit

464 1626 719 1683 tenebras
747 1641 917 1682 meas.
952 1647 970 1679 ι

532 1715 797 1783 Quoniam
820 1727 921 1774 ate
944 1728 966 1757 ο
992 1718 1190 1790 eripiar
1206 1737 1239 1777 a
1268 1719 1568 1774 tentatione.
1604 1736 1622 1770 ι
1652 1718 1915 1787 Quoniam
1938 1735 2047 1776 non

2150 536 2465 593 transimus.
2496 537 2642 595 Bene
2681 546 2811 610 ergo
2856 555 2955 610 per
2984 542 3318 612 psalmistam
3349 543 3557 597 dicitur
3588 557 3604 596 :
3640 542 3745 610 Qui

2146 627 2366 697 perfecit
2397 629 2554 700 pedes
2579 646 2719 685 meos
2747 640 2996 703 tanquam
3025 634 3182 688 cervi.
3211 632 3419 690 Cervus
3444 632 3600 689 enim
3620 649 3747 689 cu

2146 716 2411 783 montium
2444 717 2575 790 juga
2623 721 2959 788 conscendit,
2989 737 3218 794 quasque
3245 738 3473 795 aspera,
3511 738 3749 795 quasque

2148 821 2207 863 se
2230 805 2490 876 objiciunt
2503 810 2745 868 sentibus
2757 811 2984 885 illigata,
3001 815 3128 870 dato
3149 816 3290 870 saltu
3312 815 3749 886 transgreditur.

2147 905 2203 953 et
2259 900 2462 976 absque
2489 901 2598 959 ullo
2627 918 2821 960 cursus
2848 904 2932 960 sui
2972 906 3253 962 obstaculo
3273 947 3288 973 ,
3321 909 3347 947 ε
3370 906 3426 960 in
3446 905 3751 975 superiori-

2147 988 2248 1046 bus
2272 991 2535 1049 elevatur.
2551 995 2628 1057 lta
2644 996 2807 1051 etiam
2824 996 3118 1057 electorum
3130 1004 3339 1053 mentes
3356 1038 3372 1064 ,
3384 1012 3621 1068 quaque
3644 994 3757 1051 sibi

2150 1081 2203 1135 in
2237 1081 2341 1138 hoc
2374 1085 2577 1141 mundo
2606 1086 2895 1155 obsistere,
2927 1097 3089 1159 atque
3115 1089 3336 1145 obviare
3361 1088 3710 1159 conspiciunt
3732 1126 3748 1147 .

2150 1173 2623 1245 contemplationis
2644 1178 2782 1233 saltu
2816 1180 3207 1238 transcendunt
3237 1195 3253 1233 :
3282 1189 3337 1236 et
3373 1193 3527 1235 more
3556 1192 3757 1239 cervo-

2150 1279 2290 1331 rum,
2316 1266 2585 1338 despectis
2613 1278 2949 1325 terrenarum
2981 1288 3161 1327 rerum
3190 1273 3451 1339 sentibus,
3478 1272 3537 1328 in
3558 1284 3756 1342 super-

2150 1372 2220 1411 na
2244 1373 2302 1413 se
2327 1361 2583 1416 evehunt.
2616 1380 2636 1414 ι
3724 1346 3727 1347 ν

2222 1447 2291 1501 Et
2323 1466 2479 1521 super
2502 1449 2707 1506 excelsa
2742 1461 2938 1507 statuet
2967 1469 3071 1507 me.
3117 1472 3136 1506 ι
3176 1453 3243 1508 Et
3273 1468 3440 1523 super
3464 1451 3759 1511 celestem

2142 1536 2537 1595 habitationem
2560 1539 2687 1611 liget
2726 1541 3085 1599 intentionem
3125 1558 3324 1607 meam,
3350 1552 3413 1597 ut
3436 1541 3672 1612 implear
3699 1541 3759 1598 in

2152 1626 2311 1700 (Eph.
2338 1646 2421 1696 ιιι,
2456 1631 2542 1700 l9)
2572 1649 2789 1691 omnem
2818 1635 3210 1709 plenitudinem
3246 1635 3363 1691 Dei.
3403 1655 3421 1688 ι

2225 1718 2331 1785 Qui
2352 1721 2501 1776 docet
2531 1739 2720 1780 manus
2767 1742 2911 1780 meas
2938 1726 3009 1780 ad
3037 1726 3301 1797 prcelium.
3375 1744 3395 1778 ‹
3437 1724 3544 1793 Qui
3594 1724 3761 1780 docet

460 1825 492 1863 a
515 1808 624 1874 me,
661 1808 758 1865 sed
786 1825 817 1863 a
846 1817 901 1865 te
936 1850 950 1877 ,
995 1826 1159 1866 eruar
1183 1809 1223 1866 ~a
1268 1802 1587 1869 tentatiOne.
1621 1810 1688 1866 Et
1711 1811 1767 1867 in
1796 1812 1906 1867 Deo
1942 1830 2056 1868 meo
2085 1793 2133 1853 Β
2154 1824 2250 1865 me
2276 1814 2490 1882 operari
2515 1814 2580 1869 ad
2610 1816 2946 1887 superandos
2976 1793 3245 1882 inimicos,
3283 1816 3377 1886 qui
3400 1815 3562 1870 nobis
3586 1816 3763 1871 inter—

460 1900 820 1973 tr‘ansgrediar
838 1918 1066 1957 murum.
1098 1902 1165 1958 Et
1186 1908 1293 1961 non
1325 1900 1379 1958 in
1410 1918 1517 1970 me,
1560 1904 1667 1960 sed"
1697 1904 1752 1961 in
1798 1904 1910 1959 Deo
1937 1916 2057 1959 meo

460 1992 828 2065 transgrediar
841 2000 1252 2066 murum,qaem
1268 1995 1411 2050 inter
1422 1995 1673 2053 homines
1714 2004 1768 2051 et
1779 1986 2058 2051 eccleStem

460 2085 799 2141 Hierusalem
836 2097 1061 2157 peccata
1088 2090 1405 2143 erexerunt.
1434 2107 1455 2141 ι

530 2174 669 2231 Deus
692 2191 837 2231 meus
864 2217 879 2243 ,
906 2176 1255 2232 immaculata
1281 2186 1357 2232 est
1384 2177 1468 2239 via
1485 2176 1624 2251 ejus.
1664 2195 1682 2229 ι
1717 2176 1866 2235 Deus
1895 2193 2050 2233 meus

460 2282 569 2323 non
596 2267 821 2322 venitin
850 2268 1098 2323 homines
1123 2308 1138 2332 ,
1166 2267 1271 2324 nisi
1300 2264 1688 2325 mandaverint
1733 2268 1877 2323 viam
1907 2267 2054 2333 ﬁdei,

462 2374 569 2429 qua
596 2358 782 2414 veniat
831 2358 900 2414 ad
939 2374 1036 2414 eos
1064 2399 1077 2423 ,
1106 2358 1234 2428 quia
1284 2355 1637 2415 immaculata
1662 2366 1747 2414 est
1776 2358 1865 2414 via
1915 2356 2052 2430 ejus.

465 2449 694 2522 Elaquia
742 2449 954 2505 Domini
1000 2450 1119 2521 igne
1161 2449 1483 2504 examinata.
1559 2445 1788 2520 Eloquia
1836 2448 2053 2504 Domini

464 2541 635 2615 igned
666 2542 1088 2599 examinationis
1143 2542 1463 2612 probantur.
1518 2539 1793 2601 Protectar
1815 2552 1891 2599 est
1938 2559 2050 2597 om—

466 2635 613 2690 nium
644 2632 1034 2705 sperantiumin
1054 2650 1130 2693 se.
1157 2634 1226 2690 Et
1252 2648 1461 2701 omnes,
1492 2633 1584 2707 qui
1610 2648 1717 2690 non
1742 2634 1797 2690 in
1821 2650 1880 2691 se
1902 2624 2049 2706 ipsis,

464 2722 560 2781 sed
591 2725 645 2781 in
677 2723 767 2780 illo
804 2732 1065 2795 sperant,
1108 2723 1297 2781 eadem
1333 2723 1685 2780 tribulatione
1713 2739 1823 2780 non
1853 2740 2051 2798 consu-

464 2824 684 2870 mentur
712 2834 726 2870 :
756 2830 881 2885 spes
906 2815 1052 2871 enim
1087 2815 1336 2885 sequitur
1366 2814 1549 2871 ﬁdem.
1579 2834 1599 2868 ι

540 2904 806 2973 Quoniam
830 2906 946 2978 quis
970 2906 1109 2962 Deus
1130 2894 1615 2977 praeterDominum
1636 2905 1662 2963 Ρ
1681 2923 1699 2957 ι
1732 2904 1830 2964 Cui
1862 2917 1885 2947 θ
1910 2907 2053 2963 servi

466 3013 674 3054 sumus.
705 2998 772 3052 Et
792 2998 915 3069 quis
945 2998 1130 3065 Deus,
1147 3006 1347 3068 praeter
1375 2996 1686 3062 Dominum,
1712 3012 1897 3071 quem,
1926 3006 2051 3070 post

467 3088 667 3145 bonam
712 3090 1035 3145 servitutem
1062 3096 1320 3160 tanquam
1362 3087 1737 3143 haereditatem
1776 3098 2051 3161 speratam

468 3181 565 3237 ﬁlii
596 3179 1031 3250 possidebimus?
1065 3200 1081 3232 ι

544 3274 685 3329 Deus
715 3272 806 3345 qui
826 3273 1104 3343 pra’cinxtl
1125 3288 1208 3327 me
1231 3272 1437 3328 uirtute.
1469 3290 1487 3325 ι
1518 3272 1662 3329 Deus
1687 3272 1779 3343 qui
1802 3288 1890 3328 me
1916 3288 2055 3345 pne-

471 3365 644 3421 cinxit
671 3404 687 3430 ,
713 3372 776 3418 ut
799 3361 957 3419 fortis
982 3362 1085 3419 sim
1118 3381 1130 3415 :
1162 3378 1231 3419 ne
1257 3363 1563 3419 dilﬂuentes
1603 3362 1756 3419 sinus
1783 3363 2053 3436 cupidita-

473 3455 545 3510 tis
573 3454 874 3524 impediant
899 3468 1091 3524 opera,
1143 3462 1201 3507 et
1226 3467 1447 3523 gressus
1472 3468 1644 3509 meos.
1670 3451 1741 3507 Et
1762 3452 1943 3524 posuit
1966 3454 2059 3508 im-

475 3544 795 3600 maculatum
812 3543 949 3598 viam
971 3558 1160 3597 meam.
1188 3541 1257 3597 Et
1276 3541 1460 3613 posuit
1489 3541 1894 3598 immaculatam
1913 3543 2059 3607 viam

474 3636 780 3701 charitatis,
795 3649 902 3705 qua
920 3633 988 3690 ad
1003 3633 1155 3689 illum
1182 3633 1419 3699 veniam,
1437 3633 1577 3689 sicut
1600 3635 1949 3715 immaculata
1976 3643 2061 3712 est

476 3728 634 3793 lldes,
666 3743 774 3799 qua
802 3728 953 3790 venit
979 3726 1046 3781 ad
1075 3740 1183 3781 me.
1231 3745 1248 3777 ι
1856 3786 1863 3793 ι
1895 3794 1897 3796 η

550 3816 654 3883 Qui
675 3818 891 3889 perfecit
930 3816 1085 3888 pedes
1109 3824 1247 3870 meos
1273 3826 1524 3887 tanquam
1548 3817 1705 3872 cervi.
1743 3837 1763 3887 ᾳ
1800 3813 1903 3885 Qui
1940 3832 2063 3889 per-

477 3909 608 3966 fecit
658 3923 900 3963 amorem
931 3921 1111 3963 meum
1154 3906 1222 3962 ad
1260 3908 1691 3965 transcendenda
1738 3909 1980 3979 spinosa,
2009 3917 2066 3967 et

477 3999 731 4054 umbrosa
774 3998 1176 4068 implicamenta
1206 3996 1366 4068 hujus
1416 3996 1620 4053 saeculi.
1654 3998 1673 4037 ί
1706 3998 1928 4066 Cervos,
1956 4001 2065 4071 spi-

478 4088 703 4145 rituales
744 4086 895 4144 viros
944 4088 1181 4159 appellat
1214 4097 1438 4159 propter
1494 4075 1832 4147 alacritatem
1885 4092 2063 4149 veloci

477 4193 643 4239 cursu
678 4196 693 4236 :
727 4181 1077 4237 robustorum
1110 4180 1254 4236 enim
1296 4188 1506 4237 mentes
1535 4182 1589 4235 in
1619 4181 1730 4237 Deo
1777 4182 2069 4253 immobili-

479 4284 564 4329 ter
588 4271 709 4327 lixae
736 4279 889 4327 tanto
917 4272 1143 4327 adversa
1186 4286 1416 4342 quaeque
1465 4270 1768 4342 despiciunt
1796 4314 1810 4337 ,
1863 4283 2069 4344 quanto

479 4372 751 4427 cernunt,
787 4363 931 4433 quod
980 4369 1172 4417 contra
1220 4369 1490 4431 praecepta
1539 4361 1834 4417 conditoris
1878 4378 2071 4419 exere-,-

2164 1900 2384 1958 cludere
2419 1903 2661 1963 coelestia
2701 1916 3168 1978 regnaconantur
3220 1906 3291 1960 Et
3314 1906 3564 1978 posuisti,
3586 1916 3648 1967 us
3677 1923 3764 1960 ar-

2164 2007 2282 2045 cum
2305 1990 2532 2061 (ereum,
2547 1994 2760 2051 brachia
2786 2013 2923 2051 mea.
2964 1996 3032 2053 Et
3079 1987 3311 2069 posuisti
3351 1997 3762 2070 infatigabilem

2163 2078 2517 2138 intentionem
2544 2084 2813 2140 bonorum
2840 2100 3067 2157 operum
3089 2102 3359 2142 meorum.
3401 2107 3421 2140 s

2233 2170 2303 2225 Et
2335 2173 2526 2228 dedisti
2551 2175 2680 2230 mihi
2714 2180 3088 2246 protectionem
3114 2177 3303 2233 salutis
3345 2193 3513 2233 metu:
3539 2188 3589 2233 et
3632 2178 3761 2232 de:-

2163 2272 2275 2317 tera
2314 2273 2407 2319 tua
2432 2268 2657 2337 suscepit
2684 2281 2783 2322 me.
2825 2286 2843 2320 ι
2877 2268 2939 2326 Id
2965 2278 3052 2325 est
3090 2268 3245 2325 favor
3282 2271 3473 2341 gratiae
3500 2281 3610 2326 tua:
3633 2286 3760 2327 sus-

2161 2357 2306 2426 cepit
2338 2372 2444 2413 me.
2479 2358 2549 2413 Et
2594 2360 2871 2432 disciplina
2894 2372 2987 2417 tua
3015 2364 3209 2419 direxit
3254 2382 3335 2419 me
3364 2366 3421 2419 in
3468 2366 3653 2435 ﬁnem.
3692 2366 3763 2421 Et

2160 2447 2187 2488 ιι
2212 2447 2481 2506 correctio
2518 2458 2609 2505 tua
2637 2467 2723 2506 me
2771 2452 2989 2510 deviare
3013 2469 3121 2509 non
3149 2455 3334 2510 sinens
3363 2496 3378 2520 ,
3412 2455 3624 2511 direxit
3654 2496 3672 2520 ,
3705 2464 3763 2510 ut

2159 2537 2419 2608 quidquid
2445 2553 2545 2612 ago
2571 2581 2585 2606 ,
2637 2540 2693 2595 in
2723 2557 2847 2597 eum
2879 2543 3042 2599 linem
3069 2543 3306 2600 referam
3339 2585 3354 2610 ,
3392 2560 3503 2614 quo
3545 2549 3559 2583 ι
3598 2558 3765 2601 coro-

2159 2638 2321 2685 netur
2347 2630 2502 2685 mihi.
2537 2631 2607 2686 Et
2635 2631 2915 2704 disciplina
2940 2645 3033 2690 tua
3060 2634 3174 2706 ipsa
3198 2651 3280 2690 me
3306 2635 3534 2689 docebit.
3570 2635 3640 2690 Et
3661 2650 3761 2691 ea-

2164 2721 2286 2776 dem
2326 2722 2597 2778 correctio
2630 2730 2720 2777 tua
2749 2739 2835 2779 me
2888 2723 3103 2781 docebit
3127 2726 3420 2797 pervenire
3450 2766 3466 2791 ,
3489 2726 3638 2797 quod
3683 2726 3764 2782 di-

2158 2812 2317 2868 rexit.
2340 2833 2358 2865 ι

2225 2903 2476 2959 Dilatasti
2510 2921 2718 2977 gressus
2750 2922 2891 2961 meos
2917 2906 3093 2961 subter
3118 2923 3224 2960 me.
3264 2924 3282 2957 ι
3316 2905 3431 2963 Nec
3459 2906 3765 2976 impedient

2155 2992 2401 3051 carnales
2428 2997 2708 3067 angustiae,
2741 2994 2999 3068 quoniam
3023 2998 3190 3053 latam
3218 2998 3396 3054 fecisti
3426 2999 3764 3077 charitatem

2157 3099 2337 3142 meam
2362 3093 2678 3157 operantem
2703 3087 2969 3153 hilariter,
3007 3088 3174 3144 etiam
3202 3088 3268 3143 de
3297 3088 3452 3163 ipsis,
3478 3105 3602 3160 qua
3633 3090 3766 3145 sub-

2082 3145 2127 3209 C
2160 3180 2243 3228 ter
2267 3189 2356 3229 me
2386 3145 2512 3229 sunt
2545 3208 2561 3241 ,
2596 3175 2918 3232 mortalibus
2938 3177 3124 3243 rebus,
3146 3145 3514 3233 et‘meiubris:
3546 3177 3618 3232 Et
3658 3194 3767 3233 nos

2156 3273 2276 3319 sunt
2294 3265 2563 3331 inﬁrmata
2577 3265 2788 3337 vestigia
2816 3283 2951 3321 mea.
2976 3267 3048 3326 Et
3066 3283 3174 3323 non
3197 3276 3322 3323 sunt
3350 3268 3629 3323 inﬁrmata
3650 3270 3766 3325 sive

2157 3353 2355 3412 itinera
2385 3368 2525 3421 mea,
2564 3357 2679 3412 sive
2704 3346 2857 3429 signa
2889 3399 2902 3424 ,
2947 3373 3066 3428 qua:
3093 3360 3357 3430 impressa
3397 3370 3528 3416 sunt
3547 3362 3619 3417 ad
3642 3364 3766 3418 imi-

2166 3448 2390 3509 tandum
2420 3450 2798 3518 sequentibus.
2832 3469 2851 3502 ι

2231 3536 2526 3630 Ρεηεᾳαρν
2552 3540 2792 3596 inimicos
2820 3558 2960 3597 meos
2998 3584 3014 3609 ,
3040 3554 3087 3598 et
3126 3545 3569 3615 comprehendam
3618 3546 3762 3601 illos.

2168 3653 2185 3684 ι
2217 3633 2519 3705 Persequar
2571 3633 2798 3692 adiectus
2825 3636 3072 3693 carnales
3100 3653 3272 3704 meos,
3317 3653 3389 3692 ne
3411 3638 3482 3693 ab
3505 3639 3587 3693 eis
3612 3654 3765 3694 eom-

2156 3722 2471 3790 prehendar
2487 3738 2501 3777 :
2519 3723 2615 3779 sed
2630 3725 3087 3795 comprehendam
3108 3727 3248 3790 illos,
3266 3735 3328 3780 ut
3353 3727 3715 3781 absumantur
3752 3748 3765 3781 :

2168 3811 2234 3867 Et
2280 3830 2381 3869 non
2410 3825 2683 3871 convertar
2709 3816 2874 3871 donec
2931 3816 3199 3886 deﬁciant.
3231 3817 3301 3870 Et
3325 3816 3396 3871 ab
3434 3817 3547 3871 ista
3580 3818 3762 3873 inten-

2168 3906 2312 3961 tione
2334 3920 2442 3960 nou
2477 3915 2765 3962 convertar
2795 3907 2863 3961 ad
2884 3906 3144 3979 quietem,
3177 3907 3351 3962 donec
3368 3905 3630 3962 deficiant
3668 3909 3765 3978 qui

2166 4000 2489 4071 obstrepunt
2512 4000 2666 4056 mihi.
2700 4018 2718 4053 ι

2240 4091 2308 4145 Et
2325 4092 2667 4162 confringant
2690 4091 2811 4146 illos
2834 4108 2853 4157 ;
2880 4107 2972 4145 nec
2996 4100 3239 4162 poterunt
3254 4100 3417 4145 stare.
3455 4108 3483 4140 ‹
3505 4087 3766 4145 Confrin-

2170 4196 2296 4253 gam
2320 4180 2462 4247 illos,
2484 4196 2587 4236 nec
2603 4180 2878 4236 durabunt
2905 4180 3319 4235 adversumme.
3344 4178 3542 4233 Cadent
3567 4178 3765 4232 subtus

2169 4270 2325 4343 pedes
2344 4286 2505 4327 meos.
2528 4273 2757 4346 Dejectis
2778 4279 2910 4338 illis.
2937 4285 3250 4341 pmponam
3297 4283 3531 4333 amores.
3558 4270 3770 4337 quibus

2172 4362 2389 4419 ambulo
2414 4362 2469 4420 in
2489 4368 2777 4418 azternum.
2816 4381 2835 4415 ι

479 4466 639 4514 scunt
670 4476 682 4510 :
715 4455 1043 4511 aeternitatis
1066 4454 1262 4526 quippe
1290 4452 1513 4524 praemia
1530 4454 1912 4545 praestolantes
1938 4496 1952 4522 ,
1985 4457 2068 4513 vi-
2093 4490 2148 4551 Β
2212 4542 2225 4551 .
2241 4452 2313 4509 Et
2338 4452 2662 4551 praeiudiin
2687 4469 2769 4551 me
2792 4456 2978 4551 virtute
3098 4451 3308 4509 bellum.
3344 4470 3363 4503 ί
3397 4450 3461 4505 Et
3486 4451 3767 4509 constrin-

481 4562 570 4605 res
597 4562 664 4602 ex
695 4544 1115 4605 adversitatibus
1143 4552 1383 4610 sumunt,
1415 4544 1541 4616 quia
1572 4541 1853 4603 crescente
1882 4560 2067 4619 pugna

481 4636 861 4708 gloriosiorem
895 4636 999 4690 sibi
1030 4648 1140 4689 non
1182 4632 1464 4706 ambigunt
1511 4651 1732 4692 manere
1759 4637 2063 4695 victoriam.

485 4727 579 4784 Sic
608 4728 793 4799 itaque
826 4726 1124 4783 electorum
1152 4724 1421 4781 desideria
1448 4725 1576 4780 dum
1611 4736 1933 4797 premuntur
1969 4729 2069 4785 ad-

484 4818 743 4873 versitate
773 4858 787 4883 ,
810 4816 1108 4887 proﬁciunt
1127 4856 1141 4881 ,
1161 4814 1311 4871 sicut
1338 4814 1478 4883 ignis
1502 4812 1633 4869 ﬂatu
1668 4817 1972 4888 premitur,
2008 4828 2069 4874 ut

485 4918 698 4967 crescat
728 4926 743 4975 ;
766 4916 822 4963 et
843 4908 1001 4963 unde
1022 4906 1177 4978 quasi
1198 4905 1442 4976 extingui
1468 4905 1729 4973 cernitur,
1764 4907 1889 4963 inde
1916 4908 2072 4965 robo‘

488 5011 663 5057 ratur.
704 5001 762 5055 In
789 5014 858 5056 eo
901 5012 1136 5068 namque
1162 4995 1499 5053 ostendimus
1534 5037 1550 5063 ,
1576 5006 1783 5067 quanta
1804 5000 1872 5056 ad
1901 4999 2071 5057 Deum

488 5092 783 5163 cupiditate
802 5089 1116 5162 ﬂagramus,
1142 5088 1187 5143 si
1227 5100 1333 5142 non
1366 5086 1539 5143 solum
1560 5089 1629 5143 ad
1660 5103 1783 5144 eum
1809 5104 1905 5160 per
1928 5090 2074 5147 tran—

517 5308 519 5311 ,
564 5283 589 5311 ι
620 5268 797 5323 Verba
824 5266 940 5322 lucc
970 5284 983 5317 :
1012 5266 1074 5319 ob
1097 5264 1235 5337 quod
1262 5261 1341 5337 [id
1362 5264 1535 5337 estob
1556 5261 1853 5337 hocquo’d]
1875 5266 1948 5321 eis
1971 5283 2076 5323 non

493 5341 925 5412 fauesjeruersus
954 5352 1064 5412 esse
1087 5334 1279 5412 uidens
1300 5334 1500 5412 desunt
1522 5334 1577 5388 in
1603 5334 1783 5390 editis.

568 5411 594 5450 δ
624 5404 765 5475 Edit.
795 5408 1085 5461 illuminas.
1114 5405 1178 5461 Et
1202 5418 1391 5460 revera
1418 5404 1672 5475 deinceps
1702 5406 1920 5475 repetit,
1949 5407 2072 5463 illu-

494 5474 747 5536 minabis.

568 5559 591 5590 ο
628 5548 798 5615 Edim
824 5561 1002 5602 eruar.

567 5620 593 5660 ά
632 5618 797 5683 Edit.,
828 5616 1204 5671 tribula'ionis.

570 5701 593 5729 ε
618 5684 783 5753 Edit.,
806 5686 1076 5742 servimus.

573 5758 591 5798 ί
620 5758 793 5815 Verba
811 5759 925 5813 hac
957 5776 968 5809 :
992 5756 1496 5821 cervos,spirituales
1514 5758 1645 5812 viros
1673 5757 1899 5829 appellat
1924 5775 2079 5831 prop-

2174 4542 2300 4598 xisti
2349 4542 2568 4597 ﬂuentia
2594 4542 2861 4597 desideria
2906 4542 3090 4597 carnis
3115 4557 3273 4607 meae,
3322 4544 3517 4597 virtute
3539 4582 3557 4606 ,
3588 4557 3667 4597 ne
3709 4543 3768 4597 in

2171 4634 2266 4689 tali
2293 4649 2472 4705 pugna
2497 4633 2843 4704 przepedirer.
2875 4632 3241 4707 Supplantasti
3260 4634 3583 4703 insurgentes
3607 4634 3669 4687 in
3685 4650 3769 4688 me

2175 4724 2354 4799 subter
2380 4742 2480 4780 me.
2513 4724 2699 4793 Decipi
2726 4722 2902 4780 fecisti
2924 4738 3040 4790 eos,
3068 4724 3160 4794 qui
3188 4739 3276 4780 me
3313 4723 3767 4793 iuseqnebantur,

2173 4824 2232 4874 ut
2254 4816 2439 4875 subter
2459 4830 2549 4875 me
2576 4817 2791 4884 tierent,
2815 4816 2908 4886 qui
2935 4830 3102 4887 super
3128 4830 3217 4871 me
3242 4830 3366 4873 esse
3386 4816 3709 4887 cupiebant.
3744 4838 3763 4870 ι

2244 4909 2315 4966 Et
2334 4910 2572 4967 inimicos
2594 4927 2732 4985 meos
2752 4910 2942 4966 dedisti
2963 4909 3092 4964 mihi
3110 4908 3346 4963 dorsum.
3372 4927 3391 4959 ι
3414 4908 3479 4964 Et
3500 4907 3769 4964 inimicos

2175 5018 2327 5059 meos
2362 5004 2680 5061 convertisti
2702 5044 2717 5066 ,
2754 5010 2806 5059 et
2840 5002 3063 5058 dorsum
3090 5001 3225 5057 mibi
3251 5015 3351 5059 eos
3372 5000 3546 5055 fecisti
3579 5014 3722 5055 esse

2174 5094 2227 5151 id
2240 5099 2344 5159 est,
2360 5100 2422 5149 ut
2446 5098 2806 5165 sequerentur
2830 5106 2937 5149 me.
2970 5090 3039 5146 Et
3060 5091 3183 5153 odio
3196 5090 3439 5147 habentes
3460 5105 3561 5153 me.
3578 5091 3769 5160 perdi-

2176 5275 2255 5321 ter
2277 5265 2622 5347 alacritatem
2648 5264 2807 5321 ueloci
2849 5282 3006 5347 cursu
3031 5264 3133 5347 ‘Lid
3164 5274 3251 5347 est
3275 5265 3330 5319 in
3355 5262 3550 5347 veloci“
3569 5277 3747 5347 cursu

2178 5352 2271 5392 seu
2286 5337 2330 5392 si
2345 5338 2447 5402 vis,
2465 5336 2649 5391 velocis
2663 5352 2869 5401 cursus,
2880 5330 3088 5391 Claudii
3105 5343 3230 5390 sunt
3254 5348 3269 5388 :
3300 5334 3497 5403 reliqua
3510 5330 3768 5405 Gregorii

2180 5408 2358 5478 Magni
2388 5401 2603 5478 allegati
2634 5421 2665 5478 a
2690 5405 2915 5478 Paterio
2944 5421 3010 5478 ex
3037 5405 3132 5461 lib.
3152 5420 3242 5459 xvi
3272 5401 3558 5459 Moralium
3579 5401 3767 5475 [ιὶυω.

2179 5475 2425 5547 ἳόξεϋδε
2445 5475 2566 5547 cap.
2593 5475 2837 5540 16,.olim
2860 5475 2973 5547 10.]

2258 5550 2283 5589 ⁸
2322 5546 2413 5628 Sic
2448 5541 2833 5613 Paterius,sed
2860 5548 2915 5601 in
2940 5541 3159 5617 vulgato
3183 5544 3241 5601 S.
3266 5543 3510 5616 Gregorii
3539 5541 3689 5600 libro
3716 5544 3771 5599 in

2185 5634 2480 5672 superiora.

2316 5687 2459 5747 Edit.
2492 5687 2771 5758 correptio.

2266 5759 2281 5799 ί
2318 5757 2462 5813 Edit.
2501 5758 2793 5812 coheretur
2816 5757 2927 5811 tibi.
