3912 6324
181 367 286 422 ’717

823 362 1282 432 ΟυΑΞδΤΙΟΝΕὸ
1322 362 1469 418 XXX
1511 362 1737 420 SUPER

1865 356 2030 414 BROS
2071 359 2330 417 REGUM.
2369 393 2434 402 —
2468 361 2672 418 LIBER
2711 362 2773 418 ll.

3338 365 3442 422 7l8

178 483 327 538 disti.
361 482 508 536 Alios
541 489 718 536 autem
749 495 959 542 eorum,
1000 480 1088 549 qui
1124 479 1176 532 in
1215 475 1338 534 odio
1371 479 1754 548 perdurarnnt,
1789 479 1833 537 Α
1865 471 1933 525 Et
1963 474 2156 527 nomini
2196 483 2286 527 tuo
2323 473 2565 544 psallam.
2606 474 2671 529 Et
2726 473 2890 531 latius
2937 475 3246 534 innotesces
3286 479 3447 537 bonis

178 571 511 641 disperdisti.
556 589 574 622 ι

255 659 624 714 Clamaverunt
666 676 759 712 nec
803 667 916 712 erat
959 659 1049 728 qui
1097 657 1269 712 salvos
1318 657 1533 726 faceret.
1571 674 1589 706 ι
1625 653 1759 721 Quis

175 751 325 805 enim
354 750 531 804 salvos
569 749 773 804 faceret
797 788 810 812 ,
846 761 980 817 quos
1020 755 1073 802 tu
1105 763 1211 803 non
1241 746 1493 802 faceres?
1518 747 1598 801 Ad
1643 747 1761 800 Do-

174 841 380 893 minum
410 855 502 892 nec
539 838 806 892 exaudivit
844 853 950 892 eos.
985 837 1096 893 Nec
1125 838 1192 892 ad
1226 837 1541 907 quemlibet,
1574 839 1669 893 sed
1693 838 1758 894 ad

173 929 465 984 Dominum
503 928 900 993 clamaverunt,
933 942 1036 983 nec
1076 927 1421 983 exauditione
1460 927 1651 996 dignos
1673 926 1758 996 ju-

169 1021 379 1077 dicabit
409 1035 516 1074 non
549 1018 863 1074 recedentes
891 1033 922 1072 a
958 1018 1164 1072 malitia
1204 1032 1322 1072 sua.
1364 1037 1382 1070 ι

248 1111 320 1165 Et
349 1109 699 1165 comminuam
745 1108 866 1162 illos
891 1149 906 1174 ,
954 1118 1010 1161 ut
1031 1107 1291 1178 pulverem
1318 1108 1477 1177 juxta
1509 1120 1534 1148 ι
1569 1107 1755 1176 faciem

173 1203 341 1256 venti.
386 1218 404 1251 ι
437 1199 504 1253 Et
530 1199 891 1255 comminuam
923 1199 1045 1253 illos
1077 1215 1089 1251 :
1121 1198 1257 1252 aridi
1287 1199 1432 1253 enim
1457 1187 1605 1262 sunt,
1650 1212 1756 1251 non

169 1290 504 1360 recipientes
547 1288 774 1343 imbrem
805 1286 1194 1342 misericordiae
1223 1286 1318 1341 Dei
1347 1326 1360 1351 ,
1397 1294 1458 1340 ut
1497 1286 1665 1351 elati,
1703 1295 1758 1340 et

169 1384 351 1439 inflati
382 1383 632 1453 superbia
657 1384 727 1438 ab
755 1397 849 1453 spe
872 1381 1047 1447 ﬁrma,
1068 1391 1123 1437 et
1149 1382 1470 1437 inconcussa
1498 1390 1756 1451 tanquam

170 1485 340 1532 terra:
383 1475 672 1540 soliditate,
704 1483 760 1529 et
804 1473 1098 1529 stabilitate
1127 1474 1426 1544 rapiantur.
1479 1471 1545 1528 Ut
1584 1473 1754 1528 lutum

170 1569 475 1639 platearum
501 1566 678 1622 delebo
705 1583 814 1621 eos.
840 1565 947 1621 Per
995 1567 1134 1622 latas
1168 1607 1183 1627 .
1221 1577 1358 1637 Quas
1385 1567 1539 1622 multi
1567 1568 1754 1621 ambu-

172 1660 311 1722 lant,
335 1658 647 1730 perditionis
661 1658 794 1724 vias,
823 1657 1176 1716 luxuriantes.
1207 1665 1262 1713 et
1288 1657 1527 1714 lubricos
1558 1658 1750 1714 delebo

169 1767 292 1807 COS.
325 1772 344 1804 ι

247 1841 418 1896 Erues
447 1858 528 1895 me
557 1841 620 1894 de
643 1840 1136 1894 contradictionibus
1165 1839 1360 1910 populi.
1400 1858 1417 1887 η
1456 1839 1626 1893 Erues
1669 1852 1754 1893 me
1784 1833 1829 1890 Β

169 1930 240 1985 de
271 1931 786 1986 contradictionibus
821 1944 1029 1996 eorum,
1063 1932 1158 2000 qui
1192 1929 1485 1986 dixerunt:
1514 1930 1572 1986 Si
1597 1930 1754 1985 dimi.

169 2021 411 2077 serimus
425 2037 547 2076 eum
564 2022 742 2077 vivum
758 2021 811 2086 ιι,
827 2036 986 2076 omne
1011 2019 1263 2076 saeculum
1289 2032 1409 2090 post
1429 2036 1550 2076 eum
1579 2017 1694 2076 ibit.
1732 2041 1748 2073 ι

246 2109 541 2164 Constituet
570 2128 651 2164 me
681 2110 735 2163 in
757 2120 912 2181 caput
937 2111 1186 2180 gentium.
1222 2110 1456 2181 Populus
1475 2123 1626 2182 quem
1650 2127 1754 2164 non

170 2200 398 2270 cognovi
430 2241 444 2265 ,
476 2210 499 2238 θ
528 2200 712 2254 serviet
737 2200 884 2255 mihi.
920 2217 939 2250 ς
987 2199 1223 2270 Populus
1250 2201 1490 2272 gentium
1519 2241 1534 2266 ,
1591 2216 1752 2272 quem

166 2289 445 2359 corporali
473 2289 759 2359 prtesentia
798 2304 907 2343 non
936 2290 1152 2344 visitavi
1183 2329 1197 2354 ,
1231 2290 1454 2345 servivit
1499 2291 1654 2345 mihi.
1683 2290 1750 2344 In

167 2380 431 2434 obauditu
477 2380 623 2433 auris
661 2379 882 2433 obedivit
921 2380 1068 2432 mihi.
1099 2375 1208 2435 Nec
1237 2381 1408 2436 oculis
1457 2389 1544 2436 me
1596 2382 1750 2448 vidit,

167 2472 274 2528 sed
304 2473 568 2542 recipiens
605 2471 990 2541 praedicatores
1021 2485 1169 2528 meos
1202 2473 1254 2526 in
1299 2474 1557 2529 obauditu
1607 2477 1753 2530 auris

165 2564 451 2620 obaudivit
480 2563 634 2617 mihi.
673 2582 691 2615 ι

244 2654 377 2708 Filii
415 2653 574 2708 alieni
599 2655 801 2708 mentiti
823 2663 942 2708 sunt
968 2655 1112 2707 mihi.
1160 2673 1178 2705 t
1214 2653 1334 2709 Filii
1383 2671 1489 2711 non
1530 2656 1636 2714 mei
1667 2658 1752 2712 di-

165 2745 356 2810 cendi,
382 2745 476 2798 sed
500 2744 679 2814 potius
699 2743 880 2808 alieni,
899 2744 1095 2813 quibus
1120 2755 1268 2799 recte
1289 2744 1488 2799 dicitur
1515 2763 1527 2798 :
1571 2745 1668 2799 Vos
1689 2745 1752 2799 ea)

163 2845 320 2900 patre
338 2833 549 2888 diabolo
571 2835 711 2897 estis,
741 2835 940 2889 mentiti
965 2845 1086 2889 sunt
1107 2835 1252 2890 mihi.
1276 2834 1404 2889 Filii
1426 2835 1586 2890 alieni
1599 2836 1750 2892 inve-

163 2936 491 2982 teraverunt.
532 2926 652 2980 Filii
693 2926 873 2989 alieni,
907 2928 1102 2996 quibus
1129 2935 1191 2981 ut
1217 2935 1630 2993 renovarentur,
1653 2944 1753 2982 no-

165 3035 299 3075 wm
340 3027 721 3073 testamentum
750 3018 926 3083 attuli,
959 3019 1012 3072 in
1044 3017 1069 3057 ἀ
1099 3025 1336 3074 veterem
1363 3018 1638 3073 hominem
1665 3033 1750 3074 re-

166 3117 514 3164 manserunt.
547 3107 617 3161 Et
649 3108 1074 3161 claudicaverunt
1100 3123 1136 3160 a
1165 3108 1362 3161 semitis
1386 3109 1514 3161 suis.
1537 3108 1604 3162 Et
1634 3117 1750 3162 tan-

163 3213 338 3267 quam
369 3212 477 3252 uno
499 3197 634 3267 pede
654 3197 875 3262 debiles,
909 3199 1036 3266 quia
1067 3204 1221 3252 vetus
1241 3205 1485 3253 tenentes
1512 3238 1527 3264 ,
1550 3213 1750 3254 novum

165 3295 559 3342 testamentum
586 3295 930 3355 respuerunt,
963 3272 1139 3341 claudi
1179 3285 1357 3370 effecti
1398 3296 1542 3353 sunt,
1586 3289 1749 3344 etiam

167 3377 225 3430 in
260 3376 564 3445 ipsa'veteri
588 3375 704 3445 lege
732 3376 910 3444 potius
937 3391 1064 3430 suas
1096 3376 1414 3431 traditiones
1436 3389 1751 3450 sequentes,

163 3488 338 3544 quam
369 3472 482 3549 Dei.
538 3470 750 3542 (Matth.
782 3488 873 3535 xv,
900 3472 954 3541 Ξ)
1001 3471 1486 3527 Calumniabantur
1513 3475 1660 3528 enim
1685 3474 1752 3531 de

167 3564 427 3619 manibus
449 3578 554 3617 non
580 3563 702 3617 lotis
733 3603 747 3628 ,
786 3563 911 3633 quia
945 3563 1078 3618 tales
1113 3570 1270 3617 erant
1314 3566 1522 3620 semita».
1551 3606 1564 3631 ,
1615 3582 1752 3636 quas

167 3655 279 3725 ipsi
310 3655 568 3717 fecerant,
618 3663 672 3709 et
714 3655 1100 3710 consuetudine
1130 3655 1414 3721 triverant,
1447 3659 1751 3714 abcrrando

164 3746 240 3799 ab
282 3756 305 3784 θ
335 3744 527 3798 itinere
548 3753 937 3813 praeceptorum
964 3744 1081 3799 Dei.
1112 3764 1130 3796 ι

256 3835 392 3889 Vivit
420 3835 675 3888 Dominus
705 3875 718 3900 ,
750 3845 794 3889 et
823 3835 1119 3888 benedictus
1151 3830 1292 3890 Deus
1322 3852 1490 3890 meus.
1528 3855 1546 3887 ‹
1576 3835 1749 3908 (Rom.

167 3944 295 3991 vm,
327 3925 382 3988 6)
434 3925 743 3980 Secundum
768 3933 947 3978 autem
979 3940 1196 3980 carnem
1230 3937 1442 3995 sapere,
1469 3941 1618 3981 mors
1647 3935 1750 3982 est.

177 4017 323 4071 Vivit
353 4016 630 4081 Dominus,
654 4026 701 4070 et
722 4014 1019 4069 benedictus
1043 4015 1184 4070 Deus
1208 4032 1372 4070 meus.
1401 4015 1470 4070 Et
1495 4015 1755 4077 exaltatur

163 4109 320 4163 Deus
342 4106 528 4160 salutis
557 4122 704 4159 meae.
732 4105 799 4158 Et
848 4119 955 4159 non
1005 4112 1219 4160 terrena
1275 4106 1665 4160 consuetudine
1688 4107 1754 4160 de

167 4201 288 4255 Deo
322 4197 514 4252 salutis
541 4211 674 4251 meae
707 4194 938 4249 sentiam
973 4213 984 4246 :
1021 4209 1122 4250 nec
1155 4203 1425 4250 terrenam
1454 4194 1627 4264 ipsam
1655 4211 1743 4249 sa-

163 4290 365 4351 lutem,
396 4285 490 4342 sed
531 4288 584 4340 in
614 4285 830 4341 excelso
851 4285 916 4338 de
946 4285 1037 4338 illo
1061 4299 1293 4354 sperem.
1333 4305 1351 4338 ι

243 4378 389 4431 Deus
430 4377 519 4448 qui
570 4375 667 4429 das
709 4375 987 4429 vindictam
1021 4375 1188 4439 mihi,
1236 4384 1286 4428 et
1325 4374 1504 4431 subdis
1532 4378 1749 4448 populos

160 4471 266 4525 sub
297 4485 398 4522 me.
430 4485 448 4520 ι
483 4468 624 4522 Deus
651 4466 744 4537 qui
773 4466 1014 4521 vindicas
1045 4482 1130 4520 me
1154 4507 1169 4531 ,
1205 4465 1486 4526 subdendo
1531 4471 1631 4525 sub
1661 4485 1748 4527 me

161 4559 419 4632 populos.
451 4559 722 4612 Liberator
748 4572 895 4617 meus
920 4555 985 4610 de
1005 4557 1230 4612 inimicis
1256 4558 1384 4611 meis
1413 4594 1427 4624 ,
1455 4558 1744 4614 clamanti-

162 4655 295 4716 bus,
317 4648 585 4718 cruciﬁge,
611 4647 878 4716 cruciﬁge,
907 4645 1125 4700 Judzeis.
1153 4663 1172 4697 ι

229 4726 320 4795 .Ab
344 4740 728 4811 insurgentibus
759 4739 812 4792 in
843 4755 922 4792 me
967 4736 1222 4791 exultabis
1258 4755 1358 4792 me.
1408 4733 1502 4792 t’A
1552 4741 1748 4810 quibus

159 4833 373 4889 Julzeis
399 4830 797 4901 insurgentibus
825 4829 878 4882 in
902 4844 988 4882 me
1012 4828 1326 4896 patientem,
1355 4831 1621 4888 exaltabis
1661 4849 1749 4889 me

160 4932 560 4996 resurgentem.
596 4923 638 4976 A
665 4923 774 4975 viro
809 4921 994 4991 iniquo
1022 4936 1169 4974 erues
1204 4935 1284 4973 me
1315 4935 1332 4970 :
1371 4922 1417 4975 Α
1461 4939 1628 4995 regno
1657 4942 1748 4981 eo.

159 5035 289 5074 rum
324 5017 510 5085 iniquo
543 5013 560 5054 ῐ
590 5014 788 5083 eripies
819 5029 923 5069 me.
966 5036 982 5067 ι

243 5109 531 5176 Propterea
547 5107 934 5174 confitebortibi
951 5109 1003 5161 in
1024 5109 1285 5178 gentibus,
1309 5109 1549 5164 Domine.
1576 5129 1593 5160 ε
1616 5111 1744 5166 Pro-

160 5212 359 5270 pterea
401 5198 496 5251 tibi
544 5212 641 5265 per
681 5213 766 5250 me
807 5196 1207 5253 conﬁtebuntur
1235 5207 1462 5269 gentes,
1498 5200 1740 5255 Domine.

241 5325 263 5349 υ
295 5308 464 5370 Edit.,
500 5318 641 5359 ante.

239 5383 265 5417 b
293 5379 456 5431 Joan.
486 5392 559 5439 x1,
591 5376 679 5430 48.
708 5376 761 5429 In
795 5377 951 5431 editis
972 5379 1144 5443 deest,
1174 5381 1362 5434 vivum.

239 5461 259 5487 ε
295 5448 461 5508 Edit.,
486 5446 711 5498 servivit.
744 5446 952 5501 Revera
984 5448 1036 5500 in
1058 5448 1413 5516 explicatione
1459 5450 1689 5505 habetur
1718 5469 1729 5503 :

157 5519 394 5574 servivit.

237 5589 262 5628 ἀ
293 5587 463 5649 Edit.,
489 5585 542 5637 in
566 5594 728 5638 vetere
750 5586 976 5639 homine.

245 5670 267 5697 ο
299 5657 422 5710 Edit
453 5696 466 5719 ,
491 5655 780 5708 itineribus.

241 5728 260 5766 ί
292 5727 461 5789 Edit.,
496 5741 664 5777 emes.

243 5801 267 5839 ε
290 5796 458 5860 Edit.,
485 5811 613 5867 quos
651 5795 914 5850 credentes
953 5797 1257 5869 Evangelia.

1857 564 2118 632 operibus
2152 564 2308 618 meis.
2349 583 2366 615 ι

1931 653 2278 724 Magniﬁcam
2320 654 2516 710 salutes
2576 657 2709 726 regis
2736 657 2920 727 ipsius.
2958 676 2976 710 ι
3017 660 3160 716 Deus
3198 661 3290 731 qui
3321 674 3439 717 ma-

1859 744 2100 815 gniﬁcat.
2142 754 2200 799 ut
2230 745 2624 812 admirabilem,
2651 746 2811 803 faciat
2865 749 3066 805 salutes
3093 791 3108 816 ,
3139 766 3277 821 quas
3325 752 3444 823 ejus

1860 836 2000 891 ﬁlius
2061 837 2156 892 dat
2220 839 2586 895 credentibus.
2649 840 2715 894 Et
2765 840 2960 909 faciem
3019 843 3439 898 misericordiam

1861 928 2068 983 Christo
2093 946 2211 984 suo.
2255 930 2398 986 Deus
2441 931 2533 1001 qui
2587 931 2719 986 facit
2760 932 3187 989 misericordiam
3220 934 3440 989 Christo

1860 1034 1978 1075 suo.
2006 1018 2198 1086 David,
2229 1029 2278 1075 et
2303 1022 2416 1076 seni
2438 1022 2555 1092 ejus
2594 1038 2758 1094 usque
2783 1024 2839 1077 in
2858 1025 3127 1079 siccatum.
3167 1024 3276 1096 Ipsi
3301 1025 3441 1082 libe-

1872 1110 2043 1164 ratori
2069 1125 2232 1165 manu
2255 1111 2590 1182 potenti,qui
2621 1113 2752 1168 vicit
2777 1114 2922 1169 hunc
2952 1116 3232 1183 mundum,
3275 1123 3333 1171 et
3361 1116 3441 1172 eis

1871 1206 1918 1263 8,
1947 1214 2084 1268 quos
2113 1199 2166 1254 in
2195 1199 2474 1271 evangelio
2529 1202 2714 1272 genuit
2734 1203 2789 1256 in
2813 1211 3096 1258 aeternum.
3137 1224 3156 1259 ι

1934 1330 1951 1360 ‹
1989 1312 2352 1383 Quaecumque
2377 1311 2431 1366 in
2461 1312 2563 1368 hoc
2590 1313 2805 1369 Psalmo
2832 1314 2974 1370 dicta
2999 1323 3142 1383 sunt,
3179 1331 3300 1388 quae
3329 1317 3436 1389 ipsi

1858 1416 1963 1455 non
2002 1402 2219 1472 pr0prie
2244 1401 2472 1457 Domino
2505 1443 2519 1467 ,
2555 1404 2608 1459 id
2637 1411 2724 1459 est
2776 1404 2942 1475 capiti
2973 1405 3228 1463 Ecclesia:
3256 1447 3271 1473 ,
3302 1423 3437 1464 con-

1857 1508 2052 1563 gruere
2078 1501 2305 1562 possunt
2329 1534 2343 1558 ,
2370 1495 2437 1550 ad
2458 1494 2759 1551 Ecclesiam
2781 1497 3065 1554 referenda
3093 1515 3238 1556 sunt.
3269 1499 3441 1558 Totus
3466 1555 3469 1558 .

1855 1583 2002 1636 enim
2020 1581 2269 1638 Christus
2298 1581 2388 1637 hic
2408 1581 2671 1654 loquitur,
2700 1585 2755 1640 in
2784 1602 2892 1656 quo
2914 1597 3042 1644 sunt
3063 1590 3245 1646 omnia
3267 1606 3436 1648 mem-

1857 1672 1954 1726 bra
1980 1670 2116 1741 ejus.
2155 1693 2170 1724 ι

1929 1779 2015 1852 (II
2036 1779 2166 1852 Reg.
2198 1799 2313 1852 cap.
2347 1769 2514 1848 xxiii,
2550 1782 2626 1856 l.)
2651 1781 2782 1838 Haec
2819 1791 2993 1839 autem
3013 1797 3131 1842 sunt
3156 1789 3309 1844 verba
3334 1807 3430 1845 no-

1858 1872 2092 1938 vissima,
2122 1891 2240 1945 qua:
2265 1875 2399 1929 dixit
2413 1875 2588 1930 David
2607 1874 2751 1945 ﬁlius
2779 1875 2912 1931 Isai.
2943 1879 3121 1935 Verba
3149 1881 3441 1937 novissima

1859 1961 2027 2017 David
2053 1978 2160 2018 non
2187 1962 2421 2020 ﬁnienda
2449 1965 2582 2020 dicit
2613 2005 2628 2030 ,
2656 1967 2752 2021 sed
2777 1967 3124 2036 perﬁcienda,
3163 1987 3272 2028 non
3309 1988 3440 2030 con-

1857 2055 2142 2120 sumenda,
2167 2054 2260 2110 sed
2291 2070 2412 2125 quae
2431 2056 2642 2112 cunctis
2681 2057 2929 2114 ﬁdelibus
2947 2060 3301 2129 perfectionis
3318 2064 3438 2136 ple-

1856 2145 2154 2203 nitudinem
2181 2148 2484 2204 conferant.

1929 2255 2109 2326 (Vers.
2137 2257 2215 2328 2.)
2250 2259 2483 2329 Spiritus
2511 2260 2725 2315 Domini
2747 2261 2952 2318 locutus
2978 2276 3050 2319 est
3085 2277 3110 2307 ιι
3141 2284 3298 2339 super
3332 2287 3437 2338 me,

1855 2358 1903 2400 et
1929 2365 2100 2404 sermo
2134 2351 2248 2418 eius
2288 2369 2380 2421 per
2417 2351 2652 2423 linguam
2685 2371 2875 2409 meam.
2908 2355 3169 2427 Spiritum
3202 2363 3434 2428 Domini,

1857 2436 2117 2506 Spiritum
2158 2438 2418 2495 Sanctum
2446 2441 2578 2495 dicit
2609 2459 2620 2495 :
2655 2457 2837 2498 sermo
2858 2444 2956 2500 Dei
2989 2445 3239 2506 Christus
3263 2451 3432 2506 Filius

1853 2528 1952 2671 Dei
1982 2531 2277 2601 accipitur,
2313 2532 2426 2602 ipse
2450 2533 2596 2587 enim
2635 2533 2886 2593 CbriStus
2926 2549 3012 2594 est
3041 2540 3295 2601 Christus
3338 2547 3438 2602 Dei

1886 2621 2042 2671 acab.

1886 2621 2043 2678 acob.

1925 2730 2107 2802 (Vers.
2141 2733 2218 2806 6.)
2251 2733 2690 2794 Prtevaricatores
2717 2751 2891 2795 autem
2911 2744 3066 2814 quasi
3105 2745 3270 2816 spina:
3299 2749 3434 2803 evel-

1853 2822 2026 2877 lentur
2050 2825 2295 2879 universi.
2340 2827 2791 2887 Prmvaricatores
2828 2830 3033 2900 Judtei,
3068 2843 3229 2907 atque
3258 2837 3431 2895 hatre-

1855 2912 1947 2969 tici
1969 2924 2098 2970 sunt
2132 2916 2282 2971 velut
2320 2918 2489 2988 spinae
2523 2922 2590 2975 de
2614 2921 2878 2988 Ecclesia,
2907 2940 3028 2995 qua:
3065 2935 3149 2982 est
3179 2937 3328 2985 terra
3360 2932 3433 3004 vi;

1853 3005 2094 3060 ventium
2128 3047 2142 3071 ,
2171 3008 2342 3063 avulsi
2375 3050 2389 3075 ,
2432 3017 2596 3080 atque
2624 3020 2829 3068 esterno
2866 3015 3117 3079 incendio
3163 3019 3432 3078 combusti

1818 3178 1820 3180 γ
1856 3095 2128 3163 peribunt.

1930 3202 2110 3274 (Vers.
2150 3204 2231 3277 8.)
2288 3204 2418 3260 Htvc
2475 3211 2686 3262 nomina
2725 3210 2943 3280 fortium
2988 3211 3161 3269 David
3195 3229 3213 3266 :
3244 3218 3430 3276 sedens

1855 3295 1909 3348 in
1931 3293 2178 3347 cathedra
2201 3295 2617 3365 sapientissimus
2644 3299 2883 3370 princeps
2909 3302 3044 3356 inter
3070 3310 3194 3371 tres,
3221 3307 3330 3378 ipse
3353 3321 3431 3365 est

1851 3383 2004 3455 quasi
2030 3384 2342 3439 tenerrimus
2363 3384 2493 3456 ligni
2520 3387 2850 3454 vermiculus,
2881 3389 2972 3461 qui
3008 3393 3327 3465 octingentos
3355 3399 3436 3451 in-

1853 3475 2056 3545 terfecit
2077 3475 2271 3545 impetu
2304 3492 2429 3530 uno.
2462 3479 2479 3518 ί
2513 3477 2630 3532 Non
2661 3477 2870 3535 Gesbaa
2898 3521 2912 3545 ,
2947 3480 2960 3531 i
2994 3490 3054 3537 ut
3077 3485 3300 3554 quidam
3341 3503 3432 3558 pu-

1852 3573 1990 3632 tant,
2018 3567 2112 3622 sed
2132 3569 2248 3636 ipse
2273 3567 2444 3624 David
2469 3579 2553 3624 est
2582 3571 2759 3627 dictus
2775 3573 2926 3641 quasi
2960 3578 3273 3632 tenerrimus
3295 3579 3427 3651 ligni

1853 3656 2183 3712 vermiculus.
2207 3658 2341 3714 «Per
2365 3674 2525 3729 quem
2551 3661 2720 3716 virtus
2748 3663 2908 3716 simul
2935 3664 3141 3729 bellica,
3161 3675 3214 3722 et
3240 3669 3428 3725 mode-

1857 3758 1942 3804 sta
1974 3747 2079 3802 viri
2104 3750 2415 3820 designatur
2440 3751 2690 3806 civilitas.
2707 3751 2842 3819 Quia
2861 3755 3109 3811 videlicet
3135 3757 3276 3814 sicut
3303 3775 3428 3814 ver-

1855 3839 2084 3894 miculus
2111 3839 2242 3910 ligni
2277 3847 2426 3895 tener
2454 3841 2694 3910 quidem,
2723 3852 2777 3896 et
2793 3842 3002 3915 fragilis
3049 3854 3162 3903 toto
3191 3864 3289 3904 suo
3311 3865 3433 3906 cor-

1852 3945 1984 4001 pore
2009 3971 2022 3997 ,
2059 3946 2160 3986 nec
2186 3946 2293 3986 non
2317 3941 2374 3987 et
2412 3933 2755 4002 permodicus
2787 3947 3050 4006 apparet,
3082 3941 3432 4002 nihilominus

1854 4029 2035 4076 tamen
2065 4022 2422 4077 fortissimum
2454 4023 2581 4093 ligni
2619 4025 2787 4080 robur
2817 4029 3054 4084 exedens
3085 4069 3101 4097 ,
3137 4037 3430 4100 consumit,

1853 4119 1906 4165 et
1937 4112 2210 4166 cariosum
2240 4111 2435 4167 reddit.
2475 4113 2623 4169 Unde
2658 4131 2686 4168 a
2734 4118 2958 4172 terendo
3001 4119 3143 4188 ligna
3170 4162 3185 4186 ,
3216 4126 3430 4181 teredc-

1855 4202 1939 4257 nis
1969 4217 2165 4257 nomen
2190 4204 2353 4259 habet
2383 4221 2394 4256 :
2429 4204 2507 4258 sic
2536 4203 2622 4259 ille
2655 4205 2880 4262 aﬁ‘abilis
2905 4211 3156 4268 omnibus
3187 4213 3354 4280 domi,
3377 4229 3428 4272 et

1853 4295 2069 4365 quietus
2094 4334 2109 4358 ,
2156 4302 2318 4364 atque
2365 4296 2585 4351 humilis
2624 4298 2930 4365 videbatur,
2965 4306 3020 4355 at
3049 4303 3102 4357 in
3133 4307 3429 4365 certamine

1852 4384 2068 4454 publico
2092 4385 2370 4438 robustum
2401 4398 2458 4438 se
2490 4425 2503 4449 ,
2537 4394 2699 4456 atque
2739 4387 3131 4446 intolerabilem
3173 4394 3422 4454 hostibus

1854 4474 2162 4528 exhibebat.
2200 4493 2217 4524 ›
2249 4473 2554 4529 Absurdum
2586 4491 2689 4529 non
2709 4479 2954 4541 esl,utbi
2987 4488 3094 4540 tres
3124 4484 3426 4554 fortissimi,

1856 4563 2022 4619 David
2044 4605 2060 4630 ,
2087 4572 2144 4618 et
2168 4561 2407 4628 Eleazar,
2439 4575 2493 4620 et
2521 4565 2717 4620 Samaa
2734 4608 2749 4632 ,
2775 4568 3143 4639 intelligantur
3164 4574 3425 4647 Trinitas,

1855 4655 1995 4710 Deus
2014 4653 2177 4709 Pater
2202 4695 2216 4719 ,
2242 4662 2298 4708 et
2317 4653 2486 4709 Filius
2519 4696 2532 4720 ,
2559 4664 2613 4710 et
2643 4655 2876 4727 Spiritus
2901 4671 3122 4718 sanctus
3153 4683 3166 4718 :
3199 4667 3264 4722 ad
3293 4684 3423 4739 quo-

1853 4762 1970 4802 rum
2001 4747 2363 4817 aequalitatem
2385 4748 2563 4803 cmteri
2589 4746 2868 4804 fortissimi
2901 4767 3004 4807 non
3035 4771 3422 4825 pervenerunt.

1855 4837 2034 4910 (Vers.
2067 4839 2154 4905 M,
2181 4836 2312 4910 etc.)
2345 4857 2364 4889 ι
2385 4837 2557 4893 ιιεξῐηΙι
2588 4839 2702 4908 ipse
2719 4839 2885 4894 David
2912 4843 2962 4896 in
2987 4845 3171 4912 prazlio
3191 4847 3420 4907 Philisti-

1854 4942 2049 4983 norum
2087 4943 2211 4983 cum
2238 4927 2444 4983 sitiens
2473 4937 2782 4982 versaretur
2827 4930 2881 4984 in
2912 4931 3054 4986 bello
3083 4975 3098 4998 ,
3131 4943 3186 4989 et
3217 4952 3411 5006 aquam

1851 5030 2118 5091 quaereret
2148 5040 2159 5074 :
2205 5021 2335 5087 Quis
2367 5022 2490 5074 mihi
2518 5030 2695 5090 potum
2720 5021 2886 5087 dabit,
2933 5026 3028 5089 ait,
3060 5027 3124 5081 de
3161 5027 3303 5095 lacu,
3333 5037 3421 5103 qui

1851 5119 1925 5162 est
1981 5111 2038 5163 in
2073 5110 2372 5164 Bethleem?
2407 5109 2474 5163 Et
2512 5110 2580 5164 ad
2607 5119 2792 5179 portas
2828 5120 2945 5167 erat
2984 5114 3086 5169 iter
3130 5117 3418 5176 cisternze':

1851 5209 1903 5253 et
1933 5200 2098 5254 David
2130 5199 2142 5237 ι
2176 5199 2467 5254 interfusus
2504 5200 2749 5255 hostibus
2773 5241 2785 5263 ,
2819 5210 3011 5258 etcum
3046 5208 3221 5261 media
3254 5210 3419 5267 hosti-

1919 5314 1944 5352 ιι
1975 5312 2199 5381 Vulgata
2228 5330 2238 5363 :
2273 5328 2364 5380 per
2400 5328 2496 5364 me.

1921 5385 1933 5421 ί
1967 5382 2401 5462 Hm’c‘comparesﬁ
2421 5395 2543 5462 cum
2570 5381 2652 5445 iis,
2684 5397 2801 5462 qua;
2825 5383 3214 5462 tradidithlieda
3241 5389 3416 5462 [ηυδε-

1840 5452 2014 5533 stione
2051 5451 2106 5533 Si]
2149 5461 2199 5532 et
2229 5449 2515 5533 manifesto
2563 5449 2855 5533 perspicies
2897 5454 3178 5512 Claudium
3221 5449 3295 5514 ea.
3342 5478 3410 5518 ex

1846 5520 2270 5591 prteclarissimq
2285 5520 2404 5591 hoc,
2424 5521 2643 5575 doctore
2672 5522 2967 5591 excepisse.

1920 5589 1932 5638 ἱ
1973 5591 2219 5645 Jesbaam
2243 5588 2364 5642 Par.
2390 5590 2430 5653 l,
2465 5607 2540 5655 Ix,
2568 5591 2650 5643 Η.

1849 5731 1858 5742 _
1919 5660 1944 5697 ιι
1971 5660 2205 5742 Isidorus
2248 5658 2389 5729 [cap.
2431 5659 2484 5722 4,
2516 5661 2568 5714 in
2617 5661 2710 5714 lib.
2752 5656 2796 5714 ll
2837 5661 2997 5735 Reg.]
3045 5665 3414 5739 subsequentia

1847 5739 2308 5855 lmiml‘nterclusus
2340 5798 2619 5871 legendum
2644 5800 2895 5857 arbitror.
