3912 6314
474 353 571 410 119

468 564 571 619 viri
631 562 1036 621 multitudinem
1092 566 1533 622 adversariorum
1565 606 1582 633 ,
1646 573 1703 621 et
1756 565 2062 627 hauserunt

414 650 415 653 “
468 670 665 726 aquam
686 657 753 712 de
773 657 915 722 lacu,
954 657 1047 727 qui
1067 665 1189 714 erat
1231 658 1286 713 in
1314 657 1594 714 Bethleem
1616 698 1629 723 ,
1662 666 1718 712 et
1746 653 2062 713 obtulerunt

469 746 582 817 regi
608 746 920 811 bibendam,
951 748 1047 802 sed
1070 762 1180 803 rex
1204 747 1381 803 noluit
1400 746 1595 803 bibere
1623 788 1638 813 ,
1669 755 1725 802 et
1749 745 1779 811 ιε
1813 742 2061 815 profudit

468 834 614 891 illam
655 836 884 891 Domino
917 854 930 891 :
972 836 1207 909 dixitque
1240 878 1255 904 ,
1316 855 1421 893 non
1466 826 1738 908 continget
1793 835 1925 890 mihi
1961 834 2061 889 hoc

466 925 667 995 facere,
698 934 754 982 ut
780 928 1093 1000 sanguine»:
1116 929 1366 992 virorum,
1398 929 1490 1000 qui
1517 927 1760 983 abierunt
1780 938 1831 993 ο,
1858 943 1925 981 sx
1943 927 2062 981 ani-

467 1018 567 1072 mia
596 1016 821 1073 libram
852 1018 1045 1074 bibam.
1096 1018 1241 1076 Vicit
1285 1035 1419 1092 ergo
1450 1028 1702 1076 naturam
1731 1042 1753 1085 ,ο
1778 1027 1841 1074 ut
1868 1018 2062 1075 sitiens

469 1125 573 1163 non
607 1109 842 1176 biberet,
870 1118 927 1167 et
948 1111 1258 1181 exemplum
1280 1111 1347 1174 de
1364 1125 1427 1166 se
1459 1111 1726 1182 prmbuit,
1751 1125 1860 1180 quo
1882 1108 2062 1166 omnis

466 1200 742 1254 exercitus
763 1200 999 1257 tolerare
1021 1201 1169 1256 sitim
1186 1200 1450 1257 disceret.
1480 1200 1699 1268 Quodsi
1728 1199 1894 1255 altius
1923 1198 2061 1255 velis

467 1301 737 1363 spectare,
765 1300 819 1347 et
844 1292 1206 1362 introspicere
1235 1292 1577 1364 mysterium,
1610 1290 1837 1355 sitiebat
1864 1287 2059 1354 David,

468 1397 575 1437 non
600 1398 805 1453 aquam
846 1398 969 1455 qua:
993 1391 1081 1439 est
1105 1384 1162 1438 in
1190 1382 1470 1439 Bethleem
1496 1423 1512 1448 ,
1530 1381 1645 1437 sed
1666 1422 1671 1433 .
1689 1380 1982 1443 oriundum
2006 1379 2063 1434 in

466 1470 661 1530 eadem
692 1472 991 1547 Bethleem
1041 1488 1109 1528 ex
1160 1472 1383 1543 Virgine
1412 1466 1715 1527 Christum
1772 1468 1829 1525 in
1865 1466 2059 1540 spiritu

472 1558 823 1635 pravidebat.
862 1562 1008 1637 Ergo
1035 1561 1257 1619 volebat
1279 1562 1491 1628 bibere,
1521 1575 1630 1628 non
1657 1574 1857 1630 aquam
1887 1558 2064 1613 flumi-

469 1657 577 1720 nis,
616 1652 1005 1713 sedlavacrum
1036 1653 1300 1708 ex'latere
1331 1650 1535 1709 Christi
1561 1649 1588 1690 ἀ
1620 1649 1893 1723 pluentem
1918 1666 1932 1703 :
1954 1649 2064 1705 hoc

468 1757 585 1812 est,
614 1760 721 1799 non
749 1760 1017 1814 aquarum
1049 1744 1271 1799 sitiebat
1316 1742 1665 1807 elementum,
1705 1740 1800 1796 sed
1836 1740 2063 1812 sangui-

470 1850 598 1891 nem
625 1834 832 1892 Christi
858 1850 873 1889 :
902 1834 1048 1890 Unde
1078 1834 1245 1890 etiam
1268 1848 1377 1889 non
1404 1822 1541 1887 bibit
1564 1845 1762 1901 aquam
1792 1830 2053 1897 oblatam,
2085 1845 2131 1904 Β

470 1928 567 1983 sed
599 1925 833 1982 Domino
862 1923 1001 1980 fudit
1031 1923 1347 1996 signiﬁcans
1379 1921 1534 1979 sitire
1572 1936 1631 1977 se
1659 1921 1866 1978 Christi
1890 1922 2063 1993 sacri-

477 2015 661 2071 ﬁcium
682 2057 696 2081 ,
727 2030 837 2071 non
866 2023 1075 2070 naturae
1106 2012 1384 2078 fluentem,
1419 2010 1516 2067 sed
1550 2010 1685 2067 illud
1709 2009 2061 2077 sacriﬁcium,

474 2105 530 2161 in
558 2120 669 2176 quo
689 2114 838 2167 esset
856 2098 1108 2160 remissio
1124 2111 1495 2175 peccatorum,
1510 2100 1663 2155 illum
1686 2100 1839 2155 sitire
1860 2098 2063 2155 fontem

460 2200 740 2252 aeternum
775 2236 789 2261 ,
817 2210 925 2250 non
962 2195 1055 2265 qui
1078 2192 1336 2264 periculis
1358 2199 1696 2263 qumreretur
1725 2189 1937 2257 alienis,
1970 2188 2064 2245 sed

473 2285 717 2358 pericula
743 2286 923 2340 aliena
950 2284 1177 2339 deleret.

548 2397 567 2430 ι
602 2378 661 2433 ln
682 2379 793 2433 hoc
819 2377 963 2433 facto
981 2388 1005 2417 ο
1029 2375 1379 2447 cogitandum
1402 2388 1747 2445 summopere
1771 2381 1872 2439 est,
1892 2386 2065 2443 quan-

470 2467 686 2523 tumad
716 2480 898 2521 mores
941 2465 1222 2521 hominum
1255 2465 1532 2533 pertinet,
1564 2471 1625 2517 ut
1653 2464 1745 2531 qui
1777 2477 1838 2518 se
1870 2462 2060 2516 illicita

471 2555 725 2616 meminit
750 2557 1095 2613 commisisse
1120 2597 1138 2623 ,
1168 2572 1198 2610 a
1220 2555 1545 2626 quibusdam
1569 2556 1734 2610 etiam
1758 2553 1919 2608 licitis
1947 2560 2064 2608 stu-

474 2651 604 2705 deat
636 2650 915 2704 abstinere
946 2667 957 2701 :
985 2648 1239 2717 quatinus
1269 2662 1368 2717 per
1409 2647 1514 2701 hoc
1543 2646 1811 2703 conditori
1844 2661 1944 2701 suo
1975 2660 2064 2700 sa-

469 2737 706 2795 tisfaciat
736 2756 749 2791 :
797 2738 973 2813 utqui
1014 2736 1293 2794 commisit
1330 2736 1603 2805 prohibita
1637 2775 1652 2800 ,
1700 2751 1733 2789 a
1765 2735 2061 2803 semetipso

470 2824 791 2897 abscindere
807 2828 1007 2883 debeat
1026 2828 1191 2883 etiam
1222 2842 1501 2889 concessa,
1536 2834 1591 2881 et
1618 2842 1677 2880 se
1704 2826 2063 2896 reprehendat

476 2920 531 2975 in
561 2920 821 2985 minimis,
846 2920 938 2989 qui
965 2932 1025 2972 se
1058 2918 1309 2977 meminit
1333 2917 1387 2970 in
1435 2916 1685 2970 maximis
1716 2915 1729 2953 ί
1764 2914 2064 2973 declinasse

474 3012 677 3083 (Exod.
694 3028 787 3076 xx,
821 3012 943 3081 l7):
969 3009 1079 3065 Lex
1104 3018 1256 3076 certe
1279 3007 1481 3064 veteris
1504 3007 1817 3062 testamenti
1833 3007 2063 3061 alienam

469 3086 699 3160 uxorem
749 3103 1066 3174 concupisci
1115 3100 1394 3172 prohibet,
1466 3098 1668 3170 Regem
1716 3114 1847 3155 vero
1901 3099 2063 3154 fortia

465 3194 660 3263 jubere
696 3194 962 3271 militibus
981 3235 997 3260 ,
1026 3193 1113 3267 vel
1139 3193 1451 3251 desiderare
1480 3207 1712 3265 aquam,
1745 3207 1853 3248 non
1875 3206 2065 3262 pmna-
2091 3190 2137 3252 C

474 3286 599 3340 liter
625 3293 791 3340 vetat.
818 3284 887 3339 Et
932 3285 1115 3341 cuncti
1145 3285 1417 3347 novimus,
1473 3283 1615 3353 quod
1654 3284 1823 3338 David
1865 3298 2063 3339 concu-

469 3377 750 3448 piscentiae
780 3392 1040 3434 mucrone
1059 3377 1369 3439 transﬁxus,
1391 3364 1637 3433 alienam‘
1656 3374 1962 3448 coniugem,
2009 3385 2065 3431 et

478 3470 764 3542 appetivit,
790 3476 845 3525 et
872 3468 1121 3534 abstulit,
1162 3468 1317 3539 cujus
1346 3468 1560 3539 culpam
1594 3468 1758 3541 digna
1787 3469 1812 3508 ε
1837 3468 2062 3523 vulnera

480 3569 609 3615 sunt
643 3570 827 3617 secuta
856 3578 869 3613 :
901 3567 957 3616 et
976 3558 1187 3614 malum
1230 3559 1371 3629 quod
1394 3560 1861 3630 perpetravit,per
1884 3559 2063 3630 pmni-

471 3651 655 3705 tentia:
688 3649 921 3704 lamenta
951 3650 1209 3706 correxit.
1237 3649 1339 3716 Qui
1365 3666 1488 3705 cum
1511 3650 1669 3718 longe
1693 3659 1836 3720 post,
1870 3657 2065 3704 contra

476 3739 719 3795 hostium
742 3748 946 3794 cuneOs
994 3740 1233 3803 sederet,
1286 3754 1482 3809 aquam
1514 3740 1701 3794 bibere
1727 3741 1793 3794 de
1818 3739 2065 3795 Bethlee-

469 3829 575 3884 mis
610 3830 850 3884 cisterna
881 3844 945 3884 ex
975 3827 1247 3883 desiderio
1270 3830 1463 3895 voluit,
1496 3829 1651 3899 cujus
1675 3828 1833 3883 electi
1861 3829 2062 3884 milites

469 3921 612 3976 inter
657 3928 904 3977 catervas
953 3920 1361 3976 adversantium
1409 3920 1620 3976 medias
1668 3910 2017 3992 erumpentes
2044 3962 2059 3987 ,

470 4024 671 4080 aquam
694 4022 856 4079 quam
905 4024 1002 4063 rex
1052 4009 1497 4074 desideraverat,
1527 4008 1681 4064 illaesi
1726 4009 2059 4064 detulerunt.

470 4100 578 4156 Sed
598 4100 683 4154 vir
710 4096 937 4173 ﬂagellis
962 4100 1227 4164 eruditus,
1258 4100 1612 4169 semetipsum
1650 4101 1902 4167 protinus
1937 4114 2061 4154 cum

467 4191 712 4264 periculo
754 4190 989 4246 militum
1032 4205 1230 4260 aquam
1280 4190 1622 4247 desiderasse
1671 4192 2057 4262 reprehendit,

468 4284 698 4353 eamque
748 4280 976 4338 Domino
1025 4280 1280 4346 fundens,
1344 4280 1537 4336 libavit
1569 4296 1583 4335 :
1616 4282 1759 4338 sicut
1792 4283 2058 4354 scriptum

466 4382 553 4428 est
597 4392 609 4427 :
656 4371 836 4427 libavit
863 4388 981 4427 eam
1036 4370 1284 4425 Domino.
1345 4370 1374 4411 ιι
1431 4370 1489 4425 ln
1542 4370 1812 4427 sacriﬁcio
1858 4374 2059 4444 quippe

466 4462 680 4517 Domini
702 4460 872 4517 eﬂusa
917 4477 1056 4533 aqua
1084 4476 1352 4517 conversa
1383 4468 1469 4516 est
1500 4501 1515 4525 ,
1547 4462 1807 4531 quoniam
1836 4464 2059 4534 culpam

1552 354 1830 415 CLAUDII
1866 354 2332 413 TAURINENSIS
2372 358 2680 417 EPlSCOPt

468 474 599 528 lium
620 473 906 530 cinnerant
932 487 1082 545 septa
1122 482 1451 533 castrorum.
1488 487 1513 515 ι
1544 473 1919 531 Ριεωείᾱθιιιιιιι
1940 478 2053 527 tres
2081 470 2136 533 Δ

3649 368 3754 424 τω

2230 472 2411 545 (Vera.
2447 476 2536 543 l6,
2588 478 2719 551 etc.)
2748 477 2831 533 Ad
2858 478 3003 535 hanc
3037 495 3236 551 aquam
3284 480 3646 539 hauriendam
3686 487 3760 541 ir-

2160 574 2421 634 ruperunt
2454 578 2629 622 castra
2682 567 3085 624 Philistinorum
3139 577 3252 626 tres
3314 571 3521 639 fortes,
3563 573 3752 629 Abisai

2159 654 2333 712 frater
2356 658 2509 728 Joab,
2543 668 2599 715 et
2618 660 2850 719 Banaias
2873 662 3016 719 ﬁlius
3044 662 3265 721 Joiadte.
3300 664 3479 738 (Vera.
3504 669 3629 741 ΞΟ.)
3654 669 3758 726 Iste

2159 742 2395 803 Banaias
2414 752 2683 820 percussit
2711 750 2848 807 duos
2877 752 3066 810 leones
3088 754 3245 811 Moab
3263 796 3278 823 ,
3309 765 3366 813 et
3388 757 3503 827 ipse
3528 760 3757 817 descen-

2161 837 2284 904 dit,
2320 848 2377 894 et
2400 842 2673 912 percussit
2717 842 2927 898 leonem
2967 845 3021 899 in
3062 844 3240 902 media
3282 848 3523 903 cisterna
3562 851 3759 908 diebus

2163 928 2325 991 nivis.
2361 931 2378 971 i
2416 948 2436 982 ς
2457 930 2738 998 Quomodo
2767 933 2838 989 sit
2857 932 3082 1000 factum,
3100 932 3369 1006 Iosephus
3388 946 3577 993 narrat
3600 955 3757 1010 aper-

2160 1018 2269 1073 tius
2307 1037 2319 1073 :
2352 1022 2498 1090 quod
2520 1022 2773 1078 videlicet
2806 1024 3051 1083 cisterna
3079 1024 3246 1080 fuerit
3270 1027 3497 1082 nimium
3526 1029 3761 1098 profun-

2163 1106 2251 1172 da,
2282 1123 2403 1179 quae
2434 1116 2677 1180 tempore
2704 1111 2919 1184 hyemis
2956 1127 3083 1167 cum
3117 1122 3303 1169 essent
3326 1117 3511 1171 omnia
3538 1119 3762 1175 nivibus

2160 1198 2319 1267 plena
2354 1240 2370 1266 ,
2408 1200 2525 1271 ipsa
2566 1217 2781 1272 quoque
2822 1203 2990 1259 nimio
3043 1205 3252 1260 nivium
3306 1218 3538 1279 aggestu
3594 1210 3766 1269 fuerit

2167 1298 2465 1361 comquata,
2497 1305 2660 1361 quam
2692 1307 2817 1347 cum
2846 1293 2933 1349 leo
2990 1296 3379 1364 superveniens
3406 1300 3640 1368 periculi
3670 1318 3767 1358 ae-

2166 1380 2319 1435 scius
2340 1378 2639 1447 incidisset,
2674 1381 2874 1438 ibidem
2910 1382 3197 1439 conclusus
3225 1387 3416 1456 grandi
3439 1390 3626 1460 rugitu
3654 1392 3768 1447 cla-

2166 1479 2343 1526 meret
2369 1488 2380 1524 :
2407 1472 2767 1542 occurrebant
2804 1473 3055 1530 homines
3082 1474 3310 1542 videre,
3339 1478 3484 1547 quod
3509 1489 3684 1547 esset,
3709 1490 3768 1537 es

2166 1560 2293 1617 dum
2320 1575 2445 1617 cum
2471 1560 2594 1616 aliis
2620 1561 2691 1617 ad
2725 1562 2833 1622 tale
2853 1564 3227 1635 spectaculum
3261 1567 3549 1624 adveniret
3574 1578 3633 1625 et
3662 1570 3766 1625 Ba-

2165 1655 2340 1721 naias,
2358 1655 2576 1711 desiluit
2598 1656 2783 1712 statim
2807 1658 2862 1713 in
2884 1658 3205 1727 cisternam,
3222 1669 3277 1717 et
3302 1676 3619 1734 aggressam
3652 1680 3764 1718 me-

2168 1744 2273 1802 diis
2306 1745 2361 1801 in
2382 1746 2596 1802 nivibus
2628 1748 2902 1805 interfecit
2932 1749 3174 1810 leonem.
3210 1771 3230 1805 ι

2228 1834 2409 1907 (Vera.
2426 1836 2517 1905 25,
2534 1837 2624 1904 24,
2655 1840 2788 1911 etc.)
2817 1840 3025 1898 Dehinc
3050 1840 3065 1893 i
3095 1844 3299 1903 texitur
3318 1846 3599 1920 catalogus
3622 1851 3766 1904 viro-

2163 1942 2285 1983 rum
2332 1925 2556 1983 fortium
2598 1930 2651 1984 in
2699 1929 2873 2001 ﬁgura
2911 1942 3274 2002 sanctorum,
3306 1938 3399 2006 qui
3441 1937 3766 1996 fortitudine

2161 2017 2426 2073 virtutum
2444 2017 2575 2077 boni
2595 2020 2777 2089 operis
2812 2059 2827 2086 ,
2868 2029 2923 2076 et
2946 2023 3193 2079 scientiae
3226 2024 3426 2081 divina:
3476 2027 3767 2084 Trinitatis

2163 2108 2306 2176 fulti,
2337 2124 2444 2166 non
2475 2112 2848 2168 tantummodo
2873 2128 2933 2167 se
2954 2113 3101 2184 ipsos
3130 2116 3200 2170 ab
3227 2118 3476 2175 hostibus
3505 2120 3765 2193 malignis

2163 2200 2481 2267 defendunt,
2496 2217 2687 2257 verum
2713 2202 2958 2260 inﬁrmos
2975 2206 3247 2275 quoslibet
3270 2219 3593 2282 protegunt.

2237 2294 2263 2334 ιι
2285 2293 2486 2351 Peccat
2517 2303 2642 2367 post
2695 2295 2814 2351 haec
2872 2296 3043 2352 David
3075 2300 3332 2370 populum
3368 2306 3719 2363 numerando
3746 2321 3762 2359 :

2165 2388 2409 2457 praecipit
2452 2388 2598 2443 enim
2628 2388 2799 2444 David
2836 2388 2993 2457 Joab,
3034 2402 3095 2447 ut
3133 2396 3541 2463 perambularet
3588 2409 3765 2456 totum

2162 2478 2364 2544 Israel,
2402 2478 2584 2551 (Vers.
2628 2481 2684 2553 2)
2723 2490 2778 2536 et
2826 2482 3047 2539 aderret
3104 2503 3393 2543 numerum
3443 2493 3631 2562 populi
3663 2510 3679 2547 :
3708 2504 3764 2550 et

2164 2569 2279 2625 bmc
2307 2570 2429 2625 ideo
2447 2571 2728 2641 Scriptura
2752 2574 2900 2641 dicit,
2933 2574 3112 2647 (Verr.
3141 2578 3192 2650 1)
3218 2581 3359 2649 quod
3395 2579 3551 2637 furor
3581 2584 3763 2639 Domi-

2164 2662 2220 2717 ni
2258 2663 2423 2733 caepit
2446 2663 2607 2718 irasci
2636 2672 2825 2719 contra
2858 2666 3047 2721 lsrael.
3086 2666 3104 2706 1
3140 2687 3157 2718 ι
3189 2667 3341 2735 Quod
3380 2672 3434 2725 in
3464 2672 3572 2728 hoc
3620 2673 3767 2731 facto

2166 2754 2311 2809 aliud
2363 2756 2766 2811 demonstratur
2809 2759 2914 2813 nisi
2942 2760 3087 2829 quod
3147 2762 3227 2816 sic
3275 2777 3375 2831 pro
3402 2765 3757 2834 qualitatibus

2165 2845 2504 2903 subditorum
2550 2846 2910 2917 disponuntur
2958 2859 3080 2904 acta
3110 2854 3435 2922 regentium
3466 2896 3479 2921 ,
3507 2864 3568 2909 ut
3620 2871 3754 2928 sapt

2166 2951 2267 3006 pro
2297 2939 2441 2993 malo
2466 2941 2645 3010 gregis
2680 2940 2843 2996 etiam
2876 2957 3003 2997 vere
3032 2944 3159 2997 boni
3188 2945 3471 3015 delinquat
3500 2949 3612 3001 vita
3638 2964 3753 3020 pas-

2168 3028 2338 3083 toris?
2374 3029 2466 3084 llle
2492 3032 2636 3085 enim
2659 3073 2672 3095 ,
2723 3031 2833 3087 Deo
2858 3042 3172 3099 attestante,
3203 3035 3453 3091 laudatus
3483 3080 3496 3101 ,
3530 3040 3638 3094 iste
3674 3056 3757 3095 suo

2165 3135 2458 3190 pernorum
2488 3124 2866 3192 mysteriorum
2897 3128 3148 3180 conscius
3170 3128 3335 3183 David
3362 3130 3653 3200 propheta,
3679 3138 3762 3185 tn-

2172 3225 2323 3265 more
2352 3213 2647 3282 repentinae
2695 3214 2943 3271 elationis
3000 3215 3215 3272 inﬂatus
3266 3220 3524 3290 populum
3572 3237 3765 3277 nume-

2168 3300 2341 3357 rando
2367 3305 2634 3370 peccavit,
2670 3312 2724 3359 et
2757 3312 2940 3361 tamen
2971 3308 3267 3363 vindictam
3303 3310 3561 3380 populus,
3594 3312 3765 3367 David

2167 3401 2426 3462 peccante
2455 3434 2470 3459 ,
2498 3396 2753 3466 suscepit.
2788 3396 2897 3452 Cur
2927 3399 3065 3454 hoc?
3089 3401 3215 3469 quia
3270 3400 3528 3456 videlicet
3567 3418 3765 3457 secun—

2168 3481 2298 3538 dum
2332 3484 2584 3539 meritum
2612 3486 2850 3555 plebium
2880 3488 3237 3558 disponuntur
3263 3490 3430 3545 corda
3460 3502 3760 3547 rectorum.

2166 3566 2353 3629 Justus
2375 3588 2505 3629 vero
2542 3574 2704 3643 iudex
2754 3579 3029 3646 peccantis
3055 3580 3247 3635 vitium
3280 3595 3345 3634 ex
3378 3582 3623 3651 ipsorum
3644 3585 3762 3639 ani-

2167 3664 2546 3719 madversione
2576 3667 2841 3735 corripuit
2873 3708 2887 3732 ,
2917 3684 2983 3723 ex
3022 3685 3251 3739 quorum
3285 3686 3449 3725 causa
3486 3675 3760 3741 peccavit,

2168 3752 2261 3807 sed
2294 3754 2436 3823 quod
2474 3756 2609 3823 ipse,
2655 3772 2751 3810 sua
2796 3758 3006 3813 scilicet
3035 3760 3313 3815 voluntate
3339 3764 3699 3832 superbiens,
3728 3780 3761 3818 a

2166 3841 2321 3911 culpa
2347 3843 2555 3901 alienus
2590 3861 2697 3899 non
2731 3844 2855 3911 fuit,
2893 3848 3187 3903 vindictam
3235 3850 3408 3920 culpae
3437 3853 3607 3906 etiam
3646 3854 3763 3924 ipse

2167 3935 2425 4005 suscepit.
2444 3934 2578 3990 Nam
2597 3937 2678 3992 ira
2692 3939 2941 4005 saeviens,
2962 3956 3082 4010 qure
3104 3944 3466 4013 corporaliter
3488 3944 3757 4013 populum

2167 4024 2411 4091 pertulit,
2436 4034 2705 4081 rectorem
2722 4042 2935 4097 quoque
2951 4031 3133 4100 populi
3160 4032 3352 4087 intimo
3373 4034 3554 4088 curdis
3572 4034 3761 4089 dolore

2165 4116 2477 4183 prostravit.
2499 4116 2719 4172 Certum
2745 4133 2873 4174 vero
2890 4130 2993 4185 est,
3022 4123 3165 4191 quod
3196 4123 3266 4177 ita
3286 4124 3391 4178 sibi
3421 4124 3679 4189 invicem,
3706 4135 3761 4179 et

2168 4214 2444 4262 rectorum
2464 4210 2656 4263 merita
2685 4220 3096 4277 connectantur,
3122 4222 3180 4269 et
3208 4214 3447 4283 plebium
3470 4256 3484 4281 ,
3519 4225 3577 4269 ut
3611 4231 3757 4286 saepe

2164 4311 2231 4351 ex
2262 4297 2419 4367 culpa
2446 4308 2742 4369 pastorum,
2768 4300 3006 4361 deterior
3031 4302 3125 4357 fiat
3152 4305 3261 4359 vita
3283 4304 3519 4373 plebium
3540 4315 3759 4376 etsazpe

2166 4403 2233 4444 ex
2254 4389 2449 4445 merito
2474 4390 2710 4459 plebium
2739 4399 2980 4447 mutetur
3006 4393 3117 4448 vita
3151 4404 3450 4464 pastorum.
3483 4394 3591 4449 Sed
3626 4397 3756 4465 quia

2167 4489 2407 4535 rectores
2424 4480 2625 4535 habent
2629 4482 2869 4551 judicem
2880 4497 3035 4538 suum
3046 4525 3061 4550 ,
3078 4498 3271 4555 magna
3287 4483 3496 4539 cautela
3510 4484 3759 4540 subdito-

465 4551 920 4646 eoncupiscentiae
970 4551 1235 4646 mactavit
1286 4564 1385 4623 per
1437 4550 1817 4646 paenitentiam
1871 4570 2057 4625 περι-ετ·
2088 4533 2143 4593 D
2170 4585 2288 4624 rum
2305 4578 2403 4633 est,
2424 4584 2532 4625 non
2550 4533 2755 4627 temere
2780 4573 2943 4627 vitam
2959 4533 3203 4643 judicare
3224 4575 3544 4645 regentium.
3560 4574 3758 4646 Neque

468 4634 749 4699 hensionis
806 4658 936 4698 suae.
970 4624 1096 4711 ‘Qui
1138 4658 1278 4713 .ergo
1341 4644 1616 4715 quondam
1672 4648 2060 4717 concupiscere

468 4732 700 4791 alienam
731 4735 1014 4805 coniugem
1051 4749 1394 4805 nequaquam
1424 4735 1625 4801 timuit,
1650 4745 1840 4807 postea
1868 4740 2055 4807 etiam,

469 4828 610 4897 quod
638 4842 835 4899 aquam
856 4828 1222 4898 concupisset,
1258 4828 1496 4896 expavit.
1549 4827 1652 4897 Qui
1690 4830 1835 4891 enim
1864 4846 1924 4887 se
1952 4833 2055 4888 illi.

473 4921 573 4973 cita
599 4916 942 4992 perpetrasse
972 4920 1315 4985 meminerat,
1345 4926 1536 4974 contra
1565 4922 1918 4991 semetipsum
1937 4923 2054 4993 jam

468 5010 694 5080 rigidus,
720 5012 883 5069 etiam
906 5026 938 5065 a
962 5011 1124 5067 licitis
1150 5012 1476 5070 abstinebat.
1503 5032 1522 5067 ι

539 5151 562 5178 ο
592 5136 1002 5209 Rracesserunt.
1036 5139 1143 5195 Sed
1169 5148 1393 5209 praestat
1413 5144 1583 5199 nostri
1613 5143 1829 5205 Codicis
1864 5148 2047 5209 lectio.

543 5209 570 5247 δ
609 5207 876 5279 Perfudit,
907 5218 967 5265 ω
989 5207 1246 5266 arbitror.

541 5288 563 5317 ε
599 5278 850 5353 Vulgata,
891 5290 941 5335 et
988 5279 1288 5353 animarum
1316 5282 1606 5353 periculum
1648 5284 1840 5342 bibam.
1882 5290 2051 5349 Error

473 5348 668 5417 aliquis
694 5350 784 5404 hic
808 5350 985 5406 inesse
1013 5350 1247 5407 videtur.

541 5419 567 5458 ά
597 5419 865 5488 ﬂuentem.

2162 4662 2309 4715 enim
2345 4660 2548 4716 frustra
2581 4678 2680 4732 per
2706 4664 3059 4733 semetipsum
3088 4665 3351 4722 Dominus
3381 4665 3594 4739 (Matth.
3630 4684 3753 4732 ut,

2164 4750 2254 4823 12)
2283 4766 2358 4807 tes
2389 4752 2876 4807 nummularidrum
2911 4752 3071 4819 fudit,
3104 4765 3161 4809 et
3190 4756 3478 4810 cathedras
3507 4757 3757 4813 venden~

2164 4842 2301 4897 tium’
2326 4840 2609 4897 columbas
2652 4843 2852 4898 evertit
2886 4862 2899 4897 :
2932 4843 3191 4898 nimirum
3220 4844 3531 4915 signiﬁcans
3558 4884 3576 4910 ,
3617 4847 3753 4916 quia

2162 4946 2265 5000 per
2299 4932 2589 5003 magistros
2641 4932 2857 5002 quidem
2897 4934 3066 4989 vitam
3092 4934 3303 5005 judieat
3343 4935 3575 5005 plebium
3605 4976 3623 4999 ,
3656 4937 3755 4993 sed

2166 5037 2266 5096 per
2288 5024 2637 5093 semetipsum
2654 5023 2791 5080 facta
2812 5027 3089 5081 examinat
3109 5027 3487 5097 magistrorum
3512 5042 3527 5081 :
3550 5043 3753 5100 quam

2158 5155 2535 5229 bera_inﬁigit.

2225 5228 2253 5268 ³³
2288 5227 2460 5297 Edit.,
2495 5227 2836 5297 sacriﬁcium.
2860 5247 2869 5291 ι

2234 5299 2250 5373 ξ
2288 5296 2417 5373 llam
2446 5296 2998 5373 docuitBedaquaest.
3024 5300 3109 5355 10.

2232 5366 2245 5415 i
2287 5366 2556 5439 Nonnulla
2589 5383 2657 5423 ex
2693 5366 2899 5425 lsidoro
2928 5372 3165 5426 desumit
3203 5370 3458 5428 Claudius
3486 5416 3501 5439 ,
3528 5376 3626 5432 sed
3668 5378 3745 5436 ita

2159 5436 2402 5499 invertit,
2437 5454 2501 5493 ac
2530 5447 2723 5501 mutat,
2774 5448 2835 5493 ut
2859 5439 3024 5493 alium
3051 5440 3212 5506 plane
3264 5436 3496 5499 sensum
3530 5462 3593 5502 ea
3648 5448 3750 5506 ha.

539 5488 1409 5583 1Subsequent}:ergatam1
1417 5494 1665 5583 “ideoque
1692 5512 1757 5583 es
1776 5498 2049 5583 .Gregorio
2156 5488 2507 5583 beant.:\"ide
2531 5488 2752 5578 Egilia
2779 5488 2835 5563 id
2858 5488 3024 5563 ﬁBTii
3049 5488 3432 5581 E35363;

468 5559 763 5637 desumpsit
787 5559 1066 5637 Claudius.
1090 5561 1225 5637 Vide
1242 5564 1476 5637 obsecro
1498 5559 1742 5637 Grégorii
1776 5559 2051 5629 humilium

469 5629 567 5705 3t,
590 5629 963 5705 i_n_b1vangelia
990 5630 1163 5703 [num.
1197 5633 1310 5705 16].

540 5700 571 5773 ί
596 5698 737 5773 gen.
766 5698 1064 5773 adigente.

544 5769 571 5809 δ
599 5768 741 5824 Edit.
774 5768 1001 5826 νει-ὕετο.
1039 5770 1147 5828 Sed
1174 5783 1322 5831 certe
1348 5790 1538 5833 mucro
1558 5780 1771 5836 vulnera
1794 5799 1899 5841 non
1924 5802 2045 5843 ver-

2231 5578 2254 5649 [ι
2286 5576 2330 5649 ll
2351 5576 2486 5649 Reg.
2518 5576 2638 5649 cap.
2668 5594 2814 5649 xxiv.

2230 5645 2247 5684 1
2280 5645 2678 5730 Subséqueiitia
2723 5647 2893 5729 habes
2923 5649 2975 5703 in
3006 5648 3223 5708 Paterio
3268 5651 3415 5725 [cap.
3450 5654 3748 5783 251M»

2230 5732 2255 5771 e
2279 5732 2331 5771 In
2363 5716 2641 5801 Gregorio,
2668 5733 2735 5773 ex
2760 5725 3347 5801 cuiu-sncommentariis
3378 5726 3435 5781 in
3464 5723 3527 5782 a'o
3570 5765 3583 5781 .
3614 5724 3735 5801 [litt

2150 5731 2255 5787 que
2279 5716 2331 5771 in
2363 5716 2641 5787 Gregorio,
2668 5733 2735 5773 ex
2760 5716 2913 5785 cujus
2941 5716 3435 5781 commentariis'in
3464 5723 3527 5782 a'o

2151 5802 2275 5849 xxv.
2302 5802 2448 5843 num.
2473 5787 2565 5859 35]
2596 5788 2896 5860 desumpsit
2918 5788 3183 5848 Paterius.
