3912 6362
161 394 269 453 721

806 395 1273 467 ρυᾹΞΞΤΙΟΝΕΞ
1310 395 1456 451 XXX
1497 395 1725 453 SUPER

1861 398 2011 456 lROS
2050 401 2311 458 REGUM.
2354 432 2424 444 -—
2461 402 2666 459 LIBER
2704 404 2788 459 III.

3328 403 3432 460 7‘29.

159 514 254 567 vis
283 512 445 567 etiam
493 513 833 568 subditorum
856 514 990 569 vitia
1014 545 1037 580 .,
1067 528 1187 583 quae
1213 528 1243 567 a
1275 512 1553 584 magistris
1594 511 1756 566 modo
1784 519 1836 576 Α
1860 523 1949 569 tur
1975 539 1986 574 :
2011 530 2068 577 et
2085 534 2303 575 rursum
2331 521 2422 589 qui
2450 519 2675 587 subjecti
2699 529 2824 575 sunt
2853 560 2867 585 ,
2914 526 3186 575 rectorum
3208 534 3428 573 suorum

162 603 256 658 vel
282 604 691 659 dissimulantur
716 606 973 675 judicari,
1028 604 1111 660 vel
1144 613 1452 674 nequeunt,
1486 602 1603 672 ejus
1635 618 1756 673 pro-

160 694 259 749 cui
285 695 446 751 dubio
467 695 672 766 judicio
701 705 1071 752 reservantur.
1105 696 1300 768 igitur.
1322 697 1448 751 dum
1473 695 1622 751 salva
1652 694 1757 749 iide

165 797 265 840 res
294 785 489 857 agitur,
517 799 541 826 ι
563 786 736 841 virtus
760 801 828 841 ex
856 788 1054 842 merito
1075 795 1179 852 est,
1207 788 1250 843 si
1275 786 1537 858 quidquid
1560 785 1757 856 prioris

164 886 256 931 est
287 918 301 942 ,
343 876 627 932 toleratur.
674 877 843 934 Debet
892 886 1072 934 tamen
1108 878 1384 933 humiliter
1435 879 1671 951 suggeri,
1710 879 1758 935 si

168 964 402 1021 fortasse
421 965 619 1031 valeat,
640 968 783 1037 quod
808 967 1073 1037 displicet,
1103 968 1402 1023 emendari.
1432 967 1538 1023 Sed
1566 984 1759 1024 curan-

168 1056 303 1113 dum
333 1073 674 1129 summopere
696 1067 797 1127 est,
821 1076 888 1115 ne
916 1060 968 1115 in
1002 1061 1313 1130 superbiam
1343 1069 1585 1115 transeat
1600 1059 1757 1129 justi-

168 1148 263 1204 tiae
291 1150 592 1205 inordinata
616 1150 904 1217 defensio;
945 1166 1013 1206 ne
1053 1152 1181 1206 dum
1229 1151 1495 1207 rectitude
1544 1152 1759 1208 incaute

168 1237 444 1312 dirigitur,
473 1242 588 1311 ipsa
619 1244 881 1313 magistra
907 1243 1247 1298 rectitudinis
1284 1243 1562 1299 humilitas
1591 1244 1753 1298 amit-

171 1338 360 1395 tatur;
390 1348 457 1387 ne
479 1347 603 1387 eum
631 1333 736 1389 sibi
760 1350 997 1405 praeesse
1025 1335 1256 1404 quisque
1279 1335 1569 1406 despiciat,
1594 1351 1757 1406 quem

172 1419 407 1477 fortasse
436 1424 719 1495 contingit,
749 1435 810 1478 ut
836 1425 892 1479 in
919 1425 1096 1495 aliqua
1132 1427 1343 1482 actione
1372 1428 1752 1498 reprehendat.

171 1509 374 1567 Contra
395 1514 539 1569 hunc
563 1522 831 1570 tumorem
857 1514 1121 1586 superbia:
1151 1518 1491 1573 subditorum
1516 1533 1668 1575 mens
1692 1519 1760 1575 ad

169 1603 476 1657 custodiam
506 1605 823 1660 humilitatis
860 1607 1179 1661 edomatur:
1213 1607 1258 1661 si
1296 1607 1585 1663 inﬁrmitas
1628 1623 1758 1679 pro-

171 1691 291 1763 pria
323 1693 656 1749 incessanter
684 1695 979 1750 attenditur
1014 1714 1027 1749 λ
1058 1711 1183 1751 nam
1207 1697 1348 1751 vires
1376 1707 1591 1753 nostras
1606 1713 1758 1752 verao

172 1784 312 1837 citcr
358 1785 661 1839 examinari
692 1786 1048 1857 negligimus:
1093 1796 1147 1842 et
1183 1787 1309 1856 quia
1349 1788 1417 1842 de
1457 1788 1614 1843 nobis
1644 1787 1757 1842 for-

1856 614 2095 669 actiones
2112 612 2360 683 judicent
2388 626 2403 666 :
2438 620 2493 668 et
2515 613 2560 667 si
2591 613 2736 683 ipsos
2765 612 3003 682 regimen
3044 619 3229 666 tenere
3257 611 3429 664 conti—

1856 712 2027 776 geret,
2075 719 2133 759 se
2166 703 2407 775 potuisse
2455 718 2616 773 agere
2649 702 2840 757 melius
2868 708 3080 772 putant.
3124 700 3278 756 Unde
3327 698 3432 769 ple-

1857 806 2085 863 rumque
2131 792 2220 857 iit,
2250 802 2310 848 ut
2341 801 2582 848 rectores
2629 792 2808 846 minus
2852 790 3147 861 prudenter
3171 804 3234 844 ea
3260 830 3273 853 ,
3304 802 3424 857 quas

1858 885 2063 957 agenda
2090 893 2233 949 sunt,
2260 884 2497 950 videant,
2521 884 2646 953 quia
2669 886 2857 938 eorum
2882 881 3065 936 oculos
3091 882 3204 950 ipsa
3236 879 3431 934 nebula

1856 978 2108 1033 elationis
2153 977 2428 1041 obscurat,
2456 985 2511 1030 et
2543 989 2890 1044 nonunquam
2939 972 2985 1027 is
3019 972 3111 1042 qui
3155 971 3432 1040 subjectus

1857 1076 1961 1134 est,
1984 1069 2088 1124 hoc
2114 1084 2236 1124 cum
2266 1066 2516 1138 prmlatus
2542 1066 2706 1120 fuerit
2740 1105 2753 1129 ,
2804 1063 2969 1118 faciat
2995 1102 3009 1128 ,
3057 1061 3201 1129 quod
3230 1059 3432 1115 dudum

1860 1160 1975 1215 fieri
1999 1159 2275 1229 subjectus
2307 1156 2589 1228 arguebat.
2620 1156 2687 1210 Et
2727 1170 2828 1224 pro
2852 1168 2917 1208 eo
2944 1194 2958 1219 ,
2987 1151 3129 1221 quod
3158 1150 3269 1215 illa,
3310 1164 3434 1218 quae

1852 1252 2219 1323 judicaverat,
2246 1254 2547 1319 perpetrat,
2601 1246 2790 1302 saltem
2834 1243 2959 1314 quia
2983 1241 3268 1313 judicavit,
3312 1254 3441 1293 eru~

1858 1344 2064 1398 bescat.
2098 1340 2265 1411 Igitur
2296 1339 2437 1393 sicut
2460 1335 2696 1405 praelatis
2720 1332 3017 1388 curandum
3045 1337 3128 1384 est
3158 1343 3225 1381 ne
3247 1341 3435 1381 eorum

1859 1431 2025 1489 corda
2055 1428 2411 1486 aestimatione
2449 1424 2707 1496 singulari
2755 1421 3029 1491 sapientiae
3056 1419 3205 1474 locus
3224 1416 3251 1455 ά
3281 1429 3437 1484 supe-

1859 1525 1975 1582 rius
2001 1522 2245 1588 extollat,
2298 1522 2373 1576 ita
2398 1518 2651 1587 subjectis
2678 1514 3065 1587 providendum
3100 1520 3201 1574 est,
3234 1524 3303 1563 ne
3330 1507 3437 1561 sibi

1878 1625 2153 1674 rectorum
2182 1614 2323 1669 facta
2369 1611 2703 1681 displiceant.
2741 1607 2798 1662 Si
2850 1616 3029 1659 autem
3059 1602 3437 1672 magistrorum

1863 1710 1973 1763 vita
1997 1707 2118 1777 jure
2141 1702 2571 1775 reprehenditur,
2603 1705 2815 1770 oportet
2834 1704 2893 1749 ut
2923 1710 3017 1749 eos
3051 1690 3252 1747 subditi
3276 1688 3437 1741 etiam

1866 1772 2013 1858 cum—
2040 1772 2325 1868 displicent
2391 1800 2733 1849 venerentur.
2788 1787 2895 1842 Sed
2950 1785 3053 1839 hoc
3086 1791 3169 1836 est
3215 1778 3439 1868 solerter

174 1872 250 1925 tia
284 1872 311 1912 ιι
338 1872 632 1940 credimus,
665 1875 867 1931 idcirco
890 1892 1003 1941 eos,
1043 1878 1137 1947 qui
1172 1876 1331 1933 nobis
1362 1878 1571 1948 prmlati
1610 1888 1758 1944 sunt,
1791 1866 1837 1925 Β
1866 1865 2183 1947 intuendum
2203 1928 2217 1954 ,
2242 1902 2309 1941 ne
2334 1894 2426 1939 aut
2456 1896 2616 1953 quem
2658 1877 2905 1935 venerari
2936 1886 3157 1929 necesse
3184 1876 3285 1933 est.
3319 1865 3440 1921 imi-

172 1954 419 2019 districte
460 1963 787 2032 judicamus.
834 1966 951 2033 Quo
986 1968 1130 2022 enim
1172 1970 1531 2039 nosmetipsos
1581 1972 1759 2026 minus

171 2056 541 2124 agnoscimus,
585 2074 651 2114 eo
694 2059 811 2113 illos
837 2102 849 2123 ,
895 2075 1031 2129 quos
1050 2060 1447 2130 reprehendere
1482 2062 1711 2115 nitimur
1740 2104 1754 2126 ,

170 2148 293 2217 plus
330 2149 595 2205 videmus.
629 2150 851 2221 Singula
905 2153 1020 2208 haec
1062 2151 1202 2205 mala
1234 2161 1360 2207 sunt
1390 2193 1404 2218 ,
1460 2168 1581 2222 quae
1617 2167 1759 2222 srepe

170 2255 201 2293 a
232 2240 461 2296 subditis
499 2242 552 2297 in
587 2254 610 2282 α
649 2243 888 2314 przelatis
924 2285 938 2309 ,
973 2261 1121 2315 saepe
1159 2261 1189 2300 a
1216 2246 1455 2316 prmlatis
1483 2246 1536 2299 in
1580 2247 1762 2300 subdi—

170 2331 243 2385 tis
270 2333 687 2389 committuntur
710 2376 724 2400 ,
770 2336 896 2406 quia
936 2347 991 2392 et
1016 2353 1206 2393 omnes
1237 2338 1484 2394 subditos
1524 2339 1575 2392 hi
1610 2380 1624 2403 ,
1656 2341 1749 2408 qui

170 2434 431 2492 przesunt,
466 2427 642 2482 minus
687 2442 850 2497 quam
878 2429 978 2500 ipsi
1008 2439 1151 2494 sunt,
1190 2430 1463 2501 sapientes
1492 2429 1759 2485 arbitran-

244 2571 269 2597 ι
299 2560 467 2625 Edit.,
494 2561 697 2615 virtutis
720 2572 792 2616 est
816 2565 1075 2618 meritum.

244 2629 273 2667 δ
302 2630 469 2695 Edit.,
494 2630 735 2700 fortiora.

1865 1982 1969 2037 tari
2011 1987 2255 2051 appetas,
2296 1983 2388 2030 aut
2423 1988 2584 2044 quem
2641 1968 2841 2025 imitari
2887 1965 3141 2034 despicis,
3185 1958 3435 2015 venerari

1862 2050 2178 2130 contemnas
2220 2089 2232 2125 :
2273 2068 2486 2125 subtilis
2529 2064 2731 2121 etenim
2782 2062 2871 2115 via
2901 2054 3133 2114 tenenda
3164 2062 3247 2108 est
3280 2050 3437 2105 recti-

1866 2165 2097 2228 tudinis,
2139 2171 2193 2218 et
2221 2158 2560 2221 humilitatis,
2589 2165 2649 2210 ut
2695 2155 2775 2208 sic
2802 2145 3244 2221 reprehensibilia
3274 2142 3436 2210 magi-

1866 2264 2105 2312 strorum
2120 2252 2258 2306 facta
2276 2248 2595 2317 displiceant
2614 2264 2627 2310 ;
2648 2253 2915 2315 quatenus
2940 2237 3272 2295 subditorum
3290 2247 3439 2287 mens

1860 2362 1890 2399 a
1918 2343 2181 2401 servanda
2206 2338 2499 2411 magisterii
2528 2334 2831 2391 reverentia
2862 2344 2967 2384 non
2994 2325 3229 2383 recedat.
3268 2344 3287 2376 ι

1942 2575 1962 2601 ε
1994 2561 2160 2625 Edit.,
2193 2559 2440 2629 prazlatos
2460 2588 2527 2597 --
2547 2556 2801 2611 subditos.

1939 2632 1964 2671 ά
1994 2631 2159 2696 Edit.,
2193 2630 2450 2699 superior.

1179 2877 1577 2939 INCIPIUNT
1622 2870 2016 2936 CAPITULA
2059 2868 2269 2930 LIBRI
2316 2868 2425 2927 III.

1874 3011 1993 3026 μ

236 3106 315 3180 De
335 3118 599 3163 senectute
617 3112 788 3173 David,
814 3123 865 3165 et
886 3118 1198 3167 successione
1224 3116 1510 3176 Salomonis,
1536 3120 1589 3166 et
1610 3116 1759 3165 nomi-
1787 3120 1831 3180 ί]
1928 3112 2001 3180 De
2027 3124 2159 3180 mare
2184 3123 2333 3180 aereo.

165 3173 383 3231 neiejus.

234 3230 550 3301 Denvisione,
571 3248 713 3301 quam
737 3236 854 3301 vidit
879 3238 925 3285 in
953 3236 1149 3301 Gabaon
1176 3236 1420 3301 Sr-lomon,
1444 3248 1494 3289 et
1518 3239 1758 3301 sapientia

164 3293 216 3341 ei
234 3292 436 3356 collata,
464 3304 515 3343 et
534 3292 711 3356 judicio
734 3299 937 3347 duarum
962 3297 1236 3348 mulierum.

234 3353 313 3428 pe
336 3353 424 3415 eo,
445 3353 823 3428 scriptum
850 3367 928 3408 (st
949 3399 961 3417 ,
988 3360 1118 3428 quod
1144 3362 1365 3428 Salomon
1389 3362 1480 3428 tria
1504 3362 1652 3428 millia
1659 3373 1757 3428 .pa-

172 3415 372 3485 rabolas
395 3415 628 3485 ediderit,
653 3415 705 3469 et
743 3415 1173 3485 luerunt'ca'rmina
1200 3425 1307 3481 ejus
1327 3424 1543 3485 quinque
1572 3415 1718 3477 millia
1738 3456 1756 3484 ,

162 3476 591 3589 deputareritqpe
614 3476 641 3529 a
666 3480 815 3527 cedro
838 3495 993 3542 usque
1017 3484 1076 3529 ad
1102 3476 1381 3544 hyssopum.

229 3538 481 3589 Quomodo
551 3543 669 3589 iram
694 3554 783 3589 rex
806 3541 1111 3589 Salumonem
1132 3546 1180 3589 in
1203 3552 1381 3589 oneret

229 3538 481 3605 Quomodo
505 3538 783 3605 HiramArex
806 3538 1111 3592 Salomonem
1132 3538 1180 3592 in
1203 3538 1536 3605 operetempll
1554 3544 1753 3603 juverit.

232 3600 363 3666 Quot
386 3604 637 3666 operarios
660 3602 885 3666 Salomon
914 3605 960 3650 in
985 3616 1141 3666 opere
1165 3600 1333 3666 templi
1362 3600 1607 3656 habuerit.

229 3659 310 3723 De
346 3674 443 3720 quo
466 3662 626 3723 lapide
653 3663 885 3721 templum
911 3667 971 3713 sit
996 3659 1188 3713 factum.

280 3724 460 3794 nando,
486 3722 563 3772 vel
589 3726 668 3772 ubi
690 3724 977 3794 adilieatum
996 3728 1056 3775 sit
1082 3726 1335 3787 templum.

268 3787 376 3841 ujus
396 3797 638 3834 mensura:
662 3790 724 3836 sit
746 3787 937 3834 factum.

226 3841 304 3909 De
324 3842 576 3909 fenestris,
604 3854 653 3896 et
678 3846 858 3909 tabulis
881 3848 986 3907 ejus
1012 3860 1099 3906 per
1125 3859 1315 3907 gyrum.

226 3905 308 3967 lle
331 3905 637 3967 ascensu,'et
670 3908 867 3957 iacturis
890 3905 1055 3967 medii,
1083 3921 1139 3957 ac
1162 3905 1297 3958 tertii
1325 3910 1638 3959 tabernaculi.

232 3966 296 4038 gi
322 3966 727 4038 parietescedro,
752 3982 808 4018 ac
833 3971 1157 4038 pavimentum
1179 3972 1249 4019 sit
1266 3972 1432 4020 abiete
1454 3974 1721 4038 intextum.

233 4028 310 4099 De
336 4030 565 4099 distincta
590 4028 818 4099 mensura
835 4028 1009 4099 templi
1037 4032 1204 4099 ipsius,
1225 4040 1276 4079 et
1299 4032 1504 4083 oraculi.

231 4089 297 4151 lit
316 4092 470 4151 omnis
493 4092 665 4140 domus
686 4092 748 4140 sit
772 4092 920 4140 cedro
944 4089 1135 4151 vestita,
1158 4101 1209 4142 et
1232 4105 1366 4144 auro.

229 4149 297 4215 iit
319 4149 474 4215 altare
492 4153 682 4215 oraculi
706 4152 855 4202 cedro
876 4190 891 4215 ,
920 4160 972 4204 et
996 4149 1133 4204 auro.

226 4212 305 4263 De
329 4213 568 4262 cherubin
598 4213 803 4264 factura.

232 4273 301 4337 μί
328 4274 489 4336 paries
511 4274 746 4337 sculptus,
774 4282 826 4324 et
850 4278 1181 4336 pavimentum
1204 4278 1267 4327 sit
1284 4288 1401 4329 auro
1424 4280 1662 4329 vestitum.

233 4334 315 4399 pe
329 4334 564 4396 ingressu
588 4334 789 4399 oraculi,
816 4334 919 4386 sive
944 4339 1134 4399 templi.

234 4396 315 4447 De
341 4400 476 4446 atriis
497 4400 667 4446 dOmus
693 4397 898 4445 Domini.

228 4457 359 4517 Ouot
381 4460 517 4508 annis
542 4457 775 4519 templum
799 4463 862 4507 sit
885 4457 1191 4510 ediﬁcatum.

228 4521 305 4571 De
335 4520 572 4570 columnis
595 4521 760 4571 areis.

1928 3173 2003 3222 De
2027 3174 2221 3221 basilltts
2247 3173 2437 3228 decem,
2456 3178 2502 3219 et
2528 3167 2654 3216 inter
2675 3168 2777 3218 bus.

1911 3235 2059 3308 Quod
2085 3236 2133 3282 in
2158 3233 2366 3296 regione
2390 3223 2617 3281 Iordanis
2660 3228 2782 3280 facta
2826 3236 2939 3279 sunt
2978 3237 3086 3277 vasa
3126 3225 3297 3275 donius
3342 3223 3436 3272 Do-

1861 3310 1999 3405 mlIlie
2024 3356 2161 3405 altari
2190 3362 2417 3416 utroque.

1926 3417 2001 3467 De
2023 3420 2206 3467 mensis
2231 3412 2403 3464 decem
2426 3415 2595 3462 aureis
2616 3414 2787 3463 domus
2812 3412 3023 3462 Domini.

1921 3479 1996 3529 De
2018 3481 2191 3530 decem
2224 3476 2548 3526 candelabris.

1908 3528 2001 3614 De
2042 3528 2317 3591 cardinibus
2376 3539 2610 3587 ostiorum
2633 3574 2646 3594 ,
2702 3540 2754 3585 et
2793 3533 3095 3596 perfectione
3127 3531 3301 3579 domus
3339 3528 3438 3578 Do-

1857 3604 2016 3712 ΠΙ.ῧίὖὶ
2046 3666 2287 3709 venerunt
2308 3661 2468 3708 cuncti
2500 3671 2646 3708 senes
2670 3670 2731 3705 ex
2759 3654 2909 3705 Israel
2946 3655 3001 3702 ad
3027 3667 3198 3715 regem
3216 3650 3439 3715 Salomo-

1860 3736 1993 3786 nem,
2019 3729 2070 3773 et
2087 3719 2395 3786 Hierusalem
2426 3759 2439 3779 ,
2482 3730 2533 3768 et
2573 3718 2860 3786 detulerunt
2902 3730 3060 3786 arcam
3094 3714 3162 3762 de
3204 3714 3323 3786 Sion
3353 3717 3440 3762 :et

1860 3776 2075 3834 tuler'unt
2097 3782 2377 3831 sacerdotes
2401 3776 2558 3829 arcam
2583 3777 2781 3828 foederis
2803 3778 2993 3827 Domini
3022 3779 3067 3825 in
3092 3776 3286 3824 oracu'o
3312 3782 3413 3823 tem

1860 3848 1922 3906 pii
1949 3860 1962 3894 :
1989 3854 2040 3894 et
2077 3850 2184 3906 post
2225 3842 2331 3891 haec
2368 3842 2485 3892 dicit
2509 3876 2522 3900 ,
2554 3841 2684 3906 quod
2704 3842 3210 3906 _eminerent_vectes,
3232 3848 3439 3896 appare-

1859 3901 2399 3967 reutque’suuimitates
2424 3901 2591 3967 eorum
2630 3901 2743 3948 loris
2778 3902 3101 3967 sanctuariqu
3128 3906 3241 3948 ante
3266 3905 3439 3967 oracu-

1860 3969 1975 4016 lum.
1992 3959 2128 4017 'Dicit
2151 3970 2316 4027 etiam,
2338 3962 2467 4027 quod
2491 3976 2587 4013 non
2610 3969 2744 4013 esset
2764 3961 2891 4010 aliud
2916 3962 2962 4009 in
2984 3972 3091 4027 arca
3115 3959 3396 4027 testamenti
3417 3991 3435 4015 ,

1858 4030 1950 4077 nisi
1973 4032 2080 4079 dua:
2102 4027 2276 4078 tabula:
2299 4020 2505 4089 lapideas
2536 4066 2549 4088 ,
2587 4036 2709 4086 quas
2746 4030 2974 4086 posuerat
2997 4023 3045 4071 in
3070 4034 3128 4071 ea
3155 4020 3350 4082 Iioyaes
3387 4020 3435 4067 in

1858 4089 2220 4211 orsgmebula,
2246 4163 2355 4211 qua:
2379 4150 2599 4211 apparuit
2623 4148 2833 4211 iu_r_iomo
2852 4144 3064 4211 Domini.

1919 4165 1994 4200 Ut:
2018 4165 2196 4200 nebula
2277 4165 2355 4199 ηδτ.»
2379 4165 2599 4211 apparuit
2623 4165 2669 4195 lu
2693 4165 2833 4193 nomo
2852 4165 3064 4194 uuumu.

1919 4212 1994 4261 De
2018 4212 2171 4262 classe
2195 4165 2479 4269 éutIomonis,
2507 4218 2653 4269 atque
2680 4207 2840 4255 Hiram
2869 4240 2883 4263 ,
2908 4216 3018 4266 quae
3043 4206 3142 4253 ibat
3174 4213 3263 4263 per
3288 4213 3439 4269 apuoa

1855 4260 2075 4348 singulos
2099 4276 2146 4323 iu
2171 4260 2321 4331 Oitvhir
2342 4260 2539 4322 deferre
2575 4260 2742 4319 aurum
2766 4303 2782 4331 ,
2821 4260 3005 4329 simias,
3046 4260 3209 4327 patos,
3234 4270 3284 4311 et
3307 4260 3437 4323 lngua

1856 4335 2195 4507 :Iig.iiili-ono
2216 4393 2504 4455 Salomonis,
2548 4398 2600 4443 et
2642 4391 2932 4441 abundantia
2980 4388 3193 4449 argenti,
3241 4392 3293 4434 et
3330 4384 3443 4433 auri

1907 4473 2067 4507 ierusa
2091 4471 2187 4507 em.

1907 4471 2187 4509 terusalem.

1780 4506 1834 4565 Ι)
1862 4506 1895 4507 η
1923 4506 1999 4571 De
2022 4506 2131 4570 casu
2154 4518 2438 4579 Salomonis,
2465 4526 2515 4568 et
2538 4517 2631 4565 line
2655 4514 2886 4565 malorum
2911 4513 3032 4575 ejus

1442 4644 1732 4707 INCIPIT
1776 4645 2011 4707 LIBER
2054 4645 2163 4705 III.

238 4786 357 4859 (111
394 4786 523 4857 Reg.
562 4784 627 4858 1.)
669 4785 861 4842 Senuit
912 4786 1101 4853 David,
1130 4788 1456 4858 ungiturque
1494 4785 1749 4842 Salomon

160 4880 217 4934 in
256 4891 439 4946 regem
461 4890 623 4947 super
641 4890 855 4931 omnem
871 4875 1035 4932 Israel
1062 4876 1115 4930 in
1136 4875 1332 4941 Gibon,
1358 4884 1417 4929 ut
1440 4876 1753 4945 impleretur

158 4968 218 5025 in
253 4966 346 5021 illo
377 4966 467 5020 illa
515 4966 825 5036 promissio,
857 4982 977 5036 quae
1021 4965 1160 5021 facta
1189 4974 1275 5021 est
1318 4965 1385 5021 ad
1438 4965 1606 5021 David
1663 4966 1747 5038 (ΙΙ

161 5058 292 5129 Reg.
315 5072 411 5122 vn,
440 5056 494 5122 5,
522 5056 606 5122 12,
637 5056 724 5128 15)
753 5075 765 5111 :
794 5056 917 5110 Non
945 5066 1001 5109 tu
1031 5056 1315 5125 adiﬁcabis
1342 5057 1469 5109 mihi
1509 5057 1743 5121 domum,

158 5147 259 5201 sed
288 5146 434 5215 ﬁlius
473 5155 616 5210 tuus,
656 5147 746 5217 qui
792 5147 1084 5216 egredietur
1114 5147 1177 5201 de
1217 5158 1363 5201 utero
1398 5158 1506 5202 tuo.
1548 5147 1605 5201 In
1644 5164 1752 5218 quo

156 5236 381 5308 quidem
426 5236 620 5291 futur.e
658 5238 737 5291 rei
766 5238 942 5303 imago
980 5236 1121 5292 facta
1144 5246 1247 5304 est,
1279 5239 1334 5293 in
1357 5254 1422 5294 eo
1446 5240 1587 5308 quod
1620 5249 1754 5293 tem-

156 5326 314 5396 plum
355 5324 660 5391 aediﬁcavit,
704 5335 757 5379 et
798 5342 986 5396 pacem
1026 5326 1212 5382 habuit
1239 5330 1527 5383 secundum
1554 5344 1751 5385 nomen

157 5432 343 5474 suum.
374 5428 400 5457 ι
430 5434 449 5469 ι
473 5416 725 5471 Salomon
746 5418 941 5489 quippe
965 5418 1349 5490 interpretatur
1367 5420 1637 5489 paciﬁcus,
1686 5436 1749 5475 ac

160 5524 259 5579 per
304 5509 410 5563 hoc
440 5508 568 5563 illud
596 5509 915 5564 vocabulum
946 5510 1021 5563 illi
1051 5510 1328 5565 verissime
1358 5512 1626 5578 congruit,
1653 5527 1751 5580 per

158 5614 328 5670 quem
367 5599 718 5655 mediatorem
758 5616 823 5655 ex
870 5601 1125 5667 inimicis,
1177 5612 1398 5672 accepta
1432 5604 1742 5659 remissione

231 5750 259 5778 ι
304 5737 595 5805 Dcsumpta
640 5747 763 5793 sunt
827 5739 1205 5807 subsequentia
1266 5757 1329 5793 ex
1391 5742 1730 5797 Ollal‘i'illiiiiic

161 5804 453 5881 Augustini
482 5804 538 5864 in
566 5808 709 5864 Psal.
743 5825 868 5865 1.x.“
899 5804 1145 5880 [munero
1186 5811 1299 5881 ipso
1335 5810 1551 5883 primo].

1850 4793 2198 4857 peccatorum
2279 4784 2693 4841 reconciliamur
2752 4783 2880 4838 Deo.

1851 4893 1901 4942 v,
1942 4876 2053 4949 10),
2084 4893 2201 4930 cum
2239 4876 2437 4930 inimici
2466 4892 2690 4929 essemus
2722 4875 3040 4929 reconciliati
3093 4890 3271 4928 sumus
3323 4873 3437 4928 Deo

1851 4984 1944 5039 per
1967 4978 2184 5022 mortem
2224 4966 2323 5037 ﬁlii
2362 4966 2497 5036 ejus,
2542 4964 2683 5020 idem
2724 4965 2840 5034 ipse
2889 4973 2991 5029 est,
3037 4963 3123 5019 ille
3152 4963 3432 5033 paciﬁcus,

1852 5059 1879 5099 δ
1912 5061 2003 5130 qui
2046 5059 2175 5115 fecit
2202 5068 2420 5129 utraque
2450 5074 2632 5123 unum,
2678 5066 2725 5111 et
2766 5056 2993 5111 medium
3038 5056 3287 5125 parietem
3315 5070 3433 5107 ma-

1851 5152 2004 5205 ceriae
2046 5149 2266 5214 solvens,
2323 5150 2623 5203 inimicitias
2685 5150 2739 5202 in
2806 5164 2962 5202 carne
3006 5164 3127 5211 sua,
3172 5145 3436 5216 legemque

1850 5242 2220 5295 mandatorum
2261 5240 2479 5294 decretis
2516 5255 2792 5303 evacuans,
2840 5246 2895 5291 ut
2934 5236 3065 5289 duos
3112 5235 3352 5289 conderet
3382 5236 3436 5290 in

1848 5350 1904 5387 se
1930 5347 1948 5385 :
1980 5333 2033 5386 in
2064 5350 2223 5387 unum
2260 5349 2445 5387 novum
2474 5332 2735 5385 hominem
2759 5322 2957 5398 facietis
3002 5342 3199 5397 pacem.
3248 5323 3316 5378 Et
3352 5342 3435 5380 ve-

1850 5425 1997 5478 niens
2022 5422 2390 5494 evangeliaavit
2418 5439 2596 5493 pacem
2623 5421 2724 5486 liis,
2765 5420 2855 5489 qui
2869 5418 3037 5489 longe,
3065 5426 3112 5471 et
3123 5434 3308 5487 pacem
3325 5418 3428 5478 his,

1848 5516 1938 5585 qui
1966 5532 2141 5585 prope.
2186 5514 2303 5583 Ipse
2344 5516 2396 5568 in
2428 5512 2716 5583 Evangelia
2742 5512 2872 5567 dicit
2895 5510 3003 5581 (Jo.
3042 5507 3262 5581 x1v,97)
3296 5529 3307 5563 :
3334 5527 3430 5579 pu-

1849 5623 1956 5659 ccm
2006 5624 2173 5659 meam
2215 5608 2281 5660 (lo
2312 5608 2472 5670 vobis,
2519 5621 2693 5674 pacem
2729 5603 2960 5674 relinquo
3004 5602 3161 5656 vobis.
3216 5602 3332 5667 His,
3374 5610 3428 5655 ct

2962 4783 3173 4837 Etenim
3234 4784 3432 4853 (Hom.
3486 4838 3491 4843 ,

1844 5743 2101 5867 lunari.
2148 5760 2233 5805 xi,
2268 5743 2347 5799 ll.
2396 5742 2519 5800 Haec
2554 5744 2811 5798 exscribit
2856 5743 3088 5798 Isidorus
3123 5758 3238 5810 cap.
3283 5742 3317 5793 Ε).
3369 5743 3420 5795 in
