3912 6322
454 334 658 389 723'

1518 332 1793 389 CLAUDII
1833 333 1919 388 TA
1930 332 2298 391 URINENSIS
2338 334 2643 396 EPISCOPI

3636 352 3735 407 72!

448 443 571 505 aliis
614 443 799 508 multis
842 444 1172 509 testimoniis
1219 445 1480 500 Dominus
1505 443 1756 503 Christus
1788 446 2042 516 paciﬁcus
2070 448 2120 507 Α
2150 450 2391 517 turbant,
2420 460 2479 521 ut
2507 468 2628 522 qum
2658 454 2933 511 sublevata
2966 458 3231 516 immenso
3257 478 3486 521 munere
3507 467 3741 533 exultat,

447 553 570 597 esse
608 547 964 601 monstratur.
1016 552 1043 584 ι
1088 540 1225 596 Nam
1264 538 1319 594 id
1374 538 1518 613 quod
1565 539 1854 595 mdiﬁcavit
1907 547 2046 594 tem-

445 630 597 701 plum
651 631 1171 689 excellentissimum
1228 622 1476 695 Domino,
1533 638 1589 685 et
1642 630 1716 685 ibi
1764 630 2043 686 Christum

444 721 740 794 signiﬁcat,
779 723 875 793 qui
898 723 1189 783 aediﬁcavit
1214 722 1438 778 domum
1481 721 1594 778 Deo
1625 723 1678 777 in
1707 723 2042 788 emlestibus,

445 830 554 869 non
592 814 865 887 delignis,
893 822 951 875 et
989 814 1281 886 lapidibus,
1331 814 1427 869 sed
1471 814 1539 869 de
1581 814 1891 869 hominibus
1920 829 2045 869 san-

445 904 571 971 otis,
601 906 709 962 hoc
760 914 848 966 est
907 905 1179 973 ﬁdelibus,
1223 905 1421 976 quibus
1466 904 1596 960 dicit
1645 906 1937 975 Apostolus
1989 905 2042 977 (I

445 994 568 1050 Cor.
585 1011 671 1063 ιιι,
689 994 810 1068 l7):
833 993 1083 1067 templum
1105 995 1244 1051 enim
1264 977 1363 1051 Dei
1374 1004 1613 1052 sanctum
1639 1004 1737 1062 est,
1759 996 1897 1068 quod
1919 997 2043 1053 estis

444 1104 555 1143 1⁸08.
592 1107 614 1142 ι

514 1178 713 1241 Tribus
773 1178 1086 1238 nominibus
1133 1184 1386 1237 vocatum
1434 1176 1607 1235 fuisse
1662 1178 2037 1247 Salomonem,

443 1266 741 1337 Scriptum
771 1266 1216 1324 manifestissime
1260 1271 1477 1333 docent,
1523 1268 1806 1338 paciﬁcum
1853 1268 1910 1323 id
1956 1276 2042 1325 est

443 1358 810 1414 Salomonem.
844 1356 913 1416 Et
953 1357 1203 1424 Ididam,
1254 1358 1310 1413 id
1353 1367 1439 1413 est
1485 1358 1743 1415 dilectum
1795 1358 2033 1424 Domini,

441 1446 723 1519 et(a‘ccle.
757 1464 798 1513 ι,
841 1446 897 1519 l)
939 1446 1177 1513 Coeteth,
1224 1447 1279 1502 id
1306 1457 1392 1502 est
1434 1448 1817 1505 Ecclesiasten.
1854 1449 2041 1506 Eccle-

440 1537 637 1595 siastes
666 1546 848 1594 autem
864 1537 1055 1595 Grmco
1077 1553 1329 1594 sermone
1348 1539 1673 1610 appellatur,
1699 1542 1789 1610 qui
1812 1549 2035 1608 coetum,

442 1629 500 1686 id
539 1639 627 1687 est
668 1629 968 1687 Ecclesiam
1008 1640 1342 1704 congregat:
1395 1646 1558 1700 quem
1600 1646 1699 1687 nos
1728 1647 2039 1703 nuncupare

437 1741 727 1798 possumus
750 1727 1195 1793 ooneionatorem,
1223 1726 1275 1782 id
1287 1735 1373 1783 est
1391 1727 1483 1796 qui
1511 1727 1753 1797 loquitur
1779 1729 1846 1783 ad
1865 1744 2037 1799 popu-

2145 539 2311 597 etiam
2336 542 2635 599 tentatione
2658 545 2890 614 pulsata,
2921 548 3051 618 quid
3085 551 3177 616 sit,
3207 552 3470 610 inveniat.
3514 556 3611 614 Sic
3644 558 3745 615 lie-

2146 627 2271 694 lias,
2295 638 2350 684 et
2378 629 2628 689 visitatus
2649 632 2900 705 desuper,
2932 652 3182 695 sermone
3211 642 3379 701 caelos
3413 646 3659 716 aperuit,
3691 658 3744 703 et

2147 727 2331 776 tamen
2384 723 2670 793 probatus,
2719 727 2900 784 subito
2948 729 3200 786 inﬁrmus
3248 748 3348 805 per
3389 735 3613 792 deserta
3664 738 3747 794 lu-

2144 813 2300 883 giens
2344 812 2389 880 ΐ,
2439 816 2667 871 nimium
2712 818 2993 876 mulierem
3034 824 3274 893 expavit.
3311 824 3405 881 Sic
3441 827 3657 885 Paulus
3680 835 3747 886 ad

2146 903 2369 965 tertium
2413 904 2612 962 ctelum
2666 910 2693 949 8
2733 909 2969 978 ducitur,
3025 913 3269 983 paradisi
3311 927 3617 992 penetrans
3661 937 3748 976 se-

2143 1004 2292 1053 creta
2322 998 2653 1066 considerat,
2691 1009 2749 1055 et
2788 1009 2969 1059 tamen
3012 1005 3081 1060 ad
3107 1006 3464 1081 semetipsum
3493 1012 3747 1077 rediens,

2141 1095 2334 1145 contra
2356 1088 2537 1144 carnis
2576 1089 2773 1145 bellum
2812 1090 3026 1149 laborat
3049 1093 3229 1165 (Rom.
3275 1080 3375 1164 vn,
3403 1099 3522 1170 21),
3564 1102 3748 1173 man

2142 1177 2302 1235 aliam
2317 1177 2372 1241 in
2387 1180 2648 1236 membris
2671 1182 2922 1246 sustinet,
2947 1181 3103 1253 cujus
3124 1185 3185 1241 in
3211 1201 3268 1243 se
3300 1189 3601 1247 rebellione
3616 1191 3749 1248 fati-

2141 1267 2282 1334 gari,
2295 1266 2516 1337 spiritus
2530 1266 2703 1340 legem
2726 1270 2890 1327 dolet.
2912 1272 3041 1328 Post
3055 1274 3086 1313 h
3100 1274 3451 1335 donationem
3471 1296 3607 1351 ergo
3624 1297 3748 1336 tnu-

2142 1356 2311 1425 neris,
2344 1358 2548 1415 idcirco
2580 1359 2722 1419 Deus
2750 1360 3021 1421 hominem
3056 1363 3270 1434 probat,
3303 1368 3430 1437 quia
3459 1379 3517 1427 et
3541 1370 3751 1427 collato

2140 1460 2366 1510 munere
2390 1446 2659 1516 sublevat,
2690 1459 2745 1506 et
2770 1452 3045 1509 abstracto
3082 1454 3381 1525 paululum,
3423 1460 3600 1529 ipsum
3639 1463 3747 1517 sibi

2139 1534 2411 1591 hominem
2444 1537 2799 1603 demonstrat.
2846 1541 2998 1610 Quod
3029 1558 3096 1603 eo
3134 1560 3307 1616 usque
3341 1550 3532 1618 procul
3574 1551 3750 1607 dubio

2138 1627 2393 1697 patimur,
2423 1644 2532 1698 quo
2561 1631 2775 1687 detersa
2798 1631 3042 1690 funditus
3084 1635 3205 1692 labe
3238 1639 3469 1706 peccati,
3515 1642 3583 1695 ad
3613 1657 3749 1712 pro-

2139 1719 2319 1775 missae
2368 1719 2786 1791 incorruptionis
2814 1723 3173 1783 substantiam
3212 1726 3591 1785 reformemur.

441 1817 576 1883 lum,
602 1825 860 1873 etsermo
890 1816 1007 1886 ejus
1044 1833 1153 1872 non
1179 1818 1487 1887 specialiter
1521 1819 1587 1874 ad
1614 1835 1799 1881 unum,
1834 1819 1930 1875 sed
1967 1819 2036 1873 ad
2064 1802 2110 1861 B
2215 1813 2232 1852 ί
2283 1829 2301 1863 ί
2339 1811 2398 1866 In
2451 1812 2557 1868 isto
2590 1810 2798 1885 judicio
2842 1814 3169 1885 Salomonis,
3218 1819 3308 1874 ubi
3350 1819 3590 1890 primum
3646 1823 3747 1877 ha-

439 1906 726 1961 universos
772 1904 1101 1977 generaliter
1139 1905 1409 1977 dirigitur.
1456 1905 1627 1961 Porro
1649 1906 1939 1975 paciﬁcus,
1980 1913 2036 1962 et

440 1994 671 2051 dilectus
697 1994 914 2054 Domini
934 1996 1007 2051 ab
1028 2010 1094 2051 eo
1116 1996 1261 2065 quod
1282 1995 1339 2051 in
1367 2012 1536 2068 regno
1562 1995 1679 2065 ejus
1713 2013 1817 2067 pax
1848 1997 2031 2064 fuerit,

350 2088 353 2089 ⁷
439 2097 497 2143 et
523 2099 649 2150 eum
673 2086 935 2145 Dominus
975 2084 1247 2152 dilexerit,
1298 2086 1602 2157 appellatus
1642 2094 1767 2144 est:
1807 2103 1935 2141 nam
1980 2096 2036 2142 et

440 2178 684 2249 psalmus
731 2177 1177 2249 quadragesimus
1207 2185 1457 2248 quartus,
1504 2189 1561 2233 et
1604 2177 2035 2249 septuagesimus

439 2260 686 2339 primus:
718 2265 910 2324 Diluti
949 2275 1006 2323 et
1048 2268 1259 2338 paciﬁci
1310 2268 1470 2324 titulo
1508 2278 1902 2338 praenotantur,
1941 2269 2034 2339 qui

440 2360 657 2416 tametsi
677 2359 747 2416 ad
772 2360 1111 2431 prophetiam
1135 2358 1356 2425 Christi,
1384 2369 1442 2415 et
1467 2360 1727 2416 Ecclesiae
1756 2362 2036 2430 pertinen-

440 2460 547 2517 tes,
585 2449 922 2515 felicitatem,
953 2460 1009 2505 et
1028 2450 1174 2506 vires
1201 2449 1510 2506 Salomonis
1537 2451 1821 2517 excedant,
1850 2458 2033 2506 tamen

443 2540 743 2598 secundum
792 2540 1099 2607 historiam,
1144 2556 1307 2612 super
1348 2541 1686 2598 Sulmonem
1739 2541 2035 2613 conscripti

442 2642 591 2693 sunt.
910 2627 926 2641 ’

514 2726 672 2802 (Cap.
700 2743 785 2794 tu,
823 2730 924 2802 tv.)
958 2729 1107 2783 Abiit
1138 2729 1320 2798 itaque
1351 2727 1603 2784 Salomon
1639 2729 1695 2782 in
1718 2726 1962 2792 Gabaon,
1984 2735 2039 2781 et

357 2884 370 2899 ε
441 2817 743 2877 immolavit
768 2819 844 2882 ibi
870 2820 1243 2876 holocaustum
1271 2814 1540 2876 Domino:
1574 2820 1665 2876 ubi
1693 2822 1946 2892 apparuit
1984 2822 2037 2877 ei

441 2908 705 2966 Dominus
728 2925 826 2981 per
852 2919 1091 2976 noctem,
1150 2920 1208 2966 et
1261 2912 1539 2967 exaudivit
1581 2912 2035 2981 deprecationem,

440 3016 604 3072 quam
624 3002 934 3072 postulavit,
951 3003 1206 3074 deditque
1231 3004 1280 3058 ei
1304 3005 1627 3074 sapientiam
1653 3013 1709 3059 et
1729 3006 2034 3072 scientiam,

440 3092 498 3147 in
523 3098 736 3148 tantum
759 3101 819 3148 ut
837 3091 1019 3149 nullus
1046 3102 1170 3150 ante
1197 3094 1393 3150 similis
1413 3095 1490 3149 illi
1517 3094 1698 3161 fuerit,
1714 3111 1813 3151 nec
1828 3104 1952 3167 post
1972 3096 2035 3151 il-

2136 1905 2323 1961 buisse
2359 1903 2627 1974 judicium
2652 1907 2798 1962 inter
2822 1908 2959 1965 duas
2984 1910 3242 1966 mulieres
3266 1911 3333 1965 de
3368 1912 3574 1981 pietate
3614 1928 3744 1968 eer-

2137 2006 2316 2054 tantes
2352 1998 2699 2064 describitur,
2724 2014 2955 2069 quarum
2997 2000 3055 2055 in
3084 2017 3193 2055 una
3240 2003 3457 2058 dilectio
3484 2004 3745 2069 ardebat,

2137 2087 2191 2142 in
2222 2089 2395 2149 altera
2426 2089 2703 2147 simulatio
2748 2090 3088 2161 subripiebat
3120 2090 3325 2149 Christi
3367 2092 3542 2164 ﬁgura
3592 2093 3695 2147 fuit
3725 2111 3741 2156 ;

2136 2178 2230 2234 ubi
2259 2179 2457 2235 mulier
2481 2179 2574 2235 illa
2602 2181 2849 2250 improba
2884 2180 3038 2250 plebs
3066 2181 3276 2239 scilicet
3325 2197 3614 2252 synagoga:
3655 2186 3741 2239 vel

2140 2270 2522 2326 haereticorum
2561 2284 2690 2329 vere
2732 2270 2945 2335 matris,
2997 2270 3102 2325 hoc
3144 2278 3229 2325 est
3269 2255 3529 2325 Eee‘lesize
3566 2269 3743 2323 ﬁlium

2136 2362 2457 2431 appetebat:
2509 2376 2672 2431 quem
2718 2360 2731 2411 i
2788 2378 2895 2417 non
2932 2370 2993 2416 ut
3031 2370 3360 2427 reservaret,
3404 2362 3501 2417 sed
3535 2377 3733 2437 revera

2136 2461 2197 2509 ut
2234 2453 2594 2533 interimeret,
2624 2455 2907 2523 cupiebat;
2958 2455 3054 2510 sed
3098 2454 3242 2510 sicut
3266 2453 3451 2526 gladio
3481 2453 3741 2509 Salomo-

2135 2544 2221 2599 nis
2250 2543 2279 2584 ιι
2308 2543 2617 2611 dirimente,
2666 2538 2903 2614 proer
2940 2544 3135 2599 matris
3180 2545 3407 2615 gemitu,
3436 2544 3543 2599 iste.
3567 2560 3735 2599 verus

2137 2628 2384 2703 repertus
2414 2642 2499 2688 est
2524 2640 2733 2704 partus,
2766 2634 2840 2687 ita
2868 2644 2922 2689 et
2963 2634 3161 2704 spiritu
3208 2631 3337 2688 Jesu
3384 2632 3595 2689 Christi
3640 2632 3739 2688 do-

2137 2731 2314 2790 cente,
2352 2725 2671 2795 plerumque
2712 2724 2793 2791 hi,
2824 2725 2972 2796 quia
3001 2733 3177 2780 matre
3223 2724 3453 2787 seducti,
3500 2734 3561 2778 et
3590 2724 3738 2793 capti

2138 2820 2264 2868 sunt
2276 2828 2463 2868 errore
2482 2813 2883 2879 haereticorum,
2906 2814 2991 2869 vel
3008 2829 3313 2885 synagogaz,
3338 2829 3737 2884 nonnunquam

2139 2910 2418 2957 merentur
2466 2918 2567 2973 pro
2618 2904 2928 2974 semetipsis
2971 2898 3278 2975 gementem
3332 2918 3738 2973 recognoscere

2136 2994 2436 3050 Ecclesium
2486 3003 2719 3050 matrem
2763 3013 2777 3049 :
2833 2996 2977 3051 unde
3027 2997 3178 3061 satis,
3231 2997 3735 3067 convenienterque

2138 3092 2381 3153 apparet,
2426 3084 2569 3140 hanc
2596 3084 2904 3153 mulierem,
2935 3087 3343 3151 haereticorum,
3378 3087 3465 3139 vel
3492 3102 3733 3159 synago-

358 3168 369 3185 ’
441 3181 553 3243 ium
577 3190 923 3238 surrecturus
949 3182 1042 3238 sit.
1076 3182 1205 3239 Post
1229 3191 1513 3256 acceptam
1554 3148 1736 3244 autern
1767 3148 2030 3244 divjinitus

2139 3148 2223 3247 gie-
2242 3148 2506 3248 ﬁgurasse
2541 3148 2900 3245 impietatem,
2941 3190 3063 3246 quae
3089 3183 3147 3230 et
3186 3148 3602 3246 suos'nequiier
3624 3148 3731 3231 nu-

439 3271 785 3342 sapientiam,
816 3288 943 3329 mox
966 3274 1205 3353 turpium
1228 3275 1515 3331 mulierum
1538 3292 1702 3334 causa
1734 3279 1802 3333 de
1823 3278 2029 3349 judicio

439 3367 698 3415 tentatur.
744 3360 773 3401 ιι
803 3379 822 3413 t
856 3360 963 3419 Ubi
994 3362 1312 3428 notandum,
1339 3364 1481 3434 quod
1507 3373 1798 3436 postquam
1843 3367 2030 3422 Domi-

439 3464 552 3505 nus
591 3448 797 3505 erroris
846 3451 1021 3505 nostri
1069 3453 1323 3508 tenebras
1370 3453 1508 3510 lucis
1554 3471 1666 3510 suae
1710 3456 2032 3528 cognitionis

371 3568 377 3574 -
436 3536 695 3604 illustrat,
746 3554 872 3594 mox
899 3539 1217 3597 tentationis
1256 3541 1464 3607 aculeo,
1509 3542 1782 3599 visitando
1814 3544 2029 3615 probat,

437 3628 563 3703 quia
592 3638 646 3686 et
675 3632 1022 3690 accendendo
1046 3633 1210 3688 cerda
1250 3641 1438 3689 nostra
1468 3635 1537 3690 ad
1564 3636 1795 3691 virtutes
1840 3651 2033 3707 prove-

436 3722 520 3778 hit
545 3728 603 3777 et
622 3722 924 3781 recedendo
935 3724 1152 3778 concuti
1176 3725 1473 3780 tentatione
1493 3727 1779 3795 permittit.
1810 3726 1868 3783 Si
1885 3729 2029 3784 enim

449 3820 572 3887 post
605 3813 868 3870 virtutum
912 3830 1161 3881 munera,
1204 3817 1351 3871 nulla
1384 3817 1686 3874 tentatione
1718 3829 1740 3858 ο
1772 3827 2030 3875 concute-

444 3919 618 3977 retur,
646 3896 753 3969 hoc
778 3924 837 3965 se
859 3907 974 3980 jam
999 3906 1200 3963 habere
1226 3906 1439 3962 animus
1457 3922 1525 3962 ex
1551 3922 1610 3961 se
1629 3907 1746 3977 ipso
1767 3906 2029 3979 gloriare—

439 4010 549 4056 tur.
596 3998 670 4056 υτ
713 4012 842 4069 ergo
887 4011 953 4053 ea
985 3996 1013 4033 ἀ
1037 3995 1266 4050 ﬁrmitas
1292 3997 1431 4051 dona
1470 3997 1689 4062 habeat,
1721 4004 1777 4051 et
1803 3995 2028 4050 inﬁrmi-

436 4097 606 4144 tatem
631 4102 785 4144 suam
811 4085 1089 4150 humiliter
1109 4092 1381 4156 agnoscat,
1414 4100 1512 4154 per
1538 4100 1816 4140 accessum
1841 4086 2029 4155 gratia:

435 4181 505 4237 ad
537 4180 647 4238 alta
675 4177 981 4235 sustollitur
1003 4185 1060 4233 et
1083 4191 1180 4246 per
1209 4191 1509 4241 recessum,
1549 4175 1679 4246 quid
1725 4190 1789 4231 ex
1823 4192 1882 4231 se
1908 4176 2026 4246 ipso

437 4272 527 4337 sit,
573 4268 853 4341 probatur.
900 4266 1054 4336 Quod
1102 4268 1240 4321 bene
1288 4267 1444 4321 nobis
1474 4282 1542 4320 ex
1595 4266 1822 4321 historia
1867 4265 2028 4335 hujus

436 4375 608 4417 sacrae
631 4357 883 4416 lectionis
911 4358 1175 4413 innuitur.
1207 4356 1347 4423 Quia
1376 4356 1655 4422 Salomon,
1678 4354 1741 4411 'et
1769 4356 2030 4412 divinitus

2132 3269 2365 3335 triendo,
2422 3270 2763 3335 interimunt,
2804 3276 2865 3323 et
2886 3269 3115 3337 alienos,
3141 3284 3426 3339 quousque
3461 3270 3727 3340 perdant,

2133 3361 2405 3417 illiciendo
2432 3361 2780 3431 persuadent.
2821 3360 3101 3417 Moraliter
3126 3375 3257 3416 vero
3292 3359 3310 3399 ι
3350 3362 3418 3415 in-
3458 3362 3565 3416 hac
3605 3378 3733 3417 sen-

2135 3452 2321 3516 tentia,
2353 3451 2483 3522 quid
2511 3452 2657 3506 aliud
2700 3467 2798 3521 per
2835 3459 3073 3506 matrum
3104 3451 3426 3507 laetantium
3477 3454 3729 3517 nomina,

2132 3540 2239 3595 nisi
2281 3542 2563 3597 doctorum
2605 3541 2778 3597 ordo?
2810 3541 2939 3611 quid
2984 3556 3116 3598 vero
3161 3558 3259 3613 per
3312 3557 3505 3597 earum
3562 3542 3731 3607 ﬁlios,

2133 3629 2236 3685 nisi
2268 3630 2652 3699 discipulorum
2699 3640 2932 3701 persona
2981 3633 3265 3702 s’gnatur?
3293 3632 3430 3688 Nam
3475 3634 3731 3704 magistri

2132 3727 2389 3782 nimirum
2433 3726 2719 3798 vigilantes
2761 3729 2978 3797 quidem
3028 3730 3277 3794 scientia,
3310 3731 3403 3785 sed
3441 3731 3554 3785 vita
3600 3732 3731 3786 dor-

2133 3822 2387 3886 mientes,
2426 3822 2704 3876 auditores
2736 3835 2884 3886 suos,
2915 3836 3051 3890 quos
3080 3836 3180 3891 per
3204 3823 3420 3893 vigilias
3464 3824 3733 3892 praedica-

2134 3910 2295 3965 tionis
2320 3900 2583 3976 nutriunt,
2609 3909 2738 3965 dum
2776 3908 2920 3981 quod
2954 3910 3162 3976 dicunt,
3196 3910 3375 3967 facere
3416 3912 3726 3984 negligant,

2130 4015 2228 4069 per
2255 4002 2523 4055 somnium
2557 4000 2794 4069 torporis
2822 3999 3100 4066 occidunt,
3150 4008 3208 4055 et
3260 4000 3587 4073 negligendo
3632 4016 3733 4071 op.

2130 4096 2405 4161 primunt,
2464 4106 2601 4160 quos
2652 4090 2799 4144 alere
2850 4090 3139 4145 verborum
3187 4089 3328 4146 lacte
3373 4091 3725 4145 videbantur.

2132 4182 2285 4238 Unde
2310 4182 2653 4252 plerumque,
2685 4182 2810 4236 dum
2841 4181 2943 4250 ipsi
2986 4181 3485 4251 reprehensibiliter
3505 4182 3720 4243 vivunt,

2130 4281 2187 4327 et
2216 4273 2419 4327 habere
2458 4270 2750 4340 discipulos
2779 4270 2903 4324 vitze
2945 4270 3229 4326 laudabilis
3263 4279 3558 4341 nequeunt,
3591 4270 3729 4324 alie-

2131 4381 2231 4419 nos
2261 4364 2365 4420 sibi
2395 4363 2669 4418 attrahere
2693 4370 2979 4426 conantur,
3006 4370 3273 4431 quatenus
3303 4360 3429 4415 dum
3456 4361 3638 4415 bonos
3670 4376 3730 4413 se

336 4433 375 4527 ’
436 4449 715 4521 accepisse
752 4447 1097 4519 sapientiam,
1126 4455 1182 4503 et
1215 4455 1396 4501 tamen
1424 4455 1545 4517 post
1574 4456 1851 4516 acceptam
1883 4463 2029 4501 eam—

2139 4456 2336 4510 liabere
2379 4469 2643 4524 sequaces
2680 4455 2996 4519 ostendunt,
3024 4454 3164 4523 apud
3202 4451 3407 4520 judicia
3437 4452 3728 4506 hominum

434 4543 559 4598 dem
586 4540 926 4612 sapientiam,
976 4540 1326 4595 meretricum
1375 4539 1561 4593 statim
1609 4539 1851 4609 pulsatus
1878 4555 2025 4608 quae-

436 4634 614 4689 stione
641 4639 996 4689 memoratur.
1030 4629 1152 4686 Mox
1177 4631 1346 4697 enim,
1387 4640 1449 4686 ut
1475 4632 1704 4702 gratiam
1744 4640 1905 4687 tantae
1935 4647 2011 4687 re-

436 4722 724 4779 velationis
792 4723 1042 4792 accepit,
1096 4733 1373 4778 certamen
1444 4721 1682 4792 turpium
1736 4723 2023 4779 mulierum

353 4841 365 4848 ν
435 4812 662 4886 pertulit
689 4833 703 4867 :
739 4814 863 4883 quia
893 4814 1146 4869 nimirum
1178 4826 1321 4884 saepe
1350 4826 1473 4868 cum
1501 4821 1739 4867 mentem
1783 4822 2021 4869 nostram

437 4906 717 4963 concessis
757 4904 1046 4960 virtutibus
1090 4913 1371 4973 respectus
1420 4903 1623 4957 intima:
1686 4914 1709 4941 ο
1760 4902 2027 4960 claritatis

438 4996 727 5059 illuminat,
764 4997 906 5052 hanc
935 4995 1187 5065 protinus
1219 4994 1384 5049 etiam
1415 4992 1636 5048 lubrica:
1673 4992 2029 5064 cogitationes

510 5140 537 5176 ο
565 5126 977 5197 ,δυὺεθρυθηιὶθ
1004 5140 1168 5196 porro
1199 5126 1253 5179 in
1275 5125 1483 5180 Isidoro
1512 5132 1720 5197 tantum
1750 5122 1951 5197 inveni.

511 5198 543 5238 δ
575 5198 706 5254 Haec
746 5194 866 5267 qum
912 5194 1249 5267 lineolispro
1278 5211 1428 5267 more
1457 5196 1662 5267 notavi,
1694 5210 1759 5249 ex
1782 5194 2023 5267 Paterio,

440 5268 672 5339 ideoque
698 5264 781 5328 es.—
799 5267 1061 5339 Gregorio
1090 5265 1283 5339 Magno
1312 5264 1567 5339 Claudius
1590 5264 2022 5339 sumpsit._V'ide,

440 5333 685 5400 obsecro,
737 5353 857 5406 quae
892 5333 1057 5395 tradit
1100 5333 1199 5390 ille
1219 5333 1314 5389 lib.
1364 5350 1459 5389 vm
1508 5333 1793 5390 Moralium
1846 5334 2017 5407 [nun].

439 5406 527 5468 ιδ.
552 5422 672 5479 cap.
701 5407 794 5472 ἓξ),
823 5408 971 5479 alias
988 5407 1099 5477 I7].

512 5489 535 5516 ε
573 5473 740 5543 Edit.,
769 5473 1134 5532 concutituret
1162 5491 1285 5534 mox
1317 5495 1327 5529 :
1353 5473 1632 5545 gloriatur.

508 5546 534 5586 ἀ
578 5546 647 5600 Et
675 5547 963 5615 ﬁrmitatis.

516 5627 540 5687 ξ
588 5615 897 5687 Largitatis.

518 5683 539 5727 ί
584 5683 773 5743 Unam.

2133 4552 2392 4601 excusent
2412 4542 2575 4608 mala,
2608 4558 2727 4612 quae
2756 4552 2942 4613 agunt,
2973 4550 3027 4596 et
3068 4545 3224 4612 quasi
3256 4560 3354 4613 per
3381 4546 3728 4599 subditorum

2132 4642 2323 4703 vitam,
2350 4637 2689 4693 mortiferam
2723 4644 2909 4707 tegant
2944 4621 3347 4706 negligentiam.
3382 4636 3532 4692 Unde
3561 4648 3623 4691 et
3665 4639 3729 4692 il-

2135 4733 2205 4787 lic
2233 4732 2446 4797 mulier,
2481 4744 2601 4800 qua!
2629 4729 2795 4783 ﬁlium
2829 4728 3089 4783 exstinxit
3126 4728 3422 4797 proprium,
3466 4730 3727 4797 quaesivit

2137 4824 2371 4877 alienum
2400 4839 2413 4875 :
2457 4820 2553 4876 sed
2584 4828 2762 4873 tamen
2792 4834 2975 4872 veram
3008 4826 3233 4871 matrem
3270 4818 3575 4872 Salomonis
3603 4819 3726 4888 gla-

2135 4915 2257 4970 dius
2294 4913 2518 4975 invenit,
2559 4910 2686 4979 quia
2716 4908 2966 4963 videlicet
2991 4906 3145 4975 cujus
3187 4906 3395 4963 fructus
3432 4908 3602 4971 vivat,
3635 4910 3723 4963 vel

2131 5001 2285 5071 cujus
2312 4978 2650 5066 intereat,in
2691 5007 2939 5054 extremo
2969 4998 3220 5053 examine
3246 4998 3329 5052 ira
3353 4997 3587 5052 districti
3625 4997 3719 5066 ju-

2206 5142 2231 5180 8
2270 5138 2488 5208 Raptus.

2202 5210 2229 5250 ιι
2269 5208 2571 5262 Datianem.

2209 5282 2224 5320 ί
2296 5277 2570 5332 Hactenus
2615 5273 2886 5339 Paterius,
2941 5275 3174 5342 Ideoque
3219 5269 3529 5342 Gregorius.
3580 5270 3725 5337 Qua:

2130 5351 2551 5418 subsequuntur,
2557 5359 2641 5418 _ex
2679 5342 2884 5418 Isidoro
2912 5339 3101 5399 didicit
3120 5339 3395 5396 Claudius.
3414 5339 3550 5396 Vide
3588 5356 3718 5413 cap.

2127 5438 2184 5475 ιιι
2232 5412 2355 5473 libri
2380 5415 2527 5471 tertii
2557 5414 2689 5484 Reg.
2720 5428 2773 5465 v.
2805 5412 2892 5466 I7.

2200 5488 2213 5538 i
2258 5490 2313 5542 In
2339 5487 2495 5549 edit.,
2527 5484 2627 5540 nisi
2644 5480 2723 5538 .‘ut
2748 5491 3056 5549 reservaret,
3077 5482 3171 5536 sed
3196 5480 3351 5535 male.

2202 5562 2223 5598 ι(
2269 5553 2710 5626 Diripientc,_scd_
2725 5553 2825 5606 hoc
2844 5566 3062 5626 quoque
3087 5550 3245 5626 Hylle.

2207 5629 2219 5667 ι
2269 5616 2473 5700 Rursus
2500 5624 2639 5700 redit
2679 5616 3083 5700 Paterius,_'seu
3112 5617 3430 5700 Gregorius,
3453 5631 3605 5670 num.
3648 5616 3721 5672 15

2130 5711 2182 5757 et
2216 5700 2274 5753 l7
2304 5698 2395 5751 lib.
2424 5710 2557 5749 xxm
2590 5691 2868 5747 Moralium
2892 5686 3271 5761 subsequentia
3316 5686 3549 5743 tradens.
