3912 6332
184 381 293 437 79.5

829 361 1290 436 QUxESTlONES
1329 359 1476 416 XXX
1520 355 1750 415 SUPER
1786 351 2035 410 LIBROS
2077 351 2340 407 REGUM.
2380 381 2448 393 --
2491 351 2692 406 LIBER
2733 349 2818 404 Ill.

3360 353 3462 407 79.6

177 494 318 551 dicis
333 491 686 546 demonstrat.
718 480 820 538 Ubi
837 488 893 535 et
914 478 1043 533 illud
1064 486 1149 532 est
1177 475 1408 530 solerter
1429 470 1765 534 intuendum,
1799 469 1851 528 Α
1880 478 1903 505 ο
1936 465 2196 535 disputat,
2226 465 2350 536 quia
2393 479 2684 535 pravorum
2713 464 2899 530 corda,
2929 473 2982 519 et
3009 463 3290 519 humilium
3315 466 3460 536 judi-

177 583 329 653 quod
361 578 546 632 vivens
590 573 732 627 ﬁlius
770 571 921 641 prius
959 567 1126 622 dividi
1167 563 1502 634 praecipitur,
1561 569 1619 615 ut
1671 557 1771 653 soli

178 648 524 742 postmodum
564 663 726 720 matri
762 660 1058 716 reddatur:
1092 656 1218 726 quia
1252 655 1306 709 in
1337 654 1441 708 hac
1478 653 1588 706 vita
1615 648 1770 720 quasi

176 761 376 834 partiri
404 757 720 815 conceditur
766 753 875 806 vita
913 748 1181 820 discipuli,
1226 747 1353 801 dum
1388 758 1453 799 ex
1496 742 1590 834 illa
1640 755 1773 796 non-

178 833 464 921 nunquam
519 846 656 900 alter
712 842 853 912 apud
904 840 1073 895 Deum
1128 837 1400 899 meritum,
1461 833 1598 888 alter
1640 847 1771 886 vero

175 942 324 1014 apud
354 938 601 995 homines
633 934 848 989 laudem
881 933 1081 987 habere
1109 928 1462 1000 permittitur.
1496 925 1603 982 Sed
1638 924 1773 980 falsa

177 1040 378 1097 mater,
409 1044 554 1094 eum,
597 1041 757 1097 quem
797 1040 902 1080 non
935 1023 1139 1095 genuit,
1183 1020 1359 1076 occidi
1386 1036 1494 1074 non
1544 1017 1766 1083 metuit;

174 1122 308 1193 quia
329 1126 651 1191 arrogantes
681 1114 947 1186 magistri,
986 1120 1040 1166 et
1072 1110 1319 1166 caritatis
1361 1107 1554 1179 ignari,
1584 1107 1627 1162 si
1654 1107 1770 1177 ple—

175 1211 468 1268 nissimum
508 1221 705 1262 nomen
743 1204 920 1260 laudis
956 1217 1023 1258 ex
1053 1200 1244 1255 alienis
1270 1197 1548 1268 discipulis
1577 1210 1769 1252 conse-

173 1304 272 1375 qui
316 1308 613 1372 nequeunt,
641 1312 829 1354 eorum
855 1297 1024 1350 vitam
1056 1293 1348 1349 crudeliter
1390 1292 1766 1361 insequuntur.

173 1393 396 1449 Invidia:
422 1391 567 1447 enim
594 1389 712 1445 face
733 1386 1001 1451 succensi,
1033 1385 1226 1439 nolunt
1264 1383 1385 1437 aliis
1406 1383 1609 1447 vivere,
1634 1397 1772 1452 quos

173 1483 523 1554 conspiciunt
553 1496 612 1537 se
651 1495 757 1534 non
795 1491 954 1548 posse
996 1475 1297 1545 possidere.
1363 1472 1518 1529 Unde
1566 1481 1620 1527 et
1663 1472 1772 1528 illic

175 1589 436 1648 perversa
459 1571 652 1627 mulier
677 1570 877 1626 clamat
920 1568 1076 1637 (vers.
1114 1565 1205 1637 26)
1236 1583 1247 1618 :
1279 1582 1371 1619 nec
1393 1581 1538 1619 meus
1565 1565 1652 1630 sit,
1680 1579 1772 1618 nec

171 1668 355 1722 istius.
394 1665 464 1722 Ut
491 1665 637 1720 enim
682 1663 940 1726 diximus,
985 1674 1123 1729 quos
1155 1657 1257 1713 sibi
1287 1657 1512 1726 obsequi
1551 1672 1659 1711 non
1689 1656 1770 1709 vi-

173 1759 328 1822 dent,
370 1757 438 1812 ad
466 1755 692 1827 gloriam
737 1752 1109 1822 temporalem,
1146 1764 1240 1805 eos
1268 1748 1389 1804 aliis
1427 1749 1668 1802 invident
1692 1747 1772 1800 vi-

1871 565 1977 614 cat.
2011 555 2185 626 Super
2209 555 2349 626 ligna
2372 565 2546 610 autem
2572 555 2879 625 disputavit,
2914 557 3041 611 dum
3074 557 3126 611 in
3171 572 3330 612 cruce
3357 574 3453 628 pe-

1871 648 2076 717 pendit.
2109 646 2260 702 Tunc
2291 648 2435 702 enim
2468 649 2520 701 in
2556 647 2741 711 cedro,
2769 648 2947 702 saeculi
2982 650 3354 721 arrogantiam
3387 649 3462 702 in-

1870 737 2306 813 clinavitnquam
2347 737 2514 793 etiam
2551 736 2618 791 ad
2644 737 2862 807 hyssopi
2881 737 3264 805 humilitatem,
3300 739 3352 794 id
3379 748 3463 793 cst

1869 842 2042 898 usque
2071 827 2140 881 ad
2164 828 2342 883 crucis
2367 826 2680 894 stultitiam,
2706 842 2771 883 ac
2803 828 3263 899 contemptibilem
3295 827 3458 884 ﬁdem

1871 917 2112 973 deduxit.
2146 936 2164 970 ι

1943 1004 2135 1078 (Caput
2176 1006 2257 1078 γ.)
2298 1003 2559 1077 Sequitur
2591 1005 2611 1046 ί
2641 1007 2838 1064 dehinc
2876 1007 3141 1065 historia:
3188 1025 3206 1060 ‹
3240 999 3464 1078 quando

1873 1095 2131 1153 Salomon
2177 1096 2546 1154 aediﬁcaturus
2593 1099 2812 1156 domum
2867 1100 3121 1167 Domino,
3183 1101 3461 1171 quiesierit

1871 1190 2131 1246 auxilium
2173 1192 2241 1248 ab
2271 1191 2458 1247 Hiram
2481 1207 2608 1264 rege
2655 1192 2804 1266 Tyri,
2842 1193 2935 1264 qui
2969 1202 3089 1249 erat
3115 1194 3323 1249 amicus
3351 1194 3458 1249 Da-

1871 1283 1960 1338 vid
1987 1283 2133 1339 omni
2162 1291 2421 1356 tempore,
2468 1292 2524 1339 et
2560 1300 2684 1339 cum
2725 1285 2840 1354 ipso
2885 1300 3100 1355 quoque
3147 1284 3457 1351 Salomone,

1870 1382 2156 1447 postquam
2183 1391 2350 1447 regno
2375 1376 2580 1445 potitus
2609 1382 2712 1441 est,
2745 1390 2934 1444 pacem
2978 1375 3177 1431 habere
3200 1376 3314 1448 jam
3345 1392 3461 1432 coe-

1870 1474 2045 1538 perat,
2063 1476 2478 1539 promptumque
2494 1483 2618 1522 mox
2633 1462 2888 1523 Salomon
2917 1467 2983 1523 ad
2996 1465 3356 1537 adjuvandum
3379 1483 3455 1529 se.

1873 1560 1926 1614 in
1953 1561 2205 1618 omnibus
2232 1559 2348 1629 ejus
2379 1559 2647 1616 invenerit
2693 1559 2954 1626 animum,
3008 1560 3080 1614 ita
3112 1569 3176 1614 ut
3223 1559 3458 1615 artifices

1873 1651 1969 1716 illi,
2004 1659 2055 1705 et
2085 1650 2253 1721 ligna,
2283 1660 2338 1705 et
2376 1665 2590 1716 aurum,
2620 1659 2782 1720 prout
2809 1665 2946 1719 opus
2991 1652 3246 1717 habebat,
3293 1652 3453 1707 dede-

1873 1743 1978 1797 rit:
2034 1741 2187 1812 cujus
2240 1741 2489 1797 beneﬁcii
2536 1742 2710 1813 gratia
2751 1740 3010 1804 Salomon
3054 1742 3104 1797 ei
3149 1756 3246 1812 per
3290 1755 3458 1796 annos

173 1820 323 1905 vere
349 1863 448 1918 per
469 1820 793 1900 'vcritatem.
821 1820 962 1898 \lera
1012 1849 1194 1895 autem
1233 1846 1408 1894 mater
1448 1838 1666 1909 satagit,
1707 1846 1768 1892 ut
1795 1820 1842 1880 Β
1870 1834 2108 1906 singulos
2128 1834 2390 1905 plurimos
2417 1834 2606 1900 tritici,
2631 1845 2686 1890 et
2709 1833 2812 1892 olei
2840 1836 3038 1890 choros
3069 1835 3122 1889 in
3146 1834 3327 1889 cibum
3363 1834 3460 1888 du-

173 1939 298 2008 ejus
337 1938 480 1992 ﬁlius
508 1936 687 1991 saltim
717 1934 858 2003 apud
888 1941 1201 1988 extraneam
1227 1931 1320 1997 sit,
1341 1939 1397 1986 et
1420 1930 1599 1996 vivat;
1634 1929 1762 1999 quia

173 2028 486 2083 concedunt
509 2041 732 2081 veraces
760 2024 1030 2095 magistri,
1071 2031 1131 2077 ut
1157 2038 1220 2077 ex
1263 2036 1450 2076 eorum
1490 2020 1767 2091 discipulis

172 2120 272 2175 alii
301 2119 519 2189 quidem
549 2116 846 2188 magisterii
874 2115 1088 2170 laudem
1108 2115 1377 2178 habeant;
1412 2114 1458 2168 si
1485 2121 1663 2168 tamen
1692 2113 1768 2166 in-

173 2214 491 2285 tegritatem
522 2210 646 2264 vita:
689 2208 852 2263 iidem
901 2205 1151 2276 discipuli
1197 2220 1304 2259 non
1352 2205 1624 2268 amittant,
1672 2218 1769 2273 per

171 2319 300 2374 quae
328 2299 548 2372 pietatis
580 2299 815 2363 viscera,
845 2298 961 2352 hazc
990 2296 1181 2352 eadem
1214 2311 1340 2350 vera
1386 2302 1561 2349 mater
1599 2309 1767 2364 agno-

172 2393 371 2456 scitur,
398 2389 524 2460 quia
544 2403 706 2445 omne
730 2385 1098 2457 magisterium
1124 2383 1177 2438 in
1205 2383 1455 2438 examine
1484 2382 1768 2436 charitatis

173 2481 534 2554 approbatur,
594 2486 648 2535 et
705 2477 820 2533 sola
868 2483 1039 2530 totum
1086 2474 1330 2543 recipere
1381 2473 1596 2538 meruit,
1649 2487 1769 2542 qua:

173 2575 340 2645 quasi
368 2581 540 2628 totum
591 2568 892 2642 (concessit)
935 2568 1135 2624 cessit:
1171 2566 1294 2636 quia
1342 2566 1527 2621 ﬁdeles
1564 2581 1770 2636 praepo-

171 2665 268 2720 siti
292 2679 391 2735 pro
419 2678 485 2719 eo
509 2662 652 2731 quod
683 2675 748 2715 ex
775 2659 936 2715 bonis
977 2656 1257 2726 discipulis
1298 2657 1410 2711 suis
1454 2671 1560 2710 non
1591 2655 1764 2709 solum

172 2757 299 2812 aliis
328 2754 540 2810 laudem
568 2768 676 2807 non
722 2750 984 2815 invident,
1026 2747 1122 2804 sed
1151 2747 1438 2802 utilitatem
1479 2748 1561 2801 eis
1602 2747 1766 2800 etiam

172 2844 487 2920 (profectus)
515 2851 804 2914 provectus
846 2849 1110 2905 exorant;
1160 2838 1262 2909 ipsi
1309 2846 1366 2893 et
1412 2839 1671 2908 integros,
1717 2844 1771 2891 et

171 2940 426 2994 viventes
469 2935 609 2991 ﬁlios
655 2931 925 3002 recipiunt
975 2929 1191 2998 quando
1227 2929 1282 2983 in
1341 2942 1593 2998 supremo
1643 2941 1772 2980 exa-

173 3029 325 3084 mine
353 3043 420 3083 ex
470 3039 660 3082 eorum
691 3024 802 3078 vita
849 3019 1110 3092 perfectae
1157 3018 1534 3074 retributionis
1576 3017 1770 3087 gaudia

175 3126 485 3190 sequuntur
509 3135 523 3171 :

1866 1929 1976 1982 mni
2007 1926 2124 1996 ejus
2148 1927 2328 1982 dabat.
2363 1925 2505 1980 Nulli
2536 1933 2718 1980 autem
2746 1924 3148 1995 dublnm,quod
3177 1922 3456 1987 Salomon,

1867 2018 1958 2090 qui
1985 2018 2379 2088 interpretatur
2398 2017 2674 2087 paciﬁcus,
2701 2025 2757 2072 et
2786 2016 2903 2086 ipso
2943 2017 3184 2080 nomine,
3219 2024 3273 2070 et
3313 2028 3460 2069 sere-

1869 2114 2094 2169 nissimo
2121 2112 2275 2183 regni
2307 2112 2389 2167 sui
2413 2118 2558 2166 statu
2580 2111 2732 2166 illum
2763 2109 3050 2182 signiﬁcet,
3085 2110 3151 2164 de
3181 2123 3288 2179 quo
3320 2107 3458 2163 dixit

1868 2204 2036 2260 Isaias
2068 2203 2166 2275 (ix,
2198 2203 2251 2274 7)
2278 2218 2292 2256 :
2333 2201 2779 2273 Multiplicabitur
2813 2201 2928 2271 ejus
2975 2200 3271 2271 imperium,
3297 2207 3345 2253 et
3370 2216 3462 2269 pa-

1868 2297 1942 2351 cis
1971 2313 2072 2349 non
2119 2297 2216 2349 erit
2261 2295 2404 2365 ﬁnis.
2437 2293 2624 2349 Hiram
2652 2309 2806 2360 vero,
2847 2294 2939 2364 qui
2968 2291 3135 2348 latine
3163 2293 3362 2348 dicitur
3387 2293 3457 2346 vi-

1870 2404 1990 2441 vens
2041 2385 2259 2453 excelse,
2309 2386 2596 2442 credentes
2636 2399 2699 2440 ex
2752 2385 3022 2457 gentibus,
3077 2391 3130 2439 et
3154 2384 3262 2438 vita
3299 2382 3443 2438 simu

1869 2491 1993 2531 cum
2023 2476 2126 2532 ﬁde
2171 2475 2436 2546 gloriosos
2472 2475 2773 2547 ﬁguraliter
2804 2474 3078 2545 exprimit.
3124 2472 3308 2543 Neque
3343 2473 3444 2526 ali-

1870 2566 1998 2636 quid
2027 2567 2301 2636 prohibet,
2346 2566 2477 2636 quin
2503 2565 2710 2632 Hiram,
2754 2565 2846 2635 qui
2894 2580 2988 2620 rex
3017 2574 3152 2630 erat,
3181 2565 3461 2637 regalique

1869 2657 2110 2728 potentia
2163 2656 2533 2740 Salompnem,
2568 2655 2621 2710 id
2652 2665 2737 2710 est
2777 2652 3071 2724 Paci/icum
3129 2655 3183 2708 in
3231 2654 3460 2709 aedilicio

1871 2749 2061 2803 domus
2088 2748 2302 2802 Domini
2329 2747 2575 2816 juvabat,
2605 2761 2900 2802 conversos
2940 2745 3007 2799 ad
3048 2745 3207 2800 ﬁdem
3255 2747 3278 2785 Β
3315 2746 3460 2814 ipsos

1871 2850 2052 2892 rerum
2073 2837 2332 2892 Dominos
2353 2837 2529 2908 typice
2554 2835 2853 2900 denuntiet,
2883 2849 3111 2904 quorum
3129 2848 3231 2902 ope
3249 2843 3461 2887 constat

1873 2929 2170 2985 Ecclesiam
2202 2945 2342 3000 srcpe
2371 2925 2634 2998 adjutam,
2659 2944 2723 2984 ac
2746 2928 2999 2983 nobiliter
3029 2936 3457 2999 augmentatam,

1873 3028 1928 3074 et
1953 3029 2144 3076 contra
2175 3021 2479 3086 hzereticos,
2524 3020 2923 3085 schismaticos,
2953 3031 3008 3075 et
3042 3035 3280 3091 paganos
3310 3021 3460 3089 prin-

1878 3114 2139 3184 cipalibus
2176 3123 2416 3170 erectam
2447 3129 2568 3170 esse
2594 3113 2850 3168 deeretis.
2873 3112 3018 3166 Petit
3045 3127 3175 3182 ergo
3199 3110 3456 3166 Salomon

258 3167 626 3260 {Tia-cutus
661 3211 735 3257 est
778 3216 979 3272 quoque
1007 3197 1258 3253 Salomon
1284 3195 1387 3250 tria
1413 3195 1582 3249 millia
1623 3212 1770 3264 para-

1879 3206 1931 3259 in
1961 3221 2126 3274 opere
2153 3206 2337 3276 templi
2387 3205 2648 3260 auxilium
2693 3204 2760 3259 ab
2806 3204 3026 3271 Hiram,
3060 3205 3188 3274 quia
3217 3220 3339 3259 cum
3373 3221 3462 3259 ve-

175 3297 328 3352 bolas
353 3311 370 3347 :
393 3312 442 3349 et
463 3295 677 3365 fuerunt
699 3292 935 3346 carmina
958 3289 1072 3361 ejus
1095 3289 1123 3328 δ
1149 3288 1376 3358 quinque
1402 3285 1592 3340 millia.
1631 3284 1772 3351 Quid

173 3387 326 3440 enim
355 3400 455 3456 per
490 3385 596 3437 tria
641 3382 811 3436 millia
843 3379 1152 3450 parabolas,
1197 3378 1301 3433 nisi
1332 3376 1609 3448 plenitudo
1646 3376 1770 3432 ﬁdei

177 3478 235 3532 in
269 3476 406 3546 lege,
446 3483 501 3530 et
541 3472 846 3543 Evangeliis
873 3486 904 3524 a
948 3469 1166 3525 Christo
1194 3468 1390 3523 tradita
1421 3467 1775 3539 designatur?

175 3583 303 3637 qua:
334 3567 459 3621 dum
488 3572 600 3619 tota
636 3561 1006 3631 multipliciter
1049 3575 1147 3628 per
1177 3559 1554 3629 allegoriarum
1583 3572 1774 3612 sensus

177 3659 284 3713 sub
307 3667 331 3696 ο
363 3653 666 3709 ministerio
694 3650 980 3706 Trinitatis
1007 3649 1316 3711 disseritur,
1340 3647 1496 3716 quasi
1523 3647 1625 3700 tria
1652 3645 1774 3699 mil-

177 3751 253 3803 lia
302 3746 576 3819 parabola:
643 3753 1047 3813 nuncupantur.
1109 3741 1363 3797 Carmina
1418 3749 1598 3794 autem
1657 3739 1774 3810 ejus

176 3842 422 3912 quinque
449 3838 614 3892 millia
646 3851 747 3906 pro
777 3836 1015 3904 quinque
1044 3835 1294 3889 sensibus
1335 3832 1579 3900 corporis
1615 3831 1773 3884 intel-

176 3933 445 4003 liguntur,
478 3945 614 3998 quos
660 3929 752 3998 qui
785 3929 838 3981 in
869 3927 1100 3982 diversis
1136 3924 1428 3980 virtutibus
1456 3926 1595 3978 bene
1624 3921 1651 3962 τι
1682 3937 1774 3993 ge-

180 4024 276 4083 rit,
300 4023 492 4075 beatus
529 4027 631 4084 est,
663 4028 718 4073 et
743 4033 839 4088 per
865 4033 958 4073 eos
996 4017 1153 4087 quasi
1195 4015 1432 4086 quinque
1463 4014 1628 4069 millia
1657 4029 1775 4068 car~

178 4116 333 4170 mina
383 4113 610 4168 Domino
648 4113 813 4168 canit.

255 4206 438 4278 (Vera.
472 4205 586 4277 55.)
635 4223 653 4256 ι
701 4204 1006 4269 Disputavit
1050 4211 1230 4257 autem
1261 4201 1514 4256 Salomon
1545 4217 1574 4253 a
1607 4199 1770 4254 cedro

178 4313 359 4368 usque
382 4298 449 4351 ad
474 4297 792 4367 hyssopum.
809 4294 964 4350 Cedri
981 4295 1198 4348 nomine
1217 4291 1478 4347 celsitudo
1508 4290 1690 4362 gloriae
1717 4290 1769 4344 in

177 4387 374 4443 electis
401 4386 701 4455 accipitur:
733 4385 873 4439 sicut
899 4393 955 4438 et
992 4382 1262 4453 PrOpheta
1311 4390 1544 4438 testatur
1583 4382 1772 4436 dicens

179 4478 362 4551 (Psal.
410 4493 531 4542 XCI,
568 4477 656 4549 15)
694 4491 707 4529 :
745 4475 934 4529 Justus
969 4485 1025 4528 ut
1063 4473 1238 4545 palma
1277 4474 1502 4543 ﬂorebit,
1546 4483 1592 4528 et
1635 4473 1770 4527 sicut

179 4571 395 4635 cedrus,
417 4584 534 4639 qua:
554 4577 629 4621 est
655 4567 708 4620 in
736 4565 951 4629 Libano,
986 4562 1439 4633 multiplicabitur.
1494 4562 1771 4632 Hyssopus

180 4669 371 4715 autem
400 4658 570 4712 herba
591 4663 675 4712 est
702 4654 939 4719 humilis,
966 4668 1098 4708 saxo
1127 4655 1369 4718 haerens,
1396 4669 1499 4722 qtm
1527 4654 1774 4723 signatur

182 4749 469 4820 humilitas
491 4747 714 4802 Christi.
751 4747 1075 4816 Redemptor
1107 4745 1302 4814 quippe
1341 4752 1525 4799 noster
1551 4760 1581 4799 a
1607 4747 1771 4802 cedro

183 4853 364 4907 usque
389 4837 456 4892 ad
485 4837 778 4908 hyssopum
808 4836 1124 4907 disputavit,
1141 4836 1267 4904 quia
1283 4835 1350 4890 ab
1379 4833 1485 4888 alta
1507 4835 1772 4890 excellen-

188 4937 261 4984 ιιι
293 4930 531 4984 rmleslis
569 4929 754 5000 gloriae
784 4943 955 4998 usque
983 4928 1051 4982 ad
1089 4926 1269 4982 carnis
1298 4925 1656 4982 humilitatem
1683 4927 1773 4982 de-

184 5020 498 5078 scendendo
518 5018 764 5088 pervenit
796 5037 808 5072 :
843 5020 888 5072 si
911 5018 1126 5087 quidem
1149 5024 1205 5071 et
1229 5016 1376 5071 cedri
1403 5016 1621 5072 nomine
1653 5033 1771 5087 pra-

183 5127 384 5167 vorum
415 5111 644 5180 superba
695 5110 860 5164 elatio
885 5111 1216 5180 designatur,
1269 5110 1410 5163 sicut
1458 5125 1556 5179 per
1604 5111 1769 5166 David

183 5203 392 5259 dicitur
425 5199 596 5273 (Psal.
639 5216 809 5255 xxvm
833 5241 847 5264 ,
877 5201 930 5266 Si)
959 5216 970 5250 :
1019 5198 1127 5254 Vox
1150 5200 1360 5271 Domini
1394 5201 1770 5272 confringentis

185 5295 394 5349 ccdros.
452 5292 500 5347 Α
525 5291 685 5348 cedro
715 5292 896 5361 itaque
917 5291 1165 5347 Christus
1187 5303 1356 5360 usque
1385 5290 1451 5345 ad
1475 5290 1768 5362 hyssopum

261 5457 287 5484 ιι
332 5443 463 5568 (Ζιιῖἱ
498 5460 570 5508 iv,
606 5443 694 5500 32.
747 5442 1141 5525 Subsequentia
1176 5441 1436 5524 perquire
1480 5442 1534 5497 in
1566 5443 1771 5498 Isidoro

261 5530 390 5568 Irum
463 5513 712 5568 [Renum
734 5523 1137 5568 commentariis
1175 5513 1496 5567 Illustrante.

189 5513 390 5585 librum
415 5513 484 5568 Ill
505 5514 712 5585 Regum
734 5514 1137 5585 commentariis
1175 5513 1496 5567 illustrante.

263 5584 292 5623 δ
334 5582 835 5655 Vulgum—quinque
861 5593 907 5636 ct
935 5582 1076 5636 mille

265 5665 285 5724 ’ξ
335 5653 629 5724 ᾆιυδίτειδίοζ
1075 5661 1082 5672 ’

264 5722 290 5762 ιι
334 5722 501 5794 Regit.

272 5804 296 5833 θ
337 5790 476 5848 Είιῖῑ.
503 5793 800 5864 disputavit.
849 5790 1083 5849 Praelcro
1124 5793 1408 5850 lectionem
1437 5795 1637 5851 colicis
1683 5810 1775 5849 no-

1875 3295 2030 3348 niens
2060 3295 2113 3348 in
2142 3309 2304 3348 carne
2332 3294 2612 3359 Dominus,
2665 3294 2914 3348 dilectam
2950 3294 3052 3348 sibi
3102 3295 3340 3359 domum,
3380 3295 3461 3348 vi-

1874 3384 2068 3440 delicet
2099 3385 2415 3450 Ecclesiam,
2454 3385 2726 3440 aediﬁcare
2763 3386 3092 3455 disponeret,
3135 3403 3240 3442 non
3270 3387 3336 3441 de
3365 3385 3458 3439 Ju-

1874 3477 2007 3531 dazis
2036 3476 2426 3542 tantummodo,
2450 3491 2640 3531 verum
2672 3477 2835 3530 etiam
2861 3476 2926 3533 de
2952 3478 3222 3547 gentibus,
3255 3477 3463 3548 adjuto—

1874 3578 1961 3620 res
1987 3565 2168 3634 operis
2193 3564 2375 3635 elegit,
2415 3574 2540 3618 nam
2572 3564 2640 3619 de
2685 3573 2916 3633 utroque
2956 3564 3152 3635 populo
3180 3567 3460 3622 ministros

1871 3655 2137 3712 sermonis
2168 3658 2478 3728 assumpsit.
2520 3656 2663 3712 Misit
2706 3657 2894 3712 Hiram
2926 3657 3198 3714 Salomoni
3237 3660 3460 3729 praecisa

1875 3747 1940 3802 de
1968 3745 2174 3802 Libano
2201 3746 2345 3817 ligna
2376 3747 2620 3812 cedrina,
2653 3755 2708 3802 et
2735 3746 2984 3817 abiegna,
3033 3763 3154 3816 quae
3200 3749 3253 3802 in
3300 3750 3458 3804 domo

1874 3837 2084 3891 Domini
2109 3844 2456 3906 ponerentur,
2485 3837 2612 3907 quia
2638 3852 2898 3891 conversa
2929 3837 3198 3908 gentilitas
3219 3839 3368 3894 misit
3391 3839 3461 3892 ad

1874 3929 2161 3984 Dominum
2188 3929 2337 3984 viros
2364 3931 2636 3999 quondam
2666 3930 2733 3985 ad
2760 3929 3014 3985 saeculum
3040 3930 3236 3996 claros,
3270 3947 3460 3986 secure

1874 4020 2156 4075 dominicae
2180 4020 2566 4090 iucrepationis
2593 4021 2659 4076 de
2696 4030 2879 4077 monte
2911 4036 3021 4076 sua:
3055 4021 3319 4092 superbia:
3344 4021 3459 4092 jam

1873 4108 2112 4178 dejectos
2145 4115 2200 4163 et
2231 4109 2569 4176 humiliatos,
2596 4111 2688 4179 qui
2734 4111 2812 4164 ad
2851 4124 3095 4163 normam
3134 4110 3462 4181 evangelium

1872 4199 2116 4254 veritatis
2143 4198 2397 4265 instituti,
2427 4200 2481 4254 in
2511 4200 2740 4255 aediﬁcio
2781 4200 3038 4255 Ecclesia:
3064 4215 3161 4270 pro
3185 4217 3282 4256 suo
3313 4202 3460 4271 quis-

1874 4305 1977 4358 que
1997 4291 2217 4358 merito,
2242 4291 2326 4345 vel
2354 4300 2600 4362 tempore
2630 4292 3046 4348 collocarentur.

1952 4403 1970 4432 ε
2018 4382 2160 4436 Misit
2198 4384 2357 4437 etiam
2385 4385 2636 4454 artiﬁces,
2666 4385 2791 4454 quia
2839 4399 3130 4440 conversos
3178 4385 3246 4439 ad
3277 4400 3458 4438 veram

1874 4475 2192 4545 sapientiam
2217 4476 2585 4546 philosophos,
2614 4476 2704 4545 qui
2726 4477 2897 4546 gratia
2927 4476 3265 4540 eruditionis,
3285 4493 3458 4546 popu-

1876 4565 1940 4617 lis
1957 4581 2168 4634 quoque
2194 4565 2440 4634 regendis
2461 4564 2584 4633 jure
2605 4574 3052 4635 proponerentur,
3080 4566 3307 4620 Domino
3329 4580 3456 4635 gen-

1874 4654 2040 4709 tilitas
2069 4655 2282 4719 obtulit,
2331 4655 2506 4724 qualis
2546 4655 2678 4725 ipsis
2719 4657 3084 4726 apostolorum
3127 4655 3458 4724 temporibus

1873 4743 2158 4814 Dionysius
2178 4744 2524 4816 Areopagita,
2552 4746 2724 4815 qualis
2747 4747 2999 4816 deinceps
3021 4748 3212 4800 doctor
3249 4748 3456 4800 suavis-

1872 4838 2062 4903 simus,
2122 4847 2178 4893 et
2233 4839 2560 4896 fortissimus
2612 4851 2818 4911 martyr
2875 4841 3194 4911 Cyprianus,
3238 4841 3458 4910 aliique

1873 4929 2277 4997 quamplurimi.
2315 4929 2458 5006 Misit
2485 4946 2674 4985 aurum
2701 4944 2717 4981 :
2743 4933 2883 5000 quod
2913 4933 2964 4985 in
3006 4933 3191 4986 eadem
3219 4947 3357 5002 pene
3384 4933 3455 4986 si-

1877 5019 2221 5090 gniﬁcatione
2246 5023 2525 5092 accipitur.
2576 5023 2709 5089 Quia
2763 5024 3014 5078 nimirum
3059 5027 3202 5078 viros
3244 5026 3455 5094 sapien-

1879 5109 1974 5175 tia,
2002 5121 2056 5164 ct
2087 5112 2299 5182 ingenio
2321 5112 2608 5180 praeclaros
2636 5112 2662 5150 ιι
2687 5113 2942 5175 ostendit,
2972 5128 3068 5181 pro
3103 5114 3300 5181 quibus
3329 5130 3455 5174 cun-

1877 5201 1980 5256 ctis
2005 5201 2364 5256 oblationibus
2389 5201 2662 5272 gentilitas
2683 5217 2713 5255 a
2750 5201 2975 5255 Domino
3004 5202 3141 5256 dona
3178 5211 3458 5272 exspectat

1877 5293 2065 5362 gratize
2104 5292 2339 5347 caelestis
2383 5311 2395 5346 :
2441 5292 2680 5347 triticum
2728 5291 2976 5346 videlicet
3032 5291 3181 5348 verbi
3227 5289 3361 5360 Dei,
3401 5304 3457 5350 et

1874 5449 1990 5512 stri,
2016 5462 2140 5500 nam
2169 5447 2419 5517 deinceps
2450 5445 2610 5517 habet
2635 5445 2862 5517 jutlicat.

1951 5517 1968 5556 ί
2012 5517 2145 5582 Qua:
2197 5515 2494 5585 sequuntur
2546 5516 2756 5571 lineolis
2783 5531 2881 5585 pro
2940 5530 3089 5570 more
3137 5521 3340 5575 notata.
3397 5515 3450 5570 in

1875 5587 2102 5640 Rabuno
2125 5588 2286 5640 etiam
2318 5594 2461 5640 sunt.

1951 5660 1973 5694 κ
2015 5657 2210 5708 Earum
2255 5672 2306 5709 re
2315 5672 2446 5708 rum.

1949 5728 1970 5765 h
2012 5727 2262 5781 Fortasse
2295 5725 2571 5795 legendum
2605 5733 2682 5779 est
2711 5724 2916 5778 obtulit.
