3912 6328
479 325 584 378 737

1555 327 1831 387 CLAUDII
1871 325 2338 385 TAURINENSIS
2375 327 2683 386 EPISCOPI

474 437 660 495 oleum
693 437 1002 504 cbaritatis,
1026 447 1189 510 atque
1232 439 1527 506 unctionis,
1555 449 1612 494 et
1653 439 2064 496 illuminationis
2095 444 2144 502 Α
2169 440 2415 496 cerdotes
2453 438 2709 512 eligendi,
2739 443 2835 498 sed
2861 442 2927 498 de
2951 445 3099 502 omni
3144 455 3274 501 sunt
3311 445 3560 506 Ecclesia
3609 463 3752 518 qua-

475 525 712 599 Spiritus
737 529 931 585 sancti.
973 527 1241 586 Convenit
1268 539 1392 600 apte
1422 531 1585 586 rebus
1603 530 1888 594 Ecclesite,
1918 529 2064 600 quod

471 617 734 674 auxilium
765 620 938 675 sancti
959 620 1142 690 operis
1169 619 1453 692 ﬂagitans:
1483 621 1561 676 ait
1595 621 1662 676 ad
1699 621 1884 676 Hiram
1912 620 2068 675 Salo-

471 725 597 764 mon
627 708 747 782 (Hl
775 708 903 774 Reg.
953 725 1003 768 v.
1048 709 1101 775 6)
1137 729 1150 764 :
1195 708 1435 781 Prmeipe
1479 713 1658 778 genti,
1711 721 1766 766 ut
1811 709 2065 780 prccidat

469 807 602 861 mihi
622 807 805 860 cedros
831 806 894 860 tle
920 804 1142 870 Libano,
1171 815 1222 861 et
1263 807 1401 860 servi
1446 806 1548 861 mei
1591 808 1697 862 sint
1743 823 1862 860 cum
1903 805 2063 866 servis

467 899 596 952 tuis.
651 896 809 953 Servi
839 897 1037 961 quippe
1080 895 1291 960 Hiram,
1329 897 1424 962 qui
1465 897 1833 962 prtecidebant
1871 895 2064 952 cedrus

468 989 746 1046 Salomoni
770 990 838 1046 de
861 989 1089 1051 Libano,
1121 987 1374 1044 doctores
1405 995 1531 1042 sunt
1573 987 1732 1042 electi
1781 987 1847 1042 de
1880 985 2058 1056 genti-

467 1083 590 1148 bus,
617 1093 851 1152 quorum
875 1077 1038 1136 ollicii
1069 1086 1155 1134 est
1195 1093 1311 1141 eos,
1341 1077 1434 1141 qui
1478 1077 1534 1132 in
1564 1079 1767 1134 mundo
1802 1082 1934 1143 hoc,
1967 1090 2060 1129 re-

464 1169 568 1226 bus
585 1177 642 1227 et
663 1168 834 1240 gloria
859 1168 1203 1233 tutabantur,
1226 1181 1257 1221 a
1274 1165 1542 1237 superbia:
1566 1165 1707 1221 fastu
1732 1164 2058 1236 corrigendo

463 1271 729 1325 sternere,
755 1270 918 1332 atque
931 1259 1000 1314 ad
1027 1255 1348 1329 obsequium
1373 1257 1456 1312 sui
1488 1256 1844 1327 redemptoris
1870 1270 2059 1314 comm

465 1361 591 1406 vota
611 1349 934 1426 transferre.
978 1349 1114 1406 Cum
1142 1349 1340 1419 quibus
1377 1349 1630 1406 videlicet
1669 1348 1860 1415 servis,
1900 1357 2058 1406 erant

461 1451 519 1496 et
562 1441 707 1497 servi
769 1438 1121 1505 Salomonis,
1187 1453 1249 1495 ac
1296 1438 1505 1508 pariter
1553 1445 1856 1494 memorato
1891 1437 2062 1492 insta-

459 1531 592 1587 bant
629 1531 820 1602 operi,
880 1531 1008 1601 quia
1050 1529 1212 1602 primi
1258 1529 1512 1587 doctores
1559 1544 1628 1584 ex
1673 1529 1927 1601 gentibus
1967 1544 2059 1584 ne-

459 1639 615 1680 cesse
643 1623 914 1679 habebant
935 1624 1175 1692 ipsorum
1200 1622 1611 1694 Apostolorum,
1644 1623 1790 1692 quia
1828 1621 2055 1678 Domino

459 1715 778 1778 didicerant,
810 1711 1116 1768 eruditione
1157 1713 1214 1767 in
1244 1712 1411 1768 verbo
1447 1712 1572 1769 ﬁdei
1618 1711 1830 1767 institui
1860 1730 1874 1766 :
1911 1725 1978 1767 ne
2003 1709 2050 1765 si

2166 530 2339 595 tendi,
2384 531 2477 601 qui
2517 531 2788 589 edulcare
2826 533 3047 590 domum
3091 534 3327 602 Domini,
3371 537 3460 596 vel
3505 539 3753 610 amplo

2165 637 2282 686 suo,
2311 621 2396 677 vel
2433 622 2581 677 dicto
2606 621 2914 680 sulliciant:
2959 635 3015 684 et
3061 624 3370 697 ubicunque
3404 629 3619 686 inventi
3650 630 3755 688 fue-

2164 712 2294 778 rint,
2325 726 2450 766 mox
2488 711 2542 768 in
2580 711 2819 770 cilicium
2856 722 3137 772 doctorum
3180 717 3386 787 absque
3424 718 3534 774 ulla
3562 734 3752 790 perso-

2163 820 2355 860 narum
2398 806 2710 875 acceptione
2767 808 3138 877 promovendi,
3192 809 3455 879 talesque,
3503 826 3634 867 cum
3690 811 3754 867 ad

2161 895 2484 950 erudiendos
2530 896 2797 962 inﬁdeles,
2847 906 3010 968 atque
3055 898 3112 952 in
3161 899 3445 970 collegium
3497 901 3756 957 Ecclesia:

2161 984 2433 1041 vocandos
2463 986 2808 1051 ordinantur,
2853 989 3010 1059 quasi
3042 989 3112 1045 ad
3141 990 3411 1046 cedendas
3455 992 3513 1046 in
3541 990 3755 1049 Libano

2160 1075 2418 1131 materias
2450 1075 2656 1146 templi,
2690 1077 2792 1134 viri
2836 1079 3070 1146 strenui,
3107 1087 3272 1149 atque
3311 1081 3474 1136 electi
3523 1082 3757 1137 mittun-

2159 1175 2267 1221 tur.
2301 1167 2368 1222 Et
2391 1167 2609 1239 quidem
2637 1185 2895 1226 numerus
2922 1171 3144 1240 triginta
3176 1171 3428 1236 millium,
3452 1188 3563 1243 quo
3586 1173 3757 1228 iidem

2158 1258 2425 1331 lignorum
2453 1275 2684 1315 caesores
2699 1262 3088 1328 censebantur,
3119 1270 3300 1332 potest
3314 1263 3380 1317 ad
3399 1279 3593 1319 eorum
3618 1264 3758 1335 ﬁgu-

2160 1363 2275 1401 ram
2311 1355 2434 1418 apte
2464 1347 2680 1414 referri,
2719 1351 2813 1418 qui
2845 1351 2900 1404 in
2938 1351 3042 1406 iide
3071 1361 3275 1408 sanctae
3305 1351 3593 1410 Trinitatis
3625 1362 3759 1409 sunt

2158 1428 2408 1507 perfecti,
2450 1437 2593 1510 quod
2622 1439 2936 1496 doctoribus
2966 1441 3202 1497 maxime
3229 1445 3497 1514 congruit.
3522 1441 3755 1507 Verum.

2155 1528 2282 1598 quia
2321 1528 2545 1601 triginta
2569 1529 2738 1585 millia
2767 1532 2839 1584 ita
2870 1541 3026 1586 erant
3058 1533 3317 1598 ordinati,
3349 1543 3408 1588 ut
3440 1534 3580 1590 dena
3621 1534 3750 1591 mil-

2157 1617 2227 1673 lia
2255 1633 2354 1690 per
2385 1632 2600 1675 menses
2639 1619 2881 1691 singulos
2907 1622 3061 1690 operi
3091 1631 3280 1678 sancto
3319 1623 3606 1689 instarent,
3637 1639 3757 1678 ma-

2158 1711 2242 1782 gis
2266 1711 2477 1768 denarii
2506 1712 2716 1768 numeri
2760 1723 3164 1771 sacramentum
3186 1715 3538 1786 perpendere
3580 1716 3754 1771 debe-

457 1805 663 1876 absque
691 1803 969 1875 magistris
997 1807 1195 1860 docere
1227 1803 1554 1875 inciperent,
1581 1801 1832 1874 magistri
1858 1801 2061 1858 existe-
2087 1783 2135 1844 Β
2162 1818 2302 1858 mus.
2335 1801 2482 1858 Dena
2518 1816 2750 1872 namque
2779 1803 2945 1857 millia
2975 1783 3218 1860 virorum
3258 1783 3324 1860 de
3353 1806 3518 1862 lsrael
3547 1809 3618 1862 ad
3645 1822 3752 1863 ca-

458 1904 583 1951 rent
605 1898 833 1952 erroris.
863 1894 1074 1951 idcirco
1111 1895 1317 1950 etenim
1359 1893 1614 1949 Salomon
1654 1907 1841 1949 servos
1871 1890 2058 1946 Hiram

457 1985 667 2042 caedere
695 1985 799 2040 sibi
845 1985 1016 2040 voluit
1063 1984 1208 2057 ligna
1249 1985 1317 2041 de
1350 1983 1582 2051 Libano,
1609 1984 1736 2054 quia
1787 1982 2058 2040 doctiores

460 2085 614 2133 erant
642 2077 814 2131 servis
858 2076 976 2132 suis
1001 2075 1069 2130 ad
1112 2075 1449 2132 caedendum.
1501 2075 1608 2132 Sed
1656 2075 1860 2132 idcirco
1891 2073 2058 2129 etiam

460 2185 650 2227 servos
689 2184 816 2226 suos
863 2169 1118 2224 similiter
1166 2167 1360 2224 adesse
1403 2166 1594 2232 voluit,
1634 2174 1694 2222 ut
1741 2165 2060 2221 ostenderet

459 2262 810 2318 eaedentibus.
845 2262 1000 2331 cujus
1028 2275 1300 2316 mensura:
1321 2257 1469 2331 ligna
1492 2258 1614 2316 ﬁeri
1643 2259 1924 2314 deberent.
1951 2256 2059 2312 Cu-

453 2353 540 2423 jus
561 2355 638 2409 rei
662 2354 832 2425 tigura
863 2353 917 2408 in
947 2360 1199 2420 promptu
1227 2359 1331 2416 est,
1363 2351 1489 2420 quia
1517 2351 1774 2405 nimirum
1808 2347 2054 2420 Apostoli

450 2445 658 2500 certius
689 2445 914 2500 verbum
941 2441 1248 2514 Evangelii,
1278 2443 1423 2512 quod
1465 2457 1496 2495 a
1541 2441 1771 2496 Domino
1809 2425 2052 2504 audiere,

454 2545 742 2593 noverunt.
775 2535 881 2591 Sed
908 2533 1138 2606 gentiles
1165 2535 1234 2590 ab
1267 2548 1456 2590 errore
1483 2531 1698 2589 liberati
1734 2545 1760 2574 ι
1793 2540 1958 2602 atque
1985 2530 2055 2587 ad

457 2629 742 2684 veritatem
770 2627 1051 2700 Evangelii
1088 2626 1485 2691 trausformati,
1513 2624 1708 2681 melius
1747 2624 1894 2694 ipsos
1917 2638 2050 2695 gen-

451 2722 592 2776 tium
618 2735 838 2777 errores
875 2729 1177 2776 noverant:
1210 2728 1266 2778 et
1296 2735 1404 2789 quo
1430 2719 1636 2776 certius
1677 2725 1968 2783 noverunt,
1996 2725 2053 2773 et

453 2811 804 2868 artificiosius
831 2813 934 2868 bos
966 2826 1301 2882 expugnare,
1344 2819 1506 2881 atque
1553 2825 1820 2866 evacuare
1850 2809 2053 2866 didice«

454 2910 602 2958 runt.
635 2922 655 2955 ι
711 2901 740 2942 δ
789 2901 992 2957 Paulus
1032 2901 1252 2972 quidem
1300 2908 1703 2956 sacramentum
1749 2898 2048 2969 Evangelii,

451 2993 598 3064 quod
636 3009 734 3066 per
762 2994 1150 3052 revelationem
1191 2992 1478 3059 didicerat,
1507 2991 1706 3048 melius
1729 2991 1913 3057 novit;
1956 2988 2052 3045 sed

451 3088 742 3160 Dionysius
767 3086 1258 3143 meliusreviucere
1285 3093 1502 3157 poterat
1537 3084 1674 3142 falsa
1701 3084 2045 3140 ethnicorum

451 3177 726 3261 dogmata,
753 3197 988 3251 quorum
1010 3198 1134 3238 cum
1165 3183 1448 3238 erroribus
1473 3181 1816 3253 syllogismos
1842 3194 1872 3233 a
1907 3191 2043 3248 pue-

454 3287 534 3336 ro,
565 3279 622 3326 et
659 3281 981 3344 argumenta
1019 3281 1212 3328 cuncta
1262 3285 1508 3329 noverat.
1564 3271 1662 3327 Cui
1706 3270 1890 3324 sensui
1919 3284 2050 3324 con-

449 3363 600 3418 venit
649 3371 774 3434 apte
825 3365 968 3433 quod
1020 3365 1264 3434 sequitur
1296 3362 1448 3436 (Cap.
1501 3379 1578 3430 v1,
1609 3380 1742 3418 vers.
1791 3363 1845 3432 6')
1878 3380 1890 3415 :
1929 3362 2053 3418 Scis

448 3453 616 3518 enim,
637 3452 779 3524 quod
803 3469 908 3531 non
933 3463 1007 3508 est
1035 3453 1088 3508 in
1120 3453 1314 3524 papula
1341 3469 1454 3508 meo
1481 3453 1583 3517 vir,
1607 3453 1696 3528 qui
1723 3451 1923 3506 noverit
1949 3466 2051 3505 ca:-

450 3545 575 3599 dere
601 3543 748 3617 ligna
790 3545 925 3600 sicut
975 3545 1210 3601 Sidonii.
1257 3544 1374 3601 Non
1416 3552 1562 3600 enim
1590 3550 1712 3602 erat
1751 3544 1806 3599 in
1853 3541 2049 3614 populo

448 3634 788 3701 ludentum,
812 3636 904 3691 ubi
934 3635 1197 3691 Dominus
1223 3636 1584 3706 corporaliter
1619 3649 1863 3705 prmsens
1885 3635 2052 3690 doco-

455 3727 569 3792 bat,
603 3725 746 3781 nllus
790 3726 1058 3791 virorum,
1107 3728 1200 3796 qui
1246 3735 1355 3780 tam
1405 3725 1563 3781 docte
1614 3733 1801 3779 nosset
1834 3739 2051 3780 errores

452 3817 702 3875 refellere
747 3818 1058 3890 gentilium,
1110 3833 1274 3887 quam
1323 3818 1424 3888 ipsi
1475 3817 1546 3872 ad
1596 3817 1759 3873 (idem
1799 3816 2050 3874 conversi

451 3906 700 3977 gentiles,
755 3914 813 3962 et
864 3921 935 3962 es
989 3907 1242 3978 gentibus
1289 3905 1420 3962 facti
1467 3905 1786 3962 Christiani.
1841 3905 2050 3961 Sidonii

449 4013 690 4069 namque
723 4007 779 4053 et
805 3997 976 4068 Tyrii,
1005 3998 1130 4067 quia
1165 3997 1452 4068 gentilium
1481 3996 1702 4051 fuerunt
1724 3996 2051 4066 populi,me-

452 4089 567 4146 rito
585 4088 754 4160 ﬁgura
783 4089 1024 4159 gentium
1051 4089 1411 4158 accipiuntur.
1462 4087 1616 4155 Quod
1647 4096 1829 4143 autem
1861 4103 2051 4144 servos

451 4176 714 4234 Salomon
743 4186 930 4234 noster
968 4177 1023 4232 in
1057 4179 1161 4232 hoc
1185 4193 1324 4248 opus
1353 4176 1584 4241 miserit,
1615 4177 1671 4231 in
1701 4175 2052 4246 sequentibus

450 4271 686 4342 mystico
727 4285 981 4325 sermone
1020 4269 1354 4340 designatur,
1382 4285 1506 4324 cum
1552 4268 1752 4324 dicitur
1792 4275 1947 4340 (vers.
1982 4269 2050 4324 l5

452 4373 503 4417 et
551 4361 878 4434 ll):Elegit
926 4361 1184 4418 Salomon
1231 4362 1498 4431 operarios
1541 4361 1606 4414 de
1655 4362 1796 4414 omni
1827 4359 2048 4414 Israel:

2161 1893 2338 1953 denda
2368 1893 2512 1965 ligna
2543 1894 2598 1948 in
2626 1909 2763 1964 opus
2789 1895 2982 1950 domus
3013 1895 3226 1952 Domini
3268 1899 3577 1964 mittuntur,
3624 1900 3755 1968 quia

2160 1985 2472 2055 quicunque
2516 1986 2792 2050 doctores,
2829 1995 2993 2059 atque
3033 1987 3402 2058 insipientium
3443 1989 3756 2044 cruditates

2158 2085 2285 2131 sunt
2307 2076 2610 2139 ordinandi,
2639 2074 2826 2131 decem
2857 2085 3131 2146 praecepta
3174 2077 3309 2149 legis
3337 2094 3436 2149 per
3459 2081 3653 2136 omnia
3701 2090 3756 2136 et

2159 2166 2262 2236 ipsi
2299 2167 2611 2232 observare,
2665 2174 2720 2221 et
2763 2168 3104 2224 auditoribus
3149 2171 3284 2225 satis
3313 2170 3515 2227 debent
3560 2173 3756 2235 obser-

2159 2257 2332 2312 vanda
2367 2266 2712 2322 monstrare;
2740 2257 2836 2312 sed
2865 2265 2922 2312 et
2962 2259 3184 2326 praemia
3231 2257 3286 2313 in
3325 2260 3484 2314 cmlis
3541 2259 3754 2326 futura,

2157 2362 2277 2419 qua:
2313 2347 2540 2402 denario
2577 2345 2752 2403 solent
2775 2346 3026 2418 figurari,
3046 2356 3102 2404 et
3130 2349 3232 2420 ipsi
3259 2363 3500 2420 sperare,
3527 2360 3586 2406 et
3605 2353 3756 2408 audi-

2156 2435 2366 2491 toribus
2391 2435 2786 2506 suissperanda
2811 2451 3030 2507 semper
3052 2438 3252 2494 debent
3274 2439 3551 2496 intimare.
3585 2441 3753 2497 Ierni

2155 2535 2336 2582 autem
2357 2543 2592 2594 menses,
2618 2542 2854 2598 quorum
2875 2528 3132 2585 distantia
3162 2529 3391 2601 singulis
3423 2540 3547 2595 erat
3576 2531 3754 2603 ligno-

2153 2633 2276 2674 rum
2304 2618 2597 2676 cmsoribus
2616 2618 2890 2689 imposita,
2929 2619 3318 2692 perfectionem
3371 2621 3541 2679 trium
3570 2623 3750 2677 virtu-

2155 2715 2268 2761 tmu
2316 2705 2752 2779 evangelicarum
2790 2709 2966 2780 typice
2997 2708 3344 2776 denuntiant,
3389 2711 3754 2784 eleemosyna:

2153 2799 2704 2866 videlicetorationis,
2731 2809 2786 2856 et
2807 2799 3022 2871 jejunii.
3048 2821 3067 2854 ›
3100 2801 3126 2841 ἀ
3147 2801 3348 2858 [larum
3363 2802 3490 2859 fecit
3517 2804 3754 2860 mentio-

2151 2907 2297 2957 nem,
2328 2907 2450 2962 qua:
2477 2907 2585 2947 non
2630 2891 2698 2946 ad
2747 2891 3027 2946 hominum
3058 2895 3502 2958 ostentationem,
3556 2893 3654 2948 sed
3686 2893 3754 2948 ad

2150 2982 2322 3036 solam
2352 2982 2550 3037 interni
2597 2981 2922 3052 inspeCtoris
2964 2981 3194 3050 gloriam
3245 2990 3434 3046 essent,
3476 2981 3751 3048 facienda,

2152 3071 2391 3142 alioquin
2434 3086 2465 3125 a
2507 3070 2686 3132 fructu
2715 3071 3044 3127 aeternitatis
3070 3087 3242 3135 vacua
3271 3082 3584 3133 manerent.
3617 3072 3752 3140 Qui-

2075 3140 2121 3205 Ο
2151 3165 2254 3219 bus
2278 3140 2460 3219 verbis
2497 3172 2683 3234 aperte
2735 3164 2918 3219 docuit
2962 3179 3152 3221 omnes
3194 3164 3461 3220 virtutum
3512 3163 3749 3231 fructus,

2152 3257 2241 3312 bis
2267 3256 2441 3312 tribus
2466 3257 2622 3326 quasi
2653 3255 2819 3312 ramis
2843 3257 2909 3311 de
2959 3272 3066 3312 una
3089 3256 3377 3312 charitatis
3400 3256 3591 3323 radice
3620 3271 3748 3328 pro-

2151 3345 2442 3408 deuntibus
2465 3344 2748 3400 insinuari.
2783 3363 2801 3394 ‹
2824 3343 2929 3400 Per
2951 3344 3331 3416 eleemosynam
3352 3359 3592 3415 namque
3604 3360 3753 3400 com-

2151 3437 2563 3508 prehenduntur
2609 3437 2815 3502 omnia,
2856 3452 2977 3509 quae
3022 3435 3091 3492 ad
3130 3437 3476 3494 dilectionem
3512 3438 3748 3508 proximi

2151 3527 2416 3598 explenda
2441 3527 2692 3584 benivole
2723 3528 2778 3583 in
2818 3527 3018 3582 fratres
3063 3543 3355 3598 operamur
3379 3545 3394 3580 ε
3422 3541 3523 3600 per
3549 3528 3750 3582 oratio~

2152 3635 2268 3675 nem
2306 3618 2511 3682 omnia,
2565 3618 2760 3688 quibus
2815 3633 2912 3688 per
2959 3618 3228 3671 internam
3276 3617 3748 3686 compunctionem

2151 3718 2342 3765 nostro
2367 3709 2638 3764 conditori
2671 3708 3067 3780 conjungimur.
3111 3706 3214 3761 Per
3244 3706 3520 3777 jejunium
3564 3708 3746 3762 omnia

2152 3801 2351 3870 quibus
2380 3815 2479 3855 nos
2509 3815 2540 3854 a
2568 3799 2888 3871 contagione
2915 3797 3195 3862 vitiorum,
3242 3805 3298 3852 et
3342 3796 3624 3852 illecebris
3652 3811 3745 3851 sa.

2150 3890 2259 3945 culi
2295 3891 2666 3954 observamus,
2707 3898 2768 3942 ut
2805 3888 2971 3943 libera
3004 3896 3202 3951 mente,
3239 3896 3294 3941 et
3327 3900 3564 3955 corpore
3596 3893 3747 3941 casto

2151 3980 2427 4036 dilectioni
2457 3980 2731 4035 valeamus
2758 3979 3023 4034 inhaerere
3048 3993 3282 4049 semper,
3308 3984 3367 4033 et
3410 3978 3585 4033 nostri
3615 3993 3744 4032 con-

2151 4069 2368 4134 ditoris,
2393 4078 2446 4124 et
2475 4069 2728 4139 proximi.
2759 4069 2828 4123 Et
2866 4069 2956 4123 isti
2986 4076 3112 4123 sunt
3153 4076 3265 4123 tres
3303 4083 3524 4124 menses
3551 4081 3745 4137 opera-

2152 4159 2359 4216 riorum
2399 4159 2602 4229 templi.
2647 4157 2781 4213 Nam
2829 4159 2957 4228 quia
3005 4158 3210 4214 mensis
3253 4157 3595 4228 plenitudine
3638 4157 3745 4211 die-

2152 4265 2273 4305 rum
2310 4249 2513 4304 lunaris
2560 4249 2753 4304 circuli
2796 4247 3099 4319 perﬁcitur,
3139 4263 3238 4319 per
3285 4248 3440 4303 illum
3469 4247 3747 4318 plenitudo

2151 4341 2373 4395 virtutis
2413 4338 2674 4409 cujusque
2700 4338 2998 4411 spiritualis
3025 4337 3349 4401 ostenditur,
3386 4337 3440 4391 in
3463 4351 3574 4407 qua
3596 4351 3746 4392 mens

456 4463 478 4490 ε
514 4461 562 4507 et
588 4426 700 4507 erat
730 4426 948 4506 indictio
981 4452 1199 4522 triginta
1227 4426 1397 4505 millia
1429 4451 1681 4514 virorum,
1714 4451 2047 4521 mittebatque

2159 4429 2394 4486 lidelium
2421 4445 2450 4484 a
2471 4429 2698 4485 Domino
2718 4427 3032 4498 quotidiana
3055 4427 3415 4484 illustratione
3433 4427 3594 4496 quasi
3622 4426 3743 4481 luna

453 4558 543 4597 eos
568 4540 624 4596 in
650 4541 928 4605 Libanum,
958 4541 1133 4596 decem
1162 4541 1329 4595 millia
1354 4558 1446 4612 per
1482 4557 1682 4595 menses
1705 4540 1938 4610 singulos
1969 4542 2046 4594 vi-

451 4637 658 4702 cissim,
682 4638 759 4690 ita
801 4645 858 4690 ut
887 4636 1090 4692 duobus
1120 4644 1287 4690 essent
1329 4635 1386 4688 in
1425 4634 1667 4688 domibus
1708 4636 1838 4687 suis.
1879 4651 1897 4683 ι
1940 4633 2043 4690 Ubi

453 4724 634 4793 primo
659 4725 955 4782 notandum
984 4725 1128 4797 quod
1159 4741 1266 4780 non
1304 4723 1505 4779 frustra
1555 4723 1811 4778 Salomon
1841 4739 2039 4792 opera-

455 4811 567 4873 rios
600 4816 668 4872 de
694 4818 842 4873 omni
887 4817 1054 4872 lsrael
1083 4817 1278 4887 elegit;
1328 4831 1504 4887 neque
1547 4823 1666 4870 erat
1711 4815 1818 4867 ulla
1865 4815 2042 4884 portio

453 4906 659 4977 populi,
701 4909 769 4964 de
813 4922 920 4978 qua
951 4923 1059 4963 non
1104 4907 1248 4977 digni
1279 4913 1428 4960 tanto
1460 4920 1626 4976 Opere
1663 4903 1767 4958 viri
1793 4919 2038 4959 assume-

455 5004 664 5052 rentur.
704 4994 841 5064 Quia
873 4997 1131 5051 nimirum
1160 5011 1269 5050 non
1294 4995 1361 5051 de
1391 5009 1497 5050 una
1533 4994 1702 5063 stirpe
1740 4993 1920 5048 Aaron
1950 5009 2038 5047 sa-

529 5189 555 5218 ι
594 5174 825 5230 Additur
867 5179 941 5228 vel
984 5175 1240 5235 conversi,
1270 5186 1390 5241 qua:
1418 5170 1486 5241 Ain
1539 5170 1761 5241 Rab_ano
1811 5167 1927 5241 ipso
1962 5183 2053 5241 ex-

455 5253 606 5303 stant
625 5243 862 5314 quidem,
908 5244 1005 5300 sed
1037 5242 1192 5296 deest
1221 5238 1322 5295 vos
1365 5238 1592 5294 liberati.
1641 5239 1776 5292 Eam
1821 5239 1866 5293 si
1912 5239 2049 5304 vult,

453 5318 634 5374 doleat
660 5315 851 5370 lector.

529 5389 558 5430 δ
597 5386 872 5442 Hactenus
928 5382 1184 5438 Rabanus
1223 5380 1492 5448 :reliqua,
1545 5394 1573 5432 a
1598 5379 1795 5448 quibus
1843 5377 2052 5432 lineolae

461 5459 662 5515 absunt
679 5456 736 5513 in
770 5453 1146 5510 tantummodo
1189 5450 1413 5506 Claudio
1448 5451 1659 5520 reperi,
1699 5457 1884 5503 secuto
1914 5448 2054 5502 scili-

468 5536 555 5584 cet
583 5541 809 5589 morem,
841 5539 1019 5596 quem
1044 5522 1172 5596 aliti
1203 5522 1289 5576 his
1342 5520 1523 5596 verbis
1561 5520 1813 5596 esposuit
1834 5536 1868 5596 ¹ε
1919 5535 2048 5596 non-

461 5595 610 5653 nulla
633 5587 813 5661 etiam,
840 5587 898 5648 ut
928 5594 1054 5648 mihi
1079 5594 1246 5647 visum
1270 5601 1368 5655 est,
1411 5589 1552 5661 infra
1579 5587 1793 5642 illorum
1826 5587 2052 5642 locutio-

463 5683 599 5732 nem,
638 5682 753 5720 mea
795 5659 973 5718 studui
1009 5663 1326 5732 conjungere
1377 5659 1551 5732 verba,
1602 5674 1719 5730 qua:
1773 5667 2046 5732 utramque

459 5727 833 5811 expositionem
878 5735 1070 5807 absque
1102 5727 1359 5788 'scis'siOne
1399 5727 1791 5801 conjtingerent.
1826 5727 1907 5802 [in
1934 5728 2048 5794 epi-

2151 4536 2180 4574 a
2210 4520 2322 4576 sole
2363 4520 2670 4587 respicitur.
2708 4539 2728 4572 ι

2229 4641 2250 4668 ο
2293 4629 2446 4686 Unus
2488 4643 2619 4683 vero
2665 4628 2887 4692 mensis,
2929 4642 3037 4697 quo
3071 4626 3215 4698 ligna
3254 4626 3324 4680 ad
3368 4640 3507 4696 opus
3554 4624 3738 4695 templi

2151 4721 2450 4784 caedebant,
2480 4719 2820 4790 eleemosyna
2851 4727 2955 4781 est,
2978 4717 3033 4772 id
3053 4727 3138 4773 est
3162 4732 3298 4787 opus
3325 4716 3740 4779 misericordiae,

2149 4827 2270 4881 qua:
2315 4825 2443 4881 erga
2489 4809 2718 4866 salutem
2760 4809 3018 4878 proximi,
3064 4817 3124 4863 ut
3169 4809 3224 4864 in
3250 4808 3513 4863 unitatem
3542 4816 3743 4862 sanctae

2151 4903 2406 4960 Ecclesiae
2432 4903 2568 4958 bene
2593 4901 2924 4972 proﬁciendo
2951 4901 3252 4972 perveniat,
3289 4899 3552 4962 docendo,
3580 4895 3743 4952 casti-

2149 4995 2349 5065 gando,
2424 4993 2742 5064 temporalia
2811 4991 3093 5046 commoda
3169 4989 3550 5061 impendenda,
3617 4986 3741 5040 vita

2159 5170 2282 5226 stol.
2306 5169 2373 5224 ad
2403 5168 2608 5239 Calai.)

2231 5251 2252 5277 ε
2297 5239 2503 5294 Rursus
2533 5236 2670 5293 redit
2710 5236 2989 5292 Rabanus.

2228 5309 2252 5348 ἀ
2323 5308 2453 5375 Quae
2510 5317 2693 5363 notata
2761 5322 2866 5361 non
2924 5306 3156 5370 invenis,
3211 5321 3244 5375 ai
3268 5304 3494 5374 vulgatis
3529 5303 3740 5359 Καὶ)εηὶ

2156 5374 2557 5448 exemplaribus
2577 5379 2799 5432 absunt.
2832 5377 2912 5448 An
2958 5377 3082 5446 quia
3119 5391 3183 5448 ea
3219 5374 3475 5448 Claudius
3517 5375 3610 5448 de‘
3640 5387 3740 5427 suo

2157 5443 2383 5529 inseruit
2398 5468 2419 5529 ξ
2448 5447 2897 5529 ειη-ροῐὶυεῃμὶᾳ
2922 5443 3292 5514 operariorum
3325 5443 3651 5515 negligentia
3679 5457 3741 5497 ea

2155 5519 2420 5574 abstulit?
2444 5517 2773 5573 Judicaverit
2800 5517 2990 5571 lector.

2230 5600 2253 5627 ⁶
2291 5589 2416 5646 Haec
2457 5604 2563 5644 non
2593 5595 2810 5644 exstant
2851 5587 2905 5641 in
2934 5586 3176 5654 vulgatis
3209 5584 3419 5640 Rabani
3458 5581 3738 5654 operibus.

2154 5658 2260 5714 Cur
2280 5659 2333 5716 id
2359 5659 2621 5728 evenerit,
2661 5657 2851 5714 lectori
2890 5654 3288 5725 dijudicandum
3327 5654 3570 5725 relinquo
