3912 6328
153 364 266 422 729

799 359 1259 428 QUzESTlONES
1298 356 1448 414 XXX
1481 357 1711 414 SUPER
1749 355 1993 412 LIBROS
2033 358 2292 419 REGUM.
2335 390 2404 398 —
2443 360 2644 415 LIBER
2685 360 2772 416 lll.

3308 360 3412 415 750

154 481 406 548 exempta
433 477 805 541 monstrando,
831 475 1160 530 laboramus.
1192 473 1308 528 Duo
1339 480 1519 527 autem
1546 472 1741 542 reliqui
1770 470 1823 529 Α
1848 471 2102 526 stantiam
2151 473 2372 537 habent,
2421 474 2638 542 quidam
2671 474 2912 530 mitiores
2955 474 3023 528 ad
3059 473 3419 532 consolandos

157 586 400 634 manes.
427 572 623 640 quibus
648 573 702 625 in
727 570 976 626 domibus
997 569 1110 624 suis
1136 581 1379 632 manere,
1414 581 1478 620 ac
1506 566 1619 622 suis
1643 581 1738 620 ne-

156 661 505 716 cessitatibus
530 671 655 715 sunt
695 674 908 725 vacare,
946 658 1220 730 permissi,
1246 657 1420 716 oratio
1455 664 1554 720 est,
1586 664 1639 710 et
1659 654 1739 724 je-

149 749 392 820 junium,
420 751 615 822 quibus
637 760 898 822 prseterea
935 764 1020 814 ea,
1056 765 1176 818 quae
1211 763 1339 818 erga
1359 748 1738 810 necessitatem

156 839 392 896 fratrum
422 840 554 897 loris
591 856 898 911 operantur,
943 846 1144 893 nostra:
1168 836 1359 893 salutis
1391 837 1613 907 pr0prie
1638 853 1738 892 cu-

157 946 279 984 ram
311 931 452 985 intus
490 945 747 987 conversa
797 930 864 985 ad
893 929 1179 984 Dominum
1225 935 1427 994 mente,
1473 929 1733 999 gerimus.

155 1019 222 1074 Et
242 1022 502 1090 quoniam
526 1020 600 1074 illi
629 1019 800 1075 solum
827 1016 1064 1089 perfecte
1084 1014 1169 1071 vel
1205 1031 1337 1082 suae,
1362 1016 1448 1072 vel
1489 1017 1740 1071 fraterna).

152 1109 350 1166 salutis
381 1124 567 1164 curam
598 1118 810 1179 gerunt,
840 1108 932 1178 qui
973 1123 1034 1163 se
1064 1108 1350 1164 intuitione
1394 1105 1588 1160 divinae
1615 1121 1736 1175 gra-

153 1200 252 1255 tize
280 1200 556 1256 humiliter
599 1200 858 1266 subdunt,
915 1208 1061 1255 recte
1101 1201 1347 1270 sequitur
1383 1199 1561 1272 (Vers.
1603 1200 1688 1272 11)
1721 1221 1732 1254 :

156 1309 178 1343 ι
212 1290 287 1346 Et
331 1291 622 1351 Adonirans
666 1301 778 1346 erat
821 1308 980 1363 super
1018 1292 1382 1362 hujuscemodi
1431 1293 1732 1347 indictione.

149 1380 451 1437 Adoniram
503 1397 757 1452 namque,
813 1382 906 1451 qui
959 1382 1124 1438 latine
1171 1383 1406 1438 dicitur:
1476 1382 1736 1438 Dominus

148 1490 299 1528 ms
323 1473 578 1540 excelsus,
605 1490 766 1544 quem
795 1475 1003 1539 melius,
1035 1491 1198 1545 quam
1232 1475 1427 1546 ipsum,
1458 1491 1620 1545 quem
1641 1492 1736 1530 no-

148 1568 299 1624 mine
326 1567 570 1623 imitatur
604 1567 861 1635 insinuat,
900 1568 1188 1624 Dominum
1217 1569 1468 1627 videlicet
1493 1569 1735 1625 Salvato-

149 1659 303 1714 rem-2
341 1659 411 1713 Et
438 1666 569 1715 tunc
597 1658 890 1716 Adoniram
936 1660 1203 1730 operariis
1254 1661 1437 1730 templi
1469 1662 1736 1730 praeponi-

147 1763 262 1817 tur,
291 1759 355 1806 ut
373 1767 470 1806 sua
502 1751 809 1820 provisione
833 1752 936 1806 rite
968 1751 1202 1816 ordinet,
1237 1751 1432 1821 quibus
1461 1753 1735 1806 mensibus

145 1841 350 1912 singuli
389 1842 460 1897 ad
500 1841 833 1912 operan‘dum
860 1849 1076 1905 exeant,
1109 1841 1307 1910 quibus
1333 1841 1509 1895 denuo
1554 1842 1622 1896 ad
1649 1857 1713 1896 cu

144 1935 382 1991 randum
431 1936 649 1990 domum
689 1950 843 1991 suam
886 1935 1129 2000 redeant,
1180 1951 1304 1991 cum
1353 1936 1640 2001 Dominus,
1684 1944 1740 1991 et

143 2024 401 2080 Salvator
454 2032 642 2080 noster
702 2033 910 2081 mentes
964 2033 1276 2081 sanctorum
1323 2027 1737 2095 praedicatorum

141 2129 246 2169 sua
277 2113 599 2169 familiarius
625 2113 981 2168 illustratio‘ne
1020 2113 1296 2176 informat,
1327 2116 1394 2169 ad
1427 2116 1738 2170 discernen-

141 2205 301 2270 dum,
334 2207 548 2276 quando
593 2215 863 2277 oporteat,
905 2207 1204 2261 azdilicandi
1254 2207 1549 2264 Ecclesiam
1600 2223 1737 2276 opus

141 2298 288 2353 inire
314 2317 326 2350 :
351 2299 715 2368 pradicando,
741 2299 941 2355 velalia
964 2300 1181 2370 pietatis
1205 2300 1378 2356 cilicia
1407 2303 1733 2371 prmstando,

138 2398 201 2444 ct
233 2391 453 2459 quando
480 2405 701 2446 rursum
729 2392 1015 2447 conveniat
1060 2393 1127 2446 ad
1159 2408 1313 2446 suam
1344 2394 1578 2462 ipsorum
1610 2410 1737 2451 con-

138 2478 433 2532 scientiam
451 2479 899 2544 esaminandam,
935 2482 1086 2549 quasi
1118 2481 1186 2535 ad
1226 2481 1618 2551 inspiciendam
1642 2485 1736 2539 do-

142 2585 300 2623 mum
330 2585 508 2634 suam,
537 2570 753 2635 reverti,
795 2579 849 2625 et
874 2572 1013 2625 hanc
1037 2571 1395 2637 orationibus,
1424 2588 1486 2626 ac
1512 2572 1735 2642 jejuniis

139 2676 387 2731 superno
411 2661 717 2731 inspectore
735 2702 749 2726 ,
777 2677 839 2715 ac
863 2661 1143 2716 visitatore
1180 2662 1397 2730 dignam
1427 2664 1674 2717 reddere.
1709 2684 1726 2715 ι

217 2752 399 2825 (Vers.
431 2755 494 2809 15
517 2765 564 2808 et
594 2753 703 2826 16.)
744 2753 986 2808 Fuerunt
1012 2756 1188 2824 itaque
1222 2753 1496 2809 Salomoni
1523 2766 1734 2826 septua-

137 2847 293 2915 ginta
315 2845 484 2898 millia
509 2862 712 2909 eorum,
738 2847 827 2917 qui
872 2863 1029 2899 onera
1052 2846 1355 2917 portabant,
1395 2856 1442 2900 et
1470 2849 1732 2917 octoginta

135 2934 314 2989 millia
360 2934 677 2989 latomorum
721 2936 775 2989 in
823 2946 1015 3001 monte,
1063 2936 1255 3006 absque
1301 2937 1618 3007 prtepositis,
1642 2938 1733 3007 qui

133 3034 405 3095 prmerant
450 3026 676 3095 singulis
722 3027 983 3095 operibus,
1030 3043 1246 3080 numero
1298 3029 1455 3081 trium
1506 3028 1729 3081 millium

134 3126 492 3186 trecentorum
533 3119 943 3187 pra'cipientium
970 3117 1180 3186 populo,
1228 3129 1275 3171 et
1305 3119 1406 3182 his,
1433 3119 1523 3189 qui
1559 3119 1726 3188 facie-
1755 3154 1798 3214 Ο

135 3207 266 3262 bant
294 3224 445 3276 opus,
473 3215 578 3262 etc.
611 3225 628 3258 ‹
662 3219 686 3247 ⁸
720 3206 974 3261 Latomos
997 3208 1181 3262 dicunt
1207 3208 1443 3278 lapidum
1468 3224 1722 3267 cassores.

132 3295 286 3351 l-Jem
314 3305 495 3350 autem
537 3296 775 3366 lapidum
803 3311 1057 3359 czesores,
1089 3299 1230 3366 quod
1254 3307 1310 3353 et
1336 3298 1604 3368 lignorum
1626 3314 1731 3354 cae-

133 3402 295 3441 sores
327 3387 554 3454 ﬁgurate
578 3387 819 3457 designat
855 3404 868 3440 :
904 3387 1008 3442 hoc
1047 3395 1132 3442 est
1167 3395 1388 3442 sanctos
1413 3388 1731 3458 praedicata-

134 3491 250 3540 res,
293 3477 385 3546 qui
429 3484 639 3530 mentes
692 3477 1059 3545 insipientium
1113 3481 1178 3532 de
1225 3479 1410 3533 labore
1450 3479 1599 3534 verbi
1635 3480 1726 3533 Dei

131 3574 421 3629 exercent,
461 3581 661 3636 eosque
692 3567 760 3621 ab
799 3583 880 3630 ea,
916 3569 968 3622 in
1008 3583 1113 3637 qua
1158 3569 1268 3623 nati
1305 3577 1448 3634 sunt,
1501 3571 1729 3639 turpitu-

133 3659 288 3721 dine,
337 3673 402 3711 ac
441 3657 783 3713 deformitate
827 3667 1199 3715 transmutare
1250 3661 1617 3716 contendunt:
1666 3678 1730 3718 ac

133 3749 469 3819 regulariter
499 3739 773 3803 institutos
803 3750 997 3804 unitati
1028 3750 1284 3815 fidelium,
1323 3750 1553 3806 aediﬁcio
1582 3751 1731 3807 vide—

131 3839 266 3895 licet
304 3839 496 3893 domus
538 3837 655 3903 Dei,
687 3846 840 3907 aptos
868 3841 1093 3896 reddere
1121 3849 1332 3895 curant.
1363 3841 1517 3907 Quod
1546 3850 1726 3896 autem

129 3935 190 3983 et
211 3927 378 3999 ligna,
403 3935 460 3982 et
502 3926 707 3996 lapides
735 3928 789 3981 in
821 3937 1002 3982 monte
1052 3930 1331 3994 ceduntur,
1381 3939 1436 3984 et
1464 3945 1625 3995 caesa,
1664 3946 1728 3985 ac

129 4025 446 4089 praeparata
514 4025 746 4085 utraque
814 4019 1065 4083 materia,
1128 4019 1195 4074 ad
1265 4026 1476 4074 montes
1537 4020 1729 4074 domus

131 4109 356 4165 Domini
389 4107 737 4175 transfertur,
771 4116 918 4178 patet
942 4123 1164 4174 sensus;
1194 4111 1320 4180 quia
1345 4125 1533 4165 omnes
1560 4111 1728 4166 homi-

128 4215 234 4255 nes
265 4200 321 4254 in
351 4208 534 4255 monte
564 4201 830 4268 superbiae
859 4201 972 4255 nati
1011 4216 1197 4255 sumus
1223 4220 1234 4255 :
1268 4201 1393 4270 quia
1422 4201 1488 4254 de
1514 4216 1725 4270 prmva-

130 4291 406 4346 ricatione
433 4289 593 4360 primi
623 4290 876 4354 hominis,
908 4305 1071 4359 quam
1104 4291 1355 4359 superbia
1383 4289 1530 4354 fecit,
1558 4292 1726 4360 origi-

128 4397 263 4437 nem
293 4381 477 4436 carnis
507 4380 790 4435 traximus.
824 4379 1146 4448 Quicunque
1192 4381 1366 4450 gratia
1399 4380 1493 4436 Dei
1525 4396 1725 4450 praeor-

1839 561 2208 629 pusillanimes
2233 604 2246 630 ,
2278 574 2331 620 et
2359 563 2604 618 inﬁrmos
2629 563 2986 619 sublevandos
3011 564 3276 630 existunt,
3295 567 3418 637 qui-

1839 652 1967 707 dam
1986 652 2269 723 utriusque
2299 655 2516 710 virtutis
2557 668 2779 709 munere
2804 654 3010 724 praediti
3038 655 3105 710 ad
3137 671 3272 726 opus
3312 656 3418 712 Do-

1838 741 1971 795 mini
2007 744 2351 808 conveniunt,
2392 744 2581 814 quales
2622 743 2740 798 ﬁeri
2769 745 2935 799 voluit
2970 760 3083 810 eos,
3118 745 3184 804 de
3221 747 3419 816 quibus

1838 829 2076 900 loquitur
2100 829 2387 901 Apostolus
2408 833 2594 890 dicens
2622 844 2643 871 ε
2675 850 2688 886 :
2719 831 2974 903 Corripite
2991 835 3271 904 inquietos,
3302 852 3421 889 con-

1838 920 2083 975 solamini
2127 920 2508 991 pusillanimes,
2559 923 2804 992 suscipite
2855 921 3117 990 inﬁrmos,
3162 925 3417 994 patientes

1838 1020 1995 1064 estote
2041 1012 2110 1064 ad
2166 1028 2340 1066 omnes
2387 1011 2438 1083 (I
2470 1012 2648 1068 Thess.
2679 1030 2729 1078 v,
2765 1012 2874 1080 M).
2905 1013 3184 1083 Praspusiti
3215 1026 3414 1079 autem,

1839 1101 1930 1170 qui
1971 1109 2235 1168 praeerant
2260 1102 2483 1170 singulis
2505 1103 2775 1172 operibus,
2818 1105 2918 1175 ipsi
2952 1114 3077 1159 sunt
3102 1121 3270 1161 sacra:
3290 1122 3419 1162 con—

1840 1194 2043 1247 ditores
2083 1193 2396 1263 Scriptum,
2430 1211 2658 1265 quorum
2705 1197 3016 1267 magisterio
3061 1197 3114 1250 in
3170 1199 3420 1254 omnibus

1839 1285 2135 1350 erudimur,
2193 1287 2460 1355 quomodo
2493 1288 2520 1327 δ
2569 1289 2767 1343 inscios
2826 1288 3040 1354 docere,
3076 1297 3133 1343 et
3182 1299 3420 1344 contem—

1840 1384 2022 1444 ptores
2077 1377 2388 1445 corripere:
2449 1376 2596 1448 (Gal.
2653 1395 2728 1442 vi,
2778 1379 2832 1448 2)
2904 1379 3172 1447 quomodo
3206 1382 3421 1436 nos—in-

1842 1468 2011 1522 vicem
2062 1483 2228 1522 onera
2265 1479 2449 1523 nostra
2488 1479 2727 1539 portare,
2778 1479 2835 1525 ut
2885 1471 3201 1542 impleamus
3247 1473 3416 1542 legem

1840 1558 2061 1624 Christi,
2093 1559 2398 1614 conveniat.
2423 1581 2440 1614 ι
2606 1627 2614 1638 δ

1912 1661 1934 1688 ε
1962 1648 2178 1716 Quanto
2198 1657 2379 1702 autem
2401 1650 2630 1719 quisque
2652 1651 2769 1719 plus
2792 1651 2844 1704 in
2860 1653 3225 1707 sustentandis
3240 1651 3420 1722 proxi-

1842 1753 2056 1792 morum
2081 1738 2521 1802 necessitatibus,
2550 1741 2744 1794 sivein
2772 1741 3102 1811 castigandis
3127 1757 3312 1795 eorum
3336 1757 3420 1796 er-

1766 1807 1813 1864 Β
1842 1830 2049 1885 ratibus
2073 1829 2300 1896 laborat,
2332 1839 2479 1886 tanto
2506 1832 2738 1887 certiora
2771 1832 2824 1885 in
2853 1807 3034 1886 futuro
3065 1833 3306 1906 praemia,
3334 1834 3420 1888 vel

1841 1919 2039 1989 quietis
2066 1921 2368 1976 animarum
2395 1931 2518 1991 post
2545 1933 2797 1988 mortem,
2827 1925 2908 1979 vel
2936 1925 3108 1980 beatae
3133 1941 3420 1996 corporum

1842 2012 2266 2068 immortalitatis
2291 2010 2318 2053 εὶ
2350 2024 2649 2086 exspectat,
2705 2025 2727 2055 ο
2761 2035 2780 2066 ς
2822 2013 2973 2071 Unde
3023 2025 3168 2072 recte
3209 2019 3420 2088 pmfati

1840 2101 2076 2170 operarii
2107 2104 2450 2171 septuaginta
2479 2105 2672 2170 millia,
2707 2113 2760 2159 et
2785 2106 3058 2174 octngiuta
3104 2106 3269 2162 millia
3300 2122 3422 2162 esse

1841 2196 2219 2265 perhibentur.
2277 2195 2630 2268 Septuaginta
2683 2199 2849 2253 millia
2903 2200 3153 2256 videlicet
3201 2212 3424 2273 propter

1841 2289 2231 2344 sabbatismum
2286 2290 2593 2345 animarum
2653 2293 2953 2362 (septimus
3002 2293 3148 2347 enim
3193 2294 3306 2348 dies
3363 2295 3418 2349 iu

1842 2377 2160 2444 Sabltatum,
2200 2380 2252 2434 id
2294 2386 2378 2434 est
2418 2382 2661 2450 requiem
2694 2396 3045 2439 consecratus
3086 2384 3211 2456 est).
3257 2384 3420 2440 Octo-

1839 2472 1986 2542 ginta
2017 2471 2181 2524 millia
2205 2481 2427 2540 pmpter
2448 2488 2595 2541 spem
2625 2474 3060 2539 resurrectionis,
3085 2490 3205 2544 quae
3225 2483 3419 2531 octava

1839 2563 1924 2618 die
1953 2562 2029 2633 (id
2059 2570 2141 2618 est
2168 2573 2291 2632 post
2337 2562 2654 2634 Sabbatum)
2679 2566 2737 2618 in
2768 2565 2996 2620 Domino
3022 2568 3321 2636 prazcessit,
3365 2578 3421 2623 et

1839 2654 1891 2708 in
1940 2653 2097 2708 nobis
2152 2670 2367 2724 quoque
2416 2663 2606 2710 octava
2648 2657 2755 2721 die,
2811 2658 3079 2722 similiter,
3125 2671 3178 2715 et
3224 2670 3415 2716 octava

1836 2755 1995 2801 astate
2025 2747 2206 2802 futura
2239 2758 2508 2818 speratur.
2559 2749 2840 2820 Praepositi
2887 2762 3065 2807 autem
3116 2763 3273 2809 erant
3315 2758 3416 2808 tria

1837 2841 2005 2894 millia
2035 2843 2287 2907 trecenti,
2320 2851 2540 2912 propter
2570 2843 2726 2896 [idem
2760 2844 3015 2898 nimirum
3059 2853 3259 2899 sancte
3291 2846 3415 2900 Tri-

1837 2933 2042 2999 nitatis,
2076 2948 2239 3002 quam
2267 2943 2452 2988 sancta
2486 2935 2640 2988 nobis
2669 2934 2881 3004 eloquia
2914 2937 3230 3005 prazdicant.
3263 2936 3416 3003 Quod

1835 3039 1965 3078 vero
1991 3040 2089 3094 pro
2109 3026 2284 3080 tribus
2305 3026 2540 3081 millibus
2574 3027 2836 3082 trecentis
2865 3029 3166 3097 praepositis
3193 3029 3245 3082 in
3277 3029 3415 3083 libro

1835 3113 2278 3184 Paralipomenon
2295 3115 2377 3185 (II
2396 3114 2590 3180 Par.u,
2613 3117 2717 3187 18),
2737 3117 2839 3170 tria
2855 3117 3022 3171 millia
3036 3121 3274 3174 sexcenti
3289 3128 3413 3174 sunt
3476 3170 3482 3178 .

1831 3205 2124 3274 scripti,ad
2153 3206 2396 3260 eamdem
2421 3221 2642 3275 prorsus
2654 3207 2964 3262 sublimium
2984 3208 3222 3263 virorum
3238 3208 3414 3279 perfe-

1830 3295 2065 3349 ctionem
2091 3295 2329 3363 respicit.
2364 3294 2496 3349 Nam
2525 3296 2651 3364 quia
2676 3298 2729 3350 in
2762 3299 2978 3352 senario
3012 3313 3237 3353 numero
3265 3299 3283 3336 τ
3314 3299 3415 3354 Do-

1832 3386 2010 3439 minus
2039 3385 2223 3442 mundi
2255 3395 2504 3440 ornatum
2537 3387 2847 3457 complevit,
2881 3398 3027 3443 recte
3051 3390 3105 3444 in
3139 3405 3202 3443 eo
3233 3388 3411 3458 perle-

1831 3482 1917 3528 cta
1958 3474 2224 3527 bonorum
2261 3474 2435 3527 solent
2475 3491 2638 3544 opera
2669 3477 2908 3546 ﬁgurari.
2953 3477 3020 3531 Et
3054 3479 3181 3546 quia
3226 3487 3407 3534 sancta

1831 3564 2111 3635 Scriptura
2144 3581 2268 3619 cum
2315 3565 2418 3620 fide
2465 3567 2725 3631 veritatis,
2779 3584 2943 3638 opera
2981 3567 3207 3636 iustitia:
3257 3570 3409 3635 docet

1829 3652 2102 3718 habenda,
2135 3663 2285 3709 recte
2308 3655 2586 3725 praepositi
2617 3670 2842 3725 Operam
2871 3657 3056 3727 terani
3095 3659 3196 3711 tria
3224 3657 3408 3722 millia,

1829 3753 1886 3799 et
1930 3744 2171 3800 sexcedti
2205 3743 2370 3802 fuisse
2398 3748 2768 3816 perhibentur.
2802 3748 2912 3804 Nec
2955 3749 3409 3818 praetereundum,

1829 3835 1972 3904 quod
2005 3836 2122 3889 haec
2166 3837 2528 3905 septuaginta,
2581 3845 2636 3889 et
2669 3832 2944 3907 octoginta
2973 3838 3142 3892 millia
3190 3848 3408 3909 portan-

1832 3925 1962 3978 tium
1993 3941 2157 3980 onera
2190 3934 2246 3980 et
2275 3927 2598 3980 latomorum
2649 3943 2771 3981 cum
2802 3928 3108 3996 prmpositis
3135 3929 3271 3993 suis,
3303 3945 3410 3982 non

1829 4012 2048 4068 fuerunt
2075 4016 2148 4070 de
2170 4015 2361 4079 Israel,
2397 4015 2490 4070 sed
2517 4016 2584 4071 de
2615 4017 2922 4087 proselytis,
2958 4018 3009 4071 id
3050 4025 3135 4073 est
3165 4018 3406 4083 advenis,

1829 4109 1919 4177 qui
1945 4108 2576 4162 morabanturintereos.
2603 4106 2876 4176 Scriptum
2902 4124 3134 4177 namque
3159 4118 3243 4163 est
3272 4111 3325 4164 in
3349 4109 3411 4162 li-

1827 4205 1927 4258 bro
1953 4203 2399 4274 Paralipomenon
2428 4202 2513 4276 (II
2532 4201 2736 4265 Par.n,
2761 4203 2844 4270 17)
2874 4221 2886 4255 :
2917 4203 3226 4257 Numeravit
3247 4204 3412 4273 igitur

1829 4295 2082 4350 Salomon
2112 4313 2288 4351 omnes
2314 4297 2455 4350 viros
2479 4295 2789 4366 proselytos,
2810 4295 2900 4366 qui
2916 4305 3066 4349 erant
3085 4297 3142 4349 in
3167 4304 3308 4350 terra
3325 4295 3410 4351 Is-

1828 4386 1960 4451 rael,
1976 4395 2088 4455 post
2099 4385 3117 4456 dinumerationem,quam-dinumeravit
3132 4385 3305 4439 David
3316 4403 3405 4454 pa-

127 4473 309 4528 dinati
341 4486 527 4527 sumus
553 4472 620 4526 ad
651 4471 834 4532 vitam,
866 4469 1166 4525 excidimur
1201 4461 1622 4538 catechizando,
1669 4481 1724 4527 et
1749 4489 1801 4548 D
1827 4485 1906 4530 ter
1925 4475 2071 4545 ejus:
2098 4487 2144 4530 et
2173 4476 2364 4531 inventi
2385 4485 2504 4529 sunt
2523 4483 2730 4528 ceratum
2744 4474 3121 4545 quinquaginta
3136 4474 3328 4540 millia,
3358 4487 3408 4529 et

129 4571 479 4619 sacramenta
512 4561 635 4616 ﬁdei
684 4561 1050 4631 percipiendo,
1079 4562 1145 4616 de
1175 4570 1357 4616 monte
1382 4562 1646 4632 superbire
1667 4563 1718 4616 in

127 4663 380 4710 montem
423 4653 614 4708 domus
661 4653 872 4708 Domini
908 4653 1308 4718 transferimur,
1338 4655 1431 4725 qui
1462 4654 1602 4708 eruti
1653 4655 1721 4710 de

126 4751 406 4816 potestate
445 4745 814 4805 tenebrarum.
858 4742 924 4796 ad
955 4759 1134 4798 arcem
1169 4745 1452 4810 virtutum,
1484 4760 1604 4814 qua:
1639 4753 1722 4800 est

128 4840 184 4894 in
227 4837 438 4892 unitate
475 4843 674 4890 sancta:
714 4834 988 4898 Ecclesize,
1017 4834 1378 4904 pervenimus.
1414 4835 1720 4890 Notandum

127 4939 344 4993 autem,
384 4926 527 4999 quod
564 4926 723 4980 iidem
761 4924 995 4994 operarii
1033 4924 1107 4978 ita
1140 4933 1300 4978 erant
1339 4925 1636 4990 distributi,
1664 4932 1721 4979 ut

125 5037 264 5092 pars
292 5020 348 5075 in
373 5025 555 5074 monte
577 5017 780 5087 lapides
803 5016 1079 5080 cederent,
1105 5031 1234 5085 pars
1261 5016 1390 5071 item
1415 5032 1581 5071 onera
1606 5033 1723 5086 por-

127 5117 341 5166 tarent.
387 5108 609 5163 Diversa
657 5115 784 5161 sunt
809 5121 1041 5174 namque
1067 5105 1208 5159 dona
1253 5105 1499 5176 spiritus,
1525 5114 1580 5159 et
1605 5106 1723 5174 qui-

127 5204 262 5260 dam
289 5200 552 5271 majorem
597 5199 809 5254 dicendi
845 5238 860 5262 ,
892 5213 959 5252 ac
978 5205 1260 5267 protervos
1286 5197 1546 5266 arguendi
1585 5212 1718 5252 con-

205 5432 233 5460 ο
275 5418 485 5472 Rursus
524 5416 779 5486 Rabanus
828 5415 1086 5480 occurrit,
1123 5431 1282 5486 quem
1313 5417 1593 5473 docentem
1624 5421 1715 5475 ha-

131 5492 252 5550 bes,
299 5487 426 5541 dunt
470 5485 693 5540 lineolas
737 5486 998 5540 invenies.

207 5560 232 5599 δ
265 5556 321 5613 Μ
327 5558 521 5620 itiores,
553 5557 644 5609 sed
676 5564 895 5624 przestat
925 5564 1106 5609 nostra
1136 5555 1315 5611 lectio.

205 5641 227 5665 ι·
273 5627 408 5694 Qua:
439 5626 647 5680 lineolis
674 5634 861 5680 carent
900 5641 929 5678 a
967 5625 1189 5680 Rabano
1215 5626 1360 5681 edito
1386 5628 1598 5682 absunt.

201 5698 226 5738 ἀ
274 5698 473 5751 Decsse
491 5697 703 5751 videtur
717 5705 828 5762 post
847 5695 1108 5762 judicium
1125 5708 1431 5759 extremum,
1458 5707 1547 5751 aut
1569 5699 1710 5754 aliud

135 5770 422 5840 ejusmodi.
484 5765 760 5835 Quomodo
807 5765 1105 5827 locutiones
1154 5767 1274 5831 illic,
1334 5783 1450 5837 quce
1490 5769 1710 5839 quietem

1829 4566 1933 4619 tria
1949 4565 2116 4619 millia
2131 4565 2380 4628 sexcenti,
2400 4563 2620 4636 fecitque
2640 4566 2664 4604 ε
2686 4581 2771 4618 eos
2785 4563 3111 4634 septuaginta
3129 4563 3298 4618 millia
3317 4581 3415 4635 qui

1828 4655 2057 4707 humeris
2085 4671 2246 4707 onera
2273 4653 2574 4722 portabant,
2603 4663 2712 4709 etc.
2742 4652 3007 4723 Proselyti
3038 4662 3219 4709 autem
3245 4669 3407 4709 voca-

1828 4745 2024 4798 bantur
2052 4745 2259 4809 Graece,
2291 4745 2383 4813 qui
2409 4760 2473 4800 ex
2519 4745 2638 4799 aliis
2664 4745 2970 4800 nationibus
3012 4747 3314 4816 progeniti,
3351 4747 3406 4801 in

1829 4837 1987 4891 ﬁdem
2015 4844 2070 4891 et
2101 4838 2435 4891 consortium
2487 4837 2664 4906 populi
2709 4836 2801 4892 Dei
2849 4845 3069 4904 accepta
3115 4837 3403 4892 circumci-

1827 4927 1979 4982 sione
2028 4927 2381 4982 transierunt.
2434 4927 2674 4981 Fuerunt
2718 4927 2898 4997 itaque
2941 4927 3175 4996 operarii
3214 4927 3406 4983 domus

1827 5018 2035 5073 Domini
2073 5019 2139 5074 de
2185 5019 2309 5074 filiis
2343 5018 2527 5082 Israel,
2562 5017 2780 5072 fuerunt
2826 5019 2892 5073 de
2939 5018 3245 5087 proselytis,
3281 5019 3400 5073 fue-

1827 5119 1952 5164 runt
1978 5111 2043 5165 de
2073 5111 2341 5181 gentibus.
2383 5109 2461 5164 De
2513 5109 2639 5163 ﬁliis
2673 5110 2924 5164 videlicet
2964 5109 3146 5174 Israel,
3179 5109 3402 5178 triginta

1825 5200 2012 5264 millia,
2041 5201 2131 5269 qui
2163 5196 2228 5255 ad
2275 5199 2642 5269 praacidendos
2675 5198 2741 5255 de
2788 5199 2993 5253 Libano
3027 5197 3217 5252 cedros
3247 5196 3401 5251 missi

1826 5416 2053 5469 mortuis
2083 5413 2344 5478 tribuunt,
2381 5411 2706 5481 accipiendae
2736 5410 2859 5472 sint,
2885 5409 3050 5481 docet
3077 5408 3401 5481 Muratorius

1824 5486 1877 5540 in
1905 5485 2062 5547 libro,
2089 5498 2252 5553 quem
2271 5483 2334 5535 de
2361 5479 2514 5536 Statu
2541 5489 2867 5534 mortuorum
2891 5479 3183 5548 inscripsit.

1897 5567 1918 5593 ο
1965 5554 2120 5609 Redit
2145 5569 2333 5607 rursus
2356 5553 2626 5606 Rabanus.

1899 5626 1917 5663 ί
1962 5626 2120 5681 Deest
2146 5624 2198 5678 in
2215 5624 2376 5678 editis
2399 5638 2497 5677 vox
2521 5621 2798 5684 Dominus,
2822 5634 2981 5690 quam
3007 5627 3184 5673 tamen
3207 5630 3398 5674 sensus

1819 5696 2078 5764 exposcit.

1893 5759 1916 5808 δ
1955 5764 2226 5835 Rabanus,
2256 5772 2308 5821 et
2335 5763 2497 5823 editio
2527 5759 2740 5832 vulgata
2771 5775 2833 5816 ea:
2862 5765 2955 5814 eis.
