3912 6330
504 366 594 423 151
1574 370 1851 428 CLAUDII
1890 367 2079 425 TAUR

2189 370 2353 423 ZNSIS
2393 367 2699 425 EPlSCOPl
3690 367 3781 423 75:!

498 491 623 540 sunt
646 499 659 537 :
685 484 751 539 de
775 484 1065 557 proselytis
1079 485 1189 553 isti,
1207 486 1275 542 de
1296 487 1492 557 quibus
1513 504 1658 543 nunc
1679 488 1841 544 locuti
1864 504 2075 554 sumus,
2108 498 2154 557 Α
2183 494 2365 541 autem
2380 484 2585 555 lapides
2600 500 2705 538 non
2724 482 2897 538 solum
2913 481 3243 538 caementarii
3267 480 3574 537 Salomonis
3592 522 3608 547 ,
3624 482 3778 537 sedet

500 574 740 645 lapidum
770 590 1024 632 caesores.
1060 577 1137 633 De
1163 580 1437 649 gentibus,
1466 578 1653 634 Hiram
1681 581 1817 651 ipse.
1844 588 1899 634 et
1940 581 2083 635 servi

499 664 636 735 ejus,
678 665 773 736 qui
819 679 946 721 cum
991 668 1167 724 servis
1196 667 1505 726 Salomonis
1540 671 1685 742 ligna
1709 674 1987 728 caedebant
2016 671 2084 726 de

498 755 722 814 Libano.
745 755 921 815 Omne
947 759 1117 831 igitur
1141 761 1425 816 hominum
1447 775 1638 833 genus,
1666 778 1764 834 per
1791 778 1929 833 quos
1955 762 2087 818 aedi-

498 848 710 904 ﬁcanda
740 857 860 905 erat
903 850 1171 917 Ecclesia,
1200 852 1255 907 in
1284 851 1515 909 aediﬁcio
1541 856 1728 924 templi
1762 854 2082 925 praecessit:

497 938 668 995 ιιιᾱωί
716 954 973 1010 namque,
1017 942 1301 1014 proselyti,
1334 950 1391 999 et
1438 945 1668 1016 gentiles
1720 945 1971 1001 conversi
2017 944 2086 999 ad

496 1031 785 1087 veritatem
818 1032 1097 1103 Evangelii
1144 1050 1329 1101 unam,
1359 1036 1715 1106 eamdemque
1741 1035 1941 1092 Christi
1985 1037 2087 1092 Ec-

495 1121 742 1187 clesiam,
773 1124 888 1179 sive
906 1132 1056 1181 recte
1074 1126 1325 1193 vivendo,
1358 1129 1473 1185 sive
1501 1130 1667 1185 etiam
1692 1130 1935 1185 docendo
1959 1145 2088 1185 con-

496 1220 735 1268 struunt.

569 1302 750 1374 (Vers.
796 1305 912 1379 27.)
954 1324 973 1358 ι
1016 1306 1377 1381 Ρνωοερὶιᾳιιε
1406 1327 1517 1377 rex,
1549 1321 1605 1365 ut
1626 1310 1863 1366 tollerent
1885 1311 2088 1381 lapides

495 1394 723 1465 grandes
748 1396 1003 1465 pretiosos
1032 1398 1090 1451 in
1120 1397 1520 1467 fundamentum
1560 1400 1756 1471 temﬂi,
1784 1410 1833 1455 et
1858 1401 2088 1472 quadra-

496 1494 613 1537 rent
639 1500 745 1538 eos.
779 1483 1216 1543 Fundamentum
1243 1489 1428 1558 templi
1462 1488 1667 1543 nullum
1693 1497 1777 1544 est
1805 1490 1947 1545 aliud
1972 1506 2089 1561 my-

497 1576 635 1631 stice
666 1576 1094 1648 intelligendum,
1126 1594 1289 1648 quam
1320 1579 1474 1647 illud,
1501 1582 1643 1651 quod
1668 1581 1910 1637 ostendit
1945 1584 2088 1652 Apo-

498 1665 671 1721 stolus
698 1666 883 1723 dicens
929 1665 980 1739 (1
1025 1666 1149 1723 Cor.
1178 1685 1262 1735 ιιι,
1298 1670 1393 1743 ll)
1423 1685 1438 1725 :
1470 1670 1900 1726 Fundamentum
1947 1674 2085 1727 enim

498 1762 649 1816 a'iud
694 1780 846 1818 nemo
888 1773 1056 1834 potest
1103 1781 1314 1835 ponere,
1362 1776 1554 1837 prwter
1582 1768 1657 1834 id,
1689 1767 1830 1837 quod
1856 1769 2083 1837 positum

496 1862 594 1919 est,
639 1852 878 1908 Christus
903 1854 1081 1909 Iesus.
1127 1856 1229 1921 Qui
1257 1866 1545 1928 propterea
1577 1869 1725 1914 recte
1768 1856 2083 1913 fundamen-
2113 1842 2160 1901 Β

500 1953 611 1999 tum
635 1944 829 2001 domus
856 1945 1071 2000 Domini
1095 1954 1277 2017 potest
1305 1948 1512 2012 vocari,
1544 1948 1669 2017 quia
1701 1948 1843 2002 sicut
1881 1948 1959 2002 ait
1986 1948 2083 2003 Pe-

498 2043 618 2091 trus
650 2036 787 2107 (Act.
822 2051 895 2102 IV,
928 2035 1016 2105 12)
1060 2044 1071 2091 ξ
1128 2036 1253 2092 Non
1279 2049 1353 2093 est
1402 2037 1550 2093 aliud
1597 2039 1691 2093 sub
1731 2040 1857 2093 caelo
1900 2040 2085 2093 datum

495 2129 796 2186 hominibus
828 2148 1037 2198 nomen,
1065 2132 1121 2186 in
1146 2149 1248 2205 quo
1276 2142 1511 2203 oporteat
1542 2149 1634 2188 nos
1663 2133 1833 2189 salvos
1859 2134 1997 2203 fieri.
2026 2131 2085 2187 In

495 2220 641 2290 quod
668 2221 1076 2277 fundamentum
1106 2222 1311 2291 lapides
1340 2224 1596 2295 grandes,
1635 2234 1691 2279 et
1730 2223 1954 2293 pretiosi
1990 2238 2087 2294 po-

494 2319 721 2377 nuntur,
748 2326 873 2368 cum
902 2312 1163 2384 praecipui
1184 2312 1361 2379 factis,
1387 2328 1451 2370 ac
1479 2313 1770 2369 sanctitate
1797 2314 1898 2367 viri
1928 2311 2087 2368 fami-

498 2402 621 2457 liari
650 2404 849 2459 mentis
896 2406 1188 2462 sanctitate
1227 2419 1327 2462 suo
1374 2406 1653 2462 adhaerent
1693 2403 1993 2469 conditori;
2028 2413 2087 2458 ut

496 2507 606 2562 quo
651 2491 864 2547 ﬁrmius
909 2493 966 2548 in
996 2493 1087 2549 illo
1116 2508 1265 2565 spem
1314 2510 1466 2551 suam
1516 2502 1747 2565 ponunt,
1777 2509 1843 2549 eo
1890 2493 2087 2548 fortius

496 2585 730 2640 aliorum
778 2586 945 2641 vitam
976 2585 1234 2658 dirigere,
1266 2587 1431 2660 (quod
1476 2596 1559 2643 est
1586 2585 1927 2642 latitudinem
1961 2602 2087 2656 por-

495 2676 635 2748 tare)
668 2675 957 2732 sulliciant.
988 2676 1223 2749 Lapides
1249 2694 1403 2750 ergo,
1459 2678 1553 2749 qui
1584 2678 1637 2733 in
1670 2672 2082 2732 fu’ndamentum

497 2766 678 2837 templi
712 2768 779 2822 ad
826 2769 1151 2837 portandum
1178 2768 1464 2824 aedilicium
1492 2783 1654 2823 omne
1702 2767 2079 2838 ponebantur,

504 2858 726 2928 proprie
774 2866 904 2913 sunt
942 2860 1245 2930 prophetae,
1270 2867 1324 2915 et
1354 2858 1606 2928 apostoli,
1650 2858 1743 2928 qui
1780 2859 2005 2913 verbum
2034 2866 2089 2912 et

497 2958 841 3006 sacramenta
881 2952 1151 3017 veritatis,
1184 2953 1297 3007 sive
1333 2951 1640 3016 visibiliter,
1687 2950 1803 3005 sive
1842 2948 2087 3005 invisibi-

494 3042 638 3102 liter,
670 3042 743 3097 ab'
764 3042 883 3113 ipsa
912 3042 1011 3097 Dei
1037 3043 1303 3113 sapientia
1325 3049 1703 3112 perceperunt.
1737 3060 1756 3093 ι
1796 3053 1822 3082 ι
1856 3038 2008 3096 Unde
2032 3048 2087 3095 et

496 3132 676 3197 nobis,
720 3132 813 3202 qui
840 3146 1028 3188 eorum
1054 3134 1242 3198 vitam,
1272 3132 1387 3187 sive
1417 3132 1723 3187 doctrinam
1766 3131 2082 3195 studemus,

2186 576 2518 632 caementarii
2552 574 2759 638 lliram,
2789 572 2916 644 quia
2946 588 3013 627 ex
3048 582 3281 643 utroque
3317 572 3525 643 populo
3564 572 3779 629 fuerunt

2186 666 2451 730 nonnulli,
2481 667 2572 735 qui
2600 667 2840 736 ipsorum
2862 679 3078 735 quoque
3126 665 3411 719 doctorum
3435 663 3775 728 sublimium,

2187 759 2297 816 imo
2310 759 2561 816 doctores
2573 758 2897 826 existerent,
2917 777 2935 810 ι
2951 755 2978 796 ἀ
3002 764 3061 810 et
3072 757 3228 827 quasi
3253 756 3592 828 quadrantes
3606 771 3705 812 eos
3718 760 3780 811 ad

2187 850 2575 907 sublevandum
2590 849 2791 905 domus
2812 846 3027 905 Domini
3053 846 3343 908 mdiﬁcium
3359 857 3645 918 pararent.
3680 847 3777 902 Ne-

2187 958 2295 1015 que
2306 943 2451 999 enim
2466 942 2567 1000 soli
2592 939 2856 998 Jeremias
2870 948 2925 996 et
2936 940 3126 1006 Isaias,
3142 950 3198 995 et
3214 940 3395 995 creteri
3408 955 3476 995 ex
3491 941 3782 995 circumci-

2188 1036 2339 1090 sione
2352 1034 2649 1105 prophetaz,
2662 1047 2854 1087 verum
2866 1031 3029 1086 etiam
3045 1032 3234 1086 beatus
3247 1030 3347 1086 Job
3360 1046 3486 1086 cum
3502 1029 3637 1085 ﬁliis
3648 1032 3785 1093 suis,

2187 1128 2281 1198 qui
2296 1137 2457 1184 erant
2477 1128 2543 1182 de
2564 1127 2835 1196 gentibus,
2866 1124 3163 1179 maximam
3193 1126 3335 1187 vitm,
3357 1125 3473 1180 sive
3498 1126 3785 1196 patientiae

2188 1222 2442 1288 formam,
2482 1220 2742 1277 doctrina:
2769 1220 3026 1276 salutaris
3052 1220 3322 1289 praeconia
3350 1221 3640 1289 sequentis
3680 1220 3781 1274 aevi

2188 1312 2501 1368 doctoribus
2543 1312 2929 1366 ministrarum
2959 1328 2970 1363 :
3016 1325 3123 1379 quo
3152 1307 3382 1378 abiectis
3403 1311 3611 1375 verbis,
3650 1311 3785 1365 acti-

2186 1405 2306 1470 bus,
2339 1404 2757 1475 cogitationibus
2787 1401 3156 1473 supervacuis,
3188 1402 3254 1456 ad
3285 1401 3619 1471 portandum
3642 1416 3785 1457 onus

2187 1501 2388 1548 sanctae
2412 1493 2667 1548 Ecclesia:
2689 1493 2856 1563 digni,
2890 1500 2945 1547 et
2969 1492 3080 1563 apti
3109 1492 3315 1547 inventi
3339 1501 3485 1547 sunt.

2262 1596 2286 1624 θ
2318 1581 2489 1637 Porro
2526 1580 2685 1637 Giblii
2724 1591 3151 1652 pra'paraverunt
3185 1581 3332 1652 ligna
3378 1592 3427 1636 et
3472 1580 3686 1651 lepida
3716 1584 3785 1635 ad

2186 1676 2558 1746 aediﬁcandam
2574 1676 2809 1729 domum.
2831 1673 3047 1729 «Giblos
3062 1683 3147 1729 est
3165 1676 3357 1730 civitas
3382 1676 3437 1729 in
3460 1675 3624 1746 Syria
3650 1673 3787 1730 Phe-

2186 1768 2361 1832 nieiae,
2393 1782 2423 1820 a
2450 1781 2558 1836 quo
2578 1763 2739 1821 Giblii
2780 1772 2908 1819 sunt
2941 1763 3141 1828 vocati,
3172 1764 3328 1833 cujus
3368 1765 3619 1819 meminit
3648 1764 3787 1818 Eze-

2187 1860 2329 1916 chiel
2372 1860 2559 1915 dicens
2589 1858 2824 1930 (xxxvii,
2848 1856 2910 1926 8)
2942 1872 2954 1911 :
2997 1855 3270 1927 Sapientes
3300 1857 3402 1921 tui,
3446 1856 3605 1927 Tyre,
3656 1857 3784 1926 facti

2187 1960 2310 2005 sunt
2332 1950 2703 2021 gubernatores
2731 1948 2829 2001 tui.
2877 1945 3037 2006 Senes
3060 1944 3240 2013 Ciblii,
3264 1956 3315 2002 et
3333 1947 3618 2019 prudentes
3642 1949 3781 2018 ejus.

2187 2041 2293 2095 Pro
2321 2054 2428 2110 quo
2475 2039 2528 2092 in
2557 2038 2783 2093 llebrazo
2825 2038 3134 2093 continetur
3159 2055 3173 2091 :
3220 2037 3403 2101 Gobel,
3434 2039 3552 2093 sive
3581 2035 3781 2101 σίδαι,

2184 2134 2330 2203 quod
2356 2132 2744 2199 interpretatur
2758 2129 3037 2200 difﬁniens,
3061 2130 3174 2185 sive
3200 2130 3582 2185 determinans.
3627 2131 3786 2197 Quod

2186 2219 2510 2277 vocabulum
2544 2228 2669 2290 apte
2716 2219 2971 2274 convenit
3015 2220 3096 2275 eis
3142 2220 3233 2289 qui
3278 2220 3445 2275 corda
3488 2221 3781 2275 hominum

2187 2313 2254 2367 ad
2302 2310 2591 2367 aediﬁcium
2635 2309 2902 2380 spiritale,
2953 2310 3099 2378 quod
3149 2326 3216 2366 ex
3258 2310 3556 2365 virtutibus
3585 2311 3786 2365 animm

2188 2402 2541 2466 construitur,
2567 2408 2761 2471 parant
2796 2419 2809 2453 :
2851 2402 2929 2456 sic
2959 2402 3161 2456 etenim
3191 2401 3365 2457 solum
3404 2417 3535 2457 suos
3562 2403 3781 2457 audito-

2189 2508 2278 2547 res
2302 2491 2482 2556 ﬁdem,
2513 2499 2570 2546 et
2608 2505 2771 2560 opera
2812 2489 3040 2559 justitice
3083 2490 3355 2550 sullieiunt
3380 2493 3618 2559 docere,
3654 2494 3781 2547 dum

2189 2582 2289 2653 ipsi
2337 2582 2490 2651 prius
2524 2582 2695 2637 sacris
2721 2582 2933 2651 paginis
2954 2582 3156 2648 edocti,
3186 2584 3492 2655 diligenter,
3542 2600 3671 2657 quae
3717 2587 3782 2641 sit

2189 2674 2321 2730 ﬁdes
2349 2674 2600 2739 tenenda,
2627 2688 2735 2743 quo
2757 2675 3021 2729 virtutum
3050 2674 3185 2731 calle
3212 2676 3597 2741 incedendum,
3628 2687 3781 2732 certa

2188 2767 2506 2822 diﬁinitione
2532 2768 2779 2824 veritatis
2804 2767 3129 2824 didicerunt.
3160 2768 3293 2824 Nam
3327 2770 3529 2825 frustra
3561 2772 3667 2825 sibi
3704 2771 3781 2825 ol-

2191 2859 2370 2915 ﬁcium
2416 2860 2655 2915 doctoris
2686 2869 2932 2930 usurpat,
2956 2861 3047 2930 qui
3086 2862 3469 2917 discretionem
3496 2864 3782 2917 catholica:

2192 2952 2315 3007 ﬁdei
2364 2952 2598 3021 ignorat,
2633 2966 2810 3023 neque
2847 2952 3219 3009 sanctuarium
3250 2952 3501 3027 Domino,
3553 2955 3651 3009 sed
3677 2956 3783 3008 rui-

2190 3058 2313 3097 nam
2342 3042 2446 3098 sibi
2473 3041 2766 3107 mdiﬁcant,
2798 3042 2891 3112 qui
2921 3042 3115 3098 docere
3143 3043 3279 3098 alios
3302 3043 3575 3113 regulam,
3618 3059 3779 3113 quam

2191 3131 2293 3201 ipsi
2339 3148 2447 3187 non
2498 3132 2824 3198 didicerunt,
2856 3142 3145 3189 conantur.
3180 3136 3237 3191 In
3282 3136 3611 3192 aediﬁcando
3654 3153 3783 3209 ergo

496 3239 598 3294 pro
628 3233 816 3280 nostro
844 3225 1063 3279 modulo
1103 3224 1322 3290 imitari,
1352 3223 1601 3293 fundatas
1637 3223 1769 3278 dicit
1796 3221 2086 3293 Apostolus
2114 3227 2158 3287 C
2190 3222 2409 3277 domum
2439 3222 2653 3277 Domini
2680 3223 2858 3293 primo
2884 3234 3011 3279 sunt
3039 3225 3278 3297 ligna,et
3306 3228 3519 3297 lapides
3540 3230 3780 3284 molendi

496 3315 659 3386 (Eph.
692 3332 755 3379 ιι,
795 3316 930 3387 20);
962 3333 1119 3386 super
1172 3315 1573 3385 fundamentum
1621 3311 1981 3384 apostolorum
2035 3322 2084 3367 et

497 3408 892 3477 prophetarum.
940 3406 1047 3462 Sed
1088 3414 1141 3461 et
1184 3404 1509 3477 generaliter
1557 3404 1887 3475 quicunque,
1935 3411 1990 3457 et
2018 3402 2083 3457 ﬁ-

495 3496 690 3551 deliter
718 3496 820 3568 ipsi
850 3495 1081 3550 Domino
1124 3496 1420 3558 adbarere,
1454 3503 1511 3549 et
1533 3494 1817 3564 impositas
1843 3494 1945 3548 sibi
1972 3493 2083 3547 fra-

494 3597 639 3643 trum
692 3588 1046 3643 necessitates
1070 3586 1283 3643 fortiter
1326 3586 1473 3643 l‘erre
1516 3587 2085 3658 didicerunt,'bipos-

493 3686 622 3733 sunt
672 3678 940 3749 lapidibus
1005 3678 1346 3748 grandibus,
1408 3694 1474 3734 ac
1528 3680 1783 3748 pretiosis
1830 3679 2079 3736 indicari.

500 3790 517 3821 ι
556 3770 583 3811 ι»
607 3771 710 3838 Qui
737 3773 874 3826 bene
902 3770 1107 3841 lapides
1119 3771 1298 3840 primo
1323 3770 1601 3840 quadrari,
1630 3785 1693 3825 ac
1707 3771 1786 3824 sic
1816 3771 1869 3825 in
1895 3769 2085 3825 funda-

495 3869 679 3915 mento
725 3861 850 3930 poni
881 3860 1140 3929 jubentur
1184 3877 1197 3913 :
1231 3860 1558 3929 quadratum
1601 3875 1837 3929 namque
1879 3874 2041 3915 omne
2067 3900 2081 3925 ,

495 3966 822 4021 quocunque
864 3951 1118 4016 vertitur,
1159 3957 1308 4006 stare
1344 3949 1510 4004 ﬁxum
1537 3950 1836 4006 consuevit.
1876 3949 1976 4005 Cui
2002 3950 2086 4003 ni-

495 4042 696 4096 mirum
728 4041 915 4112 ﬁgura:
940 4042 1105 4095 corda
1134 4040 1507 4096 assimilantur
1525 4040 1846 4105 electorum,
1870 4054 1989 4109 qute
2012 4040 2085 4093 ita

493 4135 547 4188 in
581 4133 703 4189 ﬁdei
750 4133 1007 4188 ﬁrmitate
1035 4133 1335 4188 consistere
1367 4132 1689 4196 didicerunt,
1719 4141 1778 4185 ut
1819 4130 1966 4185 nulla
1992 4146 2084 4185 oc-

494 4226 833 4299 currentium
863 4241 1045 4280 rerum
1071 4224 1419 4287 adversitate,
1445 4239 1545 4279 nec
1570 4224 1685 4294 ipsa
1706 4224 1875 4278 etiam
1910 4231 2084 4278 morte

493 4333 521 4369 a
571 4330 668 4370 sua
695 4315 1019 4372 rectitudine
1046 4315 1257 4385 possint
1281 4320 1425 4368 statu
1454 4313 1731 4368 declinari.
1768 4333 1786 4365 ι
1824 4325 1845 4352 ο
1884 4312 2083 4379 Quales

496 4405 745 4461 videlicet
793 4406 1043 4461 doctores
1088 4405 1353 4470 Ecclesia,
1402 4419 1509 4459 non
1554 4405 1729 4460 solum
1762 4405 1828 4459 dc
1855 4402 2037 4459 Judaia
2063 4445 2076 4466 ,

493 4512 681 4551 verum
711 4496 875 4551 etiam
907 4496 973 4549 de
1003 4495 1253 4567 gentibus
1278 4510 1377 4564 per
1405 4494 1590 4564 plures
1629 4494 1889 4563 suscepit.
1926 4493 2081 4549 Unde

2192 3312 2259 3366 de
2288 3320 2498 3377 monte,
2532 3312 2658 3381 quia
2688 3327 2801 3377 eos,
2832 3329 2971 3383 quos
2999 3315 3055 3369 in
3087 3315 3191 3370 ﬁde
3214 3318 3467 3373 veritatis
3497 3318 3782 3374 instituere

2190 3402 2502 3471 quaerimus,
2541 3402 2719 3473 primo
2767 3420 2993 3461 necesse
3033 3415 3133 3472 est,
3163 3416 3222 3461 ut
3252 3408 3646 3464 abrenuntiare
3672 3412 3777 3466 dia-

2189 3490 2333 3555 bolo,
2365 3507 2431 3546 ac
2462 3492 2527 3549 de
2557 3501 2703 3549 sorte
2724 3494 2914 3564 primae
2935 3498 3427 3565 praevaricationis,
3457 3499 3512 3553 in
3538 3516 3649 3570 qua
3672 3503 3778 3555 nati

2188 3597 2397 3645 sumus,
2425 3584 2714 3638 doceamus
2745 3587 3077 3643 renascendo
3099 3590 3242 3654 erui,
3270 3591 3466 3645 deinde
3496 3594 3774 3661 quanendi

2187 3680 2314 3727 sunt
2364 3672 2573 3744 lapides
2620 3677 2866 3745 pretiosi,
2903 3686 2960 3732 et
3004 3681 3257 3750 grandes,
3306 3684 3559 3751 atquein
3594 3682 3785 3739 funda-

2188 3773 2426 3819 mentum
2480 3766 2663 3836 templi
2694 3768 2951 3837 ponendi,
2982 3779 3041 3825 ut
3063 3772 3497 3838 meminerimus,
3529 3777 3775 3831 abdicata

2188 3859 2602 3914 conversatione
2634 3860 2829 3928 priori,
2860 3874 3046 3917 eorum
3075 3863 3129 3917 in
3157 3866 3411 3920 omnibus
3442 3868 3637 3933 vitam,
3662 3884 3775 3923 mo-

2187 3961 2382 4016 resque
2398 3948 2889 4021 inspicere,eosque
2903 3953 3104 4008 nostris
3117 3954 3461 4009 auditoribus
3480 3956 3774 4013 imitandos

2182 4049 2509 4104 proponere,
2534 4053 2671 4107 quos
2696 4054 2792 4122 per
2811 4041 3063 4095 virtutem
3097 4042 3422 4099 humilitatis
3464 4047 3774 4115 specialiter

2185 4122 2411 4178 Domino
2444 4124 2720 4179 adhaarere
2764 4129 3095 4184 noverimus.
3147 4150 3166 4183 ι
3211 4130 3230 4169 ί
3275 4134 3424 4205 Quos
3472 4136 3771 4191 invincibili

2184 4214 2384 4268 mentis
2398 4214 2693 4271 stabilitate
2711 4257 2726 4281 ,
2741 4219 2900 4287 quasi
2923 4221 3217 4290 quadratos
3227 4225 3463 4292 quodam
3483 4228 3664 4291 modo,
3692 4237 3770 4281 at-

2182 4318 2288 4372 que
2301 4305 2368 4359 ad
2381 4319 2571 4360 omnes
2585 4308 2944 4363 tentationum
2958 4309 3229 4377 incursus,
3256 4314 3565 4370 immobiles
3580 4318 3773 4385 penin-

2184 4409 2315 4455 rare
2334 4395 2721 4464 conspicimus,
2736 4413 2874 4467 quos
2900 4401 3190 4469 pretiosos,
3213 4412 3268 4457 et
3288 4406 3529 4473 grandes
3554 4408 3768 4469 merito,

2183 4494 2248 4538 ac
2276 4483 2416 4539 fama
2448 4488 2835 4556 comperimus.
2882 4489 3012 4545 Post
3038 4491 3453 4548 fundamentum
3485 4512 3621 4552 vero
3654 4497 3768 4551 tali-

493 4586 632 4639 bene
656 4584 723 4639 de
743 4584 1012 4654 lapidibus
1034 4584 1195 4653 hujus
1217 4583 1399 4638 mundi
1425 4583 1805 4654 grandioribus
1828 4582 2080 4652 pretiosis
2106 4571 2158 4631 D
2183 4574 2308 4640 bus.
2349 4590 2413 4629 ac
2439 4577 2603 4631 lanlis
2628 4576 2898 4647 lapidibus
2925 4582 3307 4649 compositum,
3339 4584 3663 4639 :miilicanda
3691 4596 3770 4640 est

492 4687 547 4729 et
572 4676 853 4745 quadratis
878 4674 1127 4730 subditur
1154 4688 1167 4729 :

566 4767 747 4840 (Vers.
778 4766 889 4839 18.)
925 4784 944 4817 t
976 4765 1123 4831 Quos
1152 4768 1460 4823 dolaverunt
1484 4768 1807 4823 cwmentarii
1837 4766 2081 4823 Salomo-

495 4859 595 4926 nis,
625 4866 675 4911 et
718 4858 1041 4911 carmentarii
1083 4856 1291 4911 Hiram.
1327 4858 1589 4913 Dolantur
1618 4873 1849 4928 namque
1878 4858 2081 4927 lapides

494 4945 740 5014 pretiosi,
768 4960 892 5000 cum
917 4945 1076 5003 electi
1104 4947 1303 5017 quique
1325 4948 1744 5015 praecedentium
1767 4956 2079 5003 sanctorum

496 5035 875 5099 instructione,
904 5043 960 5089 et
980 5036 1260 5099 instantia,
1297 5037 1557 5107 quidquid
1585 5038 1639 5091 in
1676 5030 1733 5091 se
1760 5038 1960 5092 habent
1986 5052 2082 5089 no-

495 5125 641 5179 xium
656 5133 712 5179 et
734 5126 914 5187 inane,
944 5125 1270 5193 relinquunt,
1294 5138 1455 5195 atquc
1478 5137 1603 5182 ante
1628 5136 1975 5196 conspectum
2000 5127 2081 5181 sui

380 5270 389 5275 ,
492 5212 793 5269 conditoris
822 5214 993 5269 solam
1022 5214 1200 5271 insita:
1233 5213 1460 5282 justitite
1498 5216 1761 5286 regulam,
1792 5216 1943 5284 quasi
1974 5223 2083 5269 sta-

494 5303 661 5359 bilem
712 5303 1063 5374 quadratum:
1108 5304 1342 5359 formam
1389 5306 1701 5360 ostendunt.
1758 5305 2083 5360 Dolaveruut

564 5514 589 5541 ι
628 5500 759 5624 gum
784 5500 998 5559 lineolis
1019 5510 1203 5556 notata
1229 5516 1335 5556 non
1382 5511 1529 5565 sunt,
1558 5518 1587 5556 a
1611 5501 1836 5557 Rabauo
1859 5500 2072 5556 absunt.

568 5570 597 5609 ιο
683 5586 764 5624 rec
792 5586 980 5624 rursus
1009 5571 1213 5624 Rabani
1244 5565 1409 5624 verba|
1441 5582 1585 5624 sunt.

568 5570 597 5609 ιο
637 5565 764 5626 Hzec
792 5586 980 5627 rursus
1009 5571 1213 5626 Rabani
1244 5565 1409 5626 verba|
1441 5582 1585 5626 sunt.

567 5642 761 5762 leuaa
798 5650 983 5697 notata
1027 5657 1131 5696 non
1160 5651 1305 5706 sunt,
1351 5644 1404 5696 iu
1443 5643 1588 5696 edito
1633 5642 1837 5697 Rabani
1867 5657 1971 5698 non
2004 5641 2077 5695 lc-

573 5726 603 5761 ll
632 5726 714 5762 ιη’.

497 5725 714 5781 guutur.

569 5777 597 5818 ά
637 5766 843 5836 Desunt
868 5781 983 5836 haec
1007 5797 1221 5852 quoque
1248 5780 1300 5836 in
1331 5782 1573 5838 Rabano.

2184 4666 2376 4721 domus
2403 4666 2638 4733 Domini,
2686 4671 3005 4738 praeparatis
3036 4672 3347 4743 diligentius
3380 4676 3564 4745 lignis,
3598 4692 3665 4731 ac
3697 4677 3767 4731 la-

2182 4758 2421 4827 pidibus,
2470 4774 2535 4813 ae
2564 4759 2775 4815 decenti
2824 4761 3014 4816 ordine
3054 4763 3355 4819 collocatis.
3380 4765 3518 4832 Quae
3542 4766 3677 4821 olim
3704 4768 3767 4822 de

2182 4851 2363 4920 prisco
2385 4866 2483 4906 suo
2514 4852 2622 4907 situ
2651 4854 2675 4891 8
2706 4852 2810 4921 (vel
2835 4853 3036 4924 radice)
3068 4853 3285 4909 fuerant
3317 4857 3622 4921 abstracta,
3647 4859 3764 4929 quia

2184 4949 2305 5010 post
2350 4942 2524 5011 prima
2566 4941 2685 4994 ﬁdei
2718 4938 3040 5003 rudimenta,
3092 4953 3213 5013 post
3240 4944 3504 5009 collocata
3533 4945 3588 4999 in
3620 4946 3765 5001 nobis

2178 5027 2332 5096 juxta
2356 5029 2662 5099 exemplum
2692 5031 3003 5086 sublimium
3036 5035 3272 5088 virorum
3302 5030 3765 5104 fundamentavbu-

2188 5120 2433 5175 utilitatis
2461 5121 2485 5158 h
2542 5138 2559 5169 ι
2596 5121 2875 5175 addendus
2916 5131 2999 5177 est
3045 5123 3095 5204 in
3134 5124 3301 5179 altum
3330 5125 3515 5195 paries
3539 5141 3763 5196 operum

2184 5210 2473 5286 bonorum,
2501 5212 2657 5281 quasi
2686 5227 2851 5281 super
2876 5215 3141 5283 impositis
3170 5216 3270 5270 sibi
3301 5217 3532 5272 invicem
3554 5216 3762 5273 ordini-
3860 5230 3861 5286 γ

2185 5306 2284 5359 bus
2316 5302 2552 5372 lapidum
2586 5301 2759 5375 (I‘sal.
2788 5322 3018 5366 LXXXIII,
3049 5308 3105 5376 8)
3143 5310 3211 5361 ad
3254 5308 3641 5371 ambulandum
3664 5352 3679 5373 ,
3706 5325 3762 5363 ac

2257 5512 2277 5535 οδ
2316 5498 2391 5551 Eu
2425 5499 2618 5552 iterum
2644 5496 2919 5553 Rabanus.

2266 5570 2281 5606 ί
2326 5570 2455 5635 Quae
2480 5569 2691 5624 lineolis
2715 5577 2922 5631 carent,
2951 5569 3003 5622 in
3030 5568 3250 5623 Ral-ano
3272 5584 3378 5623 non
3402 5580 3643 5625 essunt.

2262 5641 2284 5677 κ
2328 5639 2501 5691 Verba
2532 5638 2643 5691 inec
2692 5655 2702 5689 :
2754 5638 2831 5691 rel
2879 5639 3054 5691 radice
3092 5637 3250 5692 aliam
3294 5640 3578 5694 lectionem
3631 5638 3759 5692 indi-

2186 5718 2345 5769 cant;
2385 5708 2531 5762 nolui
2560 5717 2735 5760 tamen
2762 5708 2994 5762 demere.
3032 5707 3240 5767 Demat,
3268 5710 3314 5762 si
3340 5711 3473 5771 vult,
3503 5709 3719 5763 Lector.

2254 5779 2280 5819 ιι
2323 5778 2712 5847 Subsequcmia
2742 5778 2795 5832 iu
2828 5778 3048 5833 liahano
3076 5780 3329 5849 reperies.
