3912 6314
140 363 252 420 733

787 353 1251 424 QUIESTIONES
1288 353 1437 407 XXX
1476 352 1706 408 SUPER
1742 352 1990 409 LIBROS
2028 353 2291 410 RECUM.
2327 384 2397 393 —
2435 354 2636 443 LIBER
2678 354 2762 409 III.

3306 360 3409 415 736

135 478 533 548 proficiendum
561 474 625 528 de
650 474 839 528 virtute
859 474 914 525 in
938 472 1199 525 virtutem.
1231 470 1324 525 Vel
1352 477 1498 524 certe
1518 468 1723 539 lapides
1753 475 1802 530 Α
1826 470 1928 524 bus
1959 472 2199 541 propius,
2233 487 2295 526 ac
2338 444 2647 541 diligentius
2695 473 3029 528 intuentibus
3074 477 3408 543 apparebant

138 568 483 624 fundamenti
506 564 737 637 grandes
756 562 1005 633 pretiosi,
1029 571 1083 615 et
1095 561 1373 629 quadrati,
1398 561 1559 627 primi
1576 568 1721 621 sunt,

138 668 201 715 ut
225 674 385 729 supra
411 652 1049 719 diximus,Ecelesiarum
1078 651 1328 720 magistri
1356 650 1516 721 (Eph.
1534 666 1592 712 ιι,
1610 647 1723 719 20),

137 752 233 820 qui
260 750 327 804 ab
351 749 467 818 ipso
480 746 708 802 Domino
731 745 957 799 verbum
990 742 1279 797 audierunt
1290 740 1500 797 salutis.
1527 741 1728 812 Super-

136 841 303 911 positi
316 846 495 893 autem
518 836 737 893 ordines
755 834 1019 905 lapidum,
1044 832 1158 887 sive
1180 831 1470 902 lignorum,
1493 846 1728 900 sequen-

141 940 227 984 tes
241 944 340 984 suo
359 942 572 998 quoque
594 935 838 995 tempore
867 922 1204 986 sacerdotes,
1220 933 1452 990 quorum
1478 919 1563 972 vel
1584 933 1725 988 pne-

140 1021 437 1082 dicatione,
461 1034 525 1073 ac
552 1016 856 1073 ministerio
884 1012 1089 1068 fabrica
1112 1011 1311 1068 crescit
1333 1010 1609 1074 Ecclesiae,
1643 1008 1726 1063 vel

141 1109 407 1182 (ornatur)
435 1110 717 1165 ordinatur
744 1106 1060 1161 virtutibus.
1095 1104 1293 1171 Quales
1332 1111 1514 1157 autem
1544 1102 1727 1157 colore

138 1200 348 1256 fuerint
370 1200 595 1272 lapides,
626 1198 821 1268 quibus
851 1196 1057 1250 factum
1086 1203 1169 1251 est
1198 1194 1480 1263 templum,
1508 1194 1563 1248 in
1587 1194 1727 1249 libro

136 1291 589 1359 Paralipomenon
618 1295 804 1357 aperte
830 1286 1160 1341 declaratum
1184 1293 1290 1350 est,
1320 1283 1535 1340 dicente
1556 1283 1726 1338 David

137 1382 208 1437 ad
241 1380 609 1443 Salomonem,
639 1392 763 1433 cum
786 1376 837 1430 ei
864 1376 1137 1444 impensas
1166 1373 1376 1444 templi,
1405 1383 1462 1428 et
1488 1388 1608 1442 quas
1630 1389 1725 1443 pa-

136 1476 381 1533 raverat,
422 1452 733 1523 ostenderet
763 1464 814 1535 (Ι
846 1461 979 1517 Par.
1012 1478 1163 1527 xxxx,
1191 1462 1248 1534 2)
1290 1479 1303 1515 :
1349 1460 1568 1517 Omnem
1604 1479 1723 1533 pre-

136 1558 336 1613 tiosum
374 1556 622 1626 lapidem,
669 1564 719 1609 et
746 1569 980 1607 marmor
1022 1552 1232 1623 parium
1275 1551 1724 1608 abundantissime

132 1649 451 1720 praeparavi.
502 1646 739 1701 Marmor
771 1652 953 1698 autem
1002 1643 1215 1713 parium
1266 1657 1505 1697 marmor
1533 1642 1723 1698 eandi-

134 1741 270 1794 dum
291 1738 507 1803 dicitur,
526 1736 684 1805 quale
698 1735 883 1789 eadem
912 1733 1088 1789 insula
1107 1734 1328 1803 gignere
1358 1732 1660 1787 consuevit.
1694 1752 1714 1785 ι

134 1842 159 1869 ³
201 1827 361 1884 Unde
378 1828 531 1895 poeta
559 1824 623 1879 de
654 1823 743 1876 illa
769 1821 946 1894 (Virg.
974 1838 1033 1876 ιιι
1058 1820 1247 1893 tEn.):

197 1938 431 1997 Olearon,
460 1940 751 1997 niveamque
773 1936 949 1994 Paron,
970 1947 1261 1997 sparsasque
1289 1949 1381 1997 per
1401 1948 1569 1995 aquor

197 2001 424 2063 Cyclada,
447 2000 537 2049 sed
560 1996 723 2047 crebri
747 1999 957 2059 legimus
981 1996 1105 2046 freta
1139 1996 1329 2047 conicite
1355 2000 1535 2048 ventis.

130 2106 307 2159 Nive:
350 2117 479 2173 ergo
503 2102 677 2156 Paron
709 2102 928 2165 dicitur,
972 2115 1037 2155 eo
1063 2101 1207 2169 quod
1235 2100 1606 2155 candidissimi
1636 2116 1723 2171 ge.

129 2196 289 2251 neris
318 2208 555 2249 marmor
576 2193 776 2246 mittat.
807 2210 824 2242 ι
856 2192 951 2246 Est
971 2202 1154 2246 autem
1178 2207 1285 2244 una
1310 2191 1376 2245 de
1398 2189 1721 2262 Cycladibus

126 2288 354 2352 insulis,
384 2301 492 2357 quo
527 2284 777 2340 videlicet
802 2282 978 2353 lapide
1008 2282 1268 2353 templum
1297 2281 1469 2337 fuisse
1512 2281 1719 2338 factum

126 2378 404 2449 Iosephus
451 2376 689 2431 insinuat
726 2375 911 2431 dicens
950 2389 964 2427 :
998 2372 1238 2428 Elevavit
1273 2374 1447 2444 itaque
1473 2374 1719 2445 templum

128 2483 303 2538 usque
329 2466 400 2521 ad
425 2481 685 2519 cameram
716 2481 779 2518 ea:
808 2463 995 2534 lapide-
1011 2462 1130 2517 albo
1155 2473 1511 2517 constructum
1538 2480 1556 2518 :
1588 2466 1615 2504 δ
1641 2463 1719 2518 al-

126 2556 306 2611 titudo
331 2555 433 2623 [uit
457 2554 885 2624 vigintiquinque
914 2552 1230 2617 cubitorum,
1259 2562 1307 2606 et
1337 2561 1566 2605 centum.
1608 2549 1719 2605 Nec

127 2646 384 2719 mysterii
420 2660 613 2700 sensus
640 2645 694 2698 in
736 2644 921 2699 abdito
952 2650 1069 2708 est;
1101 2642 1275 2698 cuivis
1304 2642 1506 2697 etenim
1535 2650 1715 2710 patet,

125 2737 266 2806 quia
296 2750 537 2790 marmor
562 2736 872 2799 candidum,
906 2749 973 2789 ex
1004 2748 1111 2804 quo
1140 2723 1332 2789 domus
1358 2733 1571 2788 Domini
1593 2748 1718 2788 eon-

125 2833 347 2879 structa
377 2833 482 2890 est,
512 2824 776 2878 mundam
819 2824 1115 2879 electorum
1154 2824 1447 2889 actionem,
1478 2826 1640 2880 simul
1665 2835 1717 2881 et

125 2916 526 2971 conscientiam
558 2915 626 2969 ab
651 2914 798 2969 omni
826 2929 978 2969 nmvo
1004 2913 1369 2983 corruptionis
1396 2915 1715 2985 castigatam

123 3007 400 3077 designat,
443 3006 626 3076 quales
659 3020 775 3061 esse
810 3005 977 3061 voluit
1007 3006 1225 3074 sapiens
1253 3006 1343 3060 ille
1383 3007 1714 3062 architectus

123 3113 245 3162 eos,
279 3114 415 3167 quos
444 3115 606 3169 super
648 3098 1053 3154 fundamentum
1084 3099 1285 3153 Christi
1316 3100 1550 3163 locabat,
1584 3100 1714 3169 lapi-

124 3190 228 3246 des
256 3190 543 3261 pretiosos,
590 3206 724 3244 auro
762 3198 1095 3260 argentoque
1149 3189 1430 3245 redimitos
1465 3190 1548 3261 (II
1592 3190 1713 3245 Cor.

125 3296 229 3345 vn,
266 3282 318 3351 1)
352 3299 365 3333 :
392 3279 724 3343 Charissimi,
757 3280 950 3349 inquit,
997 3280 1305 3334 mandemus
1354 3297 1447 3334 nos
1480 3280 1545 3333 ab
1577 3282 1717 3334 omni

124 3370 527 3441 inquinamento
553 3370 747 3434 carnis,
777 3380 823 3423 et
852 3371 1066 3439 spiritus
1084 3410 1097 3434 ,
1128 3371 1455 3440 perﬁcientes
1483 3372 1718 3440 sancti/t-

121 3460 389 3513 cationent
418 3460 472 3512 in
502 3460 685 3513 timore
736 3460 850 3513 Dei.
886 3481 903 3511 ι
942 3471 965 3499 ο
995 3459 1305 3516 Ᾱῐᾶίίὶοίιιιη
1340 3463 1393 3515 in
1437 3463 1716 3532 superiore

124 3548 293 3618 hujus
318 3548 610 3602 voluminis
638 3557 791 3618 parte
838 3549 1004 3604 babes
1045 3565 1075 3604 a
1120 3550 1279 3606 beato
1314 3551 1455 3605 Beda
1500 3554 1715 3620 exposi-

130 3650 248 3692 tum
274 3636 325 3691 ἀ.

201 3728 360 3800 (Cap.
393 3746 513 3795 vin,
546 3732 597 3794 l,
628 3740 676 3785 et
698 3730 760 3783 II
784 3729 913 3783 Par.
944 3748 997 3796 v,
1023 3732 1103 3801 2.)
1136 3729 1398 3785 Venerunt
1427 3733 1600 3785 cuncti
1627 3749 1711 3786 se-

119 3839 218 3876 nes
252 3837 315 3874 ex
345 3819 514 3875 Israel
538 3821 607 3873 ad
636 3837 804 3890 regem
834 3820 1168 3874 Salomonem
1214 3823 1265 3875 in
1296 3821 1620 3886 Jerusalem,
1654 3834 1710 3876 ut

118 3914 391 3983 deferrent
414 3928 592 3966 arcam
622 3911 828 3979 fa’deris
859 3911 1068 3965 Domini
1097 3912 1161 3966 de
1188 3915 1397 3968 civitate
1427 3915 1624 3975 David,
1656 3917 1710 3969 id

118 4013 203 4057 est
242 4003 307 4055 de
338 3999 487 4065 Sion,
517 4012 564 4055 et
594 4001 825 4055 tulerunt
851 4002 1147 4056 sacerdotes
1174 4021 1352 4057 arcam
1380 4004 1589 4074 fwderis
1611 4007 1715 4059 Β,-

118 4092 285 4157 mini,
331 4090 721 4162 intuleruntque
748 4108 864 4145 eam
908 4093 962 4146 in
988 4092 1157 4146 locum
1203 4110 1356 4146 suum
1396 4096 1449 4148 in
1496 4097 1711 4150 oraculo

117 4180 308 4252 templi
336 4183 389 4235 in
408 4190 590 4236 sancta
617 4190 918 4236 sanctorum
947 4184 1129 4238 subtus
1160 4184 1273 4238 alas
1303 4186 1553 4241 cherubin
1578 4203 1596 4241 :
1638 4190 1711 4241 si—

116 4272 339 4343 quidem
368 4271 618 4325 cherubin
643 4271 1003 4341 expandebant
1030 4272 1147 4327 alas
1180 4291 1305 4328 suas
1345 4292 1504 4345 super
1538 4278 1710 4331 locum

116 4376 290 4425 arce,
321 4359 755 4430 protegebantque
786 4376 985 4425 arcam,
1015 4371 1063 4415 et
1109 4372 1274 4418 vectes
1302 4366 1419 4435 ejus
1463 4368 1705 4437 desuper.

1748 1807 1797 1867 B

1743 3148 1790 3212 C

1829 568 1957 613 ante
1982 560 2284 625 oraculum,
2331 575 2437 614 non
2467 568 2646 613 tamen
2672 559 2788 613 ﬁeri
2813 569 3050 629 poterat,
3078 570 3138 616 ut
3163 562 3279 631 ipsa
3320 581 3404 619 eo~

1831 667 1948 706 rum
1984 653 2167 721 capita
2191 660 2318 707 ante
2347 652 2631 708 oraculum
2654 654 2972 718 eminerent,
2996 655 3126 724 quia
3152 657 3411 712 nimier

1827 756 2049 797 necesse
2070 748 2213 806 erat,
2238 750 2297 795 ut
2320 742 2505 798 clauso
2525 743 2764 807 oraculo,
2783 752 2841 799 et
2858 760 3096 814 appenso
3115 756 3242 802 ante
3264 748 3407 803 ostia

1826 830 1966 897 velo,
2014 831 2117 901 ipsi
2145 847 2361 903 quoque
2382 841 2567 887 vectes
2593 833 2691 887 toti
2733 848 2859 888 cum
2886 849 3032 899 arca,
3060 845 3116 890 et
3143 837 3409 893 cherubin

1828 924 2158 980 abderentur
2186 925 2447 991 interius;
2477 925 2621 995 quod
2649 925 2768 980 fieri
2809 941 2917 980 non
2943 935 3178 995 poterat,
3208 928 3253 981 si
3282 944 3409 998 pro.

1828 1015 2098 1070 mineutes
2117 1016 2348 1072 ulterius
2366 1024 2549 1072 vectes
2572 1017 2936 1086 producendis
2962 1018 3028 1071 ad
3052 1018 3407 1073 claudendum

1825 1104 1983 1159 ostiis
2028 1104 2207 1159 locum
2254 1120 2359 1162 non
2408 1106 2621 1163 darent.
2664 1106 2905 1173 Quorum
2941 1109 3265 1178 positionem
3315 1124 3405 1164 ve-

1825 1194 1991 1251 ctium
2021 1194 2304 1267 Scriptura
2332 1212 2441 1252 non
2491 1198 2611 1253 sine
2636 1214 2821 1262 causa,
2867 1198 2961 1254 Sed
2996 1200 3179 1270 magni
3209 1201 3407 1254 intuitu

1826 1288 2153 1342 sacramenti
2198 1296 2307 1343 tam
2348 1288 2640 1359 diligenter
2666 1289 2921 1359 expedire
2967 1290 3180 1345 curavit
3224 1308 3237 1343 :
3286 1305 3412 1345 con-

1827 1386 1935 1433 stat
1967 1378 2137 1443 enim,
2166 1379 2311 1448 quod
2342 1379 2533 1434 domus
2563 1379 2748 1449 templi
2775 1380 3037 1445 exterior,
3067 1380 3411 1450 peregrinan-

1828 1475 1937 1523 tem
1984 1468 2041 1522 in
2084 1468 2245 1523 terris
2271 1468 2611 1525 Ecelesiam:
2655 1477 2840 1525 sancta
2872 1480 3182 1525 sanctorum
3226 1482 3405 1527 autem

1828 1561 2102 1616 internam
2130 1577 2380 1632 superna:
2402 1562 2593 1632 patria:
2621 1561 2934 1617 felicitatem
2962 1563 3227 1633 designat.
3274 1564 3407 1619 Item

1826 1652 1976 1707 illata
2009 1652 2063 1706 in
2091 1661 2277 1707 saneta
2303 1661 2615 1709 sanctorum
2650 1669 2798 1717 area,
2830 1662 3163 1722 assumptam
3195 1654 3401 1710 Christi

1826 1743 2212 1809 humilitatem,
2244 1752 2299 1799 et
2351 1745 2492 1799 intra
2542 1744 2720 1799 velum
2756 1744 2917 1813 regiae
2966 1743 3208 1799 caelestis
3254 1744 3407 1800 indu-

1822 1840 1968 1888 ctam
2002 1852 2015 1886 :
2047 1842 2228 1888 vectes
2255 1848 2405 1899 vero,
2444 1833 2641 1903 quibus
2669 1833 2860 1888 eadem
2890 1847 3020 1888 arca
3046 1832 3403 1901 portabatur,

1820 1926 2202 1996 praedicatores
2230 1925 2401 1990 verbi,
2430 1940 2529 1994 per
2568 1939 2704 1994 quos
2732 1923 2849 1993 ipse
2891 1926 3092 1979 mundo
3135 1924 3404 1986 innotuit,

1820 2018 1997 2087 typiee
2044 2017 2384 2073 denuntiant.
2420 2015 2440 2054 ί
2476 2017 2822 2086 Apparebant
2865 2016 3010 2069 enim
3061 2014 3404 2069 summitates

1819 2108 2053 2161 vectium
2101 2105 2233 2161 foris
2260 2114 2385 2160 ante
2430 2105 2708 2159 oraculum
2739 2120 2845 2158 non
2874 2119 3111 2173 semper,
3142 2105 3236 2158 sed
3276 2120 3400 2159 cum

1818 2195 1957 2251 ostia
1978 2193 2219 2262 ejusdem
2245 2195 2454 2249 oraculi
2477 2195 2676 2265 aperiri
2706 2193 3067 2264 contingeret,
3099 2208 3275 2264 neque
3299 2194 3401 2249 hoc

1819 2284 2097 2350 omnibus,
2130 2284 2226 2339 sed
2258 2285 2325 2339 iis
2345 2283 2700 2350 solummodo,
2730 2285 2821 2354 qui
2844 2284 3067 2354 propius
3088 2285 3407 2340 accedentes

1819 2376 2079 2431 attentius
2122 2389 2209 2441 ea,
2249 2391 2370 2445 qua
2407 2377 2553 2431 intus
2599 2385 2779 2441 erant,
2827 2376 3147 2447 satagebant
3185 2378 3404 2441 intueri,

1818 2466 1937 2536 Ipsa
1969 2474 2150 2521 autem
2198 2481 2347 2531 arca,
2389 2465 2565 2535 qualis
2612 2474 2668 2521 et
2717 2468 2989 2536 quomodo
3038 2476 3184 2522 esset
3230 2469 3404 2538 posita

1819 2556 1967 2629 (solis
1996 2557 2084 2627 iis)
2114 2556 2287 2612 solum
2319 2558 2418 2622 eis,
2452 2557 2541 2627 qui
2568 2558 2851 2614 oraculum
2874 2559 3190 2625 intrassent,
3222 2560 3406 2614 videre

1818 2646 2038 2714 licebat,
2069 2650 2194 2718 quia
2244 2649 2424 2704 nullus
2450 2657 2761 2704 sanctorum
2794 2649 2972 2705 adhuc
3021 2650 3132 2703 vita
3173 2650 3402 2719 positus,

1818 2740 2036 2793 tametsi
2086 2739 2313 2793 multum
2347 2740 2401 2794 in
2446 2739 2731 2794 altitudine
2781 2756 2839 2795 se
2885 2740 3083 2795 mentis
3128 2741 3400 2806 attollens,

1817 2829 1912 2884 sed
1949 2829 2049 2884 soli
2088 2830 2232 2884 illius
2259 2830 2448 2899 patriae
2473 2830 2622 2884 cives
2648 2830 2876 2900 gloriam
2902 2830 3033 2885 inibi
3063 2832 3147 2885 sui
3178 2830 3404 2887 Redem-

1816 2920 1989 2989 ptoris
2016 2920 2206 2991 (plene)
2243 2921 2401 2991 plane
2444 2927 2786 2978 contuentur.
2822 2920 2962 2976 Sunt
2985 2928 3038 2976 et
3067 2931 3249 2977 vectes
3277 2938 3402 2978 cum

1817 3025 1943 3064 arca
1968 3010 2021 3064 in
2050 3011 2272 3066 oraculo
2297 3011 2593 3077 reconditi,
2611 3013 2734 3081 quia
2760 3013 3062 3067 absconditi
3085 3022 3212 3069 sunt
3233 3016 3395 3069 etiam

1820 3114 1966 3154 nunc
1989 3100 2213 3169 perfecti
2238 3102 2438 3170 quique
2466 3101 2645 3164 electi,
2678 3102 2769 3170 qui
2797 3118 2896 3157 nos
2924 3114 3315 3172 praecesserunt
3338 3107 3403 3160 de

1821 3189 2021 3243 mundo
2053 3189 2106 3246 in
2135 3188 2319 3244 abdito
2360 3190 2540 3244 vultus
2581 3190 2694 3253 Dei,
2733 3206 2764 3243 a
2795 3192 3205 3246 conturliatione
3230 3193 3401 3247 homi-

1820 3296 1972 3344 num,
2024 3295 2254 3349 quorum
2286 3288 2469 3334 tamen
2500 3281 2843 3335 summitates
2872 3281 3104 3335 vectium
3154 3298 3401 3337 nonnun-

1819 3384 1983 3438 quam
2006 3378 2194 3438 aperto
2220 3369 2440 3424 oraculo
2466 3369 2572 3433 bis,
2604 3370 2696 3439 qui
2736 3371 3080 3438 appropiant,
3113 3372 3361 3427 visuntur
3385 3389 3397 3426 :

1818 3475 1942 3515 cum
1967 3458 2384 3529 perfectioribus
2413 3460 2736 3529 quibusque,
2761 3469 2922 3528 atque
2945 3460 3158 3515 oculum
3184 3463 3264 3517 sui
3289 3479 3392 3517 cor-

1817 3545 1901 3604 dis
1924 3557 2036 3603 tota
2088 3549 2390 3603 intentione
2413 3548 2847 3617 puriﬁcantibus,
2878 3550 3055 3604 divina
3099 3554 3273 3621 gratia
3301 3553 3393 3607 ali-

1816 3641 1945 3710 quid
1974 3650 2275 3696 extremum
2305 3642 2371 3698 de
2402 3658 2758 3711 supernorum
2798 3644 2992 3697 civium
3041 3645 3235 3715 gaudio
3265 3661 3388 3700 con-

1816 3732 2183 3800 templandum
2217 3732 2519 3788 donaverit.
2551 3732 2681 3799 Quae
2714 3734 2971 3787 nimirum
3015 3734 3394 3804 contemplatio

1816 3827 1922 3892 his,
1952 3826 2040 3895 qui
2074 3825 2232 3894 paulo
2258 3825 2471 3896 longius
2496 3836 2857 3892 recesserunt,
2901 3827 3121 3881 minime
3147 3828 3393 3883 concedi-

1814 3925 1922 3981 tur,
1971 3914 2099 3984 quia
2144 3922 2344 3984 quanta
2392 3915 2630 3969 exterius
2676 3924 2855 3971 mente
2900 3931 3033 3984 vaga
3088 3926 3387 3981 remanent,

1815 4015 1964 4060 tanto
1998 4005 2198 4069 minus,
2226 4020 2346 4075 qua:
2376 4006 2485 4060 sint
2513 4005 2722 4062 interna
2748 4006 2965 4074 gaudia,
2993 4007 3197 4061 vident.
3222 4027 3241 4058 ι

1887 4095 2066 4166 (Vers.
2116 4095 2229 4157 10.)
2263 4095 2462 4150 Deinde
2506 4095 2750 4165 sequitur
2777 4112 2790 4149 :
2821 4093 2891 4148 In'
2928 4113 3054 4149 arca
3083 4107 3256 4151 autem
3289 4115 3391 4152 non

1811 4196 1923 4240 erat
1953 4185 2123 4248 aliud,
2151 4186 2251 4239 nisi
2273 4185 2394 4238 dua:
2421 4185 2615 4239 tabula!
2639 4184 2884 4255 lapidem,
2912 4202 3041 4258 quas
3069 4199 3314 4257 posuerat
3337 4191 3389 4241 in

1810 4293 1873 4329 ea
1902 4275 2106 4345 Moyses
2150 4276 2205 4330 in
2234 4274 2393 4340 Oreb,
2442 4274 2652 4346 quando
2686 4275 2878 4346 pepigit
2922 4275 3091 4343 [trdus
3139 4276 3391 4332 Dominus

1811 4382 1930 4419 cum
1954 4365 2081 4435 ﬁliis
2110 4364 2299 4430 Israel,
2328 4381 2447 4417 cum
2475 4365 2839 4435 egrederentur
2885 4366 2949 4419 de
2974 4376 3114 4419 terra
3148 4367 3388 4437 JEgypti.

116 4453 364 4522 Cumque
388 4452 672 4506 eminerent
704 4463 885 4516 vectes,
931 4466 1340 4527 apparerentque
1382 4462 1706 4514 summitates
1736 4490 1787 4549 D
1813 4455 1993 4522 Quaeri
2038 4464 2215 4525 potest
2252 4456 2521 4524 quomodo
2561 4456 2646 4509 hic
2677 4455 2822 4510 dicat
2848 4456 2990 4525 quod
3034 4458 3086 4510 ln
3118 4473 3243 4512 arca
3286 4475 3388 4513 non

113 4556 308 4596 eorum
336 4540 466 4609 [oris
488 4541 847 4594 sanctuarium
877 4551 998 4595 ante
1025 4543 1320 4609 oraculum,
1354 4562 1455 4600 non
1482 4566 1710 4618 appare-

114 4636 250 4687 bant
291 4631 435 4685 ultra
462 4633 782 4686 extrinsecus
808 4646 827 4683 :
858 4633 948 4702 qui
993 4643 1041 4686 et
1068 4633 1280 4703 fuerunt
1324 4638 1394 4690 ibi
1442 4655 1606 4709 usque
1651 4642 1706 4694 in

112 4730 435 4791 pra’sentem
456 4720 611 4774 diem.
634 4738 651 4769 ι
674 4720 786 4774 lloc
813 4720 1153 4777 manifestius
1180 4724 1232 4777 in
1255 4725 1703 4797 Paralipomenon

114 4809 400 4863 volumine
428 4810 685 4865 scribitur
737 4809 920 4882 (Ibid.,
950 4827 1083 4866 vers.
1116 4812 1171 4883 9)
1206 4832 1219 4867 :
1257 4827 1279 4853 ο
1325 4814 1579 4883 Vectium,
1623 4819 1705 4873 in-

112 4901 259 4970 quit,
292 4900 481 4971 quibus
511 4901 788 4968 portabant
812 4917 1011 4965 arcam,
1048 4904 1173 4971 quia
1202 4904 1478 4972 paululum
1509 4907 1705 4978 longiu-

114 5008 199 5044 res
225 4999 403 5054 erant,
433 4991 604 5059 capita
630 4992 881 5059 parebant
907 5000 1027 5043 ante
1040 4991 1334 5046 oraculum.
1359 4992 1417 5047 Si
1445 5011 1562 5049 vero
1590 4998 1707 5066 quis

110 5078 401 5148 paululum
429 5078 609 5147 fuisset
637 5080 980 5143 extrinsecus,
1005 5096 1092 5133 eos
1122 5081 1293 5135 videre
1319 5100 1424 5137 non
1443 5095 1701 5153 poterant.

116 5172 225 5228 Ubi
258 5172 581 5237 notandum,
609 5173 736 5243 quia
766 5182 821 5229 et
846 5174 890 5227 si
926 5173 1105 5242 capita
1136 5176 1372 5229 vectium
1398 5178 1704 5232 accedenti-

184 5340 211 5367 ει
255 5326 390 5392 Quae
426 5325 636 5381 lineolis
667 5336 874 5391 carent,
914 5325 1170 5380 Rabanus
1200 5325 1420 5384 minime
1448 5328 1627 5383 habet.

185 5397 215 5436 δ
234 5395 431 5467 Editus
448 5394 701 5467 [labantis
720 5412 733 5449 :
749 5396 973 5467 altitudo
989 5394 1086 5463 fuit
1100 5396 1371 5467 sexaginta
1385 5396 1698 5453 cubitorum.

189 5478 213 5505 ε
262 5465 541 5519 Hactenus
562 5465 728 5519 etiam
759 5466 1033 5521 Rabanes.

188 5535 218 5576 ά
236 5534 505 5607 iPluritna
532 5536 925 5607 omit_tit_eod_ex
953 5544 1155 5599 noster,
1187 5534 1305 5607 quae
1330 5533 1494 5590 habet
1513 5537 1699 5607 vulga-

114 5618 205 5661 tus
233 5605 546 5675 Eucherius
564 5619 631 5659 ex
652 5605 795 5659 Beda
832 5605 1150 5675 desumpta;
1186 5604 1447 5675 adquem
1477 5604 1697 5675 quidem

115 5675 263 5729 idem
296 5674 469 5729 codex
516 5673 794 5729 Leetorem
833 5673 1047 5743 allegat.
1077 5675 1178 5729 Hic
1221 5673 1399 5744 aliqua
1435 5673 1582 5731 certe
1605 5677 1697 5731 de-

114 5754 265 5811 sunt,
296 5759 421 5817 quze
449 5752 701 5799 notantur
724 5745 780 5799 in
809 5745 949 5799 serie
980 5746 1232 5815 capitum.

1813 4556 1959 4602 esset
1982 4547 2148 4610 aliud,
2181 4546 2282 4600 nisi
2312 4546 2431 4599 dum
2460 4544 2653 4599 tabula:
2686 4546 3000 4610 testimonii,
3032 4562 3154 4600 cum
3181 4560 3388 4616 aposto-

1814 4639 1897 4692 lus
1924 4636 2143 4701 Paulus,
2168 4636 2426 4705 magistcr
2451 4636 2689 4705 gentium
2720 4636 2773 4689 in
2802 4637 2905 4691 [ide
2933 4646 2987 4691 et
3014 4639 3258 4702 veritate,
3287 4640 3386 4695 Ile-

1811 4730 1995 4791 braais,
2012 4727 2064 4781 id
2087 4734 2170 4781 est
2190 4726 2314 4780 ﬁliis
2338 4724 2522 4789 Israel,
2547 4727 2745 4781 scribat
2764 4726 2949 4781 dicens
2970 4728 3157 4797 (Hebr.
3184 4746 3263 4794 ix,
3292 4732 3346 4801 2)
3372 4752 3381 4784 :

1813 4815 2227 4870 Tabernaculum
2254 4815 2392 4867 enim
2420 4814 2619 4882 factum
2645 4824 2719 4867 est
2748 4817 2994 4884 primum,
3026 4818 3079 4871 in
3106 4834 3208 4888 quo
3236 4832 3383 4874 erant

1809 4904 2146 4968 candelabra,
2179 4914 2225 4957 et
2255 4920 2449 4965 mensa,
2485 4912 2532 4956 et
2557 4905 2840 4973 propositio
2859 4923 3075 4974 panum,
3108 4925 3226 4979 quae
3250 4911 3382 4965 dici-

1812 5004 1900 5051 tur
1923 5003 2129 5048 sancta.
2156 4992 2284 5045 Post
2309 4991 2651 5046 velamentum
2680 5004 2854 5047 autem
2877 4998 3186 5065 secundum,
3211 5001 3383 5055 taber-

1814 5082 2084 5147 naculum,
2128 5080 2265 5151 quod
2294 5080 2491 5133 dicitur
2539 5092 2721 5135 sancta
2769 5095 3072 5140 sanctorum
3098 5104 3117 5141 :
3160 5106 3379 5145 aureum

1810 5175 2003 5229 habens
2030 5173 2376 5240 thuribulum,
2401 5183 2449 5228 et
2470 5192 2649 5230 arcam
2675 5182 2963 5235 testamenti
2991 5183 3377 5241 circumtectam

1886 5329 2091 5403 erBeda
2121 5344 2239 5398 cap.
2275 5344 2370 5403 seu
2403 5330 2714 5403 quaestione
2748 5331 2809 5384 l4
2840 5348 2958 5401 qua:
2988 5345 3287 5403 sequuntur
3314 5338 3378 5392 li-

1805 5398 2181 5471 neolisnotata
2213 5399 2395 5453 tradit.
2429 5400 2817 5471 Rabanusrhmc
2846 5398 3257 5471 pariter-habet.

1882 5469 1900 5508 ί
1944 5468 2230 5532 Nonnulla,
2277 5484 2397 5537 quas
2423 5469 2650 5537 vulgatis
2693 5468 2867 5533 Bedae,
2896 5480 2949 5526 et
2980 5472 3187 5527 Rabani
3223 5474 3375 5530 libris

1802 5538 2077 5612 leguntur,
2104 5539 2463 5612 pra-termittit
2492 5538 2883 5612 liieClnudius.
2914 5542 2996 5594 An
3031 5544 3154 5612 quia
3184 5558 3372 5612 parum

1803 5607 1992 5679 idonea
2037 5607 2124 5679 iis,
2169 5623 2289 5676 qua:
2321 5609 2421 5664 sibi
2462 5607 2773 5677 explicanda
2806 5607 3198 5678 proposuerat?
3227 5610 3367 5679 indi-

1800 5678 2006 5734 caverit
2034 5677 2246 5732 Lector.
