3912 6374
182 465 292 522 ἽὲδἹ

830 462 1286 530 ΟῸᾹΞΞΤῙΟΝΕΞ
1327 461 1471 516 XXX
1511 460 1736 517 SUPER

1868 456 2020 512 lROS
2058 457 2322 515 REGUM.
2364 488 2432 497 —
2469 457 2672 512 LIBER
2708 457 2791 512 Ill.

3338 463 3444 520 758

182 573 603 638 illuminatione,
642 582 696 628 et
717 572 922 641 judicio
959 573 1140 629 futuro
1169 593 1179 627 :
1231 573 1296 627 de
1323 573 1514 627 anima:
1543 573 1762 627 immor-
1792 574 1840 632 Α
1867 583 2021 635 opera
2048 575 2160 632 tua,
2187 583 2342 636 quam
2373 585 2572 633 rumor,
2602 587 2749 640 quem
2781 568 2980 623 audivi.
3014 570 3146 625 Cum
3168 587 3297 643 ergo
3326 588 3447 644 per-

185 667 419 731 talitate,
452 665 517 720 de
545 679 641 734 spe
668 665 1098 730 resurrectionis,
1131 672 1184 719 et
1210 665 1399 736 gloria.
1433 662 1589 718 Venit
1635 675 1764 732 ergo

185 760 243 814 in
269 755 576 813 Jerusalem
603 771 726 810 cum
777 757 946 810 multo
975 757 1235 811 comitatu
1263 773 1274 808 :
1307 756 1361 810 id
1386 764 1486 818 est,
1524 770 1631 810 non
1651 754 1766 826 jam

186 864 314 904 cum
339 862 450 902 una
482 854 687 900 tantum
717 855 874 917 gente
899 845 1228 908 Judzeorum,
1259 845 1394 899 sicut
1421 845 1570 916 prius
1606 859 1764 914 syna-

186 953 327 1009 goga
358 935 504 991 solos
529 936 721 990 habuit
763 933 1036 1000 Hebraeos,
1069 936 1162 989 sed
1189 935 1354 990 totius
1379 935 1564 988 mundi
1593 932 1766 1004 genti-

186 1027 312 1090 bus,
357 1024 690 1093 diversisque
733 1024 1062 1081 nationibus.
1120 1023 1278 1078 Venit
1327 1037 1454 1091 ergo
1503 1023 1765 1078 exhibens

185 1133 413 1172 munera
442 1117 601 1188 digna
637 1115 869 1178 Christo,
903 1129 1114 1179 aurum,
1141 1121 1194 1168 et
1220 1128 1458 1184 gemmas
1479 1113 1761 1182 pretiosas,

185 1216 242 1259 ct
273 1207 376 1260 hoc
406 1204 627 1260 camelis
668 1204 1010 1272 portantibus
1036 1211 1301 1268 aromata,
1330 1203 1383 1257 id
1417 1213 1501 1257 est
1528 1217 1595 1257 ex
1637 1217 1763 1271 gen-

186 1294 274 1347 tili
300 1294 496 1364 populo
541 1293 905 1358 venientibus,
951 1293 1045 1362 qui
1086 1291 1301 1347 fuerant
1337 1292 1486 1362 prius
1511 1292 1764 1345 vitiorum

188 1382 436 1439 foeditate
465 1383 700 1448 distorti,
730 1393 784 1437 et
812 1383 1076 1438 malorum
1103 1397 1266 1438 onere
1293 1383 1465 1449 curvi,
1493 1397 1555 1436 ac
1576 1397 1766 1452 pecca-

188 1485 375 1528 torum
404 1474 673 1543 pravitate
703 1473 992 1528 deformes.
1033 1471 1166 1527 Cum
1193 1473 1278 1527 his
1309 1480 1563 1541 tanquam
1587 1486 1765 1525 mune-

190 1565 343 1618 ribus
392 1565 573 1635 regina
623 1565 737 1618 bazc
787 1563 1084 1634 ingreditur
1133 1565 1199 1618 ad
1247 1561 1532 1632 paciﬁcum
1584 1575 1764 1632 regem

187 1654 489 1717 Christum,
522 1653 782 1708 exhibens
805 1669 986 1709 secum
1013 1663 1256 1708 aromata
1279 1654 1422 1718 ﬁdei,
1453 1669 1643 1707 aurum
1670 1668 1766 1722 pu-

190 1745 392 1808 ritatis,
424 1745 702 1798 incensum
731 1745 1048 1812 pretiosum,
1081 1743 1765 1814 splendoresque-gemma—

188 1855 336 1903 rum,
366 1855 572 1894 morum
618 1839 823 1894 scilicet
861 1839 1111 1909 insignia,
1137 1849 1454 1894 ornamenta
1478 1839 1760 1894 virtutum.

1863 659 2010 712 venit
2034 659 2170 722 haec,
2203 661 2318 714 sive
2341 660 2606 726 Ecclesia,
2634 664 2746 716 sive
2777 676 3003 731 qumque
3032 664 3210 717 anima
3250 675 3438 722 sancta

1863 747 1917 800 iu
1942 756 2198 802 aeternam
2229 748 2552 815 Jerusalem,
2589 750 2642 804 id
2675 761 2756 805 est
2781 752 3041 806 visionem
3070 754 3241 821 pacis,
3270 764 3324 809 et
3348 756 3430 809 in-

1861 851 2046 905 gressa
2071 836 2232 892 fuerit
2259 839 2472 892 beatam
2493 839 2770 908 requiem,
2802 849 2856 894 et
2887 840 3112 911 gloriam
3136 842 3442 898 coeiestium

1863 926 2274 994 promissorum,
2331 927 2502 980 multo
2532 927 2708 996 plura,
2739 938 2791 982 et
2818 931 3277 1001 magniﬁcentiora
3319 948 3444 1003 per—

1863 1015 2075 1083 spiciet,
2102 1031 2264 1084 quam
2287 1017 2336 1070 ei
2368 1026 2493 1070 sunt
2519 1018 2570 1070 in
2600 1017 2698 1070 hac
2734 1025 2875 1070 terra
2902 1035 3000 1087 per
3021 1035 3176 1074 sacra
3201 1022 3437 1092 eloquia,

1861 1119 1959 1174 per
1981 1107 2275 1176 prophetas
2319 1115 2479 1176 atque
2507 1108 2776 1176 apostolos
2799 1110 3063 1164 nuntiata.
3102 1111 3262 1165 Nunc
3302 1116 3441 1168 enim

1864 1205 2115 1268 tanquam
2137 1197 2470 1267 inspeculum
2493 1201 2548 1252 in
2562 1202 2839 1270 aenigmate
2866 1219 2884 1254 :
2909 1209 3036 1255 tunc
3061 1214 3241 1259 autem
3267 1206 3439 1262 oculis

1863 1286 1980 1339 suis
1991 1285 2195 1342 videbit
2213 1304 2226 1340 :
2243 1287 2298 1339 id
2310 1297 2383 1348 est
2399 1288 2534 1357 facie
2549 1289 2616 1341 ad
2631 1289 2818 1356 faciem
2836 1290 2884 1360 (1
2901 1288 3180 1358 Cor.xm,l
3191 1295 3266 1365 2).
3284 1293 3441 1362 Cum,

1861 1373 2114 1444 inquam,
2139 1391 2474 1445 unaquaeque
2506 1379 2684 1431 anima
2732 1378 2924 1444 fidelis,
2957 1389 3013 1433 et
3048 1390 3236 1435 sancta
3264 1383 3320 1437 in
3349 1383 3442 1440 illo

1862 1463 2062 1519 εκεωο
2074 1463 2232 1532 plena
2245 1465 2508 1520 bonorum
2530 1480 2752 1536 cperum
2768 1469 3054 1534 fructibus,
3071 1468 3272 1526 divinis
3285 1471 3449 1528 fuerit

1863 1562 2186 1623 prasentata
2218 1556 2612 1625 conspectibus,
2642 1556 2904 1612 exhibens
2932 1559 2986 1612 in
3013 1574 3093 1625 se,
3128 1559 3239 1614 imo
3264 1575 3321 1614 se
3363 1561 3450 1631 ip-

1865 1659 1980 1698 sam
2001 1645 2217 1700 xenium
2238 1645 2348 1699 Deo
2363 1661 2482 1710 suo,
2499 1644 2776 1714 proferens
2789 1647 2947 1717 digna
2969 1650 3130 1715 caelo,
3148 1659 3201 1704 et
3216 1652 3446 1708 valitura

1865 1733 2061 1790 omium
2102 1734 2422 1802 multiplicia
2462 1750 2716 1800 munera,
2760 1751 3000 1806 gemmas
3032 1741 3444 1806 misericordiae,

1860 1825 2084 1895 justitim
2099 1825 2419 1894 margaritas
2431 1827 3091 1883 diversorumornamenta
3106 1831 3445 1896 meritorum,

190 1927 316 1999 (111
350 1928 478 1999 Reg.
503 1945 560 1993 x,
581 1929 700 1992 2,et
729 1929 790 1981 11
816 1923 949 1982 Par.
977 1947 1052 1995 tx,
1082 1931 1157 2000 l.)
1203 1930 1270 1983 Et
1287 1931 1462 1983 locuta
1483 1940 1556 1983 est
1579 1929 1625 1982 ei
1650 1929 1765 1982 uni-

1869 1917 1922 1970 id
1934 1923 2017 1971 est
2031 1925 2273 1970 aromata
2285 1917 2730 1987 compunctionis,
2744 1927 2798 1970 et
2813 1933 2979 1972 suave
2995 1919 3192 1974 olentis
3205 1921 3450 1975 balsama

189 2033 365 2090 versa,
389 2035 503 2088 qua:
521 2019 740 2072 habebat
764 2019 815 2072 in
843 2019 996 2072 corde
1017 2036 1112 2072 suo
1136 2036 1152 2071 :
1179 2019 1235 2073 Id
1260 2029 1344 2073 est
1363 2019 1574 2088 aperuit
1598 2018 1646 2072 ei
1678 2034 1774 2073 cor

189 2123 372 2172 suum,
402 2109 765 2163 manifestavit
785 2110 833 2163 ei
853 2111 1118 2164 occultam
1137 2113 1518 2165 conscientiam
1541 2126 1693 2165 suam
1717 2113 1769 2166 in

188 2195 569 2262 confessione,
612 2206 666 2252 et
704 2199 1036 2267 paenitudine
1080 2201 1494 2268 prcecedentium
1543 2200 1768 2254 delicto-

192 2301 336 2339 rum.
371 2287 657 2341 Videamus
688 2287 817 2356 quid
849 2297 970 2358 agat
1000 2289 1114 2343 haec
1139 2290 1347 2358 regina.

275 2375 293 2441 (
309 2371 370 2425 γ.
395 2374 471 2443 4.)
503 2373 690 2428 Videas
703 2385 877 2428 autem
891 2377 1068 2445 regina
1085 2376 1226 2431 Saba
1243 2393 1443 2430 omnem
1462 2377 1771 2446 sapientiam

193 2461 524 2527 Salomonis,
569 2473 616 2516 et
655 2465 865 2518 domum
906 2481 1060 2535 quam
1112 2465 1485 2534 mdiﬁcaverat,
1537 2475 1586 2520 et
1631 2467 1770 2521 cibos

189 2569 388 2606 mensae
419 2555 554 2621 ejus,
605 2562 652 2606 et
692 2553 1018 2619 holocausta,
1059 2571 1174 2624 quae
1201 2555 1448 2623 o/j'erebat
1475 2556 1528 2608 in
1556 2556 1768 2608 domum

189 2644 425 2707 Domini,
457 2662 558 2700 non
585 2647 802 2699 habebat
834 2645 970 2698 ultra
1003 2646 1264 2714 spiritum.

266 2733 405 2798 Quid
433 2745 548 2789 erat
593 2735 840 2799 rationis,
869 2745 926 2788 ut
962 2744 1264 2804 prapotens
1302 2734 1485 2804 regina
1511 2735 1729 2788 domum
1751 2776 1766 2800 ,

191 2840 461 2895 expensas
529 2835 584 2880 et
635 2829 784 2880 cibos
820 2827 996 2895 regios
1043 2834 1193 2879 tanto
1237 2840 1398 2894 opere
1445 2827 1770 2880 miraretur?

193 2913 337 2984 Ergo
383 2916 486 2969 hoc
528 2917 580 2968 in
611 2915 727 2969 loco
757 2916 932 2984 aliqua
965 2914 1164 2983 majora
1196 2932 1294 2969 nos
1331 2924 1543 2985 oportet
1585 2917 1768 2985 inqui-

193 3020 338 3058 rere.
369 3005 514 3059 Vidit
533 3021 661 3075 ergo
693 3005 929 3061 Ecclesia
954 3021 1020 3060 ex
1044 3009 1294 3078 gentibus
1324 3016 1650 3076 congregata
1684 3022 1768 3060 sa-

192 3094 454 3163 pientiam
482 3093 701 3158 Christi,
737 3095 787 3148 id
811 3104 892 3148 est
915 3104 1034 3163 post
1063 3096 1297 3149 carnalia
1325 3097 1570 3151 instituta
1602 3097 1769 3166 genti-

195 3183 348 3248 lium,
390 3191 511 3251 post
557 3184 866 3248 humanam,
915 3194 970 3237 et
1002 3184 1287 3238 animalem
1319 3184 1618 3240 doctrinam
1657 3187 1770 3254 phi-

1874 2007 2142 2060 castitatis
2169 2005 2471 2075 proferens,
2501 2007 2642 2061 sicut
2670 2007 2799 2071 dixi,
2832 2022 3022 2062 aurum
3069 2006 3339 2064 inﬁnitum
3367 2009 3451 2064 ni-

1874 2095 2001 2160 mis,
2031 2096 2084 2151 id
2115 2106 2198 2150 est
2228 2097 2495 2165 integrum
2524 2095 2577 2150 in
2617 2109 2675 2149 se
2704 2096 3088 2167 reconsiguans
3127 2098 3218 2165 pio
3243 2098 3451 2154 inmuti-

1873 2184 2070 2256 mabile
2095 2185 2328 2254 pretium
2362 2183 2730 2253 Redemptori,
2763 2185 3134 2252 spiritualibus
3167 2187 3366 2250 cordis,
3398 2194 3454 2241 et

1873 2276 2116 2345 corporis
2153 2274 2515 2336 oblationibus
2538 2275 2822 2344 chitura,
2854 2285 2912 2329 ut
2951 2278 3121 2345 possit
3150 2279 3452 2334 cmlestium

1875 2363 2216 2420 mirabilibus
2239 2365 2464 2427 inserta,
2492 2379 2678 2418 vocem
2720 2365 3046 2434 prophetica:
3073 2368 3455 2423 exsultationis

1871 2467 2152 2508 assumere
2177 2451 2346 2525 (Psal.
2379 2469 2501 2518 LXV,
2535 2454 2620 2524 15)
2671 2473 2682 2507 :
2732 2454 2967 2508 lntroibo
2997 2457 3209 2510 domum
3234 2469 3380 2512 tuam
3401 2460 3454 2512 in

1870 2545 2212 2598 holocaustis.
2240 2545 2389 2598 Tunc
2414 2547 2568 2598 beata
2597 2556 2651 2599 et
2679 2545 2900 2600 illustris
2945 2549 3121 2601 anima
3155 2548 3298 2603 inter
3334 2558 3449 2602 stu—

1870 2634 2078 2703 pendas
2105 2636 2526 2692 remuneratoris
2552 2637 2632 2688 sui
2667 2637 2957 2690 constituta
2981 2637 3220 2701 divitias,
3266 2637 3456 2693 ineffa-

1869 2724 2066 2778 bilibus
2111 2724 2313 2794 reginae
2355 2726 2514 2794 hujus
2544 2726 2724 2779 verbis
2752 2727 2828 2778 uti
2855 2729 2919 2780 ad
2953 2729 3120 2781 Deum
3148 2731 3346 2797 poterit
3374 2730 3451 2783 di-

1870 2829 2000 2870 cens
2027 2833 2040 2866 ι
2083 2813 2245 2868 Verus
2276 2825 2352 2868 est
2379 2831 2567 2881 sermo,
2600 2833 2748 2884 quem
2775 2819 2954 2870 audivi
2979 2820 3032 2872 in
3061 2830 3201 2873 terra
3230 2837 3343 2874 mea
3365 2839 3452 2875 su-

1869 2922 1961 2975 per
1981 2906 2305 2969 sermonibus
2330 2908 2454 2960 tuis.
2489 2907 2701 2976 Majora
2726 2920 2846 2962 sunt
2871 2927 3024 2979 opera
3047 2920 3163 2976 tua,
3193 2929 3348 2982 quam
3368 2929 3450 2966 ru-

1869 3013 2002 3059 mor,
2052 3013 2200 3066 quem
2231 2999 2427 3051 audivi.
2477 2998 2588 3051 lloc
2619 3001 2915 3055 estdicere
2953 3018 2966 3053 :
3017 3017 3049 3056 ο
3079 3002 3337 3067 Domine,
3382 3003 3450 3057 de

1872 3087 2308 3143 tribulationibus
2357 3089 2493 3142 meis
2537 3105 2728 3160 magna
2784 3091 2999 3158 quidem
3050 3107 3269 3160 sperare
3313 3107 3450 3161 prte-

1871 3179 2072 3248 sumpsi
2119 3195 2134 3233 :
2174 3183 2266 3234 sed
2305 3179 2561 3248 majorem
2607 3185 2820 3251 percepi
2863 3183 3093 3236 veniam.
3131 3183 3410 3238 Manifesta
3434 3225 3450 3250 ,

193 3276 568 3345 losophorum,
619 3275 825 3343 accepit
872 3274 1197 3328 intellectum
1245 3274 1432 3327 salutis
1455 3315 1468 3338 ,
1513 3284 1566 3328 et
1608 3277 1763 3338 vita}.
1795 3269 1837 3329 C
1870 3285 2030 3338 quam
2057 3285 2244 3334 cerno,
2277 3269 2578 3329 dulcedinis
2621 3273 3068 3342 magnitudinem,
3101 3276 3450 3344 cogitationis

193 3365 433 3434 inspexit
468 3364 766 3433 spiritualia
809 3363 1073 3418 mirabilia
1106 3366 1387 3425 bonorum,
1422 3365 1636 3433 agnovit
1682 3381 1770 3417 ve-

195 3471 319 3510 rum
352 3455 732 3510 fabricatorem
761 3457 882 3509 caeli
912 3471 974 3509 ac
1028 3463 1206 3517 terrae,
1239 3464 1293 3508 et
1336 3457 1768 3524 potentissimum

192 3545 419 3598 humani
447 3545 655 3614 generis
681 3545 1030 3598 conditorem.
1061 3544 1136 3599 De
1163 3542 1316 3610 cujus
1346 3545 1608 3613 sapientia
1638 3545 1770 3599 dici-

200 3640 293 3684 tur
308 3630 458 3702 (Sap.
480 3647 552 3696 xl,
571 3633 660 3701 ει)
687 3652 696 3684 :
717 3631 903 3685 Omnia
929 3634 982 3686 in
1003 3649 1267 3696 mensura,
1283 3642 1330 3686 et
1344 3635 1590 3702 pondere,
1609 3644 1655 3689 et
1681 3649 1772 3686 nu-

189 3737 336 3774 mero
358 3723 688 3776 constituisti.
722 3724 860 3778 Vidit
881 3733 936 3780 et
963 3725 1178 3778 domum
1201 3741 1361 3792 quam
1387 3725 1767 3790 aedificaverat,

190 3810 247 3864 id
269 3819 373 3876 est,
399 3812 817 3867 incarnationem
839 3815 1070 3872 hominis
1093 3817 1372 3886 assumpti.
1395 3817 1470 3871 De
1485 3833 1588 3885 qua
1611 3819 1768 3873 domo

189 3903 326 3957 dicit
351 3902 640 3972 Apostolus
679 3901 976 3974 (601088.11,
1012 3905 1065 3973 9)
1096 3923 1107 3957 :
1137 3904 1202 3956 In
1232 3922 1333 3973 quo
1366 3905 1565 3959 habitat
1599 3908 1766 3960 omnis

184 3993 463 4063 plenitudo
489 3994 773 4047 divinitatis
811 3995 1165 4063 corporaliter.
1204 3996 1347 4048 Vidit
1369 4004 1420 4048 et
1450 3997 1599 4049 cibos
1622 3996 1767 4050 Salo—

187 4083 405 4145 monis,
454 4083 698 4136 videlicet
739 4083 878 4144 illos,
927 4083 994 4136 de
1020 4082 1215 4150 quibus
1267 4083 1480 4138 dicebat
1537 4086 1644 4156 (Jo.
1690 4102 1762 4149 ιν,

185 4172 283 4241 54)
309 4190 321 4224 :
352 4172 499 4225 Meus
522 4173 663 4226 cibus
686 4184 780 4236 est,
799 4182 854 4225 ut
879 4173 1072 4241 faciam
1101 4173 1414 4228 voluntatem
1440 4176 1603 4243 patris
1629 4177 1762 4245 ejus,

183 4262 277 4331 qui
302 4277 383 4314 me
407 4263 564 4314 misit.
594 4261 758 4316 Cibus
789 4261 987 4316 Christi
1014 4269 1098 4316 est
1126 4263 1268 4317 salus
1296 4273 1499 4328 nostra,
1526 4265 1766 4318 reﬁcitur

186 4349 504 4406 coelestibus
526 4351 714 4420 epulis,
737 4351 1067 4421 profectibus
1094 4353 1313 4406 nostris.
1349 4352 1513 4408 Cibus
1539 4354 1651 4421 ejus
1677 4370 1765 4408 su-

187 4448 338 4497 mus,
388 4433 512 4486 dum
564 4433 810 4500 acquisiti
857 4435 923 4487 ab
970 4434 1229 4498 Ecclesia,
1264 4435 1316 4487 in
1356 4437 1596 4490 membra
1625 4435 1760 4504 ejus,

185 4531 497 4584 corpusque
543 4516 872 4590 transimus:
899 4517 983 4570 vel
1010 4518 1165 4572 cibus
1203 4518 1318 4586 ejus
1364 4520 1548 4574 altaris
1584 4536 1764 4575 sacra-

1870 3373 2002 3413 meae
2025 3373 2242 3414 sensum
2270 3369 2486 3430 superat
2509 3363 2928 3430 exspectationis
2953 3363 3195 3420 effectus.
3225 3379 3249 3406 ι
3279 3366 3345 3419 Et
3367 3381 3448 3422 re-

1871 3463 1998 3502 vera
2036 3449 2106 3510 id,
2141 3450 2284 3519 quod
2315 3458 2470 3519 parat
2517 3450 2658 3506 Deus
2695 3453 3040 3522 diligentibus
3076 3470 3155 3517 se,
3202 3454 3307 3509 ﬁde
3341 3471 3447 3510 non

1870 3538 2365 3606 comprehenditur,
2409 3555 2501 3608 spe
2550 3556 2654 3594 non
2702 3543 3004 3611 attingitur,
3053 3544 3313 3598 cliaritate
3337 3561 3445 3600 non

1873 3627 2107 3694 capitur,
2138 3627 2427 3690 desideria,
2449 3635 2502 3680 et
2532 3639 2652 3682 vota
2677 3631 3089 3697 transgreditur,
3113 3633 3319 3700 acquiri
3344 3647 3444 3701 po-

1871 3724 1999 3779 test,
2039 3717 2292 3770 testimari
2323 3732 2426 3770 non
2459 3727 2654 3785 potest.
2688 3719 2902 3774 Videbit
2931 3720 3092 3774 homo
3126 3723 3317 3776 merita
3347 3737 3446 3777 sua

1869 3803 2240 3872 insuspicabili
2296 3806 2710 3861 retributionum
2760 3807 3008 3877 largitate
3060 3825 3443 3876 succrescere,

1868 3893 2088 3948 habebit
2117 3894 2181 3948 de
2209 3896 2554 3964 perceptione.
2584 3897 2835 3959 fructum,
2870 3915 2973 3954 non
2999 3901 3218 3955 habebit
3251 3903 3316 3956 de
3353 3918 3441 3954 sa-

1867 3983 2054 4037 tietate
2084 3983 2378 4039 fastidium.

1939 4073 2088 4127 Fecit
2117 4076 2275 4129 etiam
2307 4093 2396 4130 rex
2426 4076 2676 4132 Salomon
2706 4080 2952 4134 thronum
2979 4083 3043 4136 de
3090 4083 3240 4138 ebore
3280 4102 3442 4155 gran-

1869 4165 2005 4229 dem,
2033 4175 2080 4218 et
2106 4168 2304 4220 vestivit
2330 4183 2446 4220 eum
2470 4185 2599 4221 auro
2623 4169 2764 4237 fulvo
2801 4171 2974 4237 nimis,
3000 4174 3088 4242 qui
3113 4173 3332 4226 habebat
3355 4191 3444 4228 se:

1866 4257 2084 4324 gradus,
2109 4265 2155 4308 et
2173 4258 2444 4310 summitas
2468 4259 2640 4311 throni
2667 4261 2892 4315 rotunda
2917 4251 3030 4316 erat
3045 4264 3098 4316 in
3111 4273 3260 4332 parte
3271 4275 3441 4334 poste-

1868 4346 2018 4398 riori.
2049 4345 2296 4401 Thronus
2325 4348 2594 4402 eburneus
2621 4359 2876 4404 aeternam
2900 4351 3098 4421 judicis
3119 4361 3440 4424 potestatem

1865 4450 2001 4489 auro
2033 4434 2332 4490 divinitatis
2348 4436 2660 4507 fulgentem,
2680 4455 2841 4507 quam
2860 4441 2886 4480 δ
2903 4441 3213 4498 Dominicus
3225 4445 3389 4498 homo
3409 4460 3440 4498 ι

1867 4523 2029 4580 Patre
2059 4527 2285 4596 accepit,
2311 4527 2534 4598 ﬁguram
2560 4539 2800 4596 gestasse
2821 4546 2928 4585 non
2955 4531 3174 4586 dubium
3202 4542 3302 4588 est.
3331 4533 3438 4589 Sex

186 4613 376 4658 menta
407 4604 668 4669 caelestia,
700 4605 763 4661 de
786 4605 982 4673 quibus
1009 4607 1205 4662 dicitur
1243 4606 1360 4678 (Ps.
1413 4625 1592 4664 uxvu
1612 4651 1627 4674 ,
1665 4611 1763 4678 24,
1793 4603 1845 4661 D
1871 4619 2070 4684 gradus
2101 4617 2258 4685 hujus
2286 4618 2463 4672 throni
2492 4635 2705 4673 omnem
2737 4629 3043 4676 creaturam
3082 4625 3348 4682 visibilem
3384 4635 3440 4681 et

184 4700 236 4745 et
249 4690 412 4744 Joan.
438 4708 508 4753 vt,
526 4691 611 4757 50,
637 4691 765 4762 etc.)
793 4710 804 4744 :
827 4693 1023 4747 Panem
1053 4696 1167 4750 caeli
1191 4697 1332 4750 dedit
1354 4698 1448 4762 eis,
1469 4716 1653 4770 panem
1675 4719 1768 4755 an-

185 4782 424 4851 gelorum
455 4783 783 4837 manducavit
813 4784 986 4838 homo.
1017 4787 1161 4841 Vidit
1185 4797 1238 4842 et
1269 4789 1580 4846 holocausta
1604 4792 1720 4861 ejus
1749 4809 1763 4846 :

185 4871 494 4926 orationem
510 4872 625 4925 sine
641 4872 822 4937 dubio,
839 4888 898 4926 su
907 4873 1394 4945 pplicationumque
1409 4881 1691 4949 mysteria;
1710 4891 1765 4937 et

185 4961 488 5030 obstupuit.
519 4961 592 5015 lbi
627 4963 760 5015 vidit
780 4964 1180 5021 inaestimabiles
1196 4969 1409 5024 divitias
1424 4969 1633 5026 Domini
1658 4978 1759 5029 sui.

262 5043 360 5114 (ν.
392 5044 423 5098 6
447 5054 493 5098 et
520 5045 686 5114 subs.)
714 5045 961 5116 Dixitque
987 5049 1056 5101 ad
1073 5066 1267 5120 regem:
1287 5053 1450 5107 Verus
1475 5065 1550 5108 est
1570 5073 1761 5121 sermo.

188 5150 342 5205 quem
359 5134 632 5188 audieram
657 5136 710 5188 in
733 5145 871 5188 terra
897 5153 1030 5199 mea,
1047 5153 1199 5207 super
1222 5141 1541 5196 sermonibus
1565 5145 1690 5210 tuis,
1716 5156 1764 5198 et

192 5240 348 5292 super
361 5226 615 5293 sapientia
630 5235 747 5278 tua:
762 5235 808 5278 et
824 5243 924 5278 non
939 5227 1207 5281 credebam
1223 5232 1556 5285 narrantibus
1571 5250 1586 5294 ;
1601 5233 1760 5288 donec

187 5313 304 5382 ipsa
325 5313 461 5377 veni,
476 5324 523 5367 et
538 5315 643 5368 vidi
659 5316 820 5368 oculis
833 5317 980 5380 meis,
995 5326 1041 5368 et
1050 5319 1282 5385 probavi,
1301 5321 1440 5388 quod
1457 5322 1626 5375 media
1638 5341 1760 5391 pars

186 5405 434 5458 nuntiata
476 5407 603 5458 mihi
627 5423 726 5460 non
756 5407 955 5475 fuisset.
990 5407 1200 5476 Majora
1237 5421 1357 5463 sunt
1384 5413 1638 5482 sapientia
1666 5456 1680 5478 ,
1711 5427 1759 5468 et

219 5567 296 5638 ,ιι
329 5556 784 5611 Remunerationis
831 5561 1074 5628 pretium.
1128 5559 1218 5614 Sic
1265 5562 1517 5632 vulgatus
1557 5566 1763 5622 Euche-

187 5641 546 5750 1Ἦξμιλοειιιίο
562 5697 674 5750 hare
697 5712 792 5765 per
816 5712 872 5751 se
900 5697 1216 5754 Nestoriana
1241 5711 1324 5754 est
1347 5719 1359 5754 :
1387 5702 1482 5755 sed
1510 5705 1759 5760 miteﬁeri

191 5765 277 5837 illa
310 5775 490 5837 potest
533 5768 598 5818 ad
625 5782 744 5820 eum
769 5768 1004 5837 modum,
1049 5784 1156 5837 quo
1189 5770 1453 5824 miteflunt
1492 5776 1761 5830 nonnullae

197 5833 415 5891 Patrum
466 5836 764 5890 locutiones
805 5836 961 5904 hujus
1008 5833 1241 5904 similes,
1277 5841 1396 5896 ideo
1447 5843 1756 5907 liberiores.

1868 4707 2208 4770 invisibilem,
2241 4723 2361 4776 quae
2389 4723 2480 4761 sex
2511 4708 2700 4763 diebus
2727 4710 2866 4764 facta
2895 4720 2997 4776 est,
3028 4721 3082 4765 et
3103 4711 3314 4771 Christo
3337 4716 3440 4770 Do-

1867 4796 2012 4848 mino
2041 4810 2069 4848 a
2099 4796 2258 4848 Patre
2295 4795 2532 4864 subjecta
2567 4799 2741 4868 typice
2784 4799 3239 4855 demonstrabant.
3282 4803 3435 4869 Quod

1865 4891 2042 4935 autem
2072 4883 2184 4952 ipse
2215 4885 2440 4940 thronus
2472 4886 2524 4939 in
2556 4887 2910 4956 posteriorem
2959 4888 3040 4942 sui
3086 4899 3294 4958 partem
3348 4908 3436 4947 ro-

1865 4973 2063 5028 tundus
2084 4990 2204 5030 esse
2224 4975 2568 5042 describitur,
2584 4980 2687 5037 hoc
2708 4980 2892 5049 procul
2914 4980 3076 5045 dubio
3099 4984 3259 5036 datur
3280 4983 3435 5038 intel-

1862 5063 1974 5133 ligi,
2005 5066 2126 5134 quia
2158 5083 2396 5136 praesens
2425 5071 2674 5135 mundus,
2704 5072 2793 5140 qui
2815 5085 2911 5141 per
2929 5080 3108 5127 metas
3135 5083 3433 5144 temporum

1867 5153 2112 5218 Volvitur,
2145 5153 2318 5209 in'sua
2342 5158 2682 5212 extremitate
2702 5173 2730 5211 a
2754 5158 2980 5214 Domino
3003 5161 3071 5215 sit
3087 5160 3430 5229 judicandus.

1863 5241 1931 5294 At
1953 5257 2079 5298 vero
2105 5245 2388 5300 duodecim
2416 5245 2649 5301 leunculi
2675 5264 2772 5318 per
2801 5264 2891 5304 sex
2921 5251 3119 5320 gradus
3142 5252 3258 5308 bini
3289 5262 3435 5308 stan-

1863 5339 1964 5395 tes,
1994 5343 2306 5389 sanctorum
2347 5337 2708 5405 apostolorum
2739 5340 3042 5411 signiﬁcant
3067 5351 3386 5412 potestatem
3413 5388 3430 5412 ,

1862 5423 2056 5490 quibus
2098 5425 2297 5478 dictum
2328 5435 2412 5480 est
2439 5441 2468 5479 a
2499 5427 2726 5484 Domino
2749 5429 2961 5501 (Matth.
2994 5447 3107 5498 xix,
3156 5432 3250 5506 28)
3283 5452 3294 5488 :
3335 5433 3430 5490 Ss-

1866 5575 1991 5642 quia
2023 5587 2423 5657 anteexortnm
2448 5581 2681 5657 ﬁestorii
2714 5600 2952 5657 errorem
2988 5587 3229 5657 prolatae.
3262 5587 3429 5646 Cato-

1867 5659 1983 5723 r‘um
2015 5660 2092 5723 ex
2125 5648 2190 5700 iis
2219 5647 2343 5723 [nisi
2394 5650 2648 5723 fallimur]
2677 5664 2759 5708 est
2799 5647 3176 5721 locutionibus,
3213 5671 3333 5723 qua
3375 5661 3428 5715 in

1863 5713 2085 5793 Claudio
2119 5713 2454 5785 repiehensae
2496 5713 2647 5786 sunt,
2669 5723 2818 5793 isque
2841 5741 2945 5780 non
2972 5713 3174 5782 temere
3195 5713 3428 5784 Nestorii

1863 5785 2083 5840 asseclis
2109 5799 2515 5845 annumeratus.
