3912 6326
485 314 590 371 759

1594 320 1873 378 CLAUDII
1915 322 2381 382 TAURINENSIS
2420 329 2721 388 EPISCOPI

3680 341 3773 395 750

484 426 671 482 debitis
697 444 854 500 super
875 428 1152 482 duodecim
1180 430 1326 485 sedes
1349 432 1649 501 judicantes
1672 436 1948 490 duodecim
1970 436 2069 490 tri-
2100 443 2149 502 Α
2176 440 2299 495 culo
2329 442 2513 509 simul,
2550 455 2605 499 et
2642 462 2751 501 uno
2801 457 3043 517 tempore
3089 454 3420 508 ostenditur.
3459 453 3602 508 Nam
3642 457 3775 512 bono

484 520 580 576 bus
618 518 807 575 Israel.

552 613 682 669 Post
720 614 995 685 aliquanta
1020 614 1217 670 iterum
1251 624 1420 669 retert
1442 615 1722 685 Scriptura
1745 616 1897 688 (vers.
1927 616 2019 687 27)
2056 636 2068 671 :

486 707 640 775 Quod
687 706 808 778 fecit
841 708 1116 775 Salomon,
1168 718 1224 764 ut
1258 720 1404 766 tanta
1447 720 1577 765 esset
1619 711 1948 767 abundantia
1985 729 2075 766 ar-

481 799 624 869 genti
653 800 710 852 in
730 797 1050 866 Jerusalem,
1076 811 1278 871 quanta
1305 800 1563 871 lapidum.
1586 799 1713 856 Hazc
1738 800 1938 858 locutio
1966 811 2075 860 tro-

482 886 629 956 pica,
657 901 764 941 non
794 888 1013 958 propria
1028 898 1127 944 est
1155 907 1167 942 :
1204 888 1311 944 tale
1339 898 1424 944 est
1446 889 1604 959 quale
1633 890 1688 945 in
1718 889 1916 947 Genesi
1945 893 2077 964 legi-

484 991 627 1045 mus,
658 979 749 1034 ubi
781 979 915 1035 dixit
942 980 1086 1036 Deus
1114 981 1183 1037 ad
1207 981 1486 1037 Abraham
1511 979 1657 1053 (XIII,
1689 982 1781 1053 16)
1807 999 1819 1037 :
1849 981 2075 1040 Faciam

483 1085 659 1124 nmen
684 1076 832 1123 tuum
863 1070 1015 1141 quasi
1039 1070 1304 1141 pulverem
1330 1079 1505 1125 terrae.
1539 1069 1694 1137 Quod
1715 1085 1779 1126 ea
1802 1070 2076 1129 locutione

483 1159 692 1215 dictum
719 1167 821 1225 est,
853 1176 1016 1231 quam
1056 1160 1235 1216 Graeci
1274 1168 1475 1215 vocant
1509 1160 1864 1232 hyperbolem
1894 1180 1907 1216 :
1954 1178 2079 1234 qua:

432 1288 437 1289 κ
484 1252 671 1322 utique
709 1253 937 1323 tropica,
980 1268 1086 1307 non
1117 1252 1335 1322 propria
1375 1260 1458 1307 est
1491 1269 1504 1305 :
1541 1266 1703 1321 quem
1752 1259 1933 1307 tamen
1962 1267 2077 1308 mo-

482 1320 633 1409 dum,
667 1350 730 1397 uti
750 1320 961 1399 caeteris
993 1320 1164 1413 tropis
1188 1320 1268 1397 uti
1304 1341 1478 1398 solere
1504 1320 1865 1413 Scriptorum,
1890 1342 2071 1399 nullus

482 1434 577 1505 qui
604 1448 725 1491 eam
751 1432 960 1500 didicit,
989 1433 1233 1504 ambigit.
1278 1430 1387 1487 lste
1414 1440 1595 1488 autem
1627 1441 1837 1504 tropus,
1869 1432 1926 1487 id
1955 1440 2073 1499 est,

482 1529 677 1585 modus
703 1528 991 1584 locutionis
1017 1528 1097 1593 lit,
1126 1527 1343 1597 quando
1378 1525 1434 1582 id
1460 1526 1606 1596 quod
1654 1525 1876 1591 dicitur,
1920 1525 2078 1597 longe

483 1627 571 1677 est
608 1618 840 1691 amplius
880 1635 1042 1689 quam
1088 1618 1234 1689 quod
1277 1634 1343 1675 eo
1370 1618 1516 1676 dicto
1550 1618 1908 1690 significatur.
1942 1616 2077 1686 Quis

483 1702 631 1767 enim
655 1727 765 1779 non
792 1711 993 1778 videat,
1018 1710 1161 1783 quod
1187 1714 1306 1767 erat
1332 1708 1828 1780 incomparabiliter
1847 1708 2079 1781 amplior

483 1792 721 1874 lapillum
761 1817 1042 1871 numerus,
1070 1810 1235 1874 Quam
1280 1802 1493 1875 argenti
1531 1803 1742 1873 pondus
1770 1803 1826 1857 in
1855 1804 2073 1858 civitate

484 1893 819 1951 Jerusalem?

556 1970 711 2059 (Cap.
756 1986 859 2058 ιι.)
913 1984 1029 2041 Rea:
1076 1996 1251 2040 autem
1297 1982 1552 2041 Salomon
1588 1984 1787 2037 amavit
1831 1981 2074 2037 mulieres

487 2075 817 2150 alienigenas
837 2082 1032 2133 multas
1055 2094 1071 2132 :
1098 2078 1267 2147 ﬁliam
1293 2093 1496 2148 quoque
1522 2074 1842 2141 Pharaonis,
1858 2084 1904 2129 et
1934 2072 2078 2130 Moa—

490 2170 707 2237 bitidas,
754 2178 802 2225 et
843 2167 1253 2232 Ammonitidas,
1288 2165 1583 2230 Idumaaas,
1628 2174 1676 2220 et
1717 2165 1993 2230 Sidonias,
2028 2174 2074 2219 et

488 2260 734 2317 Hethwas
774 2275 792 2314 :
821 2259 887 2314 de
920 2259 1181 2330 gentibus,
1210 2273 1368 2327 super
1411 2256 1598 2327 quibus
1648 2256 1782 2310 dixit
1818 2246 2076 2314 Dominut

485 2352 610 2420 ﬁliis
642 2348 833 2415 Israel,
861 2366 966 2405 non
992 2348 1364 2420 ingrediamini
1392 2348 1460 2401 ad
1504 2363 1592 2402 eas
1618 2361 1636 2399 :
1682 2363 1845 2417 neque
1872 2346 1936 2401 de
1969 2344 2077 2401 illis

484 2444 844 2515 ingredientur
892 2441 961 2496 ad
1013 2449 1208 2496 vestras
1251 2455 1269 2494 :
1318 2439 1607 2494 certissime
1655 2438 1794 2491 enim
1847 2444 2078 2491 averterit

486 2529 648 2589 corda
693 2541 895 2597 vestra,
946 2540 999 2585 ut
1044 2530 1339 2603 sequamini
1368 2529 1491 2583 deos
1521 2544 1723 2582 earum.
1770 2524 1870 2581 His
1900 2527 2077 2597 itaque

486 2621 762 2694 copulatus
793 2630 867 2676 est
901 2618 1153 2675 Salomon
1194 2618 1564 2686 ardentissimo
1609 2632 1807 2682 amore,
1836 2615 2077 2685 fuerunt-

483 2728 583 2783 que
610 2712 658 2766 ei
690 2725 879 2766 uxores
908 2711 1059 2781 quasi
1088 2709 1281 2779 regina:
1300 2708 1658 2779 septingentos,
1698 2716 1745 2761 et
1773 2706 2075 2762 concubina:

487 2806 750 2869 trece‘mw,
783 2810 831 2857 et
858 2809 1157 2855 auerterunt
1177 2798 1423 2853 mulieres
1446 2814 1537 2854 cor
1557 2799 1690 2869 ejus.
1716 2797 2075 2854 Ammonendi

484 2901 612 2949 sunt
638 2893 836 2963 quibus
861 2892 965 2946 hoc
991 2889 1245 2946 saeculum
1275 2896 1648 2960 prosperatur,
1665 2889 1759 2959 qui
1789 2887 1948 2944 nullis
1979 2887 2075 2943 ad-

485 2980 838 3040 versitatibus
876 2979 1037 3051 hujus
1080 2979 1265 3035 mundi
1316 2976 1606 3044 feriuntur,
1642 2977 1787 3047 quod
1817 2976 2072 3032 Salomon

483 3079 605 3143 post
638 3080 915 3141 acceptam
943 3067 1283 3141 sapientiam,
1307 3082 1479 3139 usque
1505 3067 1574 3123 ad
1597 3067 1903 3123 idolatriam
1929 3068 2068 3123 ceci-

2156 531 2347 597 illius,
2382 532 2556 589 bonos
2580 527 2861 602 Ecclesiae,
2893 538 3035 595 maio
3059 550 3244 597 autem
3271 544 3439 607 illius,
3476 547 3659 601 malus
3682 546 3774 604 Ec-

2174 622 2355 679 clcsize
2379 625 2714 695 signiﬁcatos
2739 639 2887 700 puto,
2907 638 3163 702 tanquam
3184 634 3240 689 in
3262 636 3481 692 unitate
3499 652 3667 693 area.
3686 638 3775 696 Sic

2175 712 2229 765 in
2267 713 2359 768 illo
2383 730 2490 770 uno
2518 716 2738 772 homine
2764 720 2937 776 bonos
2974 721 3028 777 in
3054 723 3260 794 granis,
3289 725 3467 781 malos
3499 728 3553 781 in
3584 729 3773 799 paleis,

2175 818 2270 860 aut
2301 816 2451 863 certe
2479 809 2533 863 in
2576 814 2788 868 unitate
2817 829 2979 870 unius
3014 817 3216 886 segetis
3254 818 3429 874 bonos
3463 820 3522 873 in
3556 822 3775 883 tritico.

2176 896 2351 952 malos
2375 898 2428 952 in
2458 909 2480 938 ο
2508 900 2742 956 zizania.
2777 924 2795 956 ι

2247 983 2401 1057 (Cap.
2440 1003 2519 1055 ll,
2553 989 2673 1061 29.)
2720 990 2947 1049 Factum
2990 1005 3068 1050 est
3100 996 3265 1067 igitur
3300 1000 3358 1052 in
3392 1009 3633 1070 tempore
3659 1001 3775 1064 illo,

2176 1083 2232 1127 ut
2265 1074 2584 1132 Hieroboam
2607 1081 2944 1151 egrederetur
2960 1084 3028 1140 de
3054 1082 3414 1156 Hierusalem,
3442 1098 3494 1143 et
3517 1090 3775 1145 inveniret

2175 1177 2293 1215 eum
2324 1165 2487 1220 Altius
2538 1160 2787 1225 Silonites
2821 1174 3074 1243 propheta
3113 1174 3169 1230 in
3208 1177 3311 1243 uia,
3352 1188 3568 1248 opertus
3612 1180 3777 1249 pallio

2177 1270 2306 1309 novo
2331 1269 2350 1308 :
2392 1268 2543 1312 erant
2584 1274 2760 1315 autem
2798 1264 2906 1318 duo
2947 1274 3151 1321 tantum
3191 1268 3248 1322 in
3286 1285 3433 1340 agro.
3470 1270 3778 1341 Appi-eheu-

2176 1345 2405 1418 deusque
2430 1351 2592 1406 Altius
2616 1352 2835 1423 pallium
2865 1372 3018 1410 suum
3042 1374 3253 1424 novum,
3278 1376 3381 1431 quo
3402 1370 3617 1431 opertus
3638 1374 3774 1426 erat,

2175 1438 2330 1490 scidit
2355 1438 2409 1492 in
2432 1440 2709 1496 duodecim
2736 1454 2934 1513 partes,
2958 1456 3008 1500 et
3031 1449 3107 1500 ait
3131 1448 3202 1501 ad
3230 1446 3550 1504 Hieroboam
3575 1464 3600 1505 :
3630 1450 3778 1505 Tolle

2177 1526 2269 1580 tibi
2306 1526 2483 1585 decem
2519 1531 2796 1599 scissuras,
2841 1535 2953 1589 hcce
2991 1538 3130 1591 enim
3163 1538 3289 1592 dicit
3328 1539 3592 1595 Dominus
3636 1540 3775 1596 Deus

2176 1617 2348 1673 Israel
2374 1634 2392 1674 :
2423 1620 2562 1677 Ecce
2589 1639 2683 1694 ego
2708 1626 2947 1681 scindam
2980 1645 3195 1699 regnum
3220 1630 3285 1684 de
3322 1646 3485 1687 manu
3522 1632 3777 1690 Salomo-

2177 1711 2280 1776 nis,
2321 1720 2369 1765 et
2397 1711 2534 1767 dabo
2576 1714 2675 1769 tibi
2708 1715 2885 1770 decem
2912 1718 3080 1773 tribus
3107 1735 3126 1773 :
3156 1736 3313 1789 porro
3342 1738 3449 1775 una
3491 1724 3667 1777 tribus
3696 1741 3776 1777 re.

2102 1790 2148 1849 Β
2176 1797 2404 1856 manebit
2427 1803 2475 1857 ei
2503 1815 2714 1876 propter
2740 1821 2945 1861 servum
2975 1822 3147 1864 meum
3171 1809 3365 1878 Dat-id,
3385 1821 3434 1867 et
3458 1812 3573 1866 alia
3606 1816 3775 1868 tribus

2176 1898 2389 1959 propter
2414 1890 2769 1961 Hierusalem,
2811 1913 2971 1968 quam
2998 1898 3128 1971 elegi
3154 1917 3221 1955 ea:
3258 1904 3498 1958 omnibus
3530 1905 3777 1961 tribubus

2178 1978 2373 2035 Israel.

2248 2070 2277 2113 ἀ
2323 2090 2342 2124 ι
2379 2072 2513 2135 [llud
2542 2090 2691 2141 vero,
2721 2078 2865 2147 quod
2909 2086 3033 2149 post
3075 2090 3308 2136 mortem
3339 2080 3654 2140 Salomonis
3683 2086 3748 2142 de

2179 2175 2297 2216 cem
2324 2163 2499 2219 tribus
2541 2180 2572 2220 a
2616 2167 2815 2235 templo
2841 2179 3105 2239 separatae
3131 2179 3285 2235 sunt,
3317 2180 3374 2226 et
3397 2170 3521 2227 dum
3549 2174 3774 2239 relicta,

2178 2250 2313 2308 satis
2337 2252 2560 2321 indicat,
2596 2257 2739 2326 quod
2763 2255 2832 2313 de
2862 2266 2974 2314 tota
3019 2260 3136 2331 ipsa
3166 2268 3329 2331 gente
3368 2262 3671 2332 Apostolus
3704 2266 3777 2318 ait

2181 2343 2370 2416 (Rom.
2402 2357 2482 2411 XI,
2524 2345 2621 2419 6):
2654 2346 2907 2419 Reliquia:
2950 2366 3044 2419 per
3088 2349 3387 2407 electionem
3413 2351 3576 2409 salve
3620 2354 3776 2423 facta

2177 2446 2320 2490 sunt.
2364 2455 2382 2487 ι

2248 2525 2402 2593 Quod
2448 2542 2584 2584 vero
2632 2530 2816 2585 unitas
2861 2531 3007 2600 pallii
3059 2533 3341 2604 propheta:
3382 2534 3438 2588 in
3485 2534 3773 2592 duodecim

2175 2625 2358 2687 partes
2390 2619 2560 2675 scissa
2597 2627 2701 2685 est,
2731 2633 2801 2676 ex
2824 2622 3023 2693 quibus
3043 2624 3298 2679 scissuris
3325 2621 3661 2681 Hieroboam
3684 2627 3775 2682 de-

2176 2720 2294 2761 cem
2322 2710 2551 2780 accepit,
2593 2710 2699 2766 hoc
2730 2708 2992 2782 ligurasse
3025 2712 3257 2780 videtur,
3297 2714 3442 2784 quod
3472 2716 3769 2771 concordia

2176 2800 2431 2857 Ecclesiae
2458 2805 2526 2859 ab
2554 2805 2827 2861 haereticis
2851 2808 3147 2873 conscissa,
3174 2807 3279 2879 ipsi
3324 2810 3577 2881 magistri
3621 2825 3773 2865 erro-

2176 2890 2273 2957 ris,
2298 2909 2327 2946 a
2358 2893 2554 2962 quibus
2580 2893 2762 2950 unitas
2784 2895 2957 2952 divisa
2979 2906 3081 2962 est,
3111 2897 3325 2968 plebem
3351 2898 3408 2954 in
3435 2901 3625 2955 decem
3658 2909 3774 2956 tan-

2174 2997 2338 3053 quam
2366 3000 2589 3042 errores
2616 3002 2647 3041 a
2674 2986 2956 3044 catholicis
2982 2988 3249 3052 dividunt,
3275 2996 3331 3043 et
3358 2991 3646 3061 tyrannice
3672 2991 3772 3046 sibi

2176 3075 2447 3131 subditam
2470 3078 2735 3134 detinent.

483 3133 631 3241 disse
680 3133 1030 3227 describitur,
1074 3161 1201 3231 quia
1247 3133 1484 3217 nihil-in'
1502 3160 1607 3217 hoc
1633 3160 1857 3225 mundo,
1894 3161 2071 3232 prius-
2098 3133 2142 3195 (ί
2244 3165 2373 3222 Post
2395 3167 2565 3223 multa
2594 3133 2889 3225 allarefert
2908 3167 3191 3241 Scriptura
3214 3168 3338 3224 libri
3360 3170 3593 3240 Regum,
3615 3179 3673 3226 et
3696 3171 3773 3228 di-

485 3269 649 3327 quam
676 3256 896 3312 caderet
912 3297 925 3321 ,
953 3254 1298 3310 adversitatls
1324 3251 1581 3309 habuisse
1600 3261 1954 3318 memoratur,
1975 3251 2071 3309 sed

484 3359 800 3405 concessam
834 3343 1155 3415 sapientiam
1202 3341 1446 3399 funditus
1494 3343 1775 3399 deseruit:
1824 3356 1890 3397 eo
1927 3342 2072 3412 quod

486 3452 611 3494 eum
672 3437 818 3493 nulla
865 3438 1058 3493 saltem
1091 3436 1340 3502 minima
1375 3426 1745 3492 tribulationis
1789 3434 2071 3507 disciplina

485 3520 797 3595 custodivit,
834 3527 939 3585 nisi
959 3536 1245 3600 postquam
1266 3527 1437 3583 Deum
1453 3526 1717 3592 deseruit,
1744 3536 1799 3582 et
1825 3540 1885 3583 se
1907 3539 1937 3581 a
1959 3523 2072 3599 Deo

485 3622 758 3677 desertum
802 3632 927 3676 esse
956 3621 1229 3690 cognovit.
1259 3627 1287 3657 ιι
1339 3636 1358 3669 ι
1408 3614 1531 3673 1am
1578 3629 1720 3673 vero
1752 3617 1820 3672 de
1859 3614 2073 3673 caeteris

487 3709 744 3782 operibus
778 3709 897 3779 ejus
924 3711 1056 3780 quid
1091 3711 1302 3765 dicam?
1328 3709 1466 3764 Eum
1510 3708 1858 3763 vehementer
1894 3706 2075 3779 arguit

483 3808 675 3857 sancta
696 3798 995 3870 Scriptura,
1024 3808 1187 3870 atque
1214 3799 1562 3862 condemnat,
1599 3804 1653 3852 et
1686 3796 1822 3852 nihil
1850 3798 1916 3852 d‘e
1954 3809 2073 3868 pm-

490 3889 719 3949 nitentia
754 3888 892 3960 ejus,
932 3891 1021 3946 vel
1058 3892 1111 3945 in
1147 3904 1270 3946 eum
1305 3890 1637 3970 indulgentia
1680 3888 1809 3955 'Dei,
1849 3890 2072 3945 omnino

487 3992 899 4041 commemorat.
948 3979 1059 4036 Nec
1096 3992 1321 4051 prorsus
1347 3980 1609 4045 occurrit,
1644 3978 1788 4034 inter
1835 3979 1867 4019 δ
1898 3973 2075 4050 poste-

489 4074 637 4130 riora
665 4069 781 4141 ejus
804 4071 945 4126 male
971 4078 1146 4143 gesta,
1180 4071 1323 4141 quod
1353 4068 1532 4125 saltim
1569 4069 1623 4124 in
1662 4067 1919 4140 allegoria
1946 4071 2074 4125 boni

487 4162 691 4236 aliquid
714 4160 1058 4232 signiﬁcent:
1088 4158 1361 4229 hinc‘ejus
1384 4158 1560 4215 ﬂenda
1589 4159 1925 4226 submersio‘;
1964 4160 2072 4214 nisi

493 4254 647 4311 forte”
663 4253 784 4325 quis
803 4250 960 4320 ‘dicat
978 4245 1243 4321 mulieres
1260 4246 1616 4322 alienigenas,
1640 4258 1880 4320 quarum.
1891 4260 2077 4307 amore

495 4348 752 4416 deceptus
778 4353 882 4409 est,
915 4339 1251 4413 significasse
1277 4340 1483 4396 electas
1504 4340 1782 4397 Ecclesias
1811 4337 1877 4395 de
1905 4340 2079 4415 genti-

492 4437 612 4493 bus.
647 4433 841 4490 Posset
856 4426 1261 4489 enlm'l'ortasse
1282 4430 1390 4487 hoc
1406 4442 1520 4487 non
1554 4429 1787 4508 absurde
1812 4426 2038 4501 intelligi
2058 4471 2073 4496 ,

488 4527 536 4586 si
558 4526 662 4582 ilise
688 4518 910 4597 prapter
936 4522 1633 4579 Salomoneln'deserer‘ent
1660 4518 1949 4575 deos'suos
1968 4560 1984 4587 ,
2019 4528 2074 4574 et

493 4600 928 4675 "colerentDeum
952 4613 1098 4683 ejus;
1114 4612 1250 4668 Cum
1290 4626 1420 4668 vero
1448 4613 1561 4683 ipse
1587 4620 1809 4683 propter
1833 4609 1954 4668 illas
1991 4609 2073 4669 of.

490 4711 665 4768 tendit
702 4708 891 4773 Dequ
916 4721 1095 4772 suum,
1124 4698 1179 4761 et
1212 4704 1379 4761 coluit
1420 4696 1561 4761 deos
1591 4714 1798 4767 earum,
1842 4717 1951 4758 non
1989 4710 2075 4759 est

491 4804 621 4875 quid
648 4802 773 4857 inde
805 4799 935 4857 boni
977 4799 1170 4866 conjici
1199 4797 1401 4867 possit;
1428 4812 1528 4853 nec
1558 4806 1736 4852 tamen
1760 4796 1894 4851 nihil
1935 4796 2075 4851 arbi-

491 4892 755 4951 trandum‘
778 4901 864 4947 est
887 4890 1031 4945 ‘bo‘ni
1075 4886 1279 4958 aliquid
1312 4886 1623 4959 signiﬁcare
1667 4885 1940 4957 potuisse,
1977 4886 2075 4942 sed

416 5035 423 5045 .
493 4985 735 5049 malum;
775 4988 998 5054 apparet
1040 4980 1186 5036 enim
1214 4977 1270 5033 in
1312 4992 1543 5049 persona
1581 4976 1743 5048 hujus
1773 4976 2078 5034 Salomonis

495 5072 632 5128 mira
658 5071 1002 5134 excellentia,
1032 5078 1087 5123 et
1111 5068 1393 5125 subversio
1423 5058 1699 5123 terribilis.
1736 5067 1890 5136 Quod
1913 5069 2080 5141 igitur

496 5161 552 5216 in
592 5155 692 5215 illo
714 5158 944 5214 (litteratis
968 5158 1301 5228 temporibus
1326 5156 1555 5223 esstlti't,
1584 5156 1738 5227 prius
1760 5158 1991 5225 bonum,
2025 5164 2082 5215 et

496 5251 769 5323 posterius
797 5248 1020 5314 malum,
1053 5249 1156 5304 hoc
1184 5246 1237 5302 in
1265 5246 1505 5303 Ecclesia
1532 5246 1587 5301 in
1617 5247 1720 5303 isto
1765 5249 1942 5305 adhuc
1980 5264 2078 5304 sse-

568 5442 595 5472 ι
630 5428 758 5487 Haec
794 5429 1045 5502 perquire
1101 5442 1219 5550 cap.
1252 5424 1286 5480 6
1323 5424 1508 5481 lsidori
1550 5428 1603 5481 in
1643 5426 1709 5482 Ill
1741 5427 1948 5497 Regum
1978 5449 1991 5483 :
2027 5430 2080 5485 in

569 5500 904 5550 mmentariia
925 5512 1138 5550 nuonue
1211 5495 1369 5550 abani
1400 5497 1452 5550 in
1482 5497 1659 5550 locum
1684 5498 1847 5550 hunc.

500 5495 1138 5577 commentariis'quoque
1164 5495 1369 5579 Babani
1400 5497 1452 5551 in
1464 5497 1659 5579 Jocum
1684 5495 1847 5579 hunc;

574 5572 603 5611 ι’
637 5565 802 5639 Edim,
821 5570 1068 5633 occurrit,
1100 5567 1224 5639 quid
1256 5565 1439 5621 saltem
1470 5584 1526 5620 ιη
1556 5566 1829 5638 allegoria.

576 5650 598 5681 ο
640 5610 803 5703 Edit.:
838 5608 1077 5693 zizaniis:
1108 5624 1109 5627 η

571 5708 598 5750 ἀ
639 5708 928 5779 Desumpta
968 5717 1092 5763 sunt
1137 5708 1251 5763 haec
1284 5722 1355 5761 ex
1403 5715 1521 5775 c’ap.
1566 5707 1614 5760 7.
1656 5705 1848 5763 lsidori
1887 5708 1942 5762 in
1980 5708 2075 5762 lib.

2172 3255 2249 3312 cit
2275 3255 2453 3328 (Rom.
2472 3273 2548 3323 ιι,
2568 3257 2658 3331 Al)
2681 3272 2696 3313 :
2719 3258 2938 3330 Reliqua
2962 3268 3133 3314 autem
3156 3260 3429 3314 verborum
3448 3257 3767 3319 Salomonis.

2172 3358 2221 3404 et
2254 3350 2452 3415 omnia,
2480 3366 2598 3422 quas
2632 3350 2785 3421 fecit,
2821 3360 2871 3406 et
2905 3352 3163 3423 sapientia
3197 3351 3312 3421 ejus
3339 3364 3358 3404 :
3386 3367 3505 3407 ecce
3528 3354 3771 3407 universa

2171 3440 2367 3511 scripta
2391 3446 2511 3495 sunt
2532 3441 2589 3495 in
2617 3439 2749 3495 libro
2778 3440 3281 3497 oerborumdierum
3314 3440 3645 3497 Salomonis.

2242 3527 2301 3584 ln
2323 3527 2461 3586 libro
2491 3529 2963 3601 Paralipomenon,
2991 3545 3152 3603 quem
3181 3529 3370 3589 Graeco
3394 3532 3661 3588 vocabulo
3690 3542 3769 3587 ta-

2172 3622 2297 3676 liter
2318 3634 2712 3693 nuncupamus,
2736 3638 2896 3694 quem
2912 3640 3010 3681 nos
3022 3624 3213 3680 Latine
3238 3626 3629 3695 prseteritorum
3648 3638 3770 3695 pos-

2173 3722 2360 3768 sumus
2379 3713 2578 3778 dicere,
2596 3710 2672 3767 ita
2689 3715 2755 3769 de
2774 3713 3065 3771 Salomone
3096 3714 3360 3785 scriptum
3386 3723 3473 3770 est
3507 3712 3562 3785 (1
3568 3713 3596 3767 I
3635 3712 3766 3768 Par.

2172 3818 2252 3869 Ix,
2269 3801 2394 3873 29):
2419 3802 2643 3876 Reliqua
2669 3822 2790 3859 vero
2822 3822 3037 3877 operum
3063 3805 3363 3862 Salomonis
3387 3806 3703 3875 primorum,
3724 3816 3767 3859 et

2173 3898 2572 3953 nouissimorum
2619 3900 2815 3971 scripta
2860 3908 2983 3954 sunt
3035 3900 3094 3953 in
3142 3898 3309 3953 verbis
3364 3897 3590 3955 Nathan
3650 3913 3767 3968 pro—

2172 3984 2360 4059 phetae,
2392 3996 2440 4042 et
2470 3989 2525 4043 in
2569 3988 2716 4043 libris
2756 3987 2905 4044 Abite
2936 3988 3178 4044 Silonitis
3204 4001 3222 4039 :
3261 3986 3315 4042 in
3346 3987 3546 4043 visione
3570 4004 3769 4058 quoque

2174 4077 2329 4131 Addo
2359 4078 2578 4133 videntis
2614 4089 2797 4134 contra
2840 4079 3180 4134 Hieroboam.
3216 4076 3340 4133 Hos
3395 4077 3571 4133 libros
3610 4077 3769 4131 hodie

2174 4180 2461 4236 nusquam,
2493 4182 2671 4237 neque
2714 4169 2855 4238 apud
2890 4169 3038 4238 ipsos
3067 4167 3321 4222 Hebraaos
3349 4166 3587 4221 inveniri
3613 4179 3767 4236 posse

2175 4262 2520 4325 asseverant;
2587 4261 2728 4315 sicut
2778 4272 2879 4316 nec
2927 4259 3125 4315 librum
3176 4258 3446 4314 Bellorum
3511 4259 3762 4319 Domini,

2177 4349 2329 4420 cujus
2372 4352 2429 4406 in
2476 4351 2613 4407 libro
2664 4350 3024 4408 Numerorum
3080 4350 3285 4406 mentio
3326 4357 3409 4405 est
3466 4347 3607 4422 (ut,
3635 4347 3761 4416 Li):

2180 4456 2356 4511 neque
2398 4441 2597 4496 librum
2636 4440 2917 4498 Justorum
2959 4440 3094 4513 (Jos.
3124 4458 3188 4503 ι,
3242 4439 3330 4510 l3)
3376 4458 3389 4493 :
3432 4453 3612 4509 neque
3650 4454 3763 4493 car-

2179 4533 2325 4587 mina
2350 4528 2660 4589 Salomonis
2685 4549 2699 4588 :
2728 4548 2903 4604 neque
2926 4532 3320 4603 disputationes
3342 4530 3465 4601 ejus
3492 4528 3766 4599 sapientis»

2177 4624 2343 4682 simas
2383 4625 2450 4681 de
2494 4622 2763 4696 lignorum
2804 4633 3020 4689 natura,
3058 4622 3465 4691 herbarumque
3502 4620 3761 4679 omnium,

2176 4714 2415 4787 itemque
2449 4716 2843 4788 jumentorum,
2888 4715 3188 4779 volucrum,
3234 4711 3542 4782 reptilium,
3593 4718 3649 4765 et
3687 4710 3761 4780 pi-

2175 4807 2378 4872 scium,
2412 4807 2497 4862 vel
2521 4807 2663 4879 quod
2698 4806 2813 4875 jam
2851 4821 2919 4861 ex
2957 4800 3093 4860 libro
3122 4800 3280 4859 verba
3304 4802 3514 4857 dierum
3544 4800 3761 4871 protuli-

2179 4914 2321 4964 mus,
2352 4896 2444 4953 ubi
2473 4898 2603 4953 dicit
2633 4916 2647 4950 :
2680 4895 2899 4968 Reliqua
2930 4912 3048 4951 vero
3085 4911 3243 4965 opera
3284 4891 3591 4949 Salomonis
3628 4892 3761 4961 prio-

2178 5006 2319 5053 rum,
2359 4997 2407 5044 et
2448 4990 2848 5045 nouissimorum
2873 4988 3067 5057 scripta
3101 4995 3221 5063 sunt
3254 4982 3311 5039 in
3347 4983 3518 5039 verbis
3549 4982 3759 5036 Notium

2180 5076 2479 5152 Prop/actm,
2508 5080 2563 5134 in
2596 5079 2740 5133 libris
2769 5078 2917 5134 Allia:
2948 5078 3205 5141 Silonitis,
3248 5079 3305 5131 in
3345 5076 3543 5131 uisione
3566 5087 3760 5145 quoque

2180 5170 2332 5223 Addo
2372 5162 2593 5223 vidéntis
2632 5156 2816 5223 contio
2857 5168 3173 5223 Hieroboam
3212 5166 3382 5235 ﬁlium
3427 5164 3671 5226 Nathan,
3709 5169 3759 5214 el

2185 5262 2353 5318 multa
2402 5260 2706 5331 huiusmodi
2736 5260 3031 5325 volumina,
3072 5274 3192 5329 qua:
3235 5256 3521 5329 Scriptura
3550 5255 3757 5325 quidem

2188 5435 2253 5508 lli
2280 5436 2457 5508 Βορά
2499 5446 2553 5491 et
2582 5436 2807 5492 fortasse
2848 5435 3440 5508 etiamsubsequentia
3474 5449 3542 5508 es
3577 5444 3759 5508 eodem

2188 5502 2399 5560 Isidoro
2432 5508 2709 5576 desumpta
2753 5515 2908 5571 sunt;
2951 5506 3044 5560 sed
3071 5502 3602 5576 periit'porro,inisi'
3632 5502 3759 5576 falli-

2187 5576 2566 5716 ;rlliuelgat'eiiqua
2589 5573 2717 5648 pars
2738 5573 3259 5632 Commentariorum
3274 5573 3504 5640 lsidori,
3529 5587 3652 5644 qua:
3678 5574 3757 5627 hic

2380 5661 2465 5701 ur.
