  <div class='ocr_page' id='page_1' title='image "/cluster/home/n/w/nwhite01/storage/ocr_20150623/104/uva.x000827061/379.png"; bbox 0 0 3912 6336; ppageno 0'>
   <div class='ocr_carea' id='block_1_1' title="bbox 486 358 592 414">
    <p class='ocr_par' dir='ltr' id='par_1_1' title="bbox 486 358 592 414">
     <span class='ocr_line' id='line_1_1' title="bbox 486 358 592 414; baseline 0.009 -1"><span class='ocrx_word' id='word_1_1' title='bbox 486 358 592 414; x_wconf 64' lang='grc'><strong>743</strong></span> 
     </span>
    </p>
   </div>
   <div class='ocr_carea' id='block_1_2' title="bbox 1584 354 2718 412">
    <p class='ocr_par' dir='ltr' id='par_1_2' title="bbox 1584 354 2718 412">
     <span class='ocr_line' id='line_1_2' title="bbox 1584 354 2718 412; baseline -0.001 -3"><span class='ocrx_word' id='word_1_2' title='bbox 1584 355 1860 411; x_wconf 79' lang='lat' dir='ltr'><strong>CLAUDII</strong></span> <span class='ocrx_word' id='word_1_3' title='bbox 1902 354 2371 412; x_wconf 77' lang='lat' dir='ltr'><strong>TAURINENSIS</strong></span> <span class='ocrx_word' id='word_1_4' title='bbox 2411 354 2718 412; x_wconf 81' lang='lat' dir='ltr'><strong>EPISCOPI</strong></span> 
     </span>
    </p>
   </div>
   <div class='ocr_carea' id='block_1_3' title="bbox 3677 359 3765 415">
    <p class='ocr_par' dir='ltr' id='par_1_3' title="bbox 3677 359 3765 415">
     <span class='ocr_line' id='line_1_3' title="bbox 3677 359 3765 415; baseline 0.034 -3"><span class='ocrx_word' id='word_1_5' title='bbox 3677 359 3765 415; x_wconf 64' lang='lat'><strong>7“</strong></span> 
     </span>
    </p>
   </div>
   <div class='ocr_carea' id='block_1_4' title="bbox 484 467 3768 544">
    <p class='ocr_par' dir='ltr' id='par_1_4' title="bbox 484 467 3768 544">
     <span class='ocr_line' id='line_1_4' title="bbox 484 467 3768 544; baseline -0.001 -13"><span class='ocrx_word' id='word_1_6' title='bbox 484 492 587 532; x_wconf 87' lang='lat' dir='ltr'><strong>nos</strong></span> <span class='ocrx_word' id='word_1_7' title='bbox 618 476 670 527; x_wconf 88' lang='lat' dir='ltr'><strong>in</strong></span> <span class='ocrx_word' id='word_1_8' title='bbox 707 471 984 541; x_wconf 71' lang='lat' dir='ltr'><strong>prosperis</strong></span> <span class='ocrx_word' id='word_1_9' title='bbox 1013 476 1218 540; x_wconf 95' lang='lat' dir='ltr'><strong>portat,</strong></span> <span class='ocrx_word' id='word_1_10' title='bbox 1250 467 1377 536; x_wconf 84' lang='lat' dir='ltr'><strong>quia</strong></span> <span class='ocrx_word' id='word_1_11' title='bbox 1425 467 1671 521; x_wconf 90' lang='lat' dir='ltr'><strong>destituti</strong></span> <span class='ocrx_word' id='word_1_12' title='bbox 1717 469 1843 524; x_wconf 91' lang='lat' dir='ltr'><strong>dum</strong></span> <span class='ocrx_word' id='word_1_13' title='bbox 1884 467 2080 522; x_wconf 81' lang='lat' dir='ltr'><strong>cadere</strong></span> <span class='ocrx_word' id='word_1_14' title='bbox 2108 473 2157 528; x_wconf 81' lang='grc' dir='ltr'><strong>Α</strong></span> <span class='ocrx_word' id='word_1_15' title='bbox 2187 468 2460 523; x_wconf 84' lang='lat' dir='ltr'><strong>hominem</strong></span> <span class='ocrx_word' id='word_1_16' title='bbox 2505 467 2605 525; x_wconf 83' lang='lat' dir='ltr'><strong>Dei</strong></span> <span class='ocrx_word' id='word_1_17' title='bbox 2641 468 2937 523; x_wconf 86' lang='lat' dir='ltr'><strong>coercitum</strong></span> <span class='ocrx_word' id='word_1_18' title='bbox 2983 469 3160 540; x_wconf 85' lang='lat' dir='ltr'><strong>potius</strong></span> <span class='ocrx_word' id='word_1_19' title='bbox 3203 472 3581 540; x_wconf 87' lang='lat' dir='ltr'><strong>temporaliter</strong></span> <span class='ocrx_word' id='word_1_20' title='bbox 3615 489 3768 544; x_wconf 75' lang='lat' dir='ltr'><strong>usque</strong></span> 
     </span>
    </p>
   </div>
   <div class='ocr_carea' id='block_1_5' title="bbox 480 556 2075 632">
    <p class='ocr_par' dir='ltr' id='par_1_5' title="bbox 480 556 2075 632">
     <span class='ocr_line' id='line_1_5' title="bbox 480 556 2075 632; baseline -0.006 -13"><span class='ocrx_word' id='word_1_21' title='bbox 480 564 791 632; x_wconf 87' lang='lat' dir='ltr'><strong>incipimus,</strong></span> <span class='ocrx_word' id='word_1_22' title='bbox 823 570 880 614; x_wconf 91' lang='lat' dir='ltr'><strong>et</strong></span> <span class='ocrx_word' id='word_1_23' title='bbox 925 569 1108 614; x_wconf 87' lang='lat' dir='ltr'><strong>tamen</strong></span> <span class='ocrx_word' id='word_1_24' title='bbox 1154 556 1323 625; x_wconf 81' lang='lat' dir='ltr'><strong>adjuti</strong></span> <span class='ocrx_word' id='word_1_25' title='bbox 1364 557 1685 622; x_wconf 88' lang='lat' dir='ltr'><strong>retinemur,</strong></span> <span class='ocrx_word' id='word_1_26' title='bbox 1730 565 1785 611; x_wconf 92' lang='lat' dir='ltr'><strong>et</strong></span> <span class='ocrx_word' id='word_1_27' title='bbox 1829 557 2075 611; x_wconf 83' lang='lat' dir='ltr'><strong>doctrina</strong></span> 
     </span>
    </p>
   </div>
   <div class='ocr_carea' id='block_1_6' title="bbox 479 648 2076 722">
    <p class='ocr_par' dir='ltr' id='par_1_6' title="bbox 479 648 2076 722">
     <span class='ocr_line' id='line_1_6' title="bbox 479 648 2076 722; baseline -0.004 -14"><span class='ocrx_word' id='word_1_28' title='bbox 479 654 568 718; x_wconf 82' lang='lat' dir='ltr'><strong>iit,</strong></span> <span class='ocrx_word' id='word_1_29' title='bbox 611 652 754 722; x_wconf 91' lang='lat' dir='ltr'><strong>quod</strong></span> <span class='ocrx_word' id='word_1_30' title='bbox 789 653 844 706; x_wconf 92' lang='lat' dir='ltr'><strong>in</strong></span> <span class='ocrx_word' id='word_1_31' title='bbox 873 650 1082 720; x_wconf 89' lang='lat' dir='ltr'><strong>lapsum</strong></span> <span class='ocrx_word' id='word_1_32' title='bbox 1113 649 1524 717; x_wconf 64' lang='lat' dir='ltr'><strong>trepidavimus,</strong></span> <span class='ocrx_word' id='word_1_33' title='bbox 1556 656 1609 701; x_wconf 88' lang='lat' dir='ltr'><strong>et</strong></span> <span class='ocrx_word' id='word_1_34' title='bbox 1636 648 1903 712; x_wconf 90' lang='lat' dir='ltr'><strong>custodia,</strong></span> <span class='ocrx_word' id='word_1_35' title='bbox 1933 648 2076 716; x_wconf 92' lang='lat' dir='ltr'><strong>quod</strong></span> 
     </span>
    </p>
   </div>
   <div class='ocr_carea' id='block_1_7' title="bbox 477 740 2079 812">
    <p class='ocr_par' dir='ltr' id='par_1_7' title="bbox 477 740 2079 812">
     <span class='ocr_line' id='line_1_7' title="bbox 477 740 2079 812; baseline -0.004 -14"><span class='ocrx_word' id='word_1_36' title='bbox 477 745 531 802; x_wconf 90' lang='lat' dir='ltr'><strong>in</strong></span> <span class='ocrx_word' id='word_1_37' title='bbox 565 754 707 800; x_wconf 89' lang='lat' dir='ltr'><strong>statu</strong></span> <span class='ocrx_word' id='word_1_38' title='bbox 733 757 1170 812; x_wconf 88' lang='lat' dir='ltr'><strong>permaneamus.</strong></span> <span class='ocrx_word' id='word_1_39' title='bbox 1202 740 1372 794; x_wconf 75' lang='lat' dir='ltr'><strong>Nemo</strong></span> <span class='ocrx_word' id='word_1_40' title='bbox 1405 754 1534 808; x_wconf 81' lang='lat' dir='ltr'><strong>ergo</strong></span> <span class='ocrx_word' id='word_1_41' title='bbox 1564 754 1622 794; x_wconf 88' lang='lat' dir='ltr'><strong>se</strong></span> <span class='ocrx_word' id='word_1_42' title='bbox 1655 740 1881 809; x_wconf 79' lang='lat' dir='ltr'><strong>alicujus</strong></span> <span class='ocrx_word' id='word_1_43' title='bbox 1905 740 2079 793; x_wconf 86' lang='lat' dir='ltr'><strong>virtu-</strong></span> 
     </span>
    </p>
   </div>
   <div class='ocr_carea' id='block_1_8' title="bbox 476 828 2074 900">
    <p class='ocr_par' dir='ltr' id='par_1_8' title="bbox 476 828 2074 900">
     <span class='ocr_line' id='line_1_8' title="bbox 476 828 2074 900; baseline -0.004 -11"><span class='ocrx_word' id='word_1_44' title='bbox 476 836 547 889; x_wconf 85' lang='lat' dir='ltr'><strong>tis</strong></span> <span class='ocrx_word' id='word_1_45' title='bbox 579 837 827 896; x_wconf 76' lang='lat' dir='ltr'><strong>:estimet,</strong></span> <span class='ocrx_word' id='word_1_46' title='bbox 862 833 1025 886; x_wconf 89' lang='lat' dir='ltr'><strong>etiam</strong></span> <span class='ocrx_word' id='word_1_47' title='bbox 1054 845 1175 885; x_wconf 91' lang='lat' dir='ltr'><strong>cum</strong></span> <span class='ocrx_word' id='word_1_48' title='bbox 1208 829 1337 898; x_wconf 90' lang='lat' dir='ltr'><strong>quid</strong></span> <span class='ocrx_word' id='word_1_49' title='bbox 1370 828 1585 884; x_wconf 82' lang='lat' dir='ltr'><strong>fortiter</strong></span> <span class='ocrx_word' id='word_1_50' title='bbox 1615 841 1639 870; x_wconf 77' lang='grc' dir='ltr'>ι</span> <span class='ocrx_word' id='word_1_51' title='bbox 1670 829 1873 898; x_wconf 87' lang='lat' dir='ltr'><strong>poterit</strong></span> <span class='ocrx_word' id='word_1_52' title='bbox 1901 847 1914 883; x_wconf 89' lang='lat'><strong>:</strong></span> <span class='ocrx_word' id='word_1_53' title='bbox 1949 830 2074 900; x_wconf 88' lang='lat' dir='ltr'><strong>quia</strong></span> 
     </span>
    </p>
   </div>
   <div class='ocr_carea' id='block_1_9' title="bbox 473 918 2077 992">
    <p class='ocr_par' dir='ltr' id='par_1_9' title="bbox 473 918 2077 992">
     <span class='ocr_line' id='line_1_9' title="bbox 473 918 2077 992; baseline -0.006 -12"><span class='ocrx_word' id='word_1_54' title='bbox 473 930 522 980; x_wconf 85' lang='lat' dir='ltr'><strong>si</strong></span> <span class='ocrx_word' id='word_1_55' title='bbox 575 926 758 980; x_wconf 85' lang='lat' dir='ltr'><strong>divina</strong></span> <span class='ocrx_word' id='word_1_56' title='bbox 808 922 1075 992; x_wconf 86' lang='lat' dir='ltr'><strong>protectio</strong></span> <span class='ocrx_word' id='word_1_57' title='bbox 1126 919 1358 983; x_wconf 87' lang='lat' dir='ltr'><strong>deserit,</strong></span> <span class='ocrx_word' id='word_1_58' title='bbox 1411 919 1482 972; x_wconf 86' lang='lat' dir='ltr'><strong>ibi</strong></span> <span class='ocrx_word' id='word_1_59' title='bbox 1535 929 1756 988; x_wconf 89' lang='lat' dir='ltr'><strong>repente</strong></span> <span class='ocrx_word' id='word_1_60' title='bbox 1804 918 2077 974; x_wconf 88' lang='lat' dir='ltr'><strong>enerviter</strong></span> 
     </span>
    </p>
   </div>
   <div class='ocr_carea' id='block_1_10' title="bbox 473 1009 2076 1081">
    <p class='ocr_par' dir='ltr' id='par_1_10' title="bbox 473 1009 2076 1081">
     <span class='ocr_line' id='line_1_10' title="bbox 473 1009 2076 1081; baseline -0.007 -7"><span class='ocrx_word' id='word_1_61' title='bbox 473 1017 745 1078; x_wconf 78' lang='lat' dir='ltr'><strong>obruitur,</strong></span> <span class='ocrx_word' id='word_1_62' title='bbox 776 1015 869 1069; x_wconf 88' lang='lat' dir='ltr'><strong>ubi</strong></span> <span class='ocrx_word' id='word_1_63' title='bbox 898 1029 958 1070; x_wconf 89' lang='lat' dir='ltr'><strong>se</strong></span> <span class='ocrx_word' id='word_1_64' title='bbox 984 1013 1229 1067; x_wconf 87' lang='lat' dir='ltr'><strong>valenter</strong></span> <span class='ocrx_word' id='word_1_65' title='bbox 1257 1021 1403 1066; x_wconf 88' lang='lat' dir='ltr'><strong>stare</strong></span> <span class='ocrx_word' id='word_1_66' title='bbox 1432 1011 1460 1050; x_wconf 67' lang='grc' dir='ltr'>δ</span> <span class='ocrx_word' id='word_1_67' title='bbox 1492 1010 1774 1081; x_wconf 80' lang='lat' dir='ltr'><strong>gloriatur.</strong></span> <span class='ocrx_word' id='word_1_68' title='bbox 1825 1009 1964 1077; x_wconf 85' lang='lat' dir='ltr'><strong>Quid</strong></span> <span class='ocrx_word' id='word_1_69' title='bbox 1993 1019 2076 1065; x_wconf 89' lang='lat' dir='ltr'><strong>est</strong></span> 
     </span>
    </p>
   </div>
   <div class='ocr_carea' id='block_1_11' title="bbox 473 1098 2074 1178">
    <p class='ocr_par' dir='ltr' id='par_1_11' title="bbox 473 1098 2074 1178">
     <span class='ocr_line' id='line_1_11' title="bbox 473 1098 2074 1178; baseline -0.005 -15"><span class='ocrx_word' id='word_1_70' title='bbox 473 1108 619 1163; x_wconf 90' lang='lat' dir='ltr'><strong>enim</strong></span> <span class='ocrx_word' id='word_1_71' title='bbox 644 1107 789 1178; x_wconf 89' lang='lat' dir='ltr'><strong>quod</strong></span> <span class='ocrx_word' id='word_1_72' title='bbox 817 1107 900 1158; x_wconf 90' lang='lat' dir='ltr'><strong>vir</strong></span> <span class='ocrx_word' id='word_1_73' title='bbox 922 1104 1018 1160; x_wconf 88' lang='lat' dir='ltr'><strong>Dei</strong></span> <span class='ocrx_word' id='word_1_74' title='bbox 1043 1114 1234 1157; x_wconf 88' lang='lat' dir='ltr'><strong>contra</strong></span> <span class='ocrx_word' id='word_1_75' title='bbox 1263 1102 1434 1156; x_wconf 87' lang='lat' dir='ltr'><strong>altare</strong></span> <span class='ocrx_word' id='word_1_76' title='bbox 1461 1099 1724 1155; x_wconf 69' lang='lat' dir='ltr'><strong>Samaria:</strong></span> <span class='ocrx_word' id='word_1_77' title='bbox 1747 1098 1816 1153; x_wconf 89' lang='lat' dir='ltr'><strong>ad</strong></span> <span class='ocrx_word' id='word_1_78' title='bbox 1843 1100 2074 1170; x_wconf 84' lang='lat' dir='ltr'><strong>prophe-</strong></span> 
     </span>
    </p>
   </div>
   <div class='ocr_carea' id='block_1_12' title="bbox 473 1190 2074 1263">
    <p class='ocr_par' dir='ltr' id='par_1_12' title="bbox 473 1190 2074 1263">
     <span class='ocr_line' id='line_1_12' title="bbox 473 1190 2074 1263; baseline -0.003 -12"><span class='ocrx_word' id='word_1_79' title='bbox 473 1197 697 1252; x_wconf 87' lang='lat' dir='ltr'><strong>tandum</strong></span> <span class='ocrx_word' id='word_1_80' title='bbox 728 1196 986 1258; x_wconf 89' lang='lat' dir='ltr'><strong>directus,</strong></span> <span class='ocrx_word' id='word_1_81' title='bbox 1017 1201 1284 1263; x_wconf 81' lang='lat' dir='ltr'><strong>praesente</strong></span> <span class='ocrx_word' id='word_1_82' title='bbox 1316 1205 1442 1263; x_wconf 85' lang='lat' dir='ltr'><strong>rege</strong></span> <span class='ocrx_word' id='word_1_83' title='bbox 1477 1190 1860 1246; x_wconf 82' lang='lat' dir='ltr'><strong>auctoritatem</strong></span> <span class='ocrx_word' id='word_1_84' title='bbox 1889 1190 2074 1246; x_wconf 67' lang='lat' dir='ltr'><strong>liberte</strong></span> 
     </span>
    </p>
   </div>
   <div class='ocr_carea' id='block_1_13' title="bbox 472 1281 2070 1354">
    <p class='ocr_par' dir='ltr' id='par_1_13' title="bbox 472 1281 2070 1354">
     <span class='ocr_line' id='line_1_13' title="bbox 472 1281 2070 1354; baseline -0.004 -12"><span class='ocrx_word' id='word_1_85' title='bbox 472 1291 623 1342; x_wconf 80' lang='lat' dir='ltr'><strong>vocis</strong></span> <span class='ocrx_word' id='word_1_86' title='bbox 644 1285 907 1349; x_wconf 71' lang='lat' dir='ltr'><strong>exemuit,</strong></span> <span class='ocrx_word' id='word_1_87' title='bbox 932 1283 1283 1354; x_wconf 84' lang='lat' dir='ltr'><strong>ejusdemque</strong></span> <span class='ocrx_word' id='word_1_88' title='bbox 1307 1282 1451 1353; x_wconf 87' lang='lat' dir='ltr'><strong>regis</strong></span> <span class='ocrx_word' id='word_1_89' title='bbox 1478 1289 1762 1336; x_wconf 81' lang='lat' dir='ltr'><strong>extensum</strong></span> <span class='ocrx_word' id='word_1_90' title='bbox 1787 1281 2070 1336; x_wconf 82' lang='lat' dir='ltr'><strong>brachium</strong></span> 
     </span>
    </p>
   </div>
   <div class='ocr_carea' id='block_1_14' title="bbox 471 1370 2070 1445">
    <p class='ocr_par' dir='ltr' id='par_1_14' title="bbox 471 1370 2070 1445">
     <span class='ocr_line' id='line_1_14' title="bbox 471 1370 2070 1445; baseline -0.004 -14"><span class='ocrx_word' id='word_1_91' title='bbox 471 1375 529 1432; x_wconf 87' lang='lat' dir='ltr'><strong>in</strong></span> <span class='ocrx_word' id='word_1_92' title='bbox 560 1387 582 1414; x_wconf 71' lang='grc' dir='ltr'><strong>ε</strong></span> <span class='ocrx_word' id='word_1_93' title='bbox 617 1375 851 1445; x_wconf 77' lang='lat' dir='ltr'><strong>rigorem</strong></span> <span class='ocrx_word' id='word_1_94' title='bbox 883 1373 1204 1428; x_wconf 87' lang='lat' dir='ltr'><strong>mirabiliter</strong></span> <span class='ocrx_word' id='word_1_95' title='bbox 1231 1371 1514 1432; x_wconf 75' lang='lat' dir='ltr'><strong>astrinxit,</strong></span> <span class='ocrx_word' id='word_1_96' title='bbox 1549 1370 1691 1440; x_wconf 88' lang='lat' dir='ltr'><strong>quod</strong></span> <span class='ocrx_word' id='word_1_97' title='bbox 1729 1379 1911 1425; x_wconf 90' lang='lat' dir='ltr'><strong>tamen</strong></span> <span class='ocrx_word' id='word_1_98' title='bbox 1943 1387 2070 1426; x_wconf 81' lang='lat' dir='ltr'><strong>mox</strong></span> 
     </span>
    </p>
   </div>
   <div class='ocr_carea' id='block_1_15' title="bbox 471 1459 2070 1529">
    <p class='ocr_par' dir='ltr' id='par_1_15' title="bbox 471 1459 2070 1529">
     <span class='ocr_line' id='line_1_15' title="bbox 471 1459 2070 1529; baseline -0.004 -9"><span class='ocrx_word' id='word_1_99' title='bbox 471 1463 902 1520; x_wconf 79' lang='lat' dir='ltr'><strong>misericorditer</strong></span> <span class='ocrx_word' id='word_1_100' title='bbox 938 1463 1098 1518; x_wconf 82' lang='lat' dir='ltr'><strong>saluti</strong></span> <span class='ocrx_word' id='word_1_101' title='bbox 1132 1461 1404 1516; x_wconf 86' lang='lat' dir='ltr'><strong>restituit?</strong></span> <span class='ocrx_word' id='word_1_102' title='bbox 1447 1459 1611 1529; x_wconf 83' lang='lat' dir='ltr'><strong>Cujus</strong></span> <span class='ocrx_word' id='word_1_103' title='bbox 1649 1459 1703 1522; x_wconf 85' lang='lat' dir='ltr'><strong>in</strong></span> <span class='ocrx_word' id='word_1_104' title='bbox 1735 1459 1952 1515; x_wconf 88' lang='lat' dir='ltr'><strong>domum</strong></span> <span class='ocrx_word' id='word_1_105' title='bbox 1988 1459 2070 1515; x_wconf 90' lang='lat' dir='ltr'><strong>in-</strong></span> 
     </span>
    </p>
   </div>
   <div class='ocr_carea' id='block_1_16' title="bbox 471 1552 2067 1623">
    <p class='ocr_par' dir='ltr' id='par_1_16' title="bbox 471 1552 2067 1623">
     <span class='ocr_line' id='line_1_16' title="bbox 471 1552 2067 1623; baseline -0.001 -15"><span class='ocrx_word' id='word_1_106' title='bbox 471 1557 674 1617; x_wconf 81' lang='lat' dir='ltr'><strong>vitatus</strong></span> <span class='ocrx_word' id='word_1_107' title='bbox 702 1555 988 1610; x_wconf 87' lang='lat' dir='ltr'><strong>comedere</strong></span> <span class='ocrx_word' id='word_1_108' title='bbox 1031 1553 1223 1618; x_wconf 90' lang='lat' dir='ltr'><strong>noluit,</strong></span> <span class='ocrx_word' id='word_1_109' title='bbox 1274 1552 1368 1623; x_wconf 91' lang='lat' dir='ltr'><strong>qui</strong></span> <span class='ocrx_word' id='word_1_110' title='bbox 1415 1565 1484 1606; x_wconf 91' lang='lat' dir='ltr'><strong>ne</strong></span> <span class='ocrx_word' id='word_1_111' title='bbox 1532 1553 1586 1606; x_wconf 93' lang='lat' dir='ltr'><strong>in</strong></span> <span class='ocrx_word' id='word_1_112' title='bbox 1616 1552 1701 1606; x_wconf 87' lang='lat' dir='ltr'><strong>via</strong></span> <span class='ocrx_word' id='word_1_113' title='bbox 1735 1553 2067 1620; x_wconf 88' lang='lat' dir='ltr'><strong>comederet,</strong></span> 
     </span>
    </p>
   </div>
   <div class='ocr_carea' id='block_1_17' title="bbox 471 1645 2066 1717">
    <p class='ocr_par' dir='ltr' id='par_1_17' title="bbox 471 1645 2066 1717">
     <span class='ocr_line' id='line_1_17' title="bbox 471 1645 2066 1717; baseline -0.001 -15"><span class='ocrx_word' id='word_1_114' title='bbox 471 1648 854 1717; x_wconf 87' lang='lat' dir='ltr'><strong>prohibitionis</strong></span> <span class='ocrx_word' id='word_1_115' title='bbox 876 1647 1160 1703; x_wconf 79' lang='lat' dir='ltr'><strong>dominicae</strong></span> <span class='ocrx_word' id='word_1_116' title='bbox 1186 1653 1454 1716; x_wconf 75' lang='lat' dir='ltr'><strong>praecepta</strong></span> <span class='ocrx_word' id='word_1_117' title='bbox 1484 1646 1739 1711; x_wconf 80' lang='lat' dir='ltr'><strong>servavit,</strong></span> <span class='ocrx_word' id='word_1_118' title='bbox 1764 1645 1856 1715; x_wconf 89' lang='lat' dir='ltr'><strong>qui</strong></span> <span class='ocrx_word' id='word_1_119' title='bbox 1885 1655 2066 1700; x_wconf 89' lang='lat' dir='ltr'><strong>tamen</strong></span> 
     </span>
    </p>
   </div>
   <div class='ocr_carea' id='block_1_18' title="bbox 471 1737 2062 1806">
    <p class='ocr_par' dir='ltr' id='par_1_18' title="bbox 471 1737 2062 1806">
     <span class='ocr_line' id='line_1_18' title="bbox 471 1737 2062 1806; baseline -0.001 -12"><span class='ocrx_word' id='word_1_120' title='bbox 471 1741 529 1795; x_wconf 92' lang='lat' dir='ltr'><strong>in</strong></span> <span class='ocrx_word' id='word_1_121' title='bbox 554 1741 741 1796; x_wconf 88' lang='lat' dir='ltr'><strong>eadem</strong></span> <span class='ocrx_word' id='word_1_122' title='bbox 769 1740 875 1804; x_wconf 89' lang='lat' dir='ltr'><strong>via,</strong></span> <span class='ocrx_word' id='word_1_123' title='bbox 902 1747 954 1794; x_wconf 92' lang='lat' dir='ltr'><strong>et</strong></span> <span class='ocrx_word' id='word_1_124' title='bbox 983 1739 1238 1794; x_wconf 89' lang='lat' dir='ltr'><strong>seductus</strong></span> <span class='ocrx_word' id='word_1_125' title='bbox 1265 1737 1520 1802; x_wconf 88' lang='lat' dir='ltr'><strong>comedit,</strong></span> <span class='ocrx_word' id='word_1_126' title='bbox 1545 1744 1599 1792; x_wconf 86' lang='lat' dir='ltr'><strong>et</strong></span> <span class='ocrx_word' id='word_1_127' title='bbox 1621 1746 1810 1806; x_wconf 86' lang='lat' dir='ltr'><strong>pastus</strong></span> <span class='ocrx_word' id='word_1_128' title='bbox 1833 1739 2062 1802; x_wconf 84' lang='lat' dir='ltr'><strong>interiit.</strong></span> 
     </span>
    </p>
   </div>
   <div class='ocr_carea' id='block_1_19' title="bbox 2184 558 3770 632">
    <p class='ocr_par' dir='ltr' id='par_1_19' title="bbox 2184 558 3770 632">
     <span class='ocr_line' id='line_1_19' title="bbox 2184 558 3770 632; baseline 0.006 -21"><span class='ocrx_word' id='word_1_129' title='bbox 2184 558 2252 611; x_wconf 87' lang='lat' dir='ltr'><strong>ad</strong></span> <span class='ocrx_word' id='word_1_130' title='bbox 2291 568 2544 623; x_wconf 90' lang='lat' dir='ltr'><strong>mortem,</strong></span> <span class='ocrx_word' id='word_1_131' title='bbox 2580 573 2744 629; x_wconf 83' lang='lat' dir='ltr'><strong>quam</strong></span> <span class='ocrx_word' id='word_1_132' title='bbox 2773 559 3019 630; x_wconf 90' lang='lat' dir='ltr'><strong>punitum</strong></span> <span class='ocrx_word' id='word_1_133' title='bbox 3063 576 3185 616; x_wconf 86' lang='lat' dir='ltr'><strong>esse</strong></span> <span class='ocrx_word' id='word_1_134' title='bbox 3228 572 3352 632; x_wconf 91' lang='lat' dir='ltr'><strong>post</strong></span> <span class='ocrx_word' id='word_1_135' title='bbox 3396 575 3658 618; x_wconf 86' lang='lat' dir='ltr'><strong>mortem.</strong></span> <span class='ocrx_word' id='word_1_136' title='bbox 3710 566 3770 621; x_wconf 79' lang='lat' dir='ltr'><strong>De</strong></span> 
     </span>
    </p>
   </div>
   <div class='ocr_carea' id='block_1_20' title="bbox 2181 650 3771 723">
    <p class='ocr_par' dir='ltr' id='par_1_20' title="bbox 2181 650 3771 723">
     <span class='ocr_line' id='line_1_20' title="bbox 2181 650 3771 723; baseline 0.006 -22"><span class='ocrx_word' id='word_1_137' title='bbox 2181 666 2287 718; x_wconf 84' lang='lat' dir='ltr'><strong>qua</strong></span> <span class='ocrx_word' id='word_1_138' title='bbox 2319 665 2378 704; x_wconf 90' lang='lat' dir='ltr'><strong>re</strong></span> <span class='ocrx_word' id='word_1_139' title='bbox 2421 650 2713 719; x_wconf 81' lang='lat' dir='ltr'><strong>Apostolus</strong></span> <span class='ocrx_word' id='word_1_140' title='bbox 2754 666 2876 704; x_wconf 87' lang='lat' dir='ltr'><strong>cum</strong></span> <span class='ocrx_word' id='word_1_141' title='bbox 2909 662 3130 721; x_wconf 86' lang='lat' dir='ltr'><strong>propter</strong></span> <span class='ocrx_word' id='word_1_142' title='bbox 3158 653 3184 692; x_wconf 70' lang='grc' dir='ltr'><strong><em>ιι</em></strong></span> <span class='ocrx_word' id='word_1_143' title='bbox 3214 655 3582 723; x_wconf 87' lang='lat' dir='ltr'><strong>quorumdam</strong></span> <span class='ocrx_word' id='word_1_144' title='bbox 3615 654 3771 710; x_wconf 68' lang='lat' dir='ltr'><strong>oden-</strong></span> 
     </span>
    </p>
   </div>
   <div class='ocr_carea' id='block_1_21' title="bbox 2179 743 3771 816">
    <p class='ocr_par' dir='ltr' id='par_1_21' title="bbox 2179 743 3771 816">
     <span class='ocr_line' id='line_1_21' title="bbox 2179 743 3771 816; baseline 0.006 -22"><span class='ocrx_word' id='word_1_145' title='bbox 2179 756 2289 806; x_wconf 76' lang='lat' dir='ltr'><strong>s:ts,</strong></span> <span class='ocrx_word' id='word_1_146' title='bbox 2317 751 2798 798; x_wconf 80' lang='lat' dir='ltr'><strong>commemorasset</strong></span> <span class='ocrx_word' id='word_1_147' title='bbox 2840 743 3204 808; x_wconf 87' lang='lat' dir='ltr'><strong>infirmitates,</strong></span> <span class='ocrx_word' id='word_1_148' title='bbox 3236 755 3553 816; x_wconf 85' lang='lat' dir='ltr'><strong>mortesque</strong></span> <span class='ocrx_word' id='word_1_149' title='bbox 3581 749 3771 804; x_wconf 82' lang='lat' dir='ltr'><strong>multo-</strong></span> 
     </span>
    </p>
   </div>
   <div class='ocr_carea' id='block_1_22' title="bbox 2178 830 3771 904">
    <p class='ocr_par' dir='ltr' id='par_1_22' title="bbox 2178 830 3771 904">
     <span class='ocr_line' id='line_1_22' title="bbox 2178 830 3771 904; baseline 0.005 -21"><span class='ocrx_word' id='word_1_150' title='bbox 2178 846 2297 884; x_wconf 91' lang='lat' dir='ltr'><strong>rum</strong></span> <span class='ocrx_word' id='word_1_151' title='bbox 2336 832 2388 902; x_wconf 86' lang='grc' dir='ltr'><strong>(Ι</strong></span> <span class='ocrx_word' id='word_1_152' title='bbox 2424 830 2548 886; x_wconf 87' lang='lat' dir='ltr'><strong>Cor.</strong></span> <span class='ocrx_word' id='word_1_153' title='bbox 2579 849 2632 886; x_wconf 73' lang='grc' dir='ltr'><strong>ιι</strong></span> <span class='ocrx_word' id='word_1_154' title='bbox 2654 874 2669 894; x_wconf 88' lang='grc'><strong>.</strong></span> <span class='ocrx_word' id='word_1_155' title='bbox 2703 833 2766 887; x_wconf 77' lang='grc'><strong>51</strong></span> <span class='ocrx_word' id='word_1_156' title='bbox 2803 842 2851 886; x_wconf 88' lang='lat' dir='ltr'><strong>et</strong></span> <span class='ocrx_word' id='word_1_157' title='bbox 2879 832 2968 903; x_wconf 70' lang='lat'><strong>52)</strong></span> <span class='ocrx_word' id='word_1_158' title='bbox 3000 851 3011 885; x_wconf 89' lang='lat'><strong>:</strong></span> <span class='ocrx_word' id='word_1_159' title='bbox 3045 834 3090 886; x_wconf 90' lang='lat' dir='ltr'><strong>si</strong></span> <span class='ocrx_word' id='word_1_160' title='bbox 3122 834 3258 887; x_wconf 81' lang='lat' dir='ltr'><strong>enim</strong></span> <span class='ocrx_word' id='word_1_161' title='bbox 3295 835 3666 904; x_wconf 70' lang='lat' dir='ltr'><strong>nosmetipsos,</strong></span> <span class='ocrx_word' id='word_1_162' title='bbox 3701 838 3771 891; x_wconf 86' lang='lat' dir='ltr'><strong>in-</strong></span> 
     </span>
    </p>
   </div>
   <div class='ocr_carea' id='block_1_23' title="bbox 2177 922 3768 992">
    <p class='ocr_par' dir='ltr' id='par_1_23' title="bbox 2177 922 3768 992">
     <span class='ocr_line' id='line_1_23' title="bbox 2177 922 3768 992; baseline 0.002 -16"><span class='ocrx_word' id='word_1_163' title='bbox 2177 924 2315 990; x_wconf 84' lang='lat' dir='ltr'><strong>quit,</strong></span> <span class='ocrx_word' id='word_1_164' title='bbox 2338 923 2728 992; x_wconf 85' lang='lat' dir='ltr'><strong>judicaremus,</strong></span> <span class='ocrx_word' id='word_1_165' title='bbox 2755 940 2789 975; x_wconf 89' lang='lat' dir='ltr'><strong>a</strong></span> <span class='ocrx_word' id='word_1_166' title='bbox 2823 922 3050 976; x_wconf 86' lang='lat' dir='ltr'><strong>Domino</strong></span> <span class='ocrx_word' id='word_1_167' title='bbox 3084 939 3186 976; x_wconf 86' lang='lat' dir='ltr'><strong>non</strong></span> <span class='ocrx_word' id='word_1_168' title='bbox 3209 923 3582 991; x_wconf 80' lang='lat' dir='ltr'><strong>jndicaremur</strong></span> <span class='ocrx_word' id='word_1_169' title='bbox 3610 940 3630 976; x_wconf 88' lang='lat'><strong>.&#39;</strong></span> <span class='ocrx_word' id='word_1_170' title='bbox 3661 943 3768 979; x_wconf 77' lang='lat' dir='ltr'><strong>cum</strong></span> 
     </span>
    </p>
   </div>
   <div class='ocr_carea' id='block_1_24' title="bbox 2164 1010 3767 1080">
    <p class='ocr_par' dir='ltr' id='par_1_24' title="bbox 2164 1010 3767 1080">
     <span class='ocr_line' id='line_1_24' title="bbox 2164 1010 3767 1080; baseline 0.002 -17"><span class='ocrx_word' id='word_1_171' title='bbox 2164 1011 2482 1079; x_wconf 84' lang='lat' dir='ltr'><strong>judicamur</strong></span> <span class='ocrx_word' id='word_1_172' title='bbox 2508 1021 2701 1076; x_wconf 87' lang='lat' dir='ltr'><strong>autem,</strong></span> <span class='ocrx_word' id='word_1_173' title='bbox 2742 1028 2774 1064; x_wconf 80' lang='grc' dir='ltr'><em>α</em></span> <span class='ocrx_word' id='word_1_174' title='bbox 2815 1010 3040 1064; x_wconf 89' lang='lat' dir='ltr'><strong>Domino</strong></span> <span class='ocrx_word' id='word_1_175' title='bbox 3064 1012 3400 1080; x_wconf 78' lang='lat' dir='ltr'><strong>rorripimur,</strong></span> <span class='ocrx_word' id='word_1_176' title='bbox 3428 1024 3484 1066; x_wconf 79' lang='lat' dir='ltr'><strong>ut</strong></span> <span class='ocrx_word' id='word_1_177' title='bbox 3519 1031 3628 1067; x_wconf 80' lang='lat' dir='ltr'><strong>non</strong></span> <span class='ocrx_word' id='word_1_178' title='bbox 3657 1032 3767 1068; x_wconf 72' lang='lat' dir='ltr'><strong>cura</strong></span> 
     </span>
    </p>
   </div>
   <div class='ocr_carea' id='block_1_25' title="bbox 2173 1100 3767 1174">
    <p class='ocr_par' dir='ltr' id='par_1_25' title="bbox 2173 1100 3767 1174">
     <span class='ocr_line' id='line_1_25' title="bbox 2173 1100 3767 1174; baseline 0.004 -22"><span class='ocrx_word' id='word_1_179' title='bbox 2173 1101 2270 1154; x_wconf 73' lang='lat' dir='ltr'><strong>hoc</strong></span> <span class='ocrx_word' id='word_1_180' title='bbox 2298 1101 2491 1155; x_wconf 81' lang='lat' dir='ltr'><strong>mundo</strong></span> <span class='ocrx_word' id='word_1_181' title='bbox 2517 1101 2847 1155; x_wconf 77' lang='lat' dir='ltr'><strong>damnentur.</strong></span> <span class='ocrx_word' id='word_1_182' title='bbox 2894 1100 3028 1154; x_wconf 87' lang='lat' dir='ltr'><strong>Eum</strong></span> <span class='ocrx_word' id='word_1_183' title='bbox 3067 1116 3200 1155; x_wconf 90' lang='lat' dir='ltr'><strong>sane</strong></span> <span class='ocrx_word' id='word_1_184' title='bbox 3239 1101 3372 1171; x_wconf 89' lang='lat' dir='ltr'><strong>ipse,</strong></span> <span class='ocrx_word' id='word_1_185' title='bbox 3408 1105 3501 1171; x_wconf 93' lang='lat' dir='ltr'><strong>qui</strong></span> <span class='ocrx_word' id='word_1_186' title='bbox 3543 1105 3767 1174; x_wconf 59' lang='lat' dir='ltr'><strong>deccpe</strong></span> 
     </span>
    </p>
   </div>
   <div class='ocr_carea' id='block_1_26' title="bbox 2174 1191 3767 1264">
    <p class='ocr_par' dir='ltr' id='par_1_26' title="bbox 2174 1191 3767 1264">
     <span class='ocr_line' id='line_1_26' title="bbox 2174 1191 3767 1264; baseline 0.003 -20"><span class='ocrx_word' id='word_1_187' title='bbox 2174 1199 2259 1244; x_wconf 84' lang='lat' dir='ltr'><strong>rat</strong></span> <span class='ocrx_word' id='word_1_188' title='bbox 2284 1194 2439 1260; x_wconf 81' lang='lat' dir='ltr'><strong>(vers.</strong></span> <span class='ocrx_word' id='word_1_189' title='bbox 2468 1192 2560 1262; x_wconf 77' lang='grc'><strong>50)</strong></span> <span class='ocrx_word' id='word_1_190' title='bbox 2595 1191 2648 1246; x_wconf 92' lang='lat' dir='ltr'><strong>in</strong></span> <span class='ocrx_word' id='word_1_191' title='bbox 2680 1201 3033 1247; x_wconf 90' lang='lat' dir='ltr'><strong>monumento</strong></span> <span class='ocrx_word' id='word_1_192' title='bbox 3062 1194 3283 1264; x_wconf 89' lang='lat' dir='ltr'><strong>proprio</strong></span> <span class='ocrx_word' id='word_1_193' title='bbox 3310 1195 3442 1248; x_wconf 88' lang='lat' dir='ltr'><strong>satis</strong></span> <span class='ocrx_word' id='word_1_194' title='bbox 3471 1195 3767 1250; x_wconf 73' lang='lat' dir='ltr'><strong>honoriﬁce</strong></span> 
     </span>
    </p>
   </div>
   <div class='ocr_carea' id='block_1_27' title="bbox 2172 1281 3766 1351">
    <p class='ocr_par' dir='ltr' id='par_1_27' title="bbox 2172 1281 3766 1351">
     <span class='ocr_line' id='line_1_27' title="bbox 2172 1281 3766 1351; baseline 0.003 -17"><span class='ocrx_word' id='word_1_195' title='bbox 2172 1281 2440 1350; x_wconf 84' lang='lat' dir='ltr'><strong>sepelivit,</strong></span> <span class='ocrx_word' id='word_1_196' title='bbox 2486 1296 2652 1350; x_wconf 88' lang='lat' dir='ltr'><strong>seque</strong></span> <span class='ocrx_word' id='word_1_197' title='bbox 2692 1281 3059 1351; x_wconf 86' lang='lat' dir='ltr'><strong>sepeliendum</strong></span> <span class='ocrx_word' id='word_1_198' title='bbox 3097 1282 3252 1351; x_wconf 72' lang='lat' dir='ltr'><strong>juxta</strong></span> <span class='ocrx_word' id='word_1_199' title='bbox 3295 1283 3410 1351; x_wconf 83' lang='lat' dir='ltr'><strong>ejus</strong></span> <span class='ocrx_word' id='word_1_200' title='bbox 3454 1299 3578 1338; x_wconf 86' lang='lat' dir='ltr'><strong>ossa</strong></span> <span class='ocrx_word' id='word_1_201' title='bbox 3614 1301 3766 1339; x_wconf 79' lang='lat' dir='ltr'><strong>enra-</strong></span> 
     </span>
    </p>
   </div>
   <div class='ocr_carea' id='block_1_28' title="bbox 2172 1371 3766 1443">
    <p class='ocr_par' dir='ltr' id='par_1_28' title="bbox 2172 1371 3766 1443">
     <span class='ocr_line' id='line_1_28' title="bbox 2172 1371 3766 1443; baseline 0.004 -18"><span class='ocrx_word' id='word_1_202' title='bbox 2172 1373 2249 1426; x_wconf 91' lang='lat' dir='ltr'><strong>vit</strong></span> <span class='ocrx_word' id='word_1_203' title='bbox 2279 1392 2290 1426; x_wconf 91' lang='lat'>:</span> <span class='ocrx_word' id='word_1_204' title='bbox 2326 1373 2401 1427; x_wconf 88' lang='lat' dir='ltr'><strong>ita</strong></span> <span class='ocrx_word' id='word_1_205' title='bbox 2431 1389 2657 1443; x_wconf 88' lang='lat' dir='ltr'><strong>sperans</strong></span> <span class='ocrx_word' id='word_1_206' title='bbox 2689 1375 2840 1442; x_wconf 84' lang='lat' dir='ltr'><strong>parci</strong></span> <span class='ocrx_word' id='word_1_207' title='bbox 2871 1371 3033 1443; x_wconf 83' lang='lat' dir='ltr'><strong>posse</strong></span> <span class='ocrx_word' id='word_1_208' title='bbox 3060 1374 3276 1429; x_wconf 86' lang='lat' dir='ltr'><strong>ossibus</strong></span> <span class='ocrx_word' id='word_1_209' title='bbox 3305 1375 3435 1438; x_wconf 88' lang='lat' dir='ltr'><strong>suis,</strong></span> <span class='ocrx_word' id='word_1_210' title='bbox 3464 1391 3587 1429; x_wconf 90' lang='lat' dir='ltr'><strong>cum</strong></span> <span class='ocrx_word' id='word_1_211' title='bbox 3619 1379 3766 1432; x_wconf 83' lang='lat' dir='ltr'><strong>veni-</strong></span> 
     </span>
    </p>
   </div>
   <div class='ocr_carea' id='block_1_29' title="bbox 2173 1463 3763 1531">
    <p class='ocr_par' dir='ltr' id='par_1_29' title="bbox 2173 1463 3763 1531">
     <span class='ocr_line' id='line_1_29' title="bbox 2173 1463 3763 1531; baseline 0.005 -18"><span class='ocrx_word' id='word_1_212' title='bbox 2173 1469 2255 1514; x_wconf 91' lang='lat' dir='ltr'><strong>ret</strong></span> <span class='ocrx_word' id='word_1_213' title='bbox 2301 1469 2533 1531; x_wconf 85' lang='lat' dir='ltr'><strong>tempus,</strong></span> <span class='ocrx_word' id='word_1_214' title='bbox 2583 1464 2800 1531; x_wconf 88' lang='lat' dir='ltr'><strong>quando</strong></span> <span class='ocrx_word' id='word_1_215' title='bbox 2841 1463 3143 1517; x_wconf 90' lang='lat' dir='ltr'><strong>secundum</strong></span> <span class='ocrx_word' id='word_1_216' title='bbox 3194 1463 3338 1518; x_wconf 89' lang='lat' dir='ltr'><strong>illius</strong></span> <span class='ocrx_word' id='word_1_217' title='bbox 3381 1464 3624 1520; x_wconf 90' lang='lat' dir='ltr'><strong>hominis</strong></span> <span class='ocrx_word' id='word_1_218' title='bbox 3675 1465 3763 1522; x_wconf 83' lang='lat' dir='ltr'><strong>Dei</strong></span> 
     </span>
    </p>
   </div>
   <div class='ocr_carea' id='block_1_30' title="bbox 2169 1552 3763 1626">
    <p class='ocr_par' dir='ltr' id='par_1_30' title="bbox 2169 1552 3763 1626">
     <span class='ocr_line' id='line_1_30' title="bbox 2169 1552 3763 1626; baseline 0.005 -22"><span class='ocrx_word' id='word_1_219' title='bbox 2169 1552 2510 1621; x_wconf 87' lang='lat' dir='ltr'><strong>prophetiam</strong></span> <span class='ocrx_word' id='word_1_220' title='bbox 2539 1552 2644 1625; x_wconf 86' lang='lat' dir='ltr'><strong>(IV</strong></span> <span class='ocrx_word' id='word_1_221' title='bbox 2662 1553 2790 1624; x_wconf 84' lang='lat' dir='ltr'><strong>Reg.</strong></span> <span class='ocrx_word' id='word_1_222' title='bbox 2811 1553 3200 1626; x_wconf 67' lang='lat' dir='ltr'><strong>xxrtt,16,i7),</strong></span> <span class='ocrx_word' id='word_1_223' title='bbox 3228 1552 3404 1609; x_wconf 79' lang='lat' dir='ltr'><strong>Josias</strong></span> <span class='ocrx_word' id='word_1_224' title='bbox 3430 1570 3524 1608; x_wconf 78' lang='lat' dir='ltr'><strong>rex</strong></span> <span class='ocrx_word' id='word_1_225' title='bbox 3547 1554 3694 1611; x_wconf 76' lang='lat' dir='ltr'><strong>Jada</strong></span> <span class='ocrx_word' id='word_1_226' title='bbox 3715 1559 3763 1612; x_wconf 81' lang='lat' dir='ltr'><strong>in</strong></span> 
     </span>
    </p>
   </div>
   <div class='ocr_carea' id='block_1_31' title="bbox 2168 1641 3763 1709">
    <p class='ocr_par' dir='ltr' id='par_1_31' title="bbox 2168 1641 3763 1709">
     <span class='ocr_line' id='line_1_31' title="bbox 2168 1641 3763 1709; baseline 0.006 -15"><span class='ocrx_word' id='word_1_227' title='bbox 2168 1641 2257 1694; x_wconf 88' lang='lat' dir='ltr'><strong>illa</strong></span> <span class='ocrx_word' id='word_1_228' title='bbox 2294 1650 2437 1699; x_wconf 91' lang='lat' dir='ltr'><strong>terra</strong></span> <span class='ocrx_word' id='word_1_229' title='bbox 2467 1643 2760 1698; x_wconf 91' lang='lat' dir='ltr'><strong>multorum</strong></span> <span class='ocrx_word' id='word_1_230' title='bbox 2796 1646 2942 1699; x_wconf 91' lang='lat' dir='ltr'><strong>eruit</strong></span> <span class='ocrx_word' id='word_1_231' title='bbox 2970 1659 3095 1700; x_wconf 86' lang='lat' dir='ltr'><strong>ossa</strong></span> <span class='ocrx_word' id='word_1_232' title='bbox 3127 1652 3495 1709; x_wconf 87' lang='lat' dir='ltr'><strong>mortuorum,</strong></span> <span class='ocrx_word' id='word_1_233' title='bbox 3530 1647 3763 1703; x_wconf 81' lang='lat' dir='ltr'><strong>eisdem-</strong></span> 
     </span>
    </p>
   </div>
   <div class='ocr_carea' id='block_1_32' title="bbox 2168 1733 3763 1805">
    <p class='ocr_par' dir='ltr' id='par_1_32' title="bbox 2168 1733 3763 1805">
     <span class='ocr_line' id='line_1_32' title="bbox 2168 1733 3763 1805; baseline 0.002 -20"><span class='ocrx_word' id='word_1_234' title='bbox 2168 1747 2273 1801; x_wconf 91' lang='lat' dir='ltr'><strong>que</strong></span> <span class='ocrx_word' id='word_1_235' title='bbox 2312 1734 2527 1789; x_wconf 84' lang='lat' dir='ltr'><strong>ossibus</strong></span> <span class='ocrx_word' id='word_1_236' title='bbox 2564 1733 2830 1804; x_wconf 85' lang='lat' dir='ltr'><strong>sacrilega</strong></span> <span class='ocrx_word' id='word_1_237' title='bbox 2858 1734 3073 1800; x_wconf 86' lang='lat' dir='ltr'><strong>altaria,</strong></span> <span class='ocrx_word' id='word_1_238' title='bbox 3117 1750 3236 1804; x_wconf 73' lang='lat' dir='ltr'><strong>qure</strong></span> <span class='ocrx_word' id='word_1_239' title='bbox 3270 1735 3611 1805; x_wconf 86' lang='lat' dir='ltr'><strong>sculptilibus</strong></span> <span class='ocrx_word' id='word_1_240' title='bbox 3651 1738 3763 1793; x_wconf 64' lang='lat' dir='ltr'><strong>fne-</strong></span> 
     </span>
    </p>
   </div>
   <div class='ocr_carea' id='block_1_33' title="bbox 471 1819 3760 1904">
    <p class='ocr_par' dir='ltr' id='par_1_33' title="bbox 471 1819 3760 1904">
     <span class='ocr_line' id='line_1_33' title="bbox 471 1819 3760 1904; baseline -0.001 -17"><span class='ocrx_word' id='word_1_241' title='bbox 471 1834 586 1901; x_wconf 83' lang='lat' dir='ltr'><strong>Qua</strong></span> <span class='ocrx_word' id='word_1_242' title='bbox 618 1835 671 1887; x_wconf 90' lang='lat' dir='ltr'><strong>in</strong></span> <span class='ocrx_word' id='word_1_243' title='bbox 703 1849 783 1898; x_wconf 88' lang='lat' dir='ltr'><strong>re,</strong></span> <span class='ocrx_word' id='word_1_244' title='bbox 820 1833 949 1902; x_wconf 89' lang='lat' dir='ltr'><strong>quid</strong></span> <span class='ocrx_word' id='word_1_245' title='bbox 999 1832 1183 1886; x_wconf 87' lang='lat' dir='ltr'><strong>subtili</strong></span> <span class='ocrx_word' id='word_1_246' title='bbox 1232 1829 1666 1886; x_wconf 84' lang='lat' dir='ltr'><strong>consideratione</strong></span> <span class='ocrx_word' id='word_1_247' title='bbox 1717 1831 2020 1904; x_wconf 77' lang='lat' dir='ltr'><strong>colligimus</strong></span> <span class='ocrx_word' id='word_1_248' title='bbox 2048 1847 2063 1886; x_wconf 88' lang='lat'><strong>:</strong></span> <span class='ocrx_word' id='word_1_249' title='bbox 2095 1819 2142 1878; x_wconf 82' lang='grc' dir='ltr'><strong>Β</strong></span> <span class='ocrx_word' id='word_1_250' title='bbox 2173 1829 2298 1877; x_wconf 67' lang='lat' dir='ltr'><strong>fani»</strong></span> <span class='ocrx_word' id='word_1_251' title='bbox 2322 1825 2640 1890; x_wconf 71' lang='lat' dir='ltr'><strong>constituta,</strong></span> <span class='ocrx_word' id='word_1_252' title='bbox 2671 1823 2968 1880; x_wconf 75' lang='lat' dir='ltr'><strong>funestavit</strong></span> <span class='ocrx_word' id='word_1_253' title='bbox 2997 1843 3009 1878; x_wconf 90' lang='lat'><strong>:</strong></span> <span class='ocrx_word' id='word_1_254' title='bbox 3043 1825 3285 1896; x_wconf 91' lang='lat' dir='ltr'><strong>pepercit</strong></span> <span class='ocrx_word' id='word_1_255' title='bbox 3315 1826 3512 1896; x_wconf 87' lang='lat' dir='ltr'><strong>quippe</strong></span> <span class='ocrx_word' id='word_1_256' title='bbox 3541 1826 3620 1882; x_wconf 86' lang='lat' dir='ltr'><strong>illi</strong></span> <span class='ocrx_word' id='word_1_257' title='bbox 3651 1843 3760 1884; x_wconf 86' lang='lat' dir='ltr'><strong>mo-</strong></span> 
     </span>
    </p>
   </div>
   <div class='ocr_carea' id='block_1_34' title="bbox 468 1919 2065 1993">
    <p class='ocr_par' dir='ltr' id='par_1_34' title="bbox 468 1919 2065 1993">
     <span class='ocr_line' id='line_1_34' title="bbox 468 1919 2065 1993; baseline 0 -17"><span class='ocrx_word' id='word_1_258' title='bbox 468 1924 618 1993; x_wconf 88' lang='lat' dir='ltr'><strong>quid,</strong></span> <span class='ocrx_word' id='word_1_259' title='bbox 644 1931 705 1977; x_wconf 90' lang='lat' dir='ltr'><strong>ut</strong></span> <span class='ocrx_word' id='word_1_260' title='bbox 734 1923 808 1976; x_wconf 88' lang='lat' dir='ltr'><strong>ita</strong></span> <span class='ocrx_word' id='word_1_261' title='bbox 831 1921 1062 1976; x_wconf 80' lang='lat' dir='ltr'><strong>dixerim</strong></span> <span class='ocrx_word' id='word_1_262' title='bbox 1085 1961 1098 1985; x_wconf 89' lang='lat'><strong>,</strong></span> <span class='ocrx_word' id='word_1_263' title='bbox 1134 1919 1539 1974; x_wconf 87' lang='lat' dir='ltr'><strong>formidandum</strong></span> <span class='ocrx_word' id='word_1_264' title='bbox 1569 1920 1930 1990; x_wconf 85' lang='lat' dir='ltr'><strong>suspicamur,</strong></span> <span class='ocrx_word' id='word_1_265' title='bbox 1963 1922 2065 1976; x_wconf 88' lang='lat' dir='ltr'><strong>nisi</strong></span> 
     </span>
    </p>
   </div>
   <div class='ocr_carea' id='block_1_35' title="bbox 467 2009 2067 2082">
    <p class='ocr_par' dir='ltr' id='par_1_35' title="bbox 467 2009 2067 2082">
     <span class='ocr_line' id='line_1_35' title="bbox 467 2009 2067 2082; baseline -0.001 -14"><span class='ocrx_word' id='word_1_266' title='bbox 467 2013 611 2082; x_wconf 87' lang='lat' dir='ltr'><strong>quod</strong></span> <span class='ocrx_word' id='word_1_267' title='bbox 644 2011 875 2065; x_wconf 80' lang='lat' dir='ltr'><strong>forsitan</strong></span> <span class='ocrx_word' id='word_1_268' title='bbox 907 2010 1048 2080; x_wconf 90' lang='lat' dir='ltr'><strong>apud</strong></span> <span class='ocrx_word' id='word_1_269' title='bbox 1075 2009 1425 2078; x_wconf 88' lang='lat' dir='ltr'><strong>semetipsum</strong></span> <span class='ocrx_word' id='word_1_270' title='bbox 1459 2009 1674 2072; x_wconf 87' lang='lat' dir='ltr'><strong>tacitus,</strong></span> <span class='ocrx_word' id='word_1_271' title='bbox 1705 2018 1760 2063; x_wconf 91' lang='lat' dir='ltr'><strong>et</strong></span> <span class='ocrx_word' id='word_1_272' title='bbox 1800 2025 1900 2079; x_wconf 90' lang='lat' dir='ltr'><strong>pro</strong></span> <span class='ocrx_word' id='word_1_273' title='bbox 1931 2025 2067 2079; x_wconf 65' lang='lat' dir='ltr'><strong>pra:-</strong></span> 
     </span>
    </p>
   </div>
   <div class='ocr_carea' id='block_1_36' title="bbox 466 2099 2062 2171">
    <p class='ocr_par' dir='ltr' id='par_1_36' title="bbox 466 2099 2062 2171">
     <span class='ocr_line' id='line_1_36' title="bbox 466 2099 2062 2171; baseline -0.001 -14"><span class='ocrx_word' id='word_1_274' title='bbox 466 2102 638 2171; x_wconf 90' lang='lat' dir='ltr'><strong>ceptis</strong></span> <span class='ocrx_word' id='word_1_275' title='bbox 665 2101 951 2155; x_wconf 87' lang='lat' dir='ltr'><strong>dominicis</strong></span> <span class='ocrx_word' id='word_1_276' title='bbox 979 2114 1160 2169; x_wconf 82' lang='lat' dir='ltr'><strong>regem</strong></span> <span class='ocrx_word' id='word_1_277' title='bbox 1203 2114 1260 2153; x_wconf 91' lang='lat' dir='ltr'><strong>se</strong></span> <span class='ocrx_word' id='word_1_278' title='bbox 1301 2100 1692 2168; x_wconf 88' lang='lat' dir='ltr'><strong>contempsisse</strong></span> <span class='ocrx_word' id='word_1_279' title='bbox 1722 2099 1747 2138; x_wconf 79' lang='grc' dir='ltr'>ἀ</span> <span class='ocrx_word' id='word_1_280' title='bbox 1779 2100 2062 2169; x_wconf 75' lang='lat' dir='ltr'><strong>gloriatus,</strong></span> 
     </span>
    </p>
   </div>
   <div class='ocr_carea' id='block_1_37' title="bbox 465 2190 2064 2258">
    <p class='ocr_par' dir='ltr' id='par_1_37' title="bbox 465 2190 2064 2258">
     <span class='ocr_line' id='line_1_37' title="bbox 465 2190 2064 2258; baseline -0.003 -10"><span class='ocrx_word' id='word_1_281' title='bbox 465 2194 536 2248; x_wconf 89' lang='lat' dir='ltr'><strong>ab</strong></span> <span class='ocrx_word' id='word_1_282' title='bbox 561 2194 772 2250; x_wconf 85' lang='lat' dir='ltr'><strong>interna</strong></span> <span class='ocrx_word' id='word_1_283' title='bbox 818 2209 944 2247; x_wconf 81' lang='lat' dir='ltr'><strong>mox</strong></span> <span class='ocrx_word' id='word_1_284' title='bbox 991 2191 1260 2246; x_wconf 83' lang='lat' dir='ltr'><strong>soliditate</strong></span> <span class='ocrx_word' id='word_1_285' title='bbox 1307 2200 1596 2258; x_wconf 90' lang='lat' dir='ltr'><strong>quassatus</strong></span> <span class='ocrx_word' id='word_1_286' title='bbox 1623 2199 1729 2244; x_wconf 85' lang='lat' dir='ltr'><strong>est.</strong></span> <span class='ocrx_word' id='word_1_287' title='bbox 1760 2191 1826 2245; x_wconf 85' lang='lat' dir='ltr'><strong>Et</strong></span> <span class='ocrx_word' id='word_1_288' title='bbox 1855 2190 1981 2246; x_wconf 90' lang='lat' dir='ltr'><strong>inde</strong></span> <span class='ocrx_word' id='word_1_289' title='bbox 2009 2191 2064 2245; x_wconf 89' lang='lat' dir='ltr'><strong>in</strong></span> 
     </span>
    </p>
   </div>
   <div class='ocr_carea' id='block_1_38' title="bbox 465 2281 2065 2354">
    <p class='ocr_par' dir='ltr' id='par_1_38' title="bbox 465 2281 2065 2354">
     <span class='ocr_line' id='line_1_38' title="bbox 465 2281 2065 2354; baseline -0.002 -15"><span class='ocrx_word' id='word_1_290' title='bbox 465 2299 630 2354; x_wconf 88' lang='lat' dir='ltr'><strong>opere</strong></span> <span class='ocrx_word' id='word_1_291' title='bbox 679 2284 834 2354; x_wconf 89' lang='lat' dir='ltr'><strong>culpa</strong></span> <span class='ocrx_word' id='word_1_292' title='bbox 868 2283 1150 2352; x_wconf 86' lang='lat' dir='ltr'><strong>surripuit,</strong></span> <span class='ocrx_word' id='word_1_293' title='bbox 1180 2282 1322 2336; x_wconf 88' lang='lat' dir='ltr'><strong>unde</strong></span> <span class='ocrx_word' id='word_1_294' title='bbox 1366 2281 1534 2349; x_wconf 80' lang='lat' dir='ltr'><strong>gloria</strong></span> <span class='ocrx_word' id='word_1_295' title='bbox 1577 2282 1632 2335; x_wconf 94' lang='lat' dir='ltr'><strong>in</strong></span> <span class='ocrx_word' id='word_1_296' title='bbox 1674 2283 1837 2335; x_wconf 86' lang='lat' dir='ltr'><strong>corde</strong></span> <span class='ocrx_word' id='word_1_297' title='bbox 1879 2295 1903 2321; x_wconf 78' lang='grc' dir='ltr'><strong><em>ο</em></strong></span> <span class='ocrx_word' id='word_1_298' title='bbox 1944 2297 2065 2337; x_wconf 81' lang='lat' dir='ltr'><strong>sur—</strong></span> 
     </span>
    </p>
   </div>
   <div class='ocr_carea' id='block_1_39' title="bbox 468 2374 2066 2448">
    <p class='ocr_par' dir='ltr' id='par_1_39' title="bbox 468 2374 2066 2448">
     <span class='ocr_line' id='line_1_39' title="bbox 468 2374 2066 2448; baseline -0.001 -16"><span class='ocrx_word' id='word_1_299' title='bbox 468 2379 656 2448; x_wconf 76' lang='lat' dir='ltr'><strong>repsit.</strong></span> <span class='ocrx_word' id='word_1_300' title='bbox 709 2377 863 2432; x_wconf 81' lang='lat' dir='ltr'><strong>Unde</strong></span> <span class='ocrx_word' id='word_1_301' title='bbox 903 2376 1054 2431; x_wconf 82' lang='lat' dir='ltr'><strong>falsis</strong></span> <span class='ocrx_word' id='word_1_302' title='bbox 1084 2377 1359 2445; x_wconf 71' lang='lat' dir='ltr'><strong>prophetae</strong></span> <span class='ocrx_word' id='word_1_303' title='bbox 1403 2374 1582 2428; x_wconf 88' lang='lat' dir='ltr'><strong>verbis</strong></span> <span class='ocrx_word' id='word_1_304' title='bbox 1607 2375 1864 2443; x_wconf 83' lang='lat' dir='ltr'><strong>deceptus</strong></span> <span class='ocrx_word' id='word_1_305' title='bbox 1890 2375 2066 2430; x_wconf 85' lang='lat' dir='ltr'><strong>disce-</strong></span> 
     </span>
    </p>
   </div>
   <div class='ocr_carea' id='block_1_40' title="bbox 465 2465 2059 2541">
    <p class='ocr_par' dir='ltr' id='par_1_40' title="bbox 465 2465 2059 2541">
     <span class='ocr_line' id='line_1_40' title="bbox 465 2465 2059 2541; baseline -0.003 -15"><span class='ocrx_word' id='word_1_306' title='bbox 465 2481 582 2536; x_wconf 87' lang='lat' dir='ltr'><strong>ret,</strong></span> <span class='ocrx_word' id='word_1_307' title='bbox 636 2473 761 2541; x_wconf 90' lang='lat' dir='ltr'><strong>qnia</strong></span> <span class='ocrx_word' id='word_1_308' title='bbox 813 2483 1156 2539; x_wconf 82' lang='lat' dir='ltr'><strong>nequaquam</strong></span> <span class='ocrx_word' id='word_1_309' title='bbox 1205 2467 1436 2538; x_wconf 75' lang='lat' dir='ltr'><strong>propriae</strong></span> <span class='ocrx_word' id='word_1_310' title='bbox 1489 2466 1823 2520; x_wconf 89' lang='lat' dir='ltr'><strong>fortitudinis</strong></span> <span class='ocrx_word' id='word_1_311' title='bbox 1874 2465 2059 2532; x_wconf 83' lang='lat' dir='ltr'><strong>fuerit,</strong></span> 
     </span>
    </p>
   </div>
   <div class='ocr_carea' id='block_1_41' title="bbox 466 2553 2063 2631">
    <p class='ocr_par' dir='ltr' id='par_1_41' title="bbox 466 2553 2063 2631">
     <span class='ocr_line' id='line_1_41' title="bbox 466 2553 2063 2631; baseline -0.003 -16"><span class='ocrx_word' id='word_1_312' title='bbox 466 2562 611 2631; x_wconf 89' lang='lat' dir='ltr'><strong>quod</strong></span> <span class='ocrx_word' id='word_1_313' title='bbox 634 2562 702 2615; x_wconf 91' lang='lat' dir='ltr'><strong>ad</strong></span> <span class='ocrx_word' id='word_1_314' title='bbox 732 2561 876 2631; x_wconf 86' lang='lat' dir='ltr'><strong>regis</strong></span> <span class='ocrx_word' id='word_1_315' title='bbox 903 2557 1063 2612; x_wconf 85' lang='lat' dir='ltr'><strong>verba</strong></span> <span class='ocrx_word' id='word_1_316' title='bbox 1094 2557 1401 2611; x_wconf 88' lang='lat' dir='ltr'><strong>restitisset.</strong></span> <span class='ocrx_word' id='word_1_317' title='bbox 1450 2556 1593 2610; x_wconf 84' lang='lat' dir='ltr'><strong>Bene</strong></span> <span class='ocrx_word' id='word_1_318' title='bbox 1621 2564 1799 2610; x_wconf 88' lang='lat' dir='ltr'><strong>autem</strong></span> <span class='ocrx_word' id='word_1_319' title='bbox 1837 2569 1904 2611; x_wconf 78' lang='lat' dir='ltr'><strong>ex</strong></span> <span class='ocrx_word' id='word_1_320' title='bbox 1945 2553 2063 2624; x_wconf 86' lang='lat' dir='ltr'><strong>ejus</strong></span> 
     </span>
    </p>
   </div>
   <div class='ocr_carea' id='block_1_42' title="bbox 464 2645 2061 2718">
    <p class='ocr_par' dir='ltr' id='par_1_42' title="bbox 464 2645 2061 2718">
     <span class='ocr_line' id='line_1_42' title="bbox 464 2645 2061 2718; baseline -0.003 -9"><span class='ocrx_word' id='word_1_321' title='bbox 464 2670 561 2709; x_wconf 82' lang='lat' dir='ltr'><strong>ore</strong></span> <span class='ocrx_word' id='word_1_322' title='bbox 589 2655 780 2708; x_wconf 89' lang='lat' dir='ltr'><strong>mortis</strong></span> <span class='ocrx_word' id='word_1_323' title='bbox 804 2653 1128 2708; x_wconf 83' lang='lat' dir='ltr'><strong>sententiam</strong></span> <span class='ocrx_word' id='word_1_324' title='bbox 1161 2650 1390 2718; x_wconf 84' lang='lat' dir='ltr'><strong>accepit,</strong></span> <span class='ocrx_word' id='word_1_325' title='bbox 1419 2648 1569 2717; x_wconf 86' lang='lat' dir='ltr'><strong>cujus</strong></span> <span class='ocrx_word' id='word_1_326' title='bbox 1593 2645 1906 2704; x_wconf 67' lang='lat' dir='ltr'><strong>seductione</strong></span> <span class='ocrx_word' id='word_1_327' title='bbox 1934 2651 2061 2704; x_wconf 62' lang='lat' dir='ltr'><strong>vitae</strong></span> 
     </span>
    </p>
   </div>
   <div class='ocr_carea' id='block_1_43' title="bbox 466 2740 2060 2817">
    <p class='ocr_par' dir='ltr' id='par_1_43' title="bbox 466 2740 2060 2817">
     <span class='ocr_line' id='line_1_43' title="bbox 466 2740 2060 2817; baseline -0.004 -16"><span class='ocrx_word' id='word_1_328' title='bbox 466 2755 738 2817; x_wconf 65' lang='lat' dir='ltr'><strong>praecepto</strong></span> <span class='ocrx_word' id='word_1_329' title='bbox 768 2745 1033 2805; x_wconf 82' lang='lat' dir='ltr'><strong>deviavit,</strong></span> <span class='ocrx_word' id='word_1_330' title='bbox 1083 2750 1144 2796; x_wconf 90' lang='lat' dir='ltr'><strong>ut</strong></span> <span class='ocrx_word' id='word_1_331' title='bbox 1184 2742 1308 2798; x_wconf 90' lang='lat' dir='ltr'><strong>inde</strong></span> <span class='ocrx_word' id='word_1_332' title='bbox 1350 2754 1568 2810; x_wconf 76' lang='lat' dir='ltr'><strong>poenam</strong></span> <span class='ocrx_word' id='word_1_333' title='bbox 1606 2741 1873 2796; x_wconf 78' lang='lat' dir='ltr'><strong>veraciter</strong></span> <span class='ocrx_word' id='word_1_334' title='bbox 1901 2740 2060 2795; x_wconf 84' lang='lat' dir='ltr'><strong>adsu-</strong></span> 
     </span>
    </p>
   </div>
   <div class='ocr_carea' id='block_1_44' title="bbox 465 2831 2059 2905">
    <p class='ocr_par' dir='ltr' id='par_1_44' title="bbox 465 2831 2059 2905">
     <span class='ocr_line' id='line_1_44' title="bbox 465 2831 2059 2905; baseline -0.003 -12"><span class='ocrx_word' id='word_1_335' title='bbox 465 2846 676 2902; x_wconf 89' lang='lat' dir='ltr'><strong>meret,</strong></span> <span class='ocrx_word' id='word_1_336' title='bbox 727 2837 871 2890; x_wconf 90' lang='lat' dir='ltr'><strong>unde</strong></span> <span class='ocrx_word' id='word_1_337' title='bbox 927 2835 1260 2905; x_wconf 74' lang='lat' dir='ltr'><strong>negligenter</strong></span> <span class='ocrx_word' id='word_1_338' title='bbox 1314 2832 1526 2902; x_wconf 85' lang='lat' dir='ltr'><strong>culpam</strong></span> <span class='ocrx_word' id='word_1_339' title='bbox 1576 2833 1902 2888; x_wconf 81' lang='lat' dir='ltr'><strong>admisisset.</strong></span> <span class='ocrx_word' id='word_1_340' title='bbox 1963 2831 2059 2888; x_wconf 82' lang='lat' dir='ltr'><strong>Se-</strong></span> 
     </span>
    </p>
   </div>
   <div class='ocr_carea' id='block_1_45' title="bbox 465 2938 2055 3091">
    <p class='ocr_par' dir='ltr' id='par_1_45' title="bbox 465 2938 2055 3091">
     <span class='ocr_line' id='line_1_45' title="bbox 465 2938 2055 3091; baseline -0.003 -17"><span class='ocrx_word' id='word_1_341' title='bbox 465 2938 701 3091; x_wconf 36' lang='lat' dir='ltr'><strong>quia;</strong></span> <span class='ocrx_word' id='word_1_342' title='bbox 747 3017 873 3088; x_wconf 67' lang='lat'><strong>2|.)</strong></span> <span class='ocrx_word' id='word_1_343' title='bbox 927 3035 942 3067; x_wconf 77' lang='grc' dir='ltr'>ι</span> <span class='ocrx_word' id='word_1_344' title='bbox 992 3015 1121 3069; x_wconf 77' lang='lat' dir='ltr'><strong>Ha’c</strong></span> <span class='ocrx_word' id='word_1_345' title='bbox 1165 3015 1183 3055; x_wconf 70' lang='grc' dir='ltr'>ί</span> <span class='ocrx_word' id='word_1_346' title='bbox 1222 3014 1347 3068; x_wconf 85' lang='lat' dir='ltr'><strong>dicit</strong></span> <span class='ocrx_word' id='word_1_347' title='bbox 1385 3015 1674 3080; x_wconf 84' lang='lat' dir='ltr'><strong>Dominus,</strong></span> <span class='ocrx_word' id='word_1_348' title='bbox 1711 3016 1835 3085; x_wconf 75' lang='lat' dir='ltr'><strong>quia</strong></span> <span class='ocrx_word' id='word_1_349' title='bbox 1875 3016 2055 3070; x_wconf 75' lang='lat' dir='ltr'><strong>inobs-</strong></span> 
     </span>
    </p>
   </div>
   <div class='ocr_carea' id='block_1_46' title="bbox 460 3104 2050 3177">
    <p class='ocr_par' dir='ltr' id='par_1_46' title="bbox 460 3104 2050 3177">
     <span class='ocr_line' id='line_1_46' title="bbox 460 3104 2050 3177; baseline -0.003 -15"><span class='ocrx_word' id='word_1_350' title='bbox 460 3108 610 3162; x_wconf 82' lang='lat' dir='ltr'><strong>diens</strong></span> <span class='ocrx_word' id='word_1_351' title='bbox 641 3107 787 3177; x_wconf 77' lang='lat' dir='ltr'><strong>fuisti</strong></span> <span class='ocrx_word' id='word_1_352' title='bbox 811 3106 890 3159; x_wconf 88' lang='lat' dir='ltr'><strong>ori</strong></span> <span class='ocrx_word' id='word_1_353' title='bbox 920 3105 1154 3168; x_wconf 82' lang='lat' dir='ltr'><strong>Domini,</strong></span> <span class='ocrx_word' id='word_1_354' title='bbox 1187 3115 1235 3158; x_wconf 86' lang='lat' dir='ltr'><strong>et</strong></span> <span class='ocrx_word' id='word_1_355' title='bbox 1275 3121 1390 3158; x_wconf 24' lang='lat' dir='ltr'><strong>non.</strong></span> <span class='ocrx_word' id='word_1_356' title='bbox 1414 3104 1685 3159; x_wconf 73' lang='lat' dir='ltr'><strong>custodisti</strong></span> <span class='ocrx_word' id='word_1_357' title='bbox 1720 3105 2050 3171; x_wconf 80' lang='lat' dir='ltr'><strong>mandatum,</strong></span> 
     </span>
    </p>
   </div>
   <div class='ocr_carea' id='block_1_47' title="bbox 2169 1914 3762 1988">
    <p class='ocr_par' dir='ltr' id='par_1_47' title="bbox 2169 1914 3762 1988">
     <span class='ocr_line' id='line_1_47' title="bbox 2169 1914 3762 1988; baseline 0.005 -19"><span class='ocrx_word' id='word_1_358' title='bbox 2169 1925 2450 1981; x_wconf 88' lang='lat' dir='ltr'><strong>numento,</strong></span> <span class='ocrx_word' id='word_1_359' title='bbox 2481 1916 2572 1971; x_wconf 89' lang='lat' dir='ltr'><strong>ubi</strong></span> <span class='ocrx_word' id='word_1_360' title='bbox 2609 1914 2828 1984; x_wconf 70' lang='lat' dir='ltr'><strong>iacebat</strong></span> <span class='ocrx_word' id='word_1_361' title='bbox 2855 1917 3148 1986; x_wconf 86' lang='lat' dir='ltr'><strong>Propheta,</strong></span> <span class='ocrx_word' id='word_1_362' title='bbox 3174 1919 3266 1988; x_wconf 90' lang='lat' dir='ltr'><strong>qui</strong></span> <span class='ocrx_word' id='word_1_363' title='bbox 3289 1929 3414 1972; x_wconf 83' lang='lat' dir='ltr'><strong>ante</strong></span> <span class='ocrx_word' id='word_1_364' title='bbox 3445 1935 3620 1975; x_wconf 85' lang='lat' dir='ltr'><strong>annos</strong></span> <span class='ocrx_word' id='word_1_365' title='bbox 3651 1937 3762 1977; x_wconf 81' lang='lat' dir='ltr'><strong>am-</strong></span> 
     </span>
    </p>
   </div>
   <div class='ocr_carea' id='block_1_48' title="bbox 2163 2005 3759 2082">
    <p class='ocr_par' dir='ltr' id='par_1_48' title="bbox 2163 2005 3759 2082">
     <span class='ocr_line' id='line_1_48' title="bbox 2163 2005 3759 2082; baseline 0.008 -25"><span class='ocrx_word' id='word_1_366' title='bbox 2163 2005 2304 2073; x_wconf 89' lang='lat' dir='ltr'><strong>plius</strong></span> <span class='ocrx_word' id='word_1_367' title='bbox 2331 2015 2717 2074; x_wconf 82' lang='lat' dir='ltr'><strong>quaterccntos</strong></span> <span class='ocrx_word' id='word_1_368' title='bbox 2744 2008 2846 2062; x_wconf 89' lang='lat' dir='ltr'><strong>ista</strong></span> <span class='ocrx_word' id='word_1_369' title='bbox 2874 2009 3184 2077; x_wconf 82' lang='lat' dir='ltr'><strong>predixerat</strong></span> <span class='ocrx_word' id='word_1_370' title='bbox 3215 2028 3227 2063; x_wconf 87' lang='lat'><strong><em>:</em></strong></span> <span class='ocrx_word' id='word_1_371' title='bbox 3258 2018 3312 2065; x_wconf 92' lang='lat' dir='ltr'><strong>et</strong></span> <span class='ocrx_word' id='word_1_372' title='bbox 3337 2019 3561 2081; x_wconf 87' lang='lat' dir='ltr'><strong>propter</strong></span> <span class='ocrx_word' id='word_1_373' title='bbox 3582 2014 3759 2082; x_wconf 86' lang='lat' dir='ltr'><strong>ipsum</strong></span> 
     </span>
    </p>
   </div>
   <div class='ocr_carea' id='block_1_49' title="bbox 2164 2096 3756 2170">
    <p class='ocr_par' dir='ltr' id='par_1_49' title="bbox 2164 2096 3756 2170">
     <span class='ocr_line' id='line_1_49' title="bbox 2164 2096 3756 2170; baseline 0.005 -19"><span class='ocrx_word' id='word_1_374' title='bbox 2164 2112 2264 2151; x_wconf 87' lang='lat' dir='ltr'><strong>nec</strong></span> <span class='ocrx_word' id='word_1_375' title='bbox 2294 2096 2460 2162; x_wconf 89' lang='lat' dir='ltr'><strong>illius,</strong></span> <span class='ocrx_word' id='word_1_376' title='bbox 2491 2098 2585 2166; x_wconf 87' lang='lat' dir='ltr'><strong>qui</strong></span> <span class='ocrx_word' id='word_1_377' title='bbox 2612 2113 2736 2152; x_wconf 90' lang='lat' dir='ltr'><strong>eum</strong></span> <span class='ocrx_word' id='word_1_378' title='bbox 2766 2100 3070 2162; x_wconf 85' lang='lat' dir='ltr'><strong>seduxerat,</strong></span> <span class='ocrx_word' id='word_1_379' title='bbox 3113 2101 3392 2170; x_wconf 87' lang='lat' dir='ltr'><strong>sepultura</strong></span> <span class='ocrx_word' id='word_1_380' title='bbox 3423 2103 3629 2156; x_wconf 87' lang='lat' dir='ltr'><strong>violata</strong></span> <span class='ocrx_word' id='word_1_381' title='bbox 3657 2116 3756 2159; x_wconf 88' lang='lat' dir='ltr'><strong>est.</strong></span> 
     </span>
    </p>
   </div>
   <div class='ocr_carea' id='block_1_50' title="bbox 2163 2185 3759 2263">
    <p class='ocr_par' dir='ltr' id='par_1_50' title="bbox 2163 2185 3759 2263">
     <span class='ocr_line' id='line_1_50' title="bbox 2163 2185 3759 2263; baseline 0.006 -24"><span class='ocrx_word' id='word_1_382' title='bbox 2163 2185 2370 2240; x_wconf 69' lang='lat' dir='ltr'><strong>Affecti:</strong></span> <span class='ocrx_word' id='word_1_383' title='bbox 2401 2202 2633 2255; x_wconf 88' lang='lat' dir='ltr'><strong>namque</strong></span> <span class='ocrx_word' id='word_1_384' title='bbox 2663 2187 2754 2245; x_wconf 90' lang='lat' dir='ltr'><strong>illo</strong></span> <span class='ocrx_word' id='word_1_385' title='bbox 2783 2187 2943 2259; x_wconf 82' lang='lat' dir='ltr'><strong>(Eph.</strong></span> <span class='ocrx_word' id='word_1_386' title='bbox 2971 2204 3025 2252; x_wconf 88' lang='lat' dir='ltr'><strong>v,</strong></span> <span class='ocrx_word' id='word_1_387' title='bbox 3057 2187 3168 2255; x_wconf 71' lang='lat'><strong>29),</strong></span> <span class='ocrx_word' id='word_1_388' title='bbox 3199 2204 3306 2258; x_wconf 87' lang='lat' dir='ltr'><strong>quo</strong></span> <span class='ocrx_word' id='word_1_389' title='bbox 3331 2206 3490 2246; x_wconf 89' lang='lat' dir='ltr'><strong>nemo</strong></span> <span class='ocrx_word' id='word_1_390' title='bbox 3516 2207 3759 2263; x_wconf 82' lang='lat' dir='ltr'><strong>unquam</strong></span> 
     </span>
    </p>
   </div>
   <div class='ocr_carea' id='block_1_51' title="bbox 2163 2278 3760 2349">
    <p class='ocr_par' dir='ltr' id='par_1_51' title="bbox 2163 2278 3760 2349">
     <span class='ocr_line' id='line_1_51' title="bbox 2163 2278 3760 2349; baseline 0.004 -16"><span class='ocrx_word' id='word_1_391' title='bbox 2163 2292 2382 2333; x_wconf 82' lang='lat' dir='ltr'><strong>carnem</strong></span> <span class='ocrx_word' id='word_1_392' title='bbox 2424 2293 2580 2334; x_wconf 84' lang='lat' dir='ltr'><strong>suam</strong></span> <span class='ocrx_word' id='word_1_393' title='bbox 2609 2278 2736 2333; x_wconf 90' lang='lat' dir='ltr'><strong>odio</strong></span> <span class='ocrx_word' id='word_1_394' title='bbox 2783 2279 2969 2344; x_wconf 87' lang='lat' dir='ltr'><strong>habet,</strong></span> <span class='ocrx_word' id='word_1_395' title='bbox 3004 2281 3316 2349; x_wconf 81' lang='lat' dir='ltr'><strong>providerat</strong></span> <span class='ocrx_word' id='word_1_396' title='bbox 3361 2283 3615 2340; x_wconf 83' lang='lat' dir='ltr'><strong>cadaveri</strong></span> <span class='ocrx_word' id='word_1_397' title='bbox 3667 2301 3760 2339; x_wconf 83' lang='lat' dir='ltr'><strong>suo</strong></span> 
     </span>
    </p>
   </div>
   <div class='ocr_carea' id='block_1_52' title="bbox 2162 2369 3814 2452">
    <p class='ocr_par' dir='ltr' id='par_1_52' title="bbox 2162 2369 3814 2452">
     <span class='ocr_line' id='line_1_52' title="bbox 2162 2369 3814 2452; baseline 0.005 -30"><span class='ocrx_word' id='word_1_398' title='bbox 2162 2370 2254 2436; x_wconf 83' lang='lat' dir='ltr'><strong>qui</strong></span> <span class='ocrx_word' id='word_1_399' title='bbox 2281 2369 2562 2423; x_wconf 75' lang='lat' dir='ltr'><strong>occiderat</strong></span> <span class='ocrx_word' id='word_1_400' title='bbox 2590 2370 2874 2425; x_wconf 84' lang='lat' dir='ltr'><strong>mendacio</strong></span> <span class='ocrx_word' id='word_1_401' title='bbox 2916 2371 3152 2425; x_wconf 84' lang='lat' dir='ltr'><strong>animam</strong></span> <span class='ocrx_word' id='word_1_402' title='bbox 3195 2387 3369 2452; x_wconf 84' lang='lat' dir='ltr'><strong>suam.</strong></span> <span class='ocrx_word' id='word_1_403' title='bbox 3413 2373 3490 2429; x_wconf 80' lang='lat' dir='ltr'><strong>Ex</strong></span> <span class='ocrx_word' id='word_1_404' title='bbox 3522 2375 3632 2430; x_wconf 89' lang='lat' dir='ltr'><strong>hoc</strong></span> <span class='ocrx_word' id='word_1_405' title='bbox 3664 2377 3758 2446; x_wconf 80' lang='lat' dir='ltr'><strong>igi-</strong></span> <span class='ocrx_word' id='word_1_406' title='bbox 3811 2375 3814 2382; x_wconf 86' lang='grc'><em>’</em></span> 
     </span>
    </p>
   </div>
   <div class='ocr_carea' id='block_1_53' title="bbox 2163 2455 3755 2538">
    <p class='ocr_par' dir='ltr' id='par_1_53' title="bbox 2163 2455 3755 2538">
     <span class='ocr_line' id='line_1_53' title="bbox 2163 2455 3755 2538; baseline 0.004 -24"><span class='ocrx_word' id='word_1_407' title='bbox 2163 2469 2270 2524; x_wconf 79' lang='lat' dir='ltr'><strong>tur,</strong></span> <span class='ocrx_word' id='word_1_408' title='bbox 2304 2461 2448 2529; x_wconf 89' lang='lat' dir='ltr'><strong>quod</strong></span> <span class='ocrx_word' id='word_1_409' title='bbox 2494 2475 2712 2516; x_wconf 90' lang='lat' dir='ltr'><strong>carnem</strong></span> <span class='ocrx_word' id='word_1_410' title='bbox 2745 2477 2899 2516; x_wconf 88' lang='lat' dir='ltr'><strong>suam</strong></span> <span class='ocrx_word' id='word_1_411' title='bbox 2928 2455 3158 2532; x_wconf 82' lang='lat' dir='ltr'><strong>quisque</strong></span> <span class='ocrx_word' id='word_1_412' title='bbox 3209 2465 3528 2519; x_wconf 87' lang='lat' dir='ltr'><strong>naturaliter</strong></span> <span class='ocrx_word' id='word_1_413' title='bbox 3556 2467 3755 2538; x_wconf 80' lang='lat' dir='ltr'><strong>diligit,</strong></span> 
     </span>
    </p>
   </div>
   <div class='ocr_carea' id='block_1_54' title="bbox 2161 2555 3757 2626">
    <p class='ocr_par' dir='ltr' id='par_1_54' title="bbox 2161 2555 3757 2626">
     <span class='ocr_line' id='line_1_54' title="bbox 2161 2555 3757 2626; baseline 0.008 -18"><span class='ocrx_word' id='word_1_414' title='bbox 2161 2562 2215 2609; x_wconf 92' lang='lat' dir='ltr'><strong>et</strong></span> <span class='ocrx_word' id='word_1_415' title='bbox 2238 2555 2315 2609; x_wconf 90' lang='lat' dir='ltr'><strong>illi</strong></span> <span class='ocrx_word' id='word_1_416' title='bbox 2345 2568 2506 2626; x_wconf 86' lang='lat' dir='ltr'><strong>poena</strong></span> <span class='ocrx_word' id='word_1_417' title='bbox 2537 2557 2638 2610; x_wconf 78' lang='lat' dir='ltr'><strong>fuit</strong></span> <span class='ocrx_word' id='word_1_418' title='bbox 2667 2557 2968 2624; x_wconf 85' lang='lat' dir='ltr'><strong>addiscere,</strong></span> <span class='ocrx_word' id='word_1_419' title='bbox 3004 2575 3110 2613; x_wconf 91' lang='lat' dir='ltr'><strong>non</strong></span> <span class='ocrx_word' id='word_1_420' title='bbox 3147 2575 3270 2614; x_wconf 93' lang='lat' dir='ltr'><strong>eum</strong></span> <span class='ocrx_word' id='word_1_421' title='bbox 3307 2562 3550 2616; x_wconf 90' lang='lat' dir='ltr'><strong>futurum</strong></span> <span class='ocrx_word' id='word_1_422' title='bbox 3578 2565 3634 2618; x_wconf 90' lang='lat' dir='ltr'><strong>in</strong></span> <span class='ocrx_word' id='word_1_423' title='bbox 3676 2582 3757 2620; x_wconf 84' lang='lat' dir='ltr'><strong>se-</strong></span> 
     </span>
    </p>
   </div>
   <div class='ocr_carea' id='block_1_55' title="bbox 2159 2647 3756 2724">
    <p class='ocr_par' dir='ltr' id='par_1_55' title="bbox 2159 2647 3756 2724">
     <span class='ocr_line' id='line_1_55' title="bbox 2159 2647 3756 2724; baseline 0.006 -22"><span class='ocrx_word' id='word_1_424' title='bbox 2159 2647 2389 2717; x_wconf 88' lang='lat' dir='ltr'><strong>pulchro</strong></span> <span class='ocrx_word' id='word_1_425' title='bbox 2416 2657 2633 2717; x_wconf 80' lang='lat' dir='ltr'><strong>patrum</strong></span> <span class='ocrx_word' id='word_1_426' title='bbox 2659 2661 2908 2714; x_wconf 86' lang='lat' dir='ltr'><strong>suorum,</strong></span> <span class='ocrx_word' id='word_1_427' title='bbox 2939 2659 2992 2704; x_wconf 91' lang='lat' dir='ltr'><strong>et</strong></span> <span class='ocrx_word' id='word_1_428' title='bbox 3020 2651 3145 2706; x_wconf 89' lang='lat' dir='ltr'><strong>huic</strong></span> <span class='ocrx_word' id='word_1_429' title='bbox 3173 2667 3302 2706; x_wconf 87' lang='lat' dir='ltr'><strong>cura</strong></span> <span class='ocrx_word' id='word_1_430' title='bbox 3328 2654 3671 2724; x_wconf 86' lang='lat' dir='ltr'><strong>prospicere,</strong></span> <span class='ocrx_word' id='word_1_431' title='bbox 3700 2668 3756 2711; x_wconf 86' lang='lat' dir='ltr'><strong>ut</strong></span> 
     </span>
    </p>
   </div>
   <div class='ocr_carea' id='block_1_56' title="bbox 2159 2740 3762 2818">
    <p class='ocr_par' dir='ltr' id='par_1_56' title="bbox 2159 2740 3762 2818">
     <span class='ocr_line' id='line_1_56' title="bbox 2159 2740 3762 2818; baseline 0.006 -26"><span class='ocrx_word' id='word_1_432' title='bbox 2159 2747 2478 2809; x_wconf 85' lang='lat' dir='ltr'><strong>parceretur</strong></span> <span class='ocrx_word' id='word_1_433' title='bbox 2503 2742 2716 2796; x_wconf 88' lang='lat' dir='ltr'><strong>ossibus</strong></span> <span class='ocrx_word' id='word_1_434' title='bbox 2757 2742 2892 2805; x_wconf 89' lang='lat' dir='ltr'><strong>suis,</strong></span> <span class='ocrx_word' id='word_1_435' title='bbox 2922 2742 2967 2796; x_wconf 90' lang='lat' dir='ltr'><strong>si</strong></span> <span class='ocrx_word' id='word_1_436' title='bbox 2993 2740 3150 2810; x_wconf 66' lang='lat' dir='ltr'><strong>quta</strong></span> <span class='ocrx_word' id='word_1_437' title='bbox 3175 2758 3298 2797; x_wconf 90' lang='lat' dir='ltr'><strong>eum</strong></span> <span class='ocrx_word' id='word_1_438' title='bbox 3322 2743 3554 2810; x_wconf 75' lang='lat' dir='ltr'><strong>iaceret,</strong></span> <span class='ocrx_word' id='word_1_439' title='bbox 3599 2749 3762 2818; x_wconf 81' lang='lat' dir='ltr'><strong>cujus</strong></span> 
     </span>
    </p>
   </div>
   <div class='ocr_carea' id='block_1_57' title="bbox 2159 2829 3754 2909">
    <p class='ocr_par' dir='ltr' id='par_1_57' title="bbox 2159 2829 3754 2909">
     <span class='ocr_line' id='line_1_57' title="bbox 2159 2829 3754 2909; baseline 0.007 -25"><span class='ocrx_word' id='word_1_440' title='bbox 2159 2829 2506 2900; x_wconf 84' lang='lat' dir='ltr'><strong>sepulcth</strong></span> <span class='ocrx_word' id='word_1_441' title='bbox 2544 2845 2704 2887; x_wconf 88' lang='lat' dir='ltr'><strong>nemo</strong></span> <span class='ocrx_word' id='word_1_442' title='bbox 2729 2831 2975 2887; x_wconf 82' lang='lat' dir='ltr'><strong>violaret.</strong></span> <span class='ocrx_word' id='word_1_443' title='bbox 3018 2833 3170 2889; x_wconf 79' lang='lat' dir='ltr'><strong>Hunc</strong></span> <span class='ocrx_word' id='word_1_444' title='bbox 3199 2833 3450 2891; x_wconf 74' lang='lat' dir='ltr'><strong>atiectum</strong></span> <span class='ocrx_word' id='word_1_445' title='bbox 3479 2848 3754 2909; x_wconf 77' lang='lat' dir='ltr'><strong>martyres</strong></span> 
     </span>
    </p>
   </div>
   <div class='ocr_carea' id='block_1_58' title="bbox 2160 2922 3751 2994">
    <p class='ocr_par' dir='ltr' id='par_1_58' title="bbox 2160 2922 3751 2994">
     <span class='ocr_line' id='line_1_58' title="bbox 2160 2922 3751 2994; baseline 0.004 -17"><span class='ocrx_word' id='word_1_446' title='bbox 2160 2922 2362 2978; x_wconf 87' lang='lat' dir='ltr'><strong>Christi</strong></span> <span class='ocrx_word' id='word_1_447' title='bbox 2403 2932 2676 2979; x_wconf 84' lang='lat' dir='ltr'><strong>certantes</strong></span> <span class='ocrx_word' id='word_1_448' title='bbox 2700 2939 2800 2994; x_wconf 91' lang='lat' dir='ltr'><strong>pro</strong></span> <span class='ocrx_word' id='word_1_449' title='bbox 2829 2924 3083 2991; x_wconf 87' lang='lat' dir='ltr'><strong>veritate,</strong></span> <span class='ocrx_word' id='word_1_450' title='bbox 3110 2927 3378 2982; x_wconf 90' lang='lat' dir='ltr'><strong>vicerunt.</strong></span> <span class='ocrx_word' id='word_1_451' title='bbox 3410 2927 3522 2983; x_wconf 81' lang='lat' dir='ltr'><strong>Nec</strong></span> <span class='ocrx_word' id='word_1_452' title='bbox 3553 2931 3751 2984; x_wconf 86' lang='lat' dir='ltr'><strong>mirum</strong></span> 
     </span>
    </p>
   </div>
   <div class='ocr_carea' id='block_1_59' title="bbox 2158 3014 3752 3086">
    <p class='ocr_par' dir='ltr' id='par_1_59' title="bbox 2158 3014 3752 3086">
     <span class='ocr_line' id='line_1_59' title="bbox 2158 3014 3752 3086; baseline 0.004 -19"><span class='ocrx_word' id='word_1_453' title='bbox 2158 3014 2304 3082; x_wconf 86' lang='lat' dir='ltr'><strong>quod</strong></span> <span class='ocrx_word' id='word_1_454' title='bbox 2357 3020 2836 3083; x_wconf 85' lang='lat' dir='ltr'><strong>contempserunt,</strong></span> <span class='ocrx_word' id='word_1_455' title='bbox 2891 3015 3034 3086; x_wconf 88' lang='lat' dir='ltr'><strong>quod</strong></span> <span class='ocrx_word' id='word_1_456' title='bbox 3092 3029 3199 3070; x_wconf 90' lang='lat' dir='ltr'><strong>non</strong></span> <span class='ocrx_word' id='word_1_457' title='bbox 3255 3015 3472 3070; x_wconf 88' lang='lat' dir='ltr'><strong>fuerant</strong></span> <span class='ocrx_word' id='word_1_458' title='bbox 3529 3030 3752 3086; x_wconf 84' lang='lat' dir='ltr'><strong>peracta</strong></span> 
     </span>
    </p>
   </div>
   <div class='ocr_carea' id='block_1_60' title="bbox 2159 3104 3752 3176">
    <p class='ocr_par' dir='ltr' id='par_1_60' title="bbox 2159 3104 3752 3176">
     <span class='ocr_line' id='line_1_60' title="bbox 2159 3104 3752 3176; baseline 0.004 -19"><span class='ocrx_word' id='word_1_459' title='bbox 2159 3111 2334 3158; x_wconf 89' lang='lat' dir='ltr'><strong>morte</strong></span> <span class='ocrx_word' id='word_1_460' title='bbox 2359 3105 2570 3158; x_wconf 81' lang='lat' dir='ltr'><strong>sensuri</strong></span> <span class='ocrx_word' id='word_1_461' title='bbox 2595 3145 2608 3168; x_wconf 94' lang='lat'><strong>,</strong></span> <span class='ocrx_word' id='word_1_462' title='bbox 2642 3104 2732 3173; x_wconf 91' lang='lat' dir='ltr'><strong>qui</strong></span> <span class='ocrx_word' id='word_1_463' title='bbox 2761 3120 2867 3158; x_wconf 89' lang='lat' dir='ltr'><strong>non</strong></span> <span class='ocrx_word' id='word_1_464' title='bbox 2895 3114 3187 3176; x_wconf 90' lang='lat' dir='ltr'><strong>potuerunt</strong></span> <span class='ocrx_word' id='word_1_465' title='bbox 3213 3108 3312 3171; x_wconf 88' lang='lat' dir='ltr'><strong>eis,</strong></span> <span class='ocrx_word' id='word_1_466' title='bbox 3342 3122 3477 3176; x_wconf 90' lang='lat' dir='ltr'><strong>quos</strong></span> <span class='ocrx_word' id='word_1_467' title='bbox 3505 3108 3752 3164; x_wconf 81' lang='lat' dir='ltr'><strong>viventes</strong></span> 
     </span>
    </p>
   </div>
   <div class='ocr_carea' id='block_1_61' title="bbox 459 3165 3749 3269">
    <p class='ocr_par' dir='ltr' id='par_1_61' title="bbox 459 3165 3749 3269">
     <span class='ocr_line' id='line_1_61' title="bbox 459 3165 3749 3269; baseline 0.001 -17"><span class='ocrx_word' id='word_1_468' title='bbox 459 3199 600 3269; x_wconf 84' lang='lat' dir='ltr'><strong>quod</strong></span> <span class='ocrx_word' id='word_1_469' title='bbox 638 3165 881 3269; x_wconf 59' lang='lat' dir='ltr'><strong>priscepit</strong></span> <span class='ocrx_word' id='word_1_470' title='bbox 922 3194 1020 3249; x_wconf 82' lang='lat' dir='ltr'><strong>tibi</strong></span> <span class='ocrx_word' id='word_1_471' title='bbox 1054 3165 1313 3248; x_wconf 70' lang='lat' dir='ltr'><strong>Dominus</strong></span> <span class='ocrx_word' id='word_1_472' title='bbox 1353 3195 1496 3248; x_wconf 85' lang='lat' dir='ltr'><strong>Deus</strong></span> <span class='ocrx_word' id='word_1_473' title='bbox 1537 3207 1680 3261; x_wconf 86' lang='lat' dir='ltr'><strong>tuus,</strong></span> <span class='ocrx_word' id='word_1_474' title='bbox 1728 3205 1777 3250; x_wconf 86' lang='lat' dir='ltr'><strong>et</strong></span> <span class='ocrx_word' id='word_1_475' title='bbox 1821 3214 2053 3252; x_wconf 80' lang='lat' dir='ltr'><strong>reversus</strong></span> <span class='ocrx_word' id='word_1_476' title='bbox 2083 3165 2126 3227; x_wconf 64' lang='grc' dir='ltr'>Ο</span> <span class='ocrx_word' id='word_1_477' title='bbox 2159 3194 2485 3261; x_wconf 83' lang='lat' dir='ltr'><strong>sentiebant,</strong></span> <span class='ocrx_word' id='word_1_478' title='bbox 2531 3195 2860 3250; x_wconf 87' lang='lat' dir='ltr'><strong>cruciatibus</strong></span> <span class='ocrx_word' id='word_1_479' title='bbox 2889 3165 3051 3251; x_wconf 70' lang='lat' dir='ltr'><strong>vinci.</strong></span> <span class='ocrx_word' id='word_1_480' title='bbox 3099 3196 3319 3253; x_wconf 86' lang='lat' dir='ltr'><strong>Poterat</strong></span> <span class='ocrx_word' id='word_1_481' title='bbox 3353 3198 3541 3268; x_wconf 90' lang='lat' dir='ltr'><strong>utique</strong></span> <span class='ocrx_word' id='word_1_482' title='bbox 3583 3201 3749 3265; x_wconf 85' lang='lat' dir='ltr'><strong>Deus,</strong></span> 
     </span>
    </p>
   </div>
   <div class='ocr_carea' id='block_1_62' title="bbox 460 3284 2056 3362">
    <p class='ocr_par' dir='ltr' id='par_1_62' title="bbox 460 3284 2056 3362">
     <span class='ocr_line' id='line_1_62' title="bbox 460 3284 2056 3362; baseline -0.001 -20"><span class='ocrx_word' id='word_1_483' title='bbox 460 3305 535 3353; x_wconf 84' lang='lat' dir='ltr'><strong>es,</strong></span> <span class='ocrx_word' id='word_1_484' title='bbox 568 3298 618 3362; x_wconf 69' lang='grc' dir='ltr'><em>ει</em></span> <span class='ocrx_word' id='word_1_485' title='bbox 654 3286 925 3341; x_wconf 82' lang='lat' dir='ltr'><strong>comedisti</strong></span> <span class='ocrx_word' id='word_1_486' title='bbox 967 3301 1186 3358; x_wconf 82' lang='lat' dir='ltr'><strong>panem,</strong></span> <span class='ocrx_word' id='word_1_487' title='bbox 1227 3295 1274 3337; x_wconf 88' lang='lat' dir='ltr'><strong>et</strong></span> <span class='ocrx_word' id='word_1_488' title='bbox 1313 3284 1483 3338; x_wconf 84' lang='lat' dir='ltr'><strong>bibisti</strong></span> <span class='ocrx_word' id='word_1_489' title='bbox 1522 3302 1712 3356; x_wconf 80' lang='lat' dir='ltr'><strong>aquam</strong></span> <span class='ocrx_word' id='word_1_490' title='bbox 1743 3286 1797 3341; x_wconf 80' lang='lat' dir='ltr'><strong>in</strong></span> <span class='ocrx_word' id='word_1_491' title='bbox 1835 3286 1967 3354; x_wconf 89' lang='lat' dir='ltr'><strong>loco,</strong></span> <span class='ocrx_word' id='word_1_492' title='bbox 2001 3289 2056 3341; x_wconf 80' lang='lat' dir='ltr'><strong>in</strong></span> 
     </span>
    </p>
   </div>
   <div class='ocr_carea' id='block_1_63' title="bbox 460 3376 2055 3452">
    <p class='ocr_par' dir='ltr' id='par_1_63' title="bbox 460 3376 2055 3452">
     <span class='ocr_line' id='line_1_63' title="bbox 460 3376 2055 3452; baseline 0 -19"><span class='ocrx_word' id='word_1_493' title='bbox 460 3397 564 3452; x_wconf 77' lang='lat' dir='ltr'><strong>quo</strong></span> <span class='ocrx_word' id='word_1_494' title='bbox 600 3380 842 3449; x_wconf 71' lang='lat' dir='ltr'><strong>pracepit</strong></span> <span class='ocrx_word' id='word_1_495' title='bbox 873 3379 965 3431; x_wconf 83' lang='lat' dir='ltr'><strong>tibi</strong></span> <span class='ocrx_word' id='word_1_496' title='bbox 993 3394 1054 3430; x_wconf 78' lang='lat' dir='ltr'><strong>ne</strong></span> <span class='ocrx_word' id='word_1_497' title='bbox 1092 3376 1385 3430; x_wconf 80' lang='lat' dir='ltr'><strong>comederes</strong></span> <span class='ocrx_word' id='word_1_498' title='bbox 1419 3392 1634 3446; x_wconf 80' lang='lat' dir='ltr'><strong>panem,</strong></span> <span class='ocrx_word' id='word_1_499' title='bbox 1666 3394 1830 3450; x_wconf 83' lang='lat' dir='ltr'><strong>neque</strong></span> <span class='ocrx_word' id='word_1_500' title='bbox 1859 3380 2055 3434; x_wconf 83' lang='lat' dir='ltr'><strong>biberes</strong></span> 
     </span>
    </p>
   </div>
   <div class='ocr_carea' id='block_1_64' title="bbox 460 3465 2057 3541">
    <p class='ocr_par' dir='ltr' id='par_1_64' title="bbox 460 3465 2057 3541">
     <span class='ocr_line' id='line_1_64' title="bbox 460 3465 2057 3541; baseline 0.001 -20"><span class='ocrx_word' id='word_1_501' title='bbox 460 3485 684 3540; x_wconf 81' lang='lat' dir='ltr'><strong>aquam,</strong></span> <span class='ocrx_word' id='word_1_502' title='bbox 714 3484 817 3520; x_wconf 84' lang='lat' dir='ltr'><strong>non</strong></span> <span class='ocrx_word' id='word_1_503' title='bbox 850 3467 1102 3535; x_wconf 82' lang='lat' dir='ltr'><strong>inferetur</strong></span> <span class='ocrx_word' id='word_1_504' title='bbox 1128 3467 1353 3519; x_wconf 81' lang='lat' dir='ltr'><strong>cadaver</strong></span> <span class='ocrx_word' id='word_1_505' title='bbox 1406 3477 1553 3518; x_wconf 84' lang='lat' dir='ltr'><strong>tuum</strong></span> <span class='ocrx_word' id='word_1_506' title='bbox 1598 3465 1653 3519; x_wconf 86' lang='lat' dir='ltr'><strong>in</strong></span> <span class='ocrx_word' id='word_1_507' title='bbox 1691 3467 1927 3536; x_wconf 79' lang='lat' dir='ltr'><strong>sepulcro</strong></span> <span class='ocrx_word' id='word_1_508' title='bbox 1966 3486 2057 3541; x_wconf 83' lang='lat' dir='ltr'><strong>pa-</strong></span> 
     </span>
    </p>
   </div>
   <div class='ocr_carea' id='block_1_65' title="bbox 462 3557 1628 3627">
    <p class='ocr_par' dir='ltr' id='par_1_65' title="bbox 462 3557 1628 3627">
     <span class='ocr_line' id='line_1_65' title="bbox 462 3557 1628 3627; baseline -0.006 -13"><span class='ocrx_word' id='word_1_509' title='bbox 462 3573 600 3615; x_wconf 77' lang='lat' dir='ltr'><strong>trum</strong></span> <span class='ocrx_word' id='word_1_510' title='bbox 629 3569 838 3613; x_wconf 81' lang='lat' dir='ltr'><strong>tuorum</strong></span> <span class='ocrx_word' id='word_1_511' title='bbox 859 3600 872 3624; x_wconf 94' lang='lat'><strong>,</strong></span> <span class='ocrx_word' id='word_1_512' title='bbox 906 3568 959 3611; x_wconf 90' lang='lat' dir='ltr'><strong>et</strong></span> <span class='ocrx_word' id='word_1_513' title='bbox 986 3557 1212 3627; x_wconf 90' lang='lat' dir='ltr'><strong>reliqua.</strong></span> <span class='ocrx_word' id='word_1_514' title='bbox 1621 3567 1628 3575; x_wconf 83' lang='lat'><strong>&#39;</strong></span> 
     </span>
    </p>
   </div>
   <div class='ocr_carea' id='block_1_66' title="bbox 539 3647 2051 3718">
    <p class='ocr_par' dir='ltr' id='par_1_66' title="bbox 539 3647 2051 3718">
     <span class='ocr_line' id='line_1_66' title="bbox 539 3647 2051 3718; baseline 0.001 -17"><span class='ocrx_word' id='word_1_515' title='bbox 539 3668 559 3701; x_wconf 73' lang='grc' dir='ltr'><em>α</em></span> <span class='ocrx_word' id='word_1_516' title='bbox 597 3649 794 3717; x_wconf 88' lang='lat' dir='ltr'><strong>Quanti</strong></span> <span class='ocrx_word' id='word_1_517' title='bbox 839 3650 954 3704; x_wconf 60' lang='lat' dir='ltr'><strong>haec</strong></span> <span class='ocrx_word' id='word_1_518' title='bbox 997 3663 1157 3718; x_wconf 76' lang='lat' dir='ltr'><strong>poma</strong></span> <span class='ocrx_word' id='word_1_519' title='bbox 1209 3647 1490 3717; x_wconf 86' lang='lat' dir='ltr'><strong>pendenda</strong></span> <span class='ocrx_word' id='word_1_520' title='bbox 1532 3647 1622 3713; x_wconf 90' lang='lat' dir='ltr'><strong>sit,</strong></span> <span class='ocrx_word' id='word_1_521' title='bbox 1665 3647 1710 3702; x_wconf 89' lang='lat' dir='ltr'><strong>si</strong></span> <span class='ocrx_word' id='word_1_522' title='bbox 1756 3647 2051 3703; x_wconf 88' lang='lat' dir='ltr'><strong>secundum</strong></span> 
     </span>
    </p>
   </div>
   <div class='ocr_carea' id='block_1_67' title="bbox 461 3733 2050 3813">
    <p class='ocr_par' dir='ltr' id='par_1_67' title="bbox 461 3733 2050 3813">
     <span class='ocr_line' id='line_1_67' title="bbox 461 3733 2050 3813; baseline -0.001 -17"><span class='ocrx_word' id='word_1_523' title='bbox 461 3741 812 3813; x_wconf 83' lang='lat' dir='ltr'><strong>Evangelium</strong></span> <span class='ocrx_word' id='word_1_524' title='bbox 844 3733 1161 3809; x_wconf 81' lang='lat' dir='ltr'><strong>cogitemus,</strong></span> <span class='ocrx_word' id='word_1_525' title='bbox 1193 3741 1282 3795; x_wconf 91' lang='lat' dir='ltr'><strong>ubi</strong></span> <span class='ocrx_word' id='word_1_526' title='bbox 1319 3748 1443 3808; x_wconf 90' lang='lat' dir='ltr'><strong>post</strong></span> <span class='ocrx_word' id='word_1_527' title='bbox 1471 3755 1668 3810; x_wconf 92' lang='lat' dir='ltr'><strong>corpus</strong></span> <span class='ocrx_word' id='word_1_528' title='bbox 1696 3740 1936 3795; x_wconf 90' lang='lat' dir='ltr'><strong>occisum</strong></span> <span class='ocrx_word' id='word_1_529' title='bbox 1969 3741 2050 3795; x_wconf 91' lang='lat' dir='ltr'><strong>ni-</strong></span> 
     </span>
    </p>
   </div>
   <div class='ocr_carea' id='block_1_68' title="bbox 461 3831 2064 3895">
    <p class='ocr_par' dir='ltr' id='par_1_68' title="bbox 461 3831 2064 3895">
     <span class='ocr_line' id='line_1_68' title="bbox 461 3831 2064 3895; baseline -0.001 -6"><span class='ocrx_word' id='word_1_530' title='bbox 461 3834 537 3889; x_wconf 90' lang='lat' dir='ltr'><strong>hil</strong></span> <span class='ocrx_word' id='word_1_531' title='bbox 559 3831 907 3888; x_wconf 80' lang='lat' dir='ltr'><strong>metueitdum</strong></span> <span class='ocrx_word' id='word_1_532' title='bbox 937 3847 1059 3886; x_wconf 85' lang='lat' dir='ltr'><strong>esse</strong></span> <span class='ocrx_word' id='word_1_533' title='bbox 1088 3831 1397 3895; x_wconf 90' lang='lat' dir='ltr'><strong>didicimus,</strong></span> <span class='ocrx_word' id='word_1_534' title='bbox 1427 3846 1497 3886; x_wconf 90' lang='lat' dir='ltr'><strong>ne</strong></span> <span class='ocrx_word' id='word_1_535' title='bbox 1535 3833 1776 3887; x_wconf 88' lang='lat' dir='ltr'><strong>membra</strong></span> <span class='ocrx_word' id='word_1_536' title='bbox 1809 3835 1833 3872; x_wconf 75' lang='grc' dir='ltr'>ε</span> <span class='ocrx_word' id='word_1_537' title='bbox 1863 3833 2064 3887; x_wconf 58' lang='grc' dir='ltr'><strong>θιεηίέ</strong></span> 
     </span>
    </p>
   </div>
   <div class='ocr_carea' id='block_1_69' title="bbox 460 3918 2048 3995">
    <p class='ocr_par' dir='ltr' id='par_1_69' title="bbox 460 3918 2048 3995">
     <span class='ocr_line' id='line_1_69' title="bbox 460 3918 2048 3995; baseline 0 -16"><span class='ocrx_word' id='word_1_538' title='bbox 460 3934 604 3980; x_wconf 89' lang='lat' dir='ltr'><strong>mata</strong></span> <span class='ocrx_word' id='word_1_539' title='bbox 634 3924 931 3995; x_wconf 84' lang='lat' dir='ltr'><strong>patiantur,</strong></span> <span class='ocrx_word' id='word_1_540' title='bbox 960 3936 1057 3976; x_wconf 91' lang='lat' dir='ltr'><strong>nec</strong></span> <span class='ocrx_word' id='word_1_541' title='bbox 1082 3935 1240 3992; x_wconf 60' lang='lat' dir='ltr'><strong>poena</strong></span> <span class='ocrx_word' id='word_1_542' title='bbox 1268 3922 1492 3976; x_wconf 90' lang='lat' dir='ltr'><strong>dicenda</strong></span> <span class='ocrx_word' id='word_1_543' title='bbox 1518 3918 1621 3977; x_wconf 84' lang='lat' dir='ltr'><strong>est.</strong></span> <span class='ocrx_word' id='word_1_544' title='bbox 1654 3921 1710 3976; x_wconf 91' lang='lat' dir='ltr'><strong>Si</strong></span> <span class='ocrx_word' id='word_1_545' title='bbox 1742 3932 1918 3978; x_wconf 90' lang='lat' dir='ltr'><strong>autem</strong></span> <span class='ocrx_word' id='word_1_546' title='bbox 1950 3925 2048 3980; x_wconf 88' lang='lat' dir='ltr'><strong>hu-</strong></span> 
     </span>
    </p>
   </div>
   <div class='ocr_carea' id='block_1_70' title="bbox 459 4013 2045 4083">
    <p class='ocr_par' dir='ltr' id='par_1_70' title="bbox 459 4013 2045 4083">
     <span class='ocr_line' id='line_1_70' title="bbox 459 4013 2045 4083; baseline 0 -14"><span class='ocrx_word' id='word_1_547' title='bbox 459 4029 681 4070; x_wconf 88' lang='lat' dir='ltr'><strong>manum</strong></span> <span class='ocrx_word' id='word_1_548' title='bbox 718 4029 848 4083; x_wconf 86' lang='lat' dir='ltr'><strong>erga</strong></span> <span class='ocrx_word' id='word_1_549' title='bbox 887 4028 1037 4066; x_wconf 90' lang='lat' dir='ltr'><strong>suam</strong></span> <span class='ocrx_word' id='word_1_550' title='bbox 1076 4027 1295 4067; x_wconf 86' lang='lat' dir='ltr'><strong>carnem</strong></span> <span class='ocrx_word' id='word_1_551' title='bbox 1327 4013 1730 4068; x_wconf 89' lang='lat' dir='ltr'><strong>consideremus</strong></span> <span class='ocrx_word' id='word_1_552' title='bbox 1769 4013 2045 4081; x_wconf 73' lang='lat' dir='ltr'><strong>affectum,</strong></span> 
     </span>
    </p>
   </div>
   <div class='ocr_carea' id='block_1_71' title="bbox 459 4102 2049 4177">
    <p class='ocr_par' dir='ltr' id='par_1_71' title="bbox 459 4102 2049 4177">
     <span class='ocr_line' id='line_1_71' title="bbox 459 4102 2049 4177; baseline 0.001 -17"><span class='ocrx_word' id='word_1_553' title='bbox 459 4105 634 4177; x_wconf 88' lang='lat' dir='ltr'><strong>potuit</strong></span> <span class='ocrx_word' id='word_1_554' title='bbox 673 4105 794 4159; x_wconf 90' lang='lat' dir='ltr'><strong>inde</strong></span> <span class='ocrx_word' id='word_1_555' title='bbox 835 4104 1048 4166; x_wconf 86' lang='lat' dir='ltr'><strong>terreri,</strong></span> <span class='ocrx_word' id='word_1_556' title='bbox 1084 4102 1167 4157; x_wconf 86' lang='lat' dir='ltr'><strong>vel</strong></span> <span class='ocrx_word' id='word_1_557' title='bbox 1196 4103 1511 4158; x_wconf 83' lang='lat' dir='ltr'><strong>contristari</strong></span> <span class='ocrx_word' id='word_1_558' title='bbox 1537 4104 1712 4170; x_wconf 90' lang='lat' dir='ltr'><strong>vivus,</strong></span> <span class='ocrx_word' id='word_1_559' title='bbox 1751 4105 1892 4173; x_wconf 92' lang='lat' dir='ltr'><strong>quod</strong></span> <span class='ocrx_word' id='word_1_560' title='bbox 1924 4122 2049 4162; x_wconf 47' lang='lat' dir='ltr'><strong>sen.</strong></span> 
     </span>
    </p>
   </div>
   <div class='ocr_carea' id='block_1_72' title="bbox 459 4193 2046 4265">
    <p class='ocr_par' dir='ltr' id='par_1_72' title="bbox 459 4193 2046 4265">
     <span class='ocr_line' id='line_1_72' title="bbox 459 4193 2046 4265; baseline -0.003 -13"><span class='ocrx_word' id='word_1_561' title='bbox 459 4211 619 4252; x_wconf 86' lang='lat' dir='ltr'><strong>surus</strong></span> <span class='ocrx_word' id='word_1_562' title='bbox 666 4211 771 4249; x_wconf 89' lang='lat' dir='ltr'><strong>nun</strong></span> <span class='ocrx_word' id='word_1_563' title='bbox 821 4202 1239 4254; x_wconf 74' lang='lat' dir='ltr'><strong>eratmortuus.</strong></span> <span class='ocrx_word' id='word_1_564' title='bbox 1272 4193 1341 4248; x_wconf 82' lang='lat' dir='ltr'><strong>Et</strong></span> <span class='ocrx_word' id='word_1_565' title='bbox 1385 4194 1499 4248; x_wconf 59' lang='lat' dir='ltr'><strong>haec</strong></span> <span class='ocrx_word' id='word_1_566' title='bbox 1540 4203 1658 4248; x_wconf 89' lang='lat' dir='ltr'><strong>erat</strong></span> <span class='ocrx_word' id='word_1_567' title='bbox 1685 4208 1867 4263; x_wconf 67' lang='lat' dir='ltr'><strong>poena,</strong></span> <span class='ocrx_word' id='word_1_568' title='bbox 1912 4211 2046 4265; x_wconf 89' lang='lat' dir='ltr'><strong>quo-</strong></span> 
     </span>
    </p>
   </div>
   <div class='ocr_carea' id='block_1_73' title="bbox 460 4279 2040 4357">
    <p class='ocr_par' dir='ltr' id='par_1_73' title="bbox 460 4279 2040 4357">
     <span class='ocr_line' id='line_1_73' title="bbox 460 4279 2040 4357; baseline -0.001 -13"><span class='ocrx_word' id='word_1_569' title='bbox 460 4289 609 4344; x_wconf 82' lang='lat' dir='ltr'><strong>niam</strong></span> <span class='ocrx_word' id='word_1_570' title='bbox 642 4287 858 4342; x_wconf 84' lang='lat' dir='ltr'><strong>dolebat</strong></span> <span class='ocrx_word' id='word_1_571' title='bbox 904 4285 1138 4348; x_wconf 85' lang='lat' dir='ltr'><strong>animus,</strong></span> <span class='ocrx_word' id='word_1_572' title='bbox 1175 4279 1229 4339; x_wconf 91' lang='lat' dir='ltr'><strong>id</strong></span> <span class='ocrx_word' id='word_1_573' title='bbox 1271 4284 1338 4337; x_wconf 91' lang='lat' dir='ltr'><strong>de</strong></span> <span class='ocrx_word' id='word_1_574' title='bbox 1374 4300 1471 4339; x_wconf 90' lang='lat' dir='ltr'><strong>suo</strong></span> <span class='ocrx_word' id='word_1_575' title='bbox 1511 4301 1735 4355; x_wconf 90' lang='lat' dir='ltr'><strong>corpore</strong></span> <span class='ocrx_word' id='word_1_576' title='bbox 1779 4285 2040 4357; x_wconf 85' lang='lat' dir='ltr'><strong>futurum,</strong></span> 
     </span>
    </p>
   </div>
   <div class='ocr_carea' id='block_1_74' title="bbox 2157 3283 3745 3359">
    <p class='ocr_par' dir='ltr' id='par_1_74' title="bbox 2157 3283 3745 3359">
     <span class='ocr_line' id='line_1_74' title="bbox 2157 3283 3745 3359; baseline 0.005 -23"><span class='ocrx_word' id='word_1_577' title='bbox 2157 3284 2246 3352; x_wconf 90' lang='lat' dir='ltr'><strong>qui</strong></span> <span class='ocrx_word' id='word_1_578' title='bbox 2295 3283 2505 3340; x_wconf 81' lang='lat' dir='ltr'><strong>leonem</strong></span> <span class='ocrx_word' id='word_1_579' title='bbox 2549 3285 2825 3357; x_wconf 64' lang='lat' dir='ltr'><strong>prophetae</strong></span> <span class='ocrx_word' id='word_1_580' title='bbox 2853 3301 3069 3357; x_wconf 89' lang='lat' dir='ltr'><strong>corpus,</strong></span> <span class='ocrx_word' id='word_1_581' title='bbox 3109 3288 3254 3358; x_wconf 90' lang='lat' dir='ltr'><strong>quod</strong></span> <span class='ocrx_word' id='word_1_582' title='bbox 3304 3289 3419 3359; x_wconf 87' lang='lat' dir='ltr'><strong>ipse</strong></span> <span class='ocrx_word' id='word_1_583' title='bbox 3446 3290 3745 3355; x_wconf 86' lang='lat' dir='ltr'><strong>occiderat,</strong></span> 
     </span>
    </p>
   </div>
   <div class='ocr_carea' id='block_1_75' title="bbox 2155 3373 3747 3450">
    <p class='ocr_par' dir='ltr' id='par_1_75' title="bbox 2155 3373 3747 3450">
     <span class='ocr_line' id='line_1_75' title="bbox 2155 3373 3747 3450; baseline 0.006 -23"><span class='ocrx_word' id='word_1_584' title='bbox 2155 3373 2382 3428; x_wconf 86' lang='lat' dir='ltr'><strong>ulterius</strong></span> <span class='ocrx_word' id='word_1_585' title='bbox 2425 3390 2532 3429; x_wconf 90' lang='lat' dir='ltr'><strong>non</strong></span> <span class='ocrx_word' id='word_1_586' title='bbox 2563 3376 2812 3445; x_wconf 89' lang='lat' dir='ltr'><strong>permisit</strong></span> <span class='ocrx_word' id='word_1_587' title='bbox 2855 3377 3142 3447; x_wconf 75' lang='lat' dir='ltr'><strong>attingere,</strong></span> <span class='ocrx_word' id='word_1_588' title='bbox 3173 3385 3228 3432; x_wconf 90' lang='lat' dir='ltr'><strong>et</strong></span> <span class='ocrx_word' id='word_1_589' title='bbox 3267 3376 3394 3433; x_wconf 79' lang='lat' dir='ltr'><strong>fecit</strong></span> <span class='ocrx_word' id='word_1_590' title='bbox 3434 3379 3499 3435; x_wconf 91' lang='lat' dir='ltr'><strong>de</strong></span> <span class='ocrx_word' id='word_1_591' title='bbox 3535 3395 3747 3450; x_wconf 80' lang='lat' dir='ltr'><strong>perem-</strong></span> 
     </span>
    </p>
   </div>
   <div class='ocr_carea' id='block_1_76' title="bbox 2154 3467 3748 3540">
    <p class='ocr_par' dir='ltr' id='par_1_76' title="bbox 2154 3467 3748 3540">
     <span class='ocr_line' id='line_1_76' title="bbox 2154 3467 3748 3540; baseline 0.004 -21"><span class='ocrx_word' id='word_1_592' title='bbox 2154 3471 2309 3533; x_wconf 83' lang='lat' dir='ltr'><strong>ptore</strong></span> <span class='ocrx_word' id='word_1_593' title='bbox 2330 3467 2607 3522; x_wconf 85' lang='lat' dir='ltr'><strong>custodem</strong></span> <span class='ocrx_word' id='word_1_594' title='bbox 2636 3483 2649 3520; x_wconf 87' lang='lat'><strong>:</strong></span> <span class='ocrx_word' id='word_1_595' title='bbox 2682 3475 2926 3536; x_wconf 88' lang='lat' dir='ltr'><strong>poterat,</strong></span> <span class='ocrx_word' id='word_1_596' title='bbox 2968 3467 3222 3536; x_wconf 85' lang='lat' dir='ltr'><strong>inquam,</strong></span> <span class='ocrx_word' id='word_1_597' title='bbox 3259 3483 3290 3522; x_wconf 85' lang='lat' dir='ltr'><strong>a</strong></span> <span class='ocrx_word' id='word_1_598' title='bbox 3323 3484 3547 3524; x_wconf 83' lang='lat' dir='ltr'><strong>suorum</strong></span> <span class='ocrx_word' id='word_1_599' title='bbox 3580 3471 3748 3540; x_wconf 85' lang='lat' dir='ltr'><strong>inter-</strong></span> 
     </span>
    </p>
   </div>
   <div class='ocr_carea' id='block_1_77' title="bbox 2153 3553 3744 3632">
    <p class='ocr_par' dir='ltr' id='par_1_77' title="bbox 2153 3553 3744 3632">
     <span class='ocr_line' id='line_1_77' title="bbox 2153 3553 3744 3632; baseline 0.006 -24"><span class='ocrx_word' id='word_1_600' title='bbox 2153 3553 2312 3610; x_wconf 86' lang='lat' dir='ltr'><strong>fectis</strong></span> <span class='ocrx_word' id='word_1_601' title='bbox 2357 3555 2695 3626; x_wconf 86' lang='lat' dir='ltr'><strong>corporibus,</strong></span> <span class='ocrx_word' id='word_1_602' title='bbox 2745 3572 2930 3623; x_wconf 83' lang='lat' dir='ltr'><strong>canes,</strong></span> <span class='ocrx_word' id='word_1_603' title='bbox 2977 3559 3174 3627; x_wconf 86' lang='lat' dir='ltr'><strong>quibus</strong></span> <span class='ocrx_word' id='word_1_604' title='bbox 3220 3557 3436 3614; x_wconf 85' lang='lat' dir='ltr'><strong>fuerant</strong></span> <span class='ocrx_word' id='word_1_605' title='bbox 3475 3562 3744 3632; x_wconf 74' lang='lat' dir='ltr'><strong>projects,</strong></span> 
     </span>
    </p>
   </div>
   <div class='ocr_carea' id='block_1_78' title="bbox 2151 3648 3746 3719">
    <p class='ocr_par' dir='ltr' id='par_1_78' title="bbox 2151 3648 3746 3719">
     <span class='ocr_line' id='line_1_78' title="bbox 2151 3648 3746 3719; baseline 0.004 -18"><span class='ocrx_word' id='word_1_606' title='bbox 2151 3648 2440 3716; x_wconf 89' lang='lat' dir='ltr'><strong>prohibere</strong></span> <span class='ocrx_word' id='word_1_607' title='bbox 2470 3666 2482 3701; x_wconf 94' lang='lat'>:</span> <span class='ocrx_word' id='word_1_608' title='bbox 2516 3657 2761 3717; x_wconf 86' lang='lat' dir='ltr'><strong>poterat,</strong></span> <span class='ocrx_word' id='word_1_609' title='bbox 2802 3659 2858 3703; x_wconf 88' lang='lat' dir='ltr'><strong>et</strong></span> <span class='ocrx_word' id='word_1_610' title='bbox 2900 3650 3139 3719; x_wconf 91' lang='lat' dir='ltr'><strong>ipsorum</strong></span> <span class='ocrx_word' id='word_1_611' title='bbox 3180 3650 3462 3705; x_wconf 87' lang='lat' dir='ltr'><strong>hominum</strong></span> <span class='ocrx_word' id='word_1_612' title='bbox 3493 3652 3746 3708; x_wconf 86' lang='lat' dir='ltr'><strong>innume-</strong></span> 
     </span>
    </p>
   </div>
   <div class='ocr_carea' id='block_1_79' title="bbox 2152 3739 3746 3806">
    <p class='ocr_par' dir='ltr' id='par_1_79' title="bbox 2152 3739 3746 3806">
     <span class='ocr_line' id='line_1_79' title="bbox 2152 3739 3746 3806; baseline 0.004 -13"><span class='ocrx_word' id='word_1_613' title='bbox 2152 3739 2414 3796; x_wconf 88' lang='lat' dir='ltr'><strong>rabilibus</strong></span> <span class='ocrx_word' id='word_1_614' title='bbox 2443 3742 2616 3796; x_wconf 89' lang='lat' dir='ltr'><strong>modis</strong></span> <span class='ocrx_word' id='word_1_615' title='bbox 2639 3749 2824 3796; x_wconf 91' lang='lat' dir='ltr'><strong>tenere</strong></span> <span class='ocrx_word' id='word_1_616' title='bbox 2850 3741 3130 3806; x_wconf 77' lang='lat' dir='ltr'><strong>szevitiam,</strong></span> <span class='ocrx_word' id='word_1_617' title='bbox 3160 3757 3228 3797; x_wconf 90' lang='lat' dir='ltr'><strong>ne</strong></span> <span class='ocrx_word' id='word_1_618' title='bbox 3252 3743 3520 3798; x_wconf 87' lang='lat' dir='ltr'><strong>cadavera</strong></span> <span class='ocrx_word' id='word_1_619' title='bbox 3560 3744 3746 3799; x_wconf 85' lang='lat' dir='ltr'><strong>incen-</strong></span> 
     </span>
    </p>
   </div>
   <div class='ocr_carea' id='block_1_80' title="bbox 2151 3832 3746 3905">
    <p class='ocr_par' dir='ltr' id='par_1_80' title="bbox 2151 3832 3746 3905">
     <span class='ocr_line' id='line_1_80' title="bbox 2151 3832 3746 3905; baseline 0.002 -16"><span class='ocrx_word' id='word_1_620' title='bbox 2151 3832 2310 3898; x_wconf 90' lang='lat' dir='ltr'><strong>dere,</strong></span> <span class='ocrx_word' id='word_1_621' title='bbox 2354 3834 2499 3889; x_wconf 82' lang='lat' dir='ltr'><strong>neci</strong></span> <span class='ocrx_word' id='word_1_622' title='bbox 2537 3832 2590 3887; x_wconf 90' lang='lat' dir='ltr'><strong>in</strong></span> <span class='ocrx_word' id='word_1_623' title='bbox 2634 3847 2760 3887; x_wconf 84' lang='lat' dir='ltr'><strong>aera</strong></span> <span class='ocrx_word' id='word_1_624' title='bbox 2803 3833 3114 3905; x_wconf 80' lang='lat' dir='ltr'><strong>dispergere</strong></span> <span class='ocrx_word' id='word_1_625' title='bbox 3159 3835 3467 3889; x_wconf 88' lang='lat' dir='ltr'><strong>auderent:</strong></span> <span class='ocrx_word' id='word_1_626' title='bbox 3501 3836 3600 3890; x_wconf 83' lang='lat' dir='ltr'><strong>sed</strong></span> <span class='ocrx_word' id='word_1_627' title='bbox 3641 3837 3746 3892; x_wconf 88' lang='lat' dir='ltr'><strong>hoc</strong></span> 
     </span>
    </p>
   </div>
   <div class='ocr_carea' id='block_1_81' title="bbox 2149 3925 3744 3996">
    <p class='ocr_par' dir='ltr' id='par_1_81' title="bbox 2149 3925 3744 3996">
     <span class='ocr_line' id='line_1_81' title="bbox 2149 3925 3744 3996; baseline 0.002 -17"><span class='ocrx_word' id='word_1_628' title='bbox 2149 3940 2364 3996; x_wconf 86' lang='lat' dir='ltr'><strong>quoque</strong></span> <span class='ocrx_word' id='word_1_629' title='bbox 2403 3925 2833 3996; x_wconf 85' lang='lat' dir='ltr'><strong>experimentum</strong></span> <span class='ocrx_word' id='word_1_630' title='bbox 2878 3925 3162 3995; x_wconf 82' lang='lat' dir='ltr'><strong>multiplici</strong></span> <span class='ocrx_word' id='word_1_631' title='bbox 3192 3927 3446 3983; x_wconf 87' lang='lat' dir='ltr'><strong>varietati</strong></span> <span class='ocrx_word' id='word_1_632' title='bbox 3487 3930 3744 3984; x_wconf 83' lang='lat' dir='ltr'><strong>tentatio—</strong></span> 
     </span>
    </p>
   </div>
   <div class='ocr_carea' id='block_1_82' title="bbox 2149 4017 3740 4084">
    <p class='ocr_par' dir='ltr' id='par_1_82' title="bbox 2149 4017 3740 4084">
     <span class='ocr_line' id='line_1_82' title="bbox 2149 4017 3740 4084; baseline 0.002 -12"><span class='ocrx_word' id='word_1_633' title='bbox 2149 4033 2276 4072; x_wconf 90' lang='lat' dir='ltr'><strong>num</strong></span> <span class='ocrx_word' id='word_1_634' title='bbox 2309 4018 2496 4084; x_wconf 74' lang='lat' dir='ltr'><strong>deesse</strong></span> <span class='ocrx_word' id='word_1_635' title='bbox 2542 4031 2648 4073; x_wconf 89' lang='lat' dir='ltr'><strong>non</strong></span> <span class='ocrx_word' id='word_1_636' title='bbox 2695 4017 2900 4083; x_wconf 86' lang='lat' dir='ltr'><strong>debuit,</strong></span> <span class='ocrx_word' id='word_1_637' title='bbox 2944 4034 3012 4074; x_wconf 86' lang='lat' dir='ltr'><strong>ne</strong></span> <span class='ocrx_word' id='word_1_638' title='bbox 3055 4018 3316 4074; x_wconf 88' lang='lat' dir='ltr'><strong>fortitudo</strong></span> <span class='ocrx_word' id='word_1_639' title='bbox 3355 4017 3740 4084; x_wconf 82' lang='lat' dir='ltr'><strong>confessionis,</strong></span> 
     </span>
    </p>
   </div>
   <div class='ocr_carea' id='block_1_83' title="bbox 2147 4108 3742 4180">
    <p class='ocr_par' dir='ltr' id='par_1_83' title="bbox 2147 4108 3742 4180">
     <span class='ocr_line' id='line_1_83' title="bbox 2147 4108 3742 4180; baseline 0.003 -20"><span class='ocrx_word' id='word_1_640' title='bbox 2147 4123 2268 4177; x_wconf 80' lang='lat' dir='ltr'><strong>quae</strong></span> <span class='ocrx_word' id='word_1_641' title='bbox 2312 4108 2634 4163; x_wconf 77' lang='lat' dir='ltr'><strong>immanitati</strong></span> <span class='ocrx_word' id='word_1_642' title='bbox 2685 4108 3078 4176; x_wconf 88' lang='lat' dir='ltr'><strong>persecutionis</strong></span> <span class='ocrx_word' id='word_1_643' title='bbox 3124 4124 3224 4178; x_wconf 93' lang='lat' dir='ltr'><strong>pro</strong></span> <span class='ocrx_word' id='word_1_644' title='bbox 3270 4111 3516 4180; x_wconf 87' lang='lat' dir='ltr'><strong>corporis</strong></span> <span class='ocrx_word' id='word_1_645' title='bbox 3566 4110 3742 4166; x_wconf 80' lang='lat' dir='ltr'><strong>salute</strong></span> 
     </span>
    </p>
   </div>
   <div class='ocr_carea' id='block_1_84' title="bbox 2148 4198 3740 4272">
    <p class='ocr_par' dir='ltr' id='par_1_84' title="bbox 2148 4198 3740 4272">
     <span class='ocr_line' id='line_1_84' title="bbox 2148 4198 3740 4272; baseline 0.003 -19"><span class='ocrx_word' id='word_1_646' title='bbox 2148 4215 2255 4253; x_wconf 92' lang='lat' dir='ltr'><strong>non</strong></span> <span class='ocrx_word' id='word_1_647' title='bbox 2287 4199 2534 4260; x_wconf 77' lang='lat' dir='ltr'><strong>Cederet,</strong></span> <span class='ocrx_word' id='word_1_648' title='bbox 2572 4213 2672 4267; x_wconf 90' lang='lat' dir='ltr'><strong>pro</strong></span> <span class='ocrx_word' id='word_1_649' title='bbox 2736 4198 2969 4268; x_wconf 89' lang='lat' dir='ltr'><strong>sepulcri</strong></span> <span class='ocrx_word' id='word_1_650' title='bbox 3015 4199 3223 4256; x_wconf 86' lang='lat' dir='ltr'><strong>honore</strong></span> <span class='ocrx_word' id='word_1_651' title='bbox 3265 4201 3596 4271; x_wconf 87' lang='lat' dir='ltr'><strong>trepidaret;</strong></span> <span class='ocrx_word' id='word_1_652' title='bbox 3643 4218 3740 4272; x_wconf 86' lang='lat' dir='ltr'><strong>po-</strong></span> 
     </span>
    </p>
   </div>
   <div class='ocr_carea' id='block_1_85' title="bbox 2146 4287 3739 4362">
    <p class='ocr_par' dir='ltr' id='par_1_85' title="bbox 2146 4287 3739 4362">
     <span class='ocr_line' id='line_1_85' title="bbox 2146 4287 3739 4362; baseline 0.003 -18"><span class='ocrx_word' id='word_1_653' title='bbox 2146 4298 2350 4344; x_wconf 88' lang='lat' dir='ltr'><strong>stremo</strong></span> <span class='ocrx_word' id='word_1_654' title='bbox 2380 4303 2448 4343; x_wconf 90' lang='lat' dir='ltr'><strong>ne</strong></span> <span class='ocrx_word' id='word_1_655' title='bbox 2486 4287 2621 4343; x_wconf 79' lang='lat' dir='ltr'><strong>fides</strong></span> <span class='ocrx_word' id='word_1_656' title='bbox 2663 4289 3079 4344; x_wconf 86' lang='lat' dir='ltr'><strong>resurrectionis</strong></span> <span class='ocrx_word' id='word_1_657' title='bbox 3112 4293 3588 4362; x_wconf 84' lang='lat' dir='ltr'><strong>consumptionem</strong></span> <span class='ocrx_word' id='word_1_658' title='bbox 3619 4311 3739 4350; x_wconf 83' lang='lat' dir='ltr'><strong>cor-</strong></span> 
     </span>
    </p>
   </div>
   <div class='ocr_carea' id='block_1_86' title="bbox 458 4373 3734 4454">
    <p class='ocr_par' dir='ltr' id='par_1_86' title="bbox 458 4373 3734 4454">
     <span class='ocr_line' id='line_1_86' title="bbox 458 4373 3734 4454; baseline 0.002 -21"><span class='ocrx_word' id='word_1_659' title='bbox 458 4378 707 4450; x_wconf 83' lang='lat' dir='ltr'><strong>quamvis</strong></span> <span class='ocrx_word' id='word_1_660' title='bbox 749 4393 872 4432; x_wconf 90' lang='lat' dir='ltr'><strong>cum</strong></span> <span class='ocrx_word' id='word_1_661' title='bbox 915 4376 1089 4441; x_wconf 85' lang='lat' dir='ltr'><strong>ﬁeret,</strong></span> <span class='ocrx_word' id='word_1_662' title='bbox 1138 4390 1245 4429; x_wconf 90' lang='lat' dir='ltr'><strong>non</strong></span> <span class='ocrx_word' id='word_1_663' title='bbox 1291 4373 1542 4430; x_wconf 88' lang='lat' dir='ltr'><strong>doleret:</strong></span> <span class='ocrx_word' id='word_1_664' title='bbox 1591 4377 1851 4431; x_wconf 89' lang='lat' dir='ltr'><strong>hactenus</strong></span> <span class='ocrx_word' id='word_1_665' title='bbox 1899 4379 2042 4433; x_wconf 69' lang='lat' dir='ltr'><strong>enim</strong></span> <span class='ocrx_word' id='word_1_666' title='bbox 2143 4394 2337 4449; x_wconf 89' lang='lat' dir='ltr'><strong>porum</strong></span> <span class='ocrx_word' id='word_1_667' title='bbox 2373 4377 2709 4433; x_wconf 88' lang='lat' dir='ltr'><strong>formidaret.</strong></span> <span class='ocrx_word' id='word_1_668' title='bbox 2748 4379 3062 4434; x_wconf 74' lang='lat' dir='ltr'><strong>Debuerunt</strong></span> <span class='ocrx_word' id='word_1_669' title='bbox 3087 4395 3217 4450; x_wconf 85' lang='lat' dir='ltr'><strong>ergo</strong></span> <span class='ocrx_word' id='word_1_670' title='bbox 3243 4389 3298 4435; x_wconf 91' lang='lat' dir='ltr'><strong>et</strong></span> <span class='ocrx_word' id='word_1_671' title='bbox 3334 4382 3437 4437; x_wconf 86' lang='lat' dir='ltr'><strong>ista</strong></span> <span class='ocrx_word' id='word_1_672' title='bbox 3467 4386 3734 4454; x_wconf 83' lang='lat' dir='ltr'><strong>permitti,</strong></span> 
     </span>
    </p>
   </div>
   <div class='ocr_carea' id='block_1_87' title="bbox 458 4466 3735 4562">
    <p class='ocr_par' dir='ltr' id='par_1_87' title="bbox 458 4466 3735 4562">
     <span class='ocr_line' id='line_1_87' title="bbox 458 4466 3735 4562; baseline 0.002 -41"><span class='ocrx_word' id='word_1_673' title='bbox 458 4469 630 4524; x_wconf 90' lang='lat' dir='ltr'><strong>voluit</strong></span> <span class='ocrx_word' id='word_1_674' title='bbox 657 4468 916 4524; x_wconf 86' lang='lat' dir='ltr'><strong>Dominus</strong></span> <span class='ocrx_word' id='word_1_675' title='bbox 944 4483 1160 4522; x_wconf 87' lang='lat' dir='ltr'><strong>servum</strong></span> <span class='ocrx_word' id='word_1_676' title='bbox 1193 4483 1350 4522; x_wconf 88' lang='lat' dir='ltr'><strong>suum</strong></span> <span class='ocrx_word' id='word_1_677' title='bbox 1390 4466 1646 4536; x_wconf 78' lang='lat' dir='ltr'><strong>plectere,</strong></span> <span class='ocrx_word' id='word_1_678' title='bbox 1679 4467 1770 4536; x_wconf 92' lang='lat' dir='ltr'><strong>qui</strong></span> <span class='ocrx_word' id='word_1_679' title='bbox 1806 4484 1912 4522; x_wconf 82' lang='lat' dir='ltr'><strong>nun</strong></span> <span class='ocrx_word' id='word_1_680' title='bbox 1945 4485 2038 4523; x_wconf 89' lang='lat' dir='ltr'><strong>sua</strong></span> <span class='ocrx_word' id='word_1_681' title='bbox 2067 4504 2119 4562; x_wconf 70' lang='grc' dir='ltr'><strong>Β</strong></span> <span class='ocrx_word' id='word_1_682' title='bbox 2143 4476 2203 4526; x_wconf 86' lang='lat' dir='ltr'><strong>ut</strong></span> <span class='ocrx_word' id='word_1_683' title='bbox 2235 4470 2396 4522; x_wconf 86' lang='lat' dir='ltr'><strong>etiam</strong></span> <span class='ocrx_word' id='word_1_684' title='bbox 2429 4475 2552 4540; x_wconf 88' lang='lat' dir='ltr'><strong>post</strong></span> <span class='ocrx_word' id='word_1_685' title='bbox 2585 4468 2700 4523; x_wconf 63' lang='lat' dir='ltr'><strong>haec</strong></span> <span class='ocrx_word' id='word_1_686' title='bbox 2726 4469 2860 4522; x_wconf 88' lang='lat' dir='ltr'><strong>tanti</strong></span> <span class='ocrx_word' id='word_1_687' title='bbox 2892 4470 3134 4525; x_wconf 82' lang='lat' dir='ltr'><strong>horroris</strong></span> <span class='ocrx_word' id='word_1_688' title='bbox 3161 4472 3431 4542; x_wconf 82' lang='lat' dir='ltr'><strong>exempla,</strong></span> <span class='ocrx_word' id='word_1_689' title='bbox 3465 4485 3735 4545; x_wconf 78' lang='lat' dir='ltr'><strong>martyres</strong></span> 
     </span>
    </p>
   </div>
   <div class='ocr_carea' id='block_1_88' title="bbox 458 4559 2042 4629">
    <p class='ocr_par' dir='ltr' id='par_1_88' title="bbox 458 4559 2042 4629">
     <span class='ocr_line' id='line_1_88' title="bbox 458 4559 2042 4629; baseline 0 -14"><span class='ocrx_word' id='word_1_690' title='bbox 458 4560 799 4616; x_wconf 90' lang='lat' dir='ltr'><strong>contumacia</strong></span> <span class='ocrx_word' id='word_1_691' title='bbox 839 4568 1122 4628; x_wconf 80' lang='lat' dir='ltr'><strong>spreverat</strong></span> <span class='ocrx_word' id='word_1_692' title='bbox 1157 4568 1484 4629; x_wconf 67' lang='lat' dir='ltr'><strong>praeceptum</strong></span> <span class='ocrx_word' id='word_1_693' title='bbox 1521 4559 1638 4629; x_wconf 86' lang='lat' dir='ltr'><strong>ejus</strong></span> <span class='ocrx_word' id='word_1_694' title='bbox 1669 4559 1915 4629; x_wconf 92' lang='lat' dir='ltr'><strong>implere,</strong></span> <span class='ocrx_word' id='word_1_695' title='bbox 1947 4560 2042 4615; x_wconf 91' lang='lat' dir='ltr'><strong>sed</strong></span> 
     </span>
    </p>
   </div>
   <div class='ocr_carea' id='block_1_89' title="bbox 460 4650 2041 4723">
    <p class='ocr_par' dir='ltr' id='par_1_89' title="bbox 460 4650 2041 4723">
     <span class='ocr_line' id='line_1_89' title="bbox 460 4650 2041 4723; baseline 0.001 -15"><span class='ocrx_word' id='word_1_696' title='bbox 460 4651 637 4708; x_wconf 89' lang='lat' dir='ltr'><strong>aliena</strong></span> <span class='ocrx_word' id='word_1_697' title='bbox 662 4652 961 4722; x_wconf 85' lang='lat' dir='ltr'><strong>decipiente</strong></span> <span class='ocrx_word' id='word_1_698' title='bbox 988 4650 1199 4706; x_wconf 85' lang='lat' dir='ltr'><strong>fallacia</strong></span> <span class='ocrx_word' id='word_1_699' title='bbox 1221 4651 1441 4706; x_wconf 88' lang='lat' dir='ltr'><strong>obedire</strong></span> <span class='ocrx_word' id='word_1_700' title='bbox 1465 4665 1524 4705; x_wconf 84' lang='lat' dir='ltr'><strong>se</strong></span> <span class='ocrx_word' id='word_1_701' title='bbox 1551 4651 1800 4717; x_wconf 86' lang='lat' dir='ltr'><strong>credidit,</strong></span> <span class='ocrx_word' id='word_1_702' title='bbox 1826 4653 2041 4723; x_wconf 85' lang='lat' dir='ltr'><strong>quando</strong></span> 
     </span>
    </p>
   </div>
   <div class='ocr_carea' id='block_1_90' title="bbox 461 4742 2043 4813">
    <p class='ocr_par' dir='ltr' id='par_1_90' title="bbox 461 4742 2043 4813">
     <span class='ocr_line' id='line_1_90' title="bbox 461 4742 2043 4813; baseline 0 -13"><span class='ocrx_word' id='word_1_703' title='bbox 461 4760 568 4800; x_wconf 90' lang='lat' dir='ltr'><strong>non</strong></span> <span class='ocrx_word' id='word_1_704' title='bbox 606 4743 864 4799; x_wconf 89' lang='lat' dir='ltr'><strong>obedivit.</strong></span> <span class='ocrx_word' id='word_1_705' title='bbox 901 4742 1086 4813; x_wconf 79' lang='lat' dir='ltr'><strong>Neque</strong></span> <span class='ocrx_word' id='word_1_706' title='bbox 1120 4742 1261 4796; x_wconf 88' lang='lat' dir='ltr'><strong>enim</strong></span> <span class='ocrx_word' id='word_1_707' title='bbox 1292 4742 1587 4810; x_wconf 88' lang='lat' dir='ltr'><strong>putandum</strong></span> <span class='ocrx_word' id='word_1_708' title='bbox 1623 4752 1727 4806; x_wconf 91' lang='lat' dir='ltr'><strong>est,</strong></span> <span class='ocrx_word' id='word_1_709' title='bbox 1771 4743 1844 4797; x_wconf 88' lang='lat' dir='ltr'><strong>ita</strong></span> <span class='ocrx_word' id='word_1_710' title='bbox 1875 4743 2043 4800; x_wconf 85' lang='lat' dir='ltr'><strong>fuisse</strong></span> 
     </span>
    </p>
   </div>
   <div class='ocr_carea' id='block_1_91' title="bbox 461 4830 2040 4904">
    <p class='ocr_par' dir='ltr' id='par_1_91' title="bbox 461 4830 2040 4904">
     <span class='ocr_line' id='line_1_91' title="bbox 461 4830 2040 4904; baseline -0.001 -15"><span class='ocrx_word' id='word_1_711' title='bbox 461 4835 844 4904; x_wconf 87' lang='lat' dir='ltr'><strong>interemptum</strong></span> <span class='ocrx_word' id='word_1_712' title='bbox 882 4847 1066 4887; x_wconf 87' lang='lat' dir='ltr'><strong>morsu</strong></span> <span class='ocrx_word' id='word_1_713' title='bbox 1099 4830 1310 4897; x_wconf 71' lang='lat' dir='ltr'><strong>bestiae,</strong></span> <span class='ocrx_word' id='word_1_714' title='bbox 1341 4839 1400 4884; x_wconf 91' lang='lat' dir='ltr'><strong>ut</strong></span> <span class='ocrx_word' id='word_1_715' title='bbox 1430 4833 1498 4885; x_wconf 89' lang='lat' dir='ltr'><strong>ad</strong></span> <span class='ocrx_word' id='word_1_716' title='bbox 1525 4831 1844 4902; x_wconf 88' lang='lat' dir='ltr'><strong>supplicium</strong></span> <span class='ocrx_word' id='word_1_717' title='bbox 1875 4841 2040 4887; x_wconf 83' lang='lat' dir='ltr'><strong>tarta—</strong></span> 
     </span>
    </p>
   </div>
   <div class='ocr_carea' id='block_1_92' title="bbox 457 4919 2038 4993">
    <p class='ocr_par' dir='ltr' id='par_1_92' title="bbox 457 4919 2038 4993">
     <span class='ocr_line' id='line_1_92' title="bbox 457 4919 2038 4993; baseline -0.001 -13"><span class='ocrx_word' id='word_1_718' title='bbox 457 4930 632 4990; x_wconf 76' lang='lat' dir='ltr'><strong>‘reum,</strong></span> <span class='ocrx_word' id='word_1_719' title='bbox 666 4922 781 4991; x_wconf 83' lang='lat' dir='ltr'><strong>ejus</strong></span> <span class='ocrx_word' id='word_1_720' title='bbox 811 4923 1002 4979; x_wconf 89' lang='lat' dir='ltr'><strong>deinde</strong></span> <span class='ocrx_word' id='word_1_721' title='bbox 1029 4923 1208 4977; x_wconf 88' lang='lat' dir='ltr'><strong>anima</strong></span> <span class='ocrx_word' id='word_1_722' title='bbox 1238 4931 1539 4992; x_wconf 86' lang='lat' dir='ltr'><strong>raperetur,</strong></span> <span class='ocrx_word' id='word_1_723' title='bbox 1572 4919 1787 4991; x_wconf 82' lang='lat' dir='ltr'><strong>quando</strong></span> <span class='ocrx_word' id='word_1_724' title='bbox 1822 4923 2038 4993; x_wconf 88' lang='lat' dir='ltr'><strong>quidem</strong></span> 
     </span>
    </p>
   </div>
   <div class='ocr_carea' id='block_1_93' title="bbox 457 5011 2040 5086">
    <p class='ocr_par' dir='ltr' id='par_1_93' title="bbox 457 5011 2040 5086">
     <span class='ocr_line' id='line_1_93' title="bbox 457 5011 2040 5086; baseline -0.002 -16"><span class='ocrx_word' id='word_1_725' title='bbox 457 5015 635 5086; x_wconf 83' lang='lat' dir='ltr'><strong>ipsum</strong></span> <span class='ocrx_word' id='word_1_726' title='bbox 663 5013 779 5083; x_wconf 76' lang='lat' dir='ltr'><strong>eius</strong></span> <span class='ocrx_word' id='word_1_727' title='bbox 806 5017 1002 5083; x_wconf 68' lang='lat' dir='ltr'><strong>corpus</strong></span> <span class='ocrx_word' id='word_1_728' title='bbox 1044 5013 1184 5068; x_wconf 89' lang='lat' dir='ltr'><strong>idem</strong></span> <span class='ocrx_word' id='word_1_729' title='bbox 1218 5011 1303 5066; x_wconf 91' lang='lat' dir='ltr'><strong>leo</strong></span> <span class='ocrx_word' id='word_1_730' title='bbox 1342 5013 1432 5082; x_wconf 88' lang='lat' dir='ltr'><strong>qui</strong></span> <span class='ocrx_word' id='word_1_731' title='bbox 1471 5013 1764 5076; x_wconf 88' lang='lat' dir='ltr'><strong>occiderat,</strong></span> <span class='ocrx_word' id='word_1_732' title='bbox 1802 5014 2040 5069; x_wconf 87' lang='lat' dir='ltr'><strong>custodi-</strong></span> 
     </span>
    </p>
   </div>
   <div class='ocr_carea' id='block_1_94' title="bbox 457 5105 2039 5184">
    <p class='ocr_par' dir='ltr' id='par_1_94' title="bbox 457 5105 2039 5184">
     <span class='ocr_line' id='line_1_94' title="bbox 457 5105 2039 5184; baseline -0.001 -22"><span class='ocrx_word' id='word_1_733' title='bbox 457 5109 555 5173; x_wconf 89' lang='lat' dir='ltr'><strong>vit,</strong></span> <span class='ocrx_word' id='word_1_734' title='bbox 589 5105 836 5175; x_wconf 75' lang='lat' dir='ltr'><strong>iumento</strong></span> <span class='ocrx_word' id='word_1_735' title='bbox 865 5107 1047 5172; x_wconf 90' lang='lat' dir='ltr'><strong>etiam,</strong></span> <span class='ocrx_word' id='word_1_736' title='bbox 1079 5119 1187 5184; x_wconf 85' lang='lat' dir='ltr'><strong>quo</strong></span> <span class='ocrx_word' id='word_1_737' title='bbox 1216 5106 1534 5171; x_wconf 89' lang='lat' dir='ltr'><strong>vehebatur,</strong></span> <span class='ocrx_word' id='word_1_738' title='bbox 1565 5106 1748 5170; x_wconf 67' lang='lat' dir='ltr'><strong>illmso,</strong></span> <span class='ocrx_word' id='word_1_739' title='bbox 1790 5115 1844 5160; x_wconf 91' lang='lat' dir='ltr'><strong>et</strong></span> <span class='ocrx_word' id='word_1_740' title='bbox 1880 5106 2039 5162; x_wconf 89' lang='lat' dir='ltr'><strong>simul</strong></span> 
     </span>
    </p>
   </div>
   <div class='ocr_carea' id='block_1_95' title="bbox 455 5197 2040 5268">
    <p class='ocr_par' dir='ltr' id='par_1_95' title="bbox 455 5197 2040 5268">
     <span class='ocr_line' id='line_1_95' title="bbox 455 5197 2040 5268; baseline 0 -13"><span class='ocrx_word' id='word_1_741' title='bbox 455 5214 581 5256; x_wconf 86' lang='lat' dir='ltr'><strong>cum</strong></span> <span class='ocrx_word' id='word_1_742' title='bbox 633 5200 722 5254; x_wconf 82' lang='lat' dir='ltr'><strong>illa</strong></span> <span class='ocrx_word' id='word_1_743' title='bbox 766 5199 987 5254; x_wconf 89' lang='lat' dir='ltr'><strong>immani</strong></span> <span class='ocrx_word' id='word_1_744' title='bbox 1035 5197 1155 5254; x_wconf 83' lang='lat' dir='ltr'><strong>fers</strong></span> <span class='ocrx_word' id='word_1_745' title='bbox 1201 5199 1473 5268; x_wconf 87' lang='lat' dir='ltr'><strong>intrepida</strong></span> <span class='ocrx_word' id='word_1_746' title='bbox 1517 5198 1910 5268; x_wconf 68' lang='lat' dir='ltr'><strong>praesentia&#39;ad</strong></span> <span class='ocrx_word' id='word_1_747' title='bbox 1955 5199 2040 5255; x_wconf 87' lang='lat' dir='ltr'><strong>sui</strong></span> 
     </span>
    </p>
   </div>
   <div class='ocr_carea' id='block_1_96' title="bbox 455 5289 2041 5361">
    <p class='ocr_par' dir='ltr' id='par_1_96' title="bbox 455 5289 2041 5361">
     <span class='ocr_line' id='line_1_96' title="bbox 455 5289 2041 5361; baseline -0.002 -14"><span class='ocrx_word' id='word_1_748' title='bbox 455 5291 672 5347; x_wconf 73' lang='lat' dir='ltr'><strong>Domini</strong></span> <span class='ocrx_word' id='word_1_749' title='bbox 713 5290 874 5346; x_wconf 89' lang='lat' dir='ltr'><strong>funus</strong></span> <span class='ocrx_word' id='word_1_750' title='bbox 907 5290 1174 5354; x_wconf 82' lang='lat' dir='ltr'><strong>adstante,</strong></span> <span class='ocrx_word' id='word_1_751' title='bbox 1223 5305 1331 5359; x_wconf 91' lang='lat' dir='ltr'><strong>quo</strong></span> <span class='ocrx_word' id='word_1_752' title='bbox 1359 5289 1588 5344; x_wconf 87' lang='lat' dir='ltr'><strong>mirabili</strong></span> <span class='ocrx_word' id='word_1_753' title='bbox 1634 5290 1788 5360; x_wconf 79' lang='lat' dir='ltr'><strong>signo</strong></span> <span class='ocrx_word' id='word_1_754' title='bbox 1818 5299 2041 5361; x_wconf 87' lang='lat' dir='ltr'><strong>apparet</strong></span> 
     </span>
    </p>
   </div>
   <div class='ocr_carea' id='block_1_97' title="bbox 527 5429 790 5487">
    <p class='ocr_par' dir='ltr' id='par_1_97' title="bbox 527 5429 790 5487">
     <span class='ocr_line' id='line_1_97' title="bbox 527 5429 790 5487; baseline 0.004 -3"><span class='ocrx_word' id='word_1_755' title='bbox 527 5444 552 5471; x_wconf 79' lang='grc' dir='ltr'>ι</span> <span class='ocrx_word' id='word_1_756' title='bbox 593 5429 790 5487; x_wconf 79' lang='lat' dir='ltr'><strong>Potest.</strong></span> 
     </span>
    </p>
   </div>
   <div class='ocr_carea' id='block_1_98' title="bbox 528 5500 947 5556">
    <p class='ocr_par' dir='ltr' id='par_1_98' title="bbox 528 5500 947 5556">
     <span class='ocr_line' id='line_1_98' title="bbox 528 5500 947 5556; baseline -0.012 0"><span class='ocrx_word' id='word_1_757' title='bbox 528 5503 558 5542; x_wconf 66' lang='grc' dir='ltr'>υ</span> <span class='ocrx_word' id='word_1_758' title='bbox 594 5500 947 5556; x_wconf 73' lang='lat' dir='ltr'><strong>Gloriabatur.</strong></span> 
     </span>
    </p>
   </div>
   <div class='ocr_carea' id='block_1_99' title="bbox 529 5572 809 5643">
    <p class='ocr_par' dir='ltr' id='par_1_99' title="bbox 529 5572 809 5643">
     <span class='ocr_line' id='line_1_99' title="bbox 529 5572 809 5643; baseline -0.004 -18"><span class='ocrx_word' id='word_1_759' title='bbox 529 5583 552 5643; x_wconf 57' lang='grc' dir='ltr'><strong>ς</strong></span> <span class='ocrx_word' id='word_1_760' title='bbox 599 5572 809 5643; x_wconf 15' lang='lat' dir='ltr'><strong>Bigore‘.</strong></span> 
     </span>
    </p>
   </div>
   <div class='ocr_carea' id='block_1_100' title="bbox 526 5639 1025 5695">
    <p class='ocr_par' dir='ltr' id='par_1_100' title="bbox 526 5639 1025 5695">
     <span class='ocr_line' id='line_1_100' title="bbox 526 5639 1025 5695; baseline -0.008 1"><span class='ocrx_word' id='word_1_761' title='bbox 526 5642 552 5682; x_wconf 72' lang='grc' dir='ltr'><em>ά</em></span> <span class='ocrx_word' id='word_1_762' title='bbox 596 5639 934 5695; x_wconf 73' lang='grc' dir='ltr'><strong>ϐιόήαὺαων</strong></span> <span class='ocrx_word' id='word_1_763' title='bbox 959 5641 1025 5692; x_wconf 83' lang='lat' dir='ltr'><strong>ei.</strong></span> 
     </span>
    </p>
   </div>
   <div class='ocr_carea' id='block_1_101' title="bbox 531 5709 1952 5784">
    <p class='ocr_par' dir='ltr' id='par_1_101' title="bbox 531 5709 1952 5784">
     <span class='ocr_line' id='line_1_101' title="bbox 531 5709 1952 5784; baseline -0.001 -20"><span class='ocrx_word' id='word_1_764' title='bbox 531 5709 858 5784; x_wconf 42' lang='lat' dir='ltr'><strong>festinavit.</strong></span> <span class='ocrx_word' id='word_1_765' title='bbox 938 5780 950 5784; x_wconf 32' lang='grc' dir='ltr'><strong>Α</strong></span> <span class='ocrx_word' id='word_1_766' title='bbox 1029 5778 1062 5784; x_wconf 84' lang='lat'><strong>__</strong></span> <span class='ocrx_word' id='word_1_767' title='bbox 1172 5777 1205 5784; x_wconf 85' lang='lat'>__</span> <span class='ocrx_word' id='word_1_768' title='bbox 1672 5782 1736 5784; x_wconf 86' lang='lat'>__</span> <span class='ocrx_word' id='word_1_769' title='bbox 1820 5781 1829 5784; x_wconf 26' lang='grc' dir='ltr'><strong>Α</strong></span> <span class='ocrx_word' id='word_1_770' title='bbox 1917 5771 1952 5784; x_wconf 58' lang='grc' dir='ltr'>η</span> 
     </span>
    </p>
   </div>
   <div class='ocr_carea' id='block_1_102' title="bbox 535 5771 2036 5850">
    <p class='ocr_par' dir='ltr' id='par_1_102' title="bbox 535 5771 2036 5850">
     <span class='ocr_line' id='line_1_102' title="bbox 535 5771 2036 5850; baseline -0.006 -15"><span class='ocrx_word' id='word_1_771' title='bbox 535 5783 554 5821; x_wconf 71' lang='grc' dir='ltr'><em>ι</em></span> <span class='ocrx_word' id='word_1_772' title='bbox 597 5780 990 5850; x_wconf 85' lang='lat' dir='ltr'><strong>Subsequentia</strong></span> <span class='ocrx_word' id='word_1_773' title='bbox 1029 5777 1238 5834; x_wconf 84' lang='lat' dir='ltr'><strong>lineolis</strong></span> <span class='ocrx_word' id='word_1_774' title='bbox 1272 5791 1369 5846; x_wconf 90' lang='lat' dir='ltr'><strong>pro</strong></span> <span class='ocrx_word' id='word_1_775' title='bbox 1408 5791 1556 5830; x_wconf 81' lang='lat' dir='ltr'><strong>more</strong></span> <span class='ocrx_word' id='word_1_776' title='bbox 1594 5782 1776 5829; x_wconf 87' lang='lat' dir='ltr'><strong>notata</strong></span> <span class='ocrx_word' id='word_1_777' title='bbox 1817 5771 2036 5827; x_wconf 80' lang='lat' dir='ltr'><strong>tradidit</strong></span> 
     </span>
    </p>
   </div>
   <div class='ocr_carea' id='block_1_103' title="bbox 2147 4557 3735 4633">
    <p class='ocr_par' dir='ltr' id='par_1_103' title="bbox 2147 4557 3735 4633">
     <span class='ocr_line' id='line_1_103' title="bbox 2147 4557 3735 4633; baseline 0.004 -21"><span class='ocrx_word' id='word_1_778' title='bbox 2147 4559 2200 4612; x_wconf 91' lang='lat' dir='ltr'><strong>in</strong></span> <span class='ocrx_word' id='word_1_779' title='bbox 2229 4558 2428 4613; x_wconf 86' lang='lat' dir='ltr'><strong>Christi</strong></span> <span class='ocrx_word' id='word_1_780' title='bbox 2456 4557 2796 4616; x_wconf 87' lang='lat' dir='ltr'><strong>confessione</strong></span> <span class='ocrx_word' id='word_1_781' title='bbox 2821 4560 3109 4628; x_wconf 86' lang='lat' dir='ltr'><strong>ferventes,</strong></span> <span class='ocrx_word' id='word_1_782' title='bbox 3139 4562 3299 4632; x_wconf 86' lang='lat' dir='ltr'><strong>hujus</strong></span> <span class='ocrx_word' id='word_1_783' title='bbox 3326 4578 3540 4633; x_wconf 90' lang='lat' dir='ltr'><strong>quoque</strong></span> <span class='ocrx_word' id='word_1_784' title='bbox 3570 4575 3735 4621; x_wconf 85' lang='lat' dir='ltr'><strong>testes</strong></span> 
     </span>
    </p>
   </div>
   <div class='ocr_carea' id='block_1_104' title="bbox 2147 4649 3731 4723">
    <p class='ocr_par' dir='ltr' id='par_1_104' title="bbox 2147 4649 3731 4723">
     <span class='ocr_line' id='line_1_104' title="bbox 2147 4649 3731 4723; baseline 0.003 -18"><span class='ocrx_word' id='word_1_785' title='bbox 2147 4650 2338 4705; x_wconf 82' lang='lat' dir='ltr'><strong>ﬁerent</strong></span> <span class='ocrx_word' id='word_1_786' title='bbox 2363 4649 2627 4716; x_wconf 87' lang='lat' dir='ltr'><strong>veritatis,</strong></span> <span class='ocrx_word' id='word_1_787' title='bbox 2653 4651 2707 4705; x_wconf 91' lang='lat' dir='ltr'><strong>in</strong></span> <span class='ocrx_word' id='word_1_788' title='bbox 2728 4666 2835 4721; x_wconf 88' lang='lat' dir='ltr'><strong>qua</strong></span> <span class='ocrx_word' id='word_1_789' title='bbox 2857 4651 3180 4718; x_wconf 67' lang='lat' dir='ltr'><strong>didicerant,</strong></span> <span class='ocrx_word' id='word_1_790' title='bbox 3209 4668 3326 4718; x_wconf 90' lang='lat' dir='ltr'><strong>eos,</strong></span> <span class='ocrx_word' id='word_1_791' title='bbox 3353 4669 3384 4707; x_wconf 91' lang='lat' dir='ltr'><strong>a</strong></span> <span class='ocrx_word' id='word_1_792' title='bbox 3407 4655 3607 4723; x_wconf 87' lang='lat' dir='ltr'><strong>quibus</strong></span> <span class='ocrx_word' id='word_1_793' title='bbox 3636 4673 3731 4712; x_wconf 87' lang='lat' dir='ltr'><strong>sua</strong></span> 
     </span>
    </p>
   </div>
   <div class='ocr_carea' id='block_1_105' title="bbox 2145 4741 3732 4819">
    <p class='ocr_par' dir='ltr' id='par_1_105' title="bbox 2145 4741 3732 4819">
     <span class='ocr_line' id='line_1_105' title="bbox 2145 4741 3732 4819; baseline 0.004 -24"><span class='ocrx_word' id='word_1_794' title='bbox 2145 4757 2372 4812; x_wconf 85' lang='lat' dir='ltr'><strong>corpora</strong></span> <span class='ocrx_word' id='word_1_795' title='bbox 2412 4741 2864 4807; x_wconf 81' lang='lat' dir='ltr'><strong>interﬁcerentur,</strong></span> <span class='ocrx_word' id='word_1_796' title='bbox 2912 4751 3099 4814; x_wconf 85' lang='lat' dir='ltr'><strong>postea</strong></span> <span class='ocrx_word' id='word_1_797' title='bbox 3143 4743 3276 4798; x_wconf 91' lang='lat' dir='ltr'><strong>nihil</strong></span> <span class='ocrx_word' id='word_1_798' title='bbox 3321 4743 3555 4812; x_wconf 84' lang='lat' dir='ltr'><strong>habere,</strong></span> <span class='ocrx_word' id='word_1_799' title='bbox 3589 4749 3732 4819; x_wconf 85' lang='lat' dir='ltr'><strong>quod</strong></span> 
     </span>
    </p>
   </div>
   <div class='ocr_carea' id='block_1_106' title="bbox 2145 4831 3732 4906">
    <p class='ocr_par' dir='ltr' id='par_1_106' title="bbox 2145 4831 3732 4906">
     <span class='ocr_line' id='line_1_106' title="bbox 2145 4831 3732 4906; baseline 0.004 -20"><span class='ocrx_word' id='word_1_800' title='bbox 2145 4831 2386 4888; x_wconf 87' lang='lat' dir='ltr'><strong>facerent</strong></span> <span class='ocrx_word' id='word_1_801' title='bbox 2420 4851 2432 4884; x_wconf 89' lang='lat'><strong>:</strong></span> <span class='ocrx_word' id='word_1_802' title='bbox 2467 4833 2721 4903; x_wconf 89' lang='lat' dir='ltr'><strong>quoniam</strong></span> <span class='ocrx_word' id='word_1_803' title='bbox 2747 4834 3006 4905; x_wconf 80' lang='lat' dir='ltr'><strong>quidquid</strong></span> <span class='ocrx_word' id='word_1_804' title='bbox 3036 4836 3264 4890; x_wconf 89' lang='lat' dir='ltr'><strong>mortuis</strong></span> <span class='ocrx_word' id='word_1_805' title='bbox 3294 4836 3617 4906; x_wconf 83' lang='lat' dir='ltr'><strong>corporibus</strong></span> <span class='ocrx_word' id='word_1_806' title='bbox 3655 4840 3732 4893; x_wconf 57' lang='lat' dir='ltr'><strong>{ao</strong></span> 
     </span>
    </p>
   </div>
   <div class='ocr_carea' id='block_1_107' title="bbox 2145 4922 3729 4996">
    <p class='ocr_par' dir='ltr' id='par_1_107' title="bbox 2145 4922 3729 4996">
     <span class='ocr_line' id='line_1_107' title="bbox 2145 4922 3729 4996; baseline 0.003 -17"><span class='ocrx_word' id='word_1_807' title='bbox 2145 4932 2351 4988; x_wconf 90' lang='lat' dir='ltr'><strong>cerent,</strong></span> <span class='ocrx_word' id='word_1_808' title='bbox 2385 4924 2568 4994; x_wconf 88' lang='lat' dir='ltr'><strong>utique</strong></span> <span class='ocrx_word' id='word_1_809' title='bbox 2598 4922 2732 4980; x_wconf 88' lang='lat' dir='ltr'><strong>nihil</strong></span> <span class='ocrx_word' id='word_1_810' title='bbox 2757 4923 3033 4991; x_wconf 90' lang='lat' dir='ltr'><strong>facerent,</strong></span> <span class='ocrx_word' id='word_1_811' title='bbox 3063 4927 3277 4996; x_wconf 84' lang='lat' dir='ltr'><strong>quando</strong></span> <span class='ocrx_word' id='word_1_812' title='bbox 3305 4927 3358 4982; x_wconf 91' lang='lat' dir='ltr'><strong>in</strong></span> <span class='ocrx_word' id='word_1_813' title='bbox 3387 4944 3556 4984; x_wconf 86' lang='lat' dir='ltr'><strong>carne</strong></span> <span class='ocrx_word' id='word_1_814' title='bbox 3583 4933 3729 4985; x_wconf 86' lang='lat' dir='ltr'><strong>omni</strong></span> 
     </span>
    </p>
   </div>
   <div class='ocr_carea' id='block_1_108' title="bbox 2144 5015 3728 5088">
    <p class='ocr_par' dir='ltr' id='par_1_108' title="bbox 2144 5015 3728 5088">
     <span class='ocr_line' id='line_1_108' title="bbox 2144 5015 3728 5088; baseline 0.004 -20"><span class='ocrx_word' id='word_1_815' title='bbox 2144 5016 2255 5069; x_wconf 85' lang='lat' dir='ltr'><strong>vita</strong></span> <span class='ocrx_word' id='word_1_816' title='bbox 2286 5025 2524 5083; x_wconf 85' lang='lat' dir='ltr'><strong>carente,</strong></span> <span class='ocrx_word' id='word_1_817' title='bbox 2552 5031 2652 5071; x_wconf 90' lang='lat' dir='ltr'><strong>nec</strong></span> <span class='ocrx_word' id='word_1_818' title='bbox 2677 5016 2882 5085; x_wconf 84' lang='lat' dir='ltr'><strong>aliquid</strong></span> <span class='ocrx_word' id='word_1_819' title='bbox 2908 5015 3110 5071; x_wconf 85' lang='lat' dir='ltr'><strong>sentire</strong></span> <span class='ocrx_word' id='word_1_820' title='bbox 3133 5026 3314 5086; x_wconf 85' lang='lat' dir='ltr'><strong>posset</strong></span> <span class='ocrx_word' id='word_1_821' title='bbox 3345 5019 3438 5088; x_wconf 88' lang='lat' dir='ltr'><strong>qui</strong></span> <span class='ocrx_word' id='word_1_822' title='bbox 3475 5019 3601 5075; x_wconf 88' lang='lat' dir='ltr'><strong>inde</strong></span> <span class='ocrx_word' id='word_1_823' title='bbox 3626 5022 3728 5074; x_wconf 57' lang='lat' dir='ltr'><strong>mi-</strong></span> 
     </span>
    </p>
   </div>
   <div class='ocr_carea' id='block_1_109' title="bbox 2145 5106 3565 5179">
    <p class='ocr_par' dir='ltr' id='par_1_109' title="bbox 2145 5106 3565 5179">
     <span class='ocr_line' id='line_1_109' title="bbox 2145 5106 3565 5179; baseline 0.001 -20"><span class='ocrx_word' id='word_1_824' title='bbox 2145 5109 2339 5179; x_wconf 88' lang='lat' dir='ltr'><strong>gravit,</strong></span> <span class='ocrx_word' id='word_1_825' title='bbox 2370 5122 2470 5162; x_wconf 90' lang='lat' dir='ltr'><strong>nec</strong></span> <span class='ocrx_word' id='word_1_826' title='bbox 2495 5106 2698 5176; x_wconf 84' lang='lat' dir='ltr'><strong>aliquid</strong></span> <span class='ocrx_word' id='word_1_827' title='bbox 2729 5106 2852 5162; x_wconf 90' lang='lat' dir='ltr'><strong>inde</strong></span> <span class='ocrx_word' id='word_1_828' title='bbox 2878 5107 3125 5176; x_wconf 87' lang='lat' dir='ltr'><strong>perdere,</strong></span> <span class='ocrx_word' id='word_1_829' title='bbox 3162 5108 3252 5177; x_wconf 88' lang='lat' dir='ltr'><strong>qui</strong></span> <span class='ocrx_word' id='word_1_830' title='bbox 3281 5110 3507 5164; x_wconf 88' lang='lat' dir='ltr'><strong>creavit.</strong></span> <span class='ocrx_word' id='word_1_831' title='bbox 3545 5130 3565 5160; x_wconf 74' lang='grc' dir='ltr'><strong><em>ι</em></strong></span> 
     </span>
    </p>
   </div>
   <div class='ocr_carea' id='block_1_110' title="bbox 2214 5196 3729 5269">
    <p class='ocr_par' dir='ltr' id='par_1_110' title="bbox 2214 5196 3729 5269">
     <span class='ocr_line' id='line_1_110' title="bbox 2214 5196 3729 5269; baseline 0.002 -16"><span class='ocrx_word' id='word_1_832' title='bbox 2214 5196 2582 5253; x_wconf 73' lang='lat' dir='ltr'><strong>Praetermissa</strong></span> <span class='ocrx_word' id='word_1_833' title='bbox 2612 5197 2776 5252; x_wconf 84' lang='lat' dir='ltr'><strong>multa</strong></span> <span class='ocrx_word' id='word_1_834' title='bbox 2798 5196 2922 5253; x_wconf 90' lang='lat' dir='ltr'><strong>libri</strong></span> <span class='ocrx_word' id='word_1_835' title='bbox 2945 5197 3150 5269; x_wconf 78' lang='lat' dir='ltr'><strong>Regum</strong></span> <span class='ocrx_word' id='word_1_836' title='bbox 3175 5198 3422 5262; x_wconf 87' lang='lat' dir='ltr'><strong>historia,</strong></span> <span class='ocrx_word' id='word_1_837' title='bbox 3448 5198 3516 5254; x_wconf 85' lang='lat' dir='ltr'><strong>ad</strong></span> <span class='ocrx_word' id='word_1_838' title='bbox 3537 5198 3729 5256; x_wconf 81' lang='lat' dir='ltr'><strong>Achab</strong></span> 
     </span>
    </p>
   </div>
   <div class='ocr_carea' id='block_1_111' title="bbox 2144 5286 3728 5356">
    <p class='ocr_par' dir='ltr' id='par_1_111' title="bbox 2144 5286 3728 5356">
     <span class='ocr_line' id='line_1_111' title="bbox 2144 5286 3728 5356; baseline 0.003 -12"><span class='ocrx_word' id='word_1_839' title='bbox 2144 5287 2513 5344; x_wconf 84' lang='lat' dir='ltr'><strong>scelestissimi</strong></span> <span class='ocrx_word' id='word_1_840' title='bbox 2541 5286 2702 5356; x_wconf 88' lang='lat' dir='ltr'><strong>regis,</strong></span> <span class='ocrx_word' id='word_1_841' title='bbox 2730 5295 2784 5341; x_wconf 87' lang='lat' dir='ltr'><strong>et</strong></span> <span class='ocrx_word' id='word_1_842' title='bbox 2813 5287 3089 5356; x_wconf 61' lang='lat' dir='ltr'><strong>sacrilega</strong></span> <span class='ocrx_word' id='word_1_843' title='bbox 3118 5287 3302 5342; x_wconf 76' lang='lat' dir='ltr'><strong>uxoris</strong></span> <span class='ocrx_word' id='word_1_844' title='bbox 3338 5286 3459 5356; x_wconf 82' lang='lat' dir='ltr'><strong>ejus</strong></span> <span class='ocrx_word' id='word_1_845' title='bbox 3505 5287 3728 5348; x_wconf 66' lang='lat' dir='ltr'><strong>Iezabel</strong></span> 
     </span>
    </p>
   </div>
   <div class='ocr_carea' id='block_1_112' title="bbox 2142 5417 3730 5488">
    <p class='ocr_par' dir='ltr' id='par_1_112' title="bbox 2142 5417 3730 5488">
     <span class='ocr_line' id='line_1_112' title="bbox 2142 5417 3730 5488; baseline 0.001 -15"><span class='ocrx_word' id='word_1_846' title='bbox 2142 5422 2475 5488; x_wconf 82' lang='lat' dir='ltr'><strong>Augustinus</strong></span> <span class='ocrx_word' id='word_1_847' title='bbox 2512 5433 2629 5488; x_wconf 85' lang='lat' dir='ltr'><strong>cap.</strong></span> <span class='ocrx_word' id='word_1_848' title='bbox 2668 5417 2719 5482; x_wconf 87' lang='lat'><strong>7,</strong></span> <span class='ocrx_word' id='word_1_849' title='bbox 2746 5417 2880 5473; x_wconf 87' lang='lat' dir='ltr'><strong>alias</strong></span> <span class='ocrx_word' id='word_1_850' title='bbox 2905 5434 3053 5472; x_wconf 90' lang='lat' dir='ltr'><strong>num.</strong></span> <span class='ocrx_word' id='word_1_851' title='bbox 3080 5418 3134 5482; x_wconf 89' lang='lat'><strong>9,</strong></span> <span class='ocrx_word' id='word_1_852' title='bbox 3165 5417 3286 5473; x_wconf 88' lang='lat' dir='ltr'><strong>libri</strong></span> <span class='ocrx_word' id='word_1_853' title='bbox 3314 5419 3380 5474; x_wconf 84' lang='lat' dir='ltr'><strong>de</strong></span> <span class='ocrx_word' id='word_1_854' title='bbox 3405 5417 3551 5476; x_wconf 73' lang='lat' dir='ltr'><strong>Citra</strong></span> <span class='ocrx_word' id='word_1_855' title='bbox 3581 5421 3730 5478; x_wconf 70' lang='lat' dir='ltr'><strong>Nor-</strong></span> 
     </span>
    </p>
   </div>
   <div class='ocr_carea' id='block_1_113' title="bbox 2143 5488 3439 5560">
    <p class='ocr_par' dir='ltr' id='par_1_113' title="bbox 2143 5488 3439 5560">
     <span class='ocr_line' id='line_1_113' title="bbox 2143 5488 3439 5560; baseline 0 -18"><span class='ocrx_word' id='word_1_856' title='bbox 2143 5500 2347 5542; x_wconf 82' lang='lat' dir='ltr'><strong>tuorum</strong></span> <span class='ocrx_word' id='word_1_857' title='bbox 2378 5488 2535 5560; x_wconf 79' lang='lat' dir='ltr'><strong>[alias</strong></span> <span class='ocrx_word' id='word_1_858' title='bbox 2563 5488 2624 5560; x_wconf 73' lang='lat' dir='ltr'><strong>de</strong></span> <span class='ocrx_word' id='word_1_859' title='bbox 2651 5504 2776 5540; x_wconf 85' lang='lat' dir='ltr'><strong>cura</strong></span> <span class='ocrx_word' id='word_1_860' title='bbox 2797 5488 3024 5557; x_wconf 77' lang='lat' dir='ltr'><strong>gerenda</strong></span> <span class='ocrx_word' id='word_1_861' title='bbox 3051 5505 3147 5559; x_wconf 84' lang='lat' dir='ltr'><strong>pro</strong></span> <span class='ocrx_word' id='word_1_862' title='bbox 3173 5488 3439 5556; x_wconf 75' lang='lat' dir='ltr'><strong>mortuis].</strong></span> 
     </span>
    </p>
   </div>
   <div class='ocr_carea' id='block_1_114' title="bbox 2218 5558 2710 5612">
    <p class='ocr_par' dir='ltr' id='par_1_114' title="bbox 2218 5558 2710 5612">
     <span class='ocr_line' id='line_1_114' title="bbox 2218 5558 2710 5612; baseline -0.004 1"><span class='ocrx_word' id='word_1_863' title='bbox 2218 5562 2242 5599; x_wconf 76' lang='grc' dir='ltr'>ε</span> <span class='ocrx_word' id='word_1_864' title='bbox 2281 5558 2419 5612; x_wconf 81' lang='lat' dir='ltr'><strong>Edit.</strong></span> <span class='ocrx_word' id='word_1_865' title='bbox 2449 5558 2710 5611; x_wconf 74' lang='lat' dir='ltr'><strong>exanima.</strong></span> 
     </span>
    </p>
   </div>
   <div class='ocr_carea' id='block_1_115' title="bbox 2214 5628 2569 5693">
    <p class='ocr_par' dir='ltr' id='par_1_115' title="bbox 2214 5628 2569 5693">
     <span class='ocr_line' id='line_1_115' title="bbox 2214 5628 2569 5693; baseline 0.003 -14"><span class='ocrx_word' id='word_1_866' title='bbox 2214 5629 2240 5668; x_wconf 83' lang='grc' dir='ltr'><strong>ὶι</strong></span> <span class='ocrx_word' id='word_1_867' title='bbox 2280 5628 2569 5693; x_wconf 82' lang='lat' dir='ltr'><strong>Quasdam.</strong></span> 
     </span>
    </p>
   </div>
   <div class='ocr_carea' id='block_1_116' title="bbox 2150 5695 3731 5820">
    <p class='ocr_par' dir='ltr' id='par_1_116' title="bbox 2150 5695 3731 5820">
     <span class='ocr_line' id='line_1_116' title="bbox 2150 5695 3731 5820; baseline 0.004 -70"><span class='ocrx_word' id='word_1_868' title='bbox 2150 5767 2196 5820; x_wconf 38' lang='lat'><strong>1.</strong></span> <span class='ocrx_word' id='word_1_869' title='bbox 2221 5700 2236 5738; x_wconf 78' lang='grc' dir='ltr'><strong><em>ὶ</em></strong></span> <span class='ocrx_word' id='word_1_870' title='bbox 2282 5697 2443 5751; x_wconf 89' lang='lat' dir='ltr'><strong>Deest</strong></span> <span class='ocrx_word' id='word_1_871' title='bbox 2473 5697 2527 5750; x_wconf 92' lang='lat' dir='ltr'><strong>in</strong></span> <span class='ocrx_word' id='word_1_872' title='bbox 2555 5695 2685 5752; x_wconf 90' lang='lat' dir='ltr'><strong>edit.</strong></span> <span class='ocrx_word' id='word_1_873' title='bbox 2716 5697 2770 5750; x_wconf 87' lang='lat' dir='ltr'><strong>in</strong></span> <span class='ocrx_word' id='word_1_874' title='bbox 2803 5711 2957 5763; x_wconf 83' lang='lat' dir='ltr'><strong>aera,</strong></span> <span class='ocrx_word' id='word_1_875' title='bbox 2995 5697 3088 5752; x_wconf 83' lang='lat' dir='ltr'><strong>sed</strong></span> <span class='ocrx_word' id='word_1_876' title='bbox 3119 5698 3350 5758; x_wconf 81' lang='lat' dir='ltr'><strong>habetur</strong></span> <span class='ocrx_word' id='word_1_877' title='bbox 3382 5719 3396 5755; x_wconf 91' lang='lat'><strong>:</strong></span> <span class='ocrx_word' id='word_1_878' title='bbox 3430 5717 3494 5757; x_wconf 71' lang='lat' dir='ltr'><strong>ne</strong></span> <span class='ocrx_word' id='word_1_879' title='bbox 3525 5717 3731 5756; x_wconf 72' lang='lat' dir='ltr'><strong>cineres</strong></span> 
     </span>
     <span class='ocr_line' id='line_1_117' title="bbox 2179 5783 2451 5820; baseline -0.007 0"><span class='ocrx_word' id='word_1_880' title='bbox 2179 5783 2451 5820; x_wconf 82' lang='lat' dir='ltr'><strong>tsneraere.</strong></span> 
     </span>
    </p>
   </div>
   <div class='ocr_carea' id='block_1_117' title="bbox 2179 5783 2451 5838">
    <p class='ocr_par' dir='ltr' id='par_1_117' title="bbox 2179 5783 2451 5838">
     <span class='ocr_line' id='line_1_118' title="bbox 2179 5783 2451 5838; baseline -0.011 -16"><span class='ocrx_word' id='word_1_881' title='bbox 2179 5783 2451 5838; x_wconf 80' lang='lat' dir='ltr'><strong>tspergere.</strong></span> 
     </span>
    </p>
   </div>
  </div>
