3912 6310
468 316 568 385 7t?

1543 330 1818 386 CLAUDII
1855 329 2321 386 TAURINENSIS
2360 330 2671 389 EPISCOPI

3649 333 3751 391 7‘8

464 440 662 510 quibus
700 439 842 495 bona
884 441 1109 497 aediﬁcia
1146 440 1421 507 inchoare,
1460 454 1484 482 ι
1519 450 1573 496 et
1615 442 1855 497 claustra
1898 442 2053 496 bona:
2081 448 2128 504 Α
2161 441 2282 513 (111
2311 440 2438 513 Reg.
2464 459 2598 507 xvu,
2626 444 2681 511 5)
2711 461 2722 495 :
2758 442 2959 503 Recede
2980 445 3123 507 hinc,
3146 455 3195 499 et
3216 455 3351 500 uade
3375 455 3566 501 contra
3594 463 3755 502 oneu-

465 531 715 597 aetiouis,
744 533 943 602 quibus
968 531 1156 604 perﬁci
1194 531 1454 587 debuerat
1484 533 1510 571 ιι
1549 532 1803 602 perdidit.
1842 530 1968 587 Haec
1997 539 2056 585 et

463 620 754 693 allegorice
783 636 946 677 sensu
976 622 1236 693 exposui,
1275 632 1336 677 ut
1366 622 1754 689 reminiscaris,
1792 623 2057 693 quamsit

462 725 623 767 verus
647 709 889 781 Apostoli
917 728 1117 779 sermo,
1146 714 1240 783 qui
1270 713 1401 768 dicit
1432 712 1483 784 (I
1514 710 1635 767 Cor.
1664 729 1722 778 ι,
1759 713 1846 786 ll)
1873 731 1885 767 :
1914 713 2052 778 Quia

462 803 638 858 omnia
667 805 722 859 in
754 804 926 875 ﬁgura
950 794 1315 869 contingebant
1341 803 1466 865 illis.
1501 804 1698 875 scripta
1728 813 1851 859 sunt
1879 812 2052 858 autem

459 899 672 962 propter
694 908 809 948 nos.
847 912 869 946 ι

530 1002 807 1075 Sequitur.
839 1004 1086 1078 Dixitque
1118 1005 1302 1061 Helias
1333 1006 1593 1062 Thesbites
1638 1008 1703 1062 de
1743 1007 2057 1062 habitatori-

457 1095 557 1152 bus
584 1094 790 1151 Galaad
822 1097 893 1152 ad
916 1098 1123 1165 Achab,
1158 1099 1277 1154 vivit
1309 1099 1566 1154 Dominus
1594 1099 1736 1153 Deus
1772 1097 1966 1163 Israel,
2001 1099 2056 1152 in

458 1186 611 1257 cujus
648 1197 924 1259 conspectu
967 1198 1067 1243 sto.
1101 1200 1123 1228 ε
1160 1207 1180 1241 t
1219 1188 1514 1245 Sciendum
1553 1197 1636 1243 est
1676 1189 1821 1258 quod
1849 1188 2057 1242 duobus

459 1277 639 1333 modis
683 1278 738 1332 in
773 1288 1067 1348 conspectu
1099 1279 1313 1335 Domini
1357 1280 1626 1345 venimus,
1660 1295 1770 1334 uno
1815 1278 2055 1352 quidem,

458 1384 566 1439 quo
608 1369 700 1426 hic
739 1379 962 1438 peccata
1007 1378 1194 1427 nostra
1236 1369 1509 1425 subtiliter
1550 1371 1966 1441 perpendentes,
2003 1369 2054 1423 in

457 1460 577 1531 ejus
615 1474 717 1515 nos
746 1467 1039 1529 conspectu
1080 1460 1354 1531 ponimus,
1388 1468 1443 1514 et
1471 1458 1649 1515 ﬂendo
1678 1458 2054 1529 dijudicamus,

456 1547 564 1604 alio
592 1562 723 1605 vero
750 1550 910 1605 modo
952 1550 1009 1605 in
1052 1558 1349 1620 conspectu
1378 1548 1595 1604 Domini
1630 1549 1901 1613 venimus,
1934 1565 2056 1605 cum

457 1637 511 1693 in
542 1646 788 1696 extremo
806 1639 1014 1711 judicio
1050 1642 1449 1715 antegtribunal
1469 1640 1671 1710 judicis
1695 1641 2010 1697 adsistimus
2042 1661 2063 1694 ελ

457 1745 584 1784 nam
610 1731 862 1801 quotiens
887 1730 1184 1787 conditoris
1210 1732 1384 1793 nostri
1406 1731 1709 1802 potentiam
1735 1733 1803 1788 ad
1837 1748 2055 1788 sensum

2156 543 2278 596 tem,
2311 542 2359 586 et
2395 532 2711 588 abscondere
2753 535 2810 588 in
2848 543 3073 589 torrente
3096 534 3299 600 Caritlt,
3328 538 3420 608 qui
3451 545 3534 591 est
3575 550 3755 594 contra

2154 622 2461 685 Iordanem,
2493 632 2539 676 et
2568 622 2638 676 ibi
2660 626 2724 677 de
2752 633 2979 679 torrente
3001 624 3139 680 bibes
3164 638 3183 676 :
3209 628 3485 697 curvisque
3510 629 3753 698 prircepi,

2156 723 2211 767 ut
2235 723 2456 784 pascant
2484 723 2533 767 te
2558 712 2649 767 ibi.
2675 714 2813 768 Abiit
2844 731 2986 785 ergo,
3011 724 3059 770 et
3084 715 3205 785 fecit
3217 716 3380 786 juxta
3406 718 3630 771 verbum
3653 717 3759 772 Do-

2157 804 2306 857 mini.
2353 801 2507 859 Corvi
2545 820 2749 875 quoque
2787 802 3090 873 deferebant
3134 807 3183 860 ei
3209 824 3420 877 partem,
3474 817 3524 860 et
3571 824 3759 863 carnes

2156 906 2350 949 mane:
2380 895 2622 947 similiter
2639 910 2848 963 panem,
2883 903 2933 947 et
2960 904 3144 949 carnes
3176 912 3382 966 vespere
3406 910 3425 947 :
3453 907 3503 951 et
3532 897 3662 951 bibit
3693 899 3759 950 de

2158 994 2413 1037 torrente.
2457 983 2583 1037 Post
2625 983 2735 1038 dies
2778 993 2954 1038 autem
2994 983 3223 1039 siccatus
3255 996 3331 1039 est
3373 996 3608 1052 torrens,
3653 1004 3757 1041 non

2156 1072 2293 1127 enim
2323 1072 2527 1143 pluerat
2556 1089 2712 1143 super
2740 1082 2955 1127 terram.

2232 1162 2415 1217 Helias
2436 1162 2601 1233 igitur
2621 1170 2770 1218 recte
2790 1158 2885 1217 Dei
2920 1162 3034 1218 ﬁlio
3066 1164 3397 1222 assimilatus
3426 1173 3535 1232 est,
3582 1176 3675 1221 cui
3704 1179 3762 1223 et

2161 1253 2480 1318 auctoritas,
2511 1260 2565 1306 et
2602 1266 2798 1307 nomen
2826 1253 3064 1308 veridice
3084 1255 3367 1324 congruit;
3393 1255 3582 1311 Helias
3608 1257 3759 1309 enim

2159 1343 2305 1398 Deus
2330 1359 2475 1397 meus
2511 1342 2901 1413 interpretatur
2933 1360 2946 1397 :
2976 1344 3121 1413 quod
3147 1360 3346 1400 nomen
3378 1346 3763 1401 substantiali-

2162 1441 2243 1489 tcr
2266 1433 2362 1489 Dei
2392 1432 2504 1488 ﬁlio
2528 1433 2671 1487 inest
2695 1451 2708 1486 :
2740 1433 3121 1490 auctoritatem
3148 1435 3253 1490 sibi
3267 1435 3521 1491 videlicet
3546 1434 3762 1491 facien-

2160 1525 2236 1589 di,
2264 1525 2410 1596 quod
2446 1524 2575 1579 velit
2589 1524 2929 1596 originaliter
2939 1525 3221 1581 vindicans
3237 1545 3249 1580 :
3267 1528 3527 1597 quoniam
3541 1529 3761 1592 omnia,

2160 1629 2280 1684 qua:
2303 1622 2429 1669 sunt
2451 1613 2653 1680 Patris,
2681 1629 2780 1669 sua
2805 1627 3021 1685 quoque
3040 1630 3163 1670 esse
3187 1623 3423 1671 testatur
3446 1626 3537 1672 est
3567 1636 3583 1671 :
3614 1618 3765 1673 thes-

2163 1704 2303 1759 bites
2332 1712 2514 1758 autem
2541 1704 2833 1773 captivans,
2859 1702 2974 1759 sive
3004 1713 3309 1759 consortem
3338 1704 3761 1775 interpretatur.

458 1792 788 1887 reducimus,
824 1823 1027 1878 totiens
1054 1822 1107 1877 in
1138 1792 1432 1892 conspectu
1466 1822 1610 1877 illius
1636 1827 1865 1879 stamus.
1901 1823 2055 1880 Unde
2083 1812 2131 1870 Β
2160 1794 2478 1892 9099m‘90
2499 1794 2603 1848 hoc
2616 1792 2903 1892 Ρεθξιωίθίίξ
2926 1792 3189 1892 “apud:
3215 1810 3381 1892 {“m’
3407 1795 3497 1892 Ψ
3529 1798 3766 1892 ⁵3⁸⁸⁸⁸*

460 1922 608 1968 recte
630 1928 773 1969 nunc
797 1929 894 1984 per
920 1915 1095 1968 virum
1125 1913 1219 1987 Dei
1246 1913 1455 1968 Heliam
1487 1912 1688 1969 dicitur
1718 1933 1731 1968 :
1776 1913 1909 1968 Vivit
1939 1913 2052 1966 Do-

457 2004 632 2058 minus
656 2002 796 2059 Deus
821 2003 1012 2070 Israel,
1044 2006 1097 2059 in
1126 2005 1278 2074 cujus
1305 2014 1580 2076 conspectu
1608 2016 1707 2061 sto.
1745 2025 1763 2058 ι

527 2122 556 2164 ⁶
592 2120 778 2179 Helias
807 2123 957 2196 jam,
989 2138 1096 2180 non
1132 2134 1193 2179 ut
1235 2125 1443 2181 solebat
1470 2125 1629 2192 lenis,
1662 2141 1726 2181 ac
1766 2126 1932 2192 mitis,
1961 2127 2055 2182 sed

460 2212 709 2280 immitis,
730 2228 795 2269 ac
820 2228 1041 2271 severus
1068 2215 1280 2270 accedit
1306 2214 1372 2269 ad
1404 2216 1581 2285 ipsum
1608 2216 1854 2286 corporis
1875 2224 2053 2285 caput,

458 2303 669 2359 accedit
694 2304 763 2360 ad
792 2318 973 2375 regem
1004 2304 1216 2370 Achab,
1246 2312 1302 2358 et
1333 2303 1465 2359 dicit
1493 2306 1543 2359 ei
1577 2324 1589 2357 :
1633 2304 1769 2359 Vivit
1802 2307 2055 2360 Dominus

458 2382 604 2451 Deus
633 2396 881 2451 virtutum
908 2395 1049 2451 Deus
1078 2395 1271 2462 Israel,
1307 2398 1363 2450 in
1388 2398 1541 2467 cujus
1569 2406 1845 2468 conspectu
1884 2397 2053 2459 adsto,

460 2486 507 2542 si
541 2485 696 2557 fuerit
725 2490 925 2558 pluvia,
960 2496 1051 2540 aut
1080 2504 1164 2542 ros
1192 2488 1246 2541 in
1282 2488 1363 2542 Itis
1392 2489 1567 2552 annis,
1597 2489 1700 2542 nisi
1733 2506 1787 2542 tn
1818 2489 1925 2543 oris
1957 2490 2057 2543 mei

460 2586 718 2633 sernrone.
748 2576 942 2648 Magna
968 2578 1047 2632 vis
1072 2578 1407 2647 propheticus
1435 2580 1715 2649 dignitatis
1743 2599 1755 2633 :
1788 2580 2059 2634 humanus

461 2681 644 2723 sermo
670 2673 774 2733 est,
800 2675 856 2723 et
876 2668 1089 2723 divinus
1116 2668 1341 2724 eﬂ‘ectus
1371 2688 1384 2723 :
1419 2669 1475 2732 in
1506 2671 1672 2726 terris
1698 2671 1860 2726 homo
1885 2671 2059 2741 loqui-

461 2766 574 2827 tur,
615 2767 671 2815 ct
711 2758 942 2830 imperio
985 2757 1101 2827 ejus
1146 2760 1398 2816 caelestes
1436 2761 1697 2817 obediunt
1738 2769 2053 2830 potestates.

459 2849 769 2907 Commovit
794 2863 1013 2905 omnem
1040 2859 1345 2907 creaturam
1376 2868 1516 2907 unus
1542 2867 1725 2907 sermo
1750 2852 2055 2922 Propltetm,

459 2936 516 2998 et
553 2941 694 2997 miro
724 2938 887 2998 modo
911 2940 1063 2996 humi
1100 2955 1323 3007 sonans,
1356 2957 1485 2997 aera
1517 2942 1811 2997 concussit.
1843 2941 2056 2996 Turba-

462 3042 549 3091 tus
572 3040 657 3090 est
676 3033 903 3091 humani
926 3033 1222 3088 ministerii
1248 3034 1404 3099 ordo,
1428 3042 1482 3088 et
1505 3050 1536 3088 a
1566 3034 1778 3089 sreculis
1810 3033 2057 3088 instituta

2158 1886 2285 1938 dens
2317 1886 2373 1938 in
2393 1884 2557 1937 altum
2574 1884 2831 1953 captivam
2866 1884 3017 1938 duxit
3039 1885 3411 1955 captivitatem.
3453 1886 3525 1940 Et
3555 1886 3762 1940 iterum

2160 1972 2332 2040 (Psal.
2362 1988 2500 2029 cxxv
2525 1973 2581 2045 4)
2614 1993 2627 2027 :
2655 1971 2966 2029 Convertere
3010 1974 3235 2029 Domine
3261 1976 3615 2046 captivitatem
3643 1993 3759 2031 nos-

2161 2076 2321 2126 tram,
2366 2065 2499 2119 sicut
2526 2074 2728 2119 torrens
2750 2066 2804 2118 in
2834 2074 3036 2119 austro.
3061 2064 3141 2120 Ac
3160 2075 3229 2119 ne
3254 2065 3486 2121 forsitan
3536 2076 3763 2122 moveat

2158 2153 2487 2224 quempiam,
2540 2154 2681 2221 quod
2731 2152 2941 2207 Heliam
2995 2152 3093 2207 Dei
3142 2156 3575 2223 comparaverim
3622 2156 3761 2219 ﬁlio,

2159 2246 2304 2315 legat
2324 2242 2609 2313 epistolam
2641 2243 2708 2297 ad
2742 2242 3022 2309 Hebraeos,
3048 2251 3105 2297 et
3132 2243 3187 2297 id
3213 2244 3533 2313 Apostolum
3563 2255 3761 2314 protu-

2157 2336 2291 2390 lisse
2331 2334 2569 2405 reperiet
2601 2334 2830 2389 dicendo
2862 2332 3047 2405 (Hebr.
3071 2349 3167 2398 vn,
3198 2332 3252 2404 3)
3279 2351 3293 2386 :
3343 2333 3763 2400 Quodammodo

2158 2427 2241 2480 hic
2270 2424 2653 2479 Melchisedech
2709 2423 3032 2478 assimilatas
3061 2423 3174 2493 ﬁlio
3222 2423 3325 2478 Dei
3375 2435 3653 2494 permanet
3707 2425 3763 2479 in

2158 2529 2410 2573 aeternum
2446 2515 2735 2587 Pontifex:
2766 2518 2880 2571 sine
2898 2526 3068 2586 patre,
3096 2516 3409 2577 sinematre,
3439 2514 3553 2567 sine
3567 2530 3761 2583 gerres.

2158 2609 2319 2680 logia,
2352 2625 2513 2680 neque
2536 2609 2747 2663 initium
2762 2608 2966 2663 dierum
2988 2607 3205 2672 habens,
3222 2622 3385 2677 neque
3397 2606 3580 2675 ﬁnem.
3600 2605 3760 2672 Quod

2160 2700 2347 2768 utique
2372 2699 2505 2753 nulli
2527 2700 2831 2764 hominum,
2858 2699 2965 2754 nisi
2994 2698 3091 2753 Dei
3124 2698 3235 2752 ﬁlio
3271 2698 3403 2752 olim
3443 2712 3762 2768 congruere

2157 2790 2353 2859 potuit,
2386 2788 2483 2858 qui.
2504 2804 2572 2844 ex
2603 2805 2730 2859 quo,
2762 2789 2847 2842 vel
2892 2788 3038 2843 unde
3085 2788 3351 2859 originem
3372 2787 3583 2849 trahat,
3606 2786 3761 2842 Scri-

2158 2887 2317 2949 ptura
2345 2879 2557 2947 penitus
2582 2894 2691 2931 non
2736 2878 2959 2931 indicat.
3015 2877 3071 2931 Id
3119 2878 3297 2946 ipsum
3343 2877 3534 2938 etiam,
3579 2885 3636 2930 et
3694 2877 3762 2929 de

2160 2970 2314 3025 Helia
2354 2968 2637 3039 Scriptura
2669 2976 2921 3032 testatur,
2971 2982 3096 3022 cum
3136 2967 3317 3029 subito
3362 2981 3564 3020 nomen
3611 2965 3761 3021 illius

2163 3058 2480 3123 introducit,
2509 3067 2564 3112 et
2605 3072 2635 3111 a
2688 3072 2794 3126 qua
2841 3058 3011 3121 tribu,
3061 3056 3147 3111 vel
3197 3055 3404 3110 familia
3453 3062 3608 3109 ortus
3663 3056 3761 3119 sit,

460 3122 1165 3220 ﬁltmemwmﬂawwm
1197 3123 1477 3179 comam“
1496 3165 1510 3191 ν
1539 3124 1842 3220 θΫΜ-δίςθθ
1880 3124 2058 3178 humi‘
2086 3153 2130 3215 (ἶ,
2162 3150 2388 3205 minime
2409 3122 2968 3220 proferturITorrens
2997 3146 3202 3213 Caritlt,
3234 3146 3326 3216 qui
3362 3133 3758 3214 interpretatur

461 3215 615 3284 dum,
649 3216 828 3274 calido
856 3215 1108 3287 frigidum
1138 3226 1430 3287 negaretur
1458 3235 1469 3270 :
1503 3217 1599 3272 sed
1645 3216 1911 3270 elementa
1938 3230 2060 3285 pm—

462 3323 591 3362 nam
615 3321 770 3367 suam
804 3305 931 3362 lzeta
956 3308 1278 3376 suscipiunt,
1312 3307 1601 3361 dummodo
1636 3306 1715 3361 vel
1746 3307 1800 3360 in
1830 3306 2057 3360 salutem

464 3396 766 3461 hominum,
793 3395 879 3451 vel
911 3394 968 3449 in
1010 3395 1273 3450 honorem
1302 3394 1591 3465 proﬁciant
1620 3395 1933 3449 conditoris.
1966 3392 2061 3447 Ju-

462 3490 624 3544 bctur
648 3486 831 3544 Helias
854 3487 1130 3552 secedere,
1167 3502 1232 3542 ac
1266 3486 1438 3542 latere
1467 3501 1483 3540 :
1515 3487 1582 3541 ab
1612 3487 1804 3541 avibus
1832 3486 1986 3541 cibus
2010 3486 2059 3540 ei

464 3577 679 3637 caelitus
718 3580 1063 3636 ministratur
1108 3598 1121 3633 :
1169 3580 1410 3636 siccatur
1448 3580 1645 3635 deinde
1689 3588 1926 3645 torrens,
1969 3580 2062 3634 de-

464 3660 658 3727 ﬁciunt
681 3668 896 3741 pocula.
926 3668 1234 3727 Procedens
1259 3670 1405 3725 enim
1431 3668 1579 3725 velut
1611 3670 1751 3738 ignis
1789 3669 2061 3726 sententia

466 3761 582 3830 ipsa
635 3758 1034 3831 quodammodo
1088 3767 1249 3815 terra}
1300 3758 1487 3814 vitalia
1545 3759 1889 3829 penetravit,
1939 3774 2064 3814 con-

466 3849 759 3921 festimque
794 3835 984 3904 omnia
1032 3848 1276 3905 aret‘ecit.
1330 3848 1488 3905 Nulla
1540 3864 1795 3920 agrorum
1842 3851 2059 3920 gratia:

469 3948 749 4011 pratorum
797 3938 944 3995 nulla
987 3948 1244 3997 venustas
1290 3958 1303 3994 :
1355 3940 1487 4010 ripae
1531 3954 1747 4010 quoque
1792 3941 2062 4011 virgultis,

473 4030 739 4103 quondam
777 4027 1097 4086 ﬂorentibus
1148 4038 1426 4099 praetextae
1466 4030 1719 4100 squalore
1755 4030 2065 4099 turpissimo

474 4121 816 4185 fatiscebant,
855 4128 980 4174 cum
1005 4117 1181 4174 fontes
1208 4119 1385 4189 aquis,
1413 4116 1635 4173 ﬂumina
1672 4120 1922 4173 cursibus
1958 4118 2067 4189 pri-

472 4217 752 4272 varentur.
782 4208 978 4279 Migrat
1005 4206 1133 4263 inde
1167 4206 1456 4278 Propheta,
1482 4215 1537 4261 et
1561 4222 1629 4262 ex
1665 4206 1762 4262 Dei
1797 4219 2065 4277 praecepto

474 4299 668 4356 transit
713 4298 782 4354 ad
818 4303 1121 4369 praeparata
1165 4296 1421 4376 cellaria,
1452 4297 1726 4367 totiusque
1765 4296 2067 4353 ati‘ectionis

473 4384 695 4459 oblitus,
720 4391 788 4448 de
814 4403 874 4446 se
899 4390 1103 4463 cogitat
1136 4388 1253 4445 solo
1284 4406 1298 4442 :
1330 4404 1441 4445 non
1472 4397 1844 4445 commovetur
1868 4390 2063 4444 buma-

2163 3240 2384 3306 Divisio,
2413 3239 2527 3294 sive
2552 3235 3057 3305 coneisio,judaico
3085 3235 3284 3307 populo
3306 3250 3614 3306 congruere
3640 3250 3757 3291 cer-

2162 3330 2430 3385 tissimum
2457 3336 2543 3383 est
2571 3347 2583 3381 :
2613 3328 2704 3397 qui
2730 3328 2962 3397 populus
2989 3326 3214 3381 torrenti
3244 3325 3442 3379 merito
3468 3339 3757 3394 compara-

2163 3428 2270 3484 tur,
2303 3418 2429 3488 quia
2456 3420 2598 3487 quod
2640 3420 2707 3473 ad
2732 3417 3129 3473 observandum
3160 3432 3257 3486 per
3284 3416 3463 3487 legem
3489 3417 3542 3470 ei
3576 3415 3756 3470 fuerat

2162 3510 2422 3566 divinitus
2450 3509 2728 3574 traditum,
2755 3516 3060 3577 opportuno
3086 3514 3327 3577 tempore
3354 3506 3759 3562 incarnationis

2165 3590 2456 3653 dominicae
2486 3597 2782 3652 ﬁniendum
2809 3606 2949 3661 erat,
2981 3596 3201 3666 quando
3231 3596 3461 3659 umbrae,
3486 3606 3541 3649 et
3566 3594 3753 3665 imagi~

2164 3702 2262 3742 nes
2288 3687 2424 3757 legis
2474 3686 2703 3756 expletas
2755 3696 3074 3741 noscuntur.
3110 3696 3134 3723 ε
3176 3702 3195 3735 ς
3254 3683 3505 3738 Pascitur
3558 3684 3757 3739 deinde

2165 3779 2350 3835 Helias
2384 3788 2627 3849 tempore
2674 3777 2837 3835 famis
2885 3795 2916 3833 a
2956 3778 3138 3833 corvis
3193 3791 3353 3832 mane
3401 3776 3757 3837 sﬁ‘erentibur

2163 3882 2385 3940 panem,
2409 3877 2465 3923 et
2486 3870 2556 3924 ad
2578 3884 2864 3938 vesperam
2921 3882 3154 3924 carnes:
3189 3876 3244 3923 et
3297 3867 3586 3922 Manicbsei
3644 3883 3756 3922 non

2166 3958 2479 4029 intelligunt
2498 3960 2552 4014 in
2579 3959 2689 4013 illis
2716 3959 2869 4013 libris
2898 3958 3199 4023 Christum,
3234 3959 3322 4012 cui
3350 3957 3757 4027 quodammodo

2174 4051 2402 4107 salutem
2452 4058 2696 4106 nostram
2720 4051 3009 4117 esurienti,
3069 4049 3399 4106 conﬁtentur
3436 4058 3757 4118 peccatores

2182 4142 2200 4181 ῐ
2234 4142 2359 4197 ﬁdei
2390 4126 2662 4212 primitias
2682 4142 2905 4212 spiritus
2926 4156 3071 4197 nunc
3111 4140 3398 4204 habentes,
3430 4140 3485 4193 in
3521 4139 3632 4193 ﬁne
3665 4154 3752 4193 au.

2167 4242 2299 4299 tem,
2334 4233 2483 4288 velut
2518 4234 2587 4289 ad
2612 4247 2892 4303 vesperam
2923 4232 3105 4289 saeculi
3146 4232 3311 4287 etiam
3356 4231 3542 4286 carnis
3576 4246 3749 4287 resur-

2166 4325 2492 4390 rectionem,
2545 4324 2952 4394 percipientes‘l
2983 4343 3002 4377 ι
3058 4332 3237 4393 potest
3285 4332 3339 4378 et
3388 4336 3487 4394 per
3533 4338 3753 4393 partem,

2168 4425 2224 4471 et
2263 4431 2503 4483 carnem,
2559 4431 2696 4486 quas
2755 4424 2935 4482 mane,
2983 4425 3041 4472 et
3093 4430 3317 4486 vespere
3373 4417 3527 4471 corvi
3585 4417 3755 4473 Helia

475 4486 666 4578 pirate,
692 4497 794 4540 nec
818 4481 928 4539 ulla
946 4480 1183 4538 ﬂectitur
1205 4480 1445 4578 pietate;
1472 4495 1578 4578 non
1607 4480 1827 4578 τθθιξὶοίῑ
1855 4480 1923 4535 ad
1947 4481 2061 4578 ips?
2087 4498 2141 4557 D
2167 4508 2384 4575 atl’erre,
2428 4480 2709 4578 Scriptura
2746 4480 3085 4578 prenuntiat,
3131 4480 3359 4578 intelligi
3408 4507 3468 4561 in
3521 4508 3756 4578 panibus

471 4575 594 4646 jura
622 4585 851 4640 natum,
888 4588 997 4629 non
1036 4570 1323 4642 parvulum
1363 4572 1463 4628 sub
1492 4571 1639 4627 sicco
1682 4572 1846 4626 ubere
1874 4571 2065 4627 matris

475 4667 866 4734 exhalantem:
910 4678 1103 4723 senum
1154 4677 1220 4719 ac
1258 4661 1517 4732 iuvenum
1563 4660 1830 4733 profunda
1873 4662 2065 4717 inediae

478 4772 613 4815 nece
642 4755 808 4820 fessa.
844 4770 953 4828 non
988 4753 1104 4826 iam
1133 4767 1385 4825 corpora,
1420 4752 1516 4811 sed
1555 4752 1822 4807 cadavera
1848 4749 2064 4805 turbido

478 4830 722 4921 pratterit
742 4848 915 4913 vultu,
945 4861 1054 4903 non
1079 4845 1328 4903 exoranti
1362 4844 1573 4909 colono,
1604 4859 1712 4899 non
1743 4843 2062 4913 supplicanti

481 4938 771 5012 respondet
802 4936 1098 5014 agricola:
1139 4936 1235 4991 sed
1281 4934 1555 4991 crudelior
1591 4934 1745 5000 teris,
1789 4944 1845 4988 et
1890 4933 2064 4988 bellus

481 5031 709 5103 effectus
749 5029 1055 5094 immanior,
1093 5015 1391 5083 humanum
1422 5040 1582 5081 omne
1608 5025 1839 5095 despicit
1876 5039 2065 5095 genus.

560 5146 624 5205 Et
660 5137 859 5217 fatum
895 5150 972 5197 est
1014 5138 1223 5195 verbum
1267 5137 1480 5193 Domini
1518 5137 1589 5192 ad
1628 5136 1840 5193 Heliam
1884 5137 2068 5193 dicens

557 5270 582 5298 ι
622 5254 870 5312 Domum.

556 5325 586 5367 δ
622 5321 827 5377 Perdit.

559 5405 583 5435 ε
616 5392 749 5448 Haec
785 5390 961 5453 habes
994 5386 1331 5458 tn;Paterio_,
1371 5387 1463 5457 qui
1502 5386 1619 5458 haec
1656 5387 1954 5458 desumpsit
1996 5401 2063 5443 ex

490 5465 611 5520 libr.
636 5477 713 5516 χι.
738 5458 1017 5515 Moralium
1038 5456 1284 5529 Gregorii
1310 5455 1490 5529 [natm
1510 5455 1622 5527 49].

556 5533 585 5575 d
625 5532 719 5586 Est
764 5530 819 5583 in
857 5524 1175 5599 exemplare
1216 5524 1329 5581 vox'
1365 5524 1625 5599 σὴν-ξριτιξ,
1676 5539 1796 5595 qua:
1840 5537 2067 5594 prorsus

492 5604 673 5668 inepta
712 5608 814 5655 est.
854 5595 1117 5668 Deinceps
1139 5611 1269 5668 vero
1297 5604 1408 5659 aut,
1429 5595 1625 5668 aliqua
1654 5610 1741 5668 es;
1763 5603 1944 5664 parte,
1973 5608 2068 5648 ex-

490 5664 709 5741 scripsit
732 5676 967 5724 veterem
991 5664 1400 5741 translationem
1429 5664 1661 5741 humilia;
1683 5665 2067 5741 Qhrysostomo

494 5732 737 5809 tributae,
786 5751 1013 5810 quaeque
1060 5736 1255 5807 legitur
1300 5735 1354 5789 in
1401 5733 1635 5790 editione
1685 5732 2069 5790 Moritt‘aucouii

1406 5857 1412 5899 ι

2168 4611 2331 4669 opera
2376 4598 2615 4667 pietatis,
2660 4611 2781 4668 quae
2813 4597 2868 4651 in
2910 4597 3235 4667 peregrinis,
3285 4605 3340 4651 et
3358 4596 3752 4665 indigentibus.

2169 4686 2271 4743 sibi
2318 4695 2549 4743 testatus
2597 4696 2683 4743 est
2724 4687 2985 4742 Dominus
3033 4685 3152 4741 dari
3206 4683 3426 4757 (Hattlt.
3477 4702 3535 4750 ι,
3567 4687 3648 4759 At).
3694 4688 3750 4742 In

2169 4777 2422 4831 carnibus
2444 4784 2625 4831 autem
2655 4776 2940 4847 castigatio
2972 4774 3321 4845 intelligenda
3350 4784 3436 4829 est
3480 4778 3747 4846 corporis.

2169 4868 2283 4922 sive
2326 4868 2620 4930 cruciatus,
2670 4881 2806 4936 quos
2828 4880 2928 4935 pro
2971 4864 3157 4921 divino
3213 4879 3420 4928 amore,
3460 4864 3551 4919 vel
3579 4866 3747 4933 cultu,

2168 4957 2343 5012 sancti
2385 4971 2575 5011 omnes
2618 4956 2721 5010 sibi
2770 4955 3038 5020 intulisse,
3100 4954 3183 5009 vel
3230 4970 3258 5007 a
3307 4956 3749 5023 persecutoribus

2168 5047 2455 5117 pertulisse
2483 5063 2656 5113 mane,
2683 5056 2730 5101 et
2766 5064 2993 5118 uespere,
3024 5046 3078 5101 id
3103 5055 3187 5101 est
3232 5037 3330 5101 Sub
3355 5048 3534 5102 veteri
3581 5056 3748 5103 testa-

2168 5146 2367 5201 mento,
2397 5144 2452 5192 et
2481 5136 2791 5207 evangelica
2824 5136 3233 5207 pmdicatione,
3260 5136 3535 5206 leguntur.

2166 5263 2288 5319 pag.
2319 5247 2441 5319 7150,
2473 5255 2528 5302 et
2551 5263 2692 5319 seq.,
2722 5255 2851 5319 tgm.
2881 5246 2954 5313 ll,
2993 5258 3050 5319 et
3081 5247 3394 5319 inscribitur
3432 5247 3489 5301 in
3526 5245 3743 5319 Petrus

2168 5314 2502 5399 Kpostolum,
2545 5327 2593 5399 et
2725 5314 3337 5399 Heliamnﬁrophetam’,‘
3370 5326 3472 5399 aut
3516 5317 3587 5372 ad
3624 5333 3741 5373 eam

2165 5383 2312 5510 Sorte
2336 5386 2593 5510 [:55fo“
2632 5386 2907 5442 Claudius.
2938 5383 3267 5441 Vide’num.
3303 5383 3339 5438 Ξ
3367 5384 3547 5451 illius,
3578 5401 3744 5457 quam

2203 5471 2301 5510 ιιι.
2409 5471 2480 5509 rut
2505 5472 2589 5510 ιω.

2167 5496 2687 5593 ωἶίέδῦξέξίιῖῆῑίθ
2712 5532 2897 5579 notata
2923 5524 3220 5594 desumpsit
3249 5525 3506 5581 Claudius
3524 5539 3591 5579 ex
3617 5539 3739 5605 cap.

2270 5593 2376 5675 lib.
2414 5607 2497 5675 xit
2528 5603 2743 5675 contra
2768 5594 3048 5675 Faustum,
3089 5604 3144 5648 et
3180 5594 3384 5653 Isidoro
3431 5610 3552 5662 cap.
3596 5595 3633 5650 8
3686 5609 3743 5650 tu

2170 5661 2234 5717 lll
2270 5662 2351 5717 Re
2391 5704 2404 5715 .
2446 5662 2541 5716 idi
2583 5677 2700 5717 sum
2731 5662 2999 5721 tradente.

2250 5731 2269 5773 ί
2294 5678 2461 5800 Egit,
2480 5678 2660 5803 ﬂictu.
