3912 6326
172 377 289 439 749

824 390 1284 458 ΟΙῘᾸΞΞΤΙΟΝΕΒ
1321 395 1469 449 XXX
1510 395 1735 452 SUPER

1860 397 2023 455 BROS
2064 401 2324 460 REGUM.
2366 434 2437 445 -—-
2470 404 2675 460 LIBER
2714 405 2802 461 IV.

3338 412 3442 468 ’ῖῢο

248 492 403 567 (Cap.
426 501 629 565 “11,7,
650 504 699 565 8,
728 512 779 557 et
806 505 1034 577 subseq.)
1060 506 1353 578 Postquam
1383 525 1513 566 vero
1537 512 1769 567 exsicca-
1796 513 1845 571 Α
1872 515 2098 584 conﬁde,
2154 516 2326 586 inquit
2354 558 2368 581 ,
2418 528 2465 571 et
2525 498 2609 587 {ab
2663 519 2947 573 secundum
2992 518 3196 574 verbum
3251 543 3442 586 meum.

180 591 269 640 tus
289 595 376 641 est
410 595 639 655 torrens,
673 591 872 648 dicitur
896 594 1062 651 Heliae
1090 612 1119 650 a
1155 597 1386 654 Domino
1432 617 1445 653 :
1478 599 1663 672 Surge,
1718 613 1766 656 et

176 673 309 728 vade
335 676 389 729 in
416 676 693 749 Sareptam
718 680 1078 751 Sidoniorum,
1103 694 1150 739 et
1169 688 1399 742 manebis
1424 690 1530 743 ibi:
1548 693 1769 761 prterepi

175 763 319 816 enim
338 765 630 821 ibimulieri
644 769 831 835 vidum,
848 781 900 825 ut
914 782 1093 843 pascat
1110 783 1178 828 te.
1200 773 1462 845 Surrexit,
1485 788 1531 833 et
1554 780 1680 832 abiit
1713 782 1766 834 in

175 851 475 926 Sarcptam.
494 858 724 931 Cumque
739 864 956 918 venisset
973 865 1041 918 ad
1075 875 1279 937 portam
1312 870 1559 935 civitatis,
1601 887 1766 941 appa-

176 948 287 1000 ruit
300 950 346 1002 ei
364 952 550 1005 mulier
563 954 718 1008 vidua
734 956 980 1026 colligens
997 956 1161 1027 ligna,
1175 968 1222 1012 et
1236 961 1433 1014 vocavit
1447 978 1559 1015 eam
1577 980 1593 1015 :
1615 964 1769 1017 dixit-

171 1053 279 1107 que
289 1042 335 1093 ei
347 1054 364 1091 .·
381 1043 449 1095 da
467 1043 592 1096 mihi
604 1044 859 1112 paxillum
873 1064 1024 1117 aqua:
1039 1049 1091 1102 in
1105 1065 1244 1115 vase,
1260 1060 1315 1105 ut
1330 1051 1517 1105 bibam.
1535 1050 1767 1121 Cumque

173 1133 273 1188 illa
302 1147 553 1207 pergeret,
582 1148 638 1192 ut
688 1141 921 1209 aﬂ'erret,
967 1142 1212 1197 clamavit
1257 1155 1370 1216 post
1414 1156 1615 1216 tergum
1650 1148 1763 1217 ejus

172 1228 392 1283 dicens:
425 1230 559 1299 a/fer
602 1233 729 1285 mihi
775 1243 823 1287 et
874 1233 1161 1288 buccellam
1209 1237 1392 1305 panis,
1432 1237 1664 1301 obsecro,
1709 1240 1765 1293 in

175 1333 487 1385 manutua;
523 1340 639 1394 qua:
693 1324 996 1395 respondit:
1025 1327 1143 1380 vivit
1165 1326 1423 1383 Dominus
1454 1328 1593 1382 Deus
1617 1338 1761 1395 tuus,

169 1415 301 1488 quia
330 1431 429 1467 non
454 1414 616 1468 habeo
642 1432 849 1486 panem,
878 1416 977 1470 nisi
1022 1426 1277 1487 quantum
1320 1418 1550 1489 pugillus
1575 1437 1762 1490 capere

170 1514 341 1574 potest
365 1504 557 1574 [ariam
586 1504 638 1559 in
667 1506 880 1575 hydria,
905 1515 953 1560 et
976 1506 1271 1576 pauxillum
1314 1507 1415 1562 olei
1444 1509 1499 1561 in
1538 1508 1757 1578 lecytho.

172 1592 262 1647 En
289 1592 479 1664 colligo
510 1593 615 1647 duo
650 1593 815 1664 ligna,
847 1604 905 1648 ut
959 1595 1250 1665 ingrediar,
1300 1606 1348 1650 et
1398 1596 1595 1673 faciam
1628 1596 1762 1650 illud

167 1686 305 1739 mihi
338 1696 387 1740 et
419 1685 529 1754 ﬁlio
560 1702 694 1750 meo,
724 1695 779 1739 ut
821 1686 1179 1751 comedamus,
1227 1696 1275 1740 et
1306 1688 1619 1741 moriamur.
1679 1687 1761 1741 Ad

169 1794 334 1849 quam
362 1777 542 1833 Helias
575 1780 673 1843 ait,
706 1778 812 1833 noli
841 1780 1063 1833 timere:
1104 1779 1194 1833 sed
1230 1780 1380 1845 vade,
1407 1788 1456 1833 et
1509 1780 1593 1849 fac
1624 1779 1759 1833 sicut

1872 605 1977 660 Sed
2004 606 2152 678 prius
2184 608 2271 677 [ac
2303 607 2429 661 mihi
2458 607 2577 661 inde
2598 609 3020 676 subcinericium,
3056 612 3151 664 tibi
3179 623 3373 682 autent,
3396 628 3443 670 et

1866 698 1980 767 ﬁlio
2006 709 2096 753 tuo
2121 701 2283 770 {acies
2316 710 2516 772 postea.
2543 711 2566 741 ο
2593 700 2638 757 0
2665 702 3007 771 magniﬁcum
3035 704 3280 761 mulieris
3327 709 3446 763 aui-

1868 792 2047 847 mum!
2074 792 2127 848 Ο
2149 791 2393 848 mirabile
2408 793 2603 848 ment-is
2627 795 2979 864 propositum.
3011 796 3193 853 Overe
3216 815 3445 855 venera-

1868 881 1973 936 bile
1996 897 2096 953 per
2123 881 2378 937 saeculum
2406 882 2641 939 factum!
2680 891 2862 952 potum
2914 886 3068 955 petit,
3105 903 3229 943 mox
3264 888 3440 945 oll‘ert.

1867 974 1935 1028 Et
1959 976 2102 1044 quod
2129 976 2344 1045 regibus
2368 975 2597 1031 forsitan
2645 975 2758 1046 jam
2812 978 3017 1045 deerat,
3059 984 3201 1050 quod
3250 985 3443 1040 divites

1868 1079 1975 1117 non
2004 1066 2295 1131 habebant,
2328 1066 2432 1121 hoc
2464 1066 2621 1121 vidua
2668 1082 2734 1122 ex
2786 1068 3114 1125 abundantia
3164 1078 3439 1145 erogabat.

1865 1154 2045 1209 Poscit
2065 1171 2258 1226 panem
2286 1156 2355 1210 ab
2385 1172 2469 1221 ea,
2498 1172 2618 1226 qua:
2645 1172 2767 1212 cum
2794 1158 2903 1214 ﬁlio
2924 1168 3045 1214 erat
3088 1163 3177 1217 die
3227 1173 3445 1233 postero

1867 1244 2146 1298 moritura.
2176 1244 2287 1300 Nec
2308 1244 2508 1301 habere
2536 1261 2594 1301 se
2620 1255 2798 1317 negat,
2824 1265 2982 1319 quem
3008 1251 3206 1307 fatetur
3236 1255 3442 1325 simpli-

1865 1333 2020 1413 citer,
2066 1350 2165 1389 nec
2199 1335 2392 1391 metuit
2444 1337 2675 1407 prodere
2706 1339 3013 1395 veritatem.
3059 1342 3127 1396 Et
3176 1358 3284 1398 non
3333 1353 3441 1399 tam

1863 1423 2192 1493 postulanti,
2238 1440 2401 1495 quam
2467 1428 2865 1497 quodammodo
2915 1431 3173 1501 exigenti,
3227 1449 3442 1490 omnem

1866 1530 2084 1571 causam
2119 1518 2304 1587 pandit
2327 1517 2382 1573 in
2418 1519 2690 1574 medium:
2743 1523 3101 1591 quantitatem
3144 1526 3345 1591 victus,
3390 1536 3445 1579 et

1862 1619 2145 1659 numerum
2165 1621 2540 1675 personarum,
2563 1617 2624 1663 ut
2648 1610 2914 1679 hospitem
2956 1628 3062 1666 non
3089 1615 3268 1669 minus
3312 1616 3443 1671 velit

1864 1696 2086 1762 habere,
2123 1713 2287 1767 quam
2307 1698 2565 1769 iudicem.
2599 1699 2716 1754 Non
2744 1701 2900 1765 dixit,
2926 1718 3031 1756 non
3062 1717 3282 1771 possum
3298 1703 3442 1760 face-

1866 1802 1925 1842 re
1948 1788 2090 1857 quod
2113 1788 2291 1859 jubes,
2325 1804 2424 1844 nec
2458 1789 2532 1843 ait
2565 1807 2578 1842 :
2613 1791 2895 1846 considera
2918 1792 3154 1856 viduam,
3180 1810 3285 1849 non
3322 1803 3433 1850 tam

168 1844 375 1923 dixisti.
403 1868 771 1923 Verumtamen
794 1869 1019 1939 primum
1041 1869 1127 1939 fac
1153 1870 1217 1924 de
1236 1872 1347 1941 ipsa
1377 1844 1611 1940 farinula
1636 1871 1758 1926 δεώ-
1787 1844 1834 1902 B
1862 1877 1927 1932 de
1965 1844 2045 1942 se,
2073 1844 2235 1946 quam
2271 1844 2338 1932 de
2369 1877 2478 1932 lilio
2518 1844 2905 1934 tabescentem.

170 1962 475 2016 ciuericium
498 1978 683 2032 panem
705 1961 1002 2031 parvulum,
1026 1971 1073 2016 et
1100 1963 1237 2032 affer
1264 1963 1392 2016 mihi
1417 1963 1544 2027 ;tibi
1558 1974 1753 2029 autem,

169 2061 224 2107 et
264 2053 375 2121 ﬁlio
404 2061 491 2106 tuo
536 2052 699 2119 facies
723 2062 925 2122 postea.
976 2052 1104 2108 Ha’c
1126 2063 1301 2108 autem
1333 2054 1460 2108 dicit
1500 2053 1757 2109 Dominus

172 2144 317 2199 Deus
348 2144 517 2199 Israel
544 2161 562 2198 :
588 2145 777 2215 hydria
794 2145 985 2214 fa'rinte
1008 2161 1111 2199 non
1136 2146 1363 2214 deﬁciet,
1401 2163 1491 2200 nec
1522 2145 1757 2217 lecythus

165 2237 276 2291 olei
306 2238 587 2301 minuetur,
617 2253 778 2308 usque
800 2237 868 2290 ad
894 2238 1056 2301 diem,
1083 2255 1187 2308 qua
1216 2238 1435 2292 daturus
1469 2248 1545 2293 est
1571 2238 1757 2292 Domi-

172 2348 274 2385 nus
294 2330 523 2400 pluviam
546 2347 701 2399 super
728 2331 915 2400 faciem
945 2339 1116 2383 terraz.
1152 2328 1282 2394 Qua:
1330 2330 1478 2394 abiit,
1537 2338 1586 2383 et
1637 2328 1758 2399 fecit

171 2420 325 2484 iuxta
352 2419 559 2473 verbum
594 2419 785 2485 Melite,
832 2429 880 2473 et
910 2420 1130 2473 comedit
1161 2430 1209 2474 et
1248 2421 1373 2490 ipse,
1404 2430 1450 2475 et
1505 2420 1601 2474 illa
1626 2429 1675 2475 et
1729 2433 1755 2461 ι

170 2510 318 2579 ﬁlius
338 2509 473 2580 ejus,
499 2519 546 2564 et
572 2526 636 2564 ea:
674 2510 767 2563 illa
813 2510 898 2564 die
942 2509 1132 2579 hydria
1177 2510 1366 2580 farinae
1423 2528 1526 2565 non
1548 2511 1754 2580 defeci’,

170 2600 407 2672 lecythus
430 2601 531 2654 olei
553 2618 657 2655 non
679 2611 752 2655 est
776 2602 1099 2665 imminutus,
1121 2602 1279 2671 juxta
1301 2602 1507 2656 verbum
1521 2602 1754 2668 Domini,

168 2693 311 2763 quod
334 2693 537 2747 locutus
568 2693 746 2761 fuerat
771 2694 825 2747 in
879 2710 1039 2747 manu
1093 2691 1284 2748 Helias.
1319 2694 1349 2733 b
1410 2693 1479 2749 Ut
1540 2695 1754 2750 interim

169 2785 596 2855 omittam,quid
629 2785 958 2841 intrinsecus
985 2784 1152 2840 lateat
1204 2784 1564 2850 Sacramenti,
1614 2788 1756 2855 quod

170 2875 240 2930 de
261 2883 406 2929 terra
431 2875 599 2930 Israel
633 2877 700 2930 ad
727 2874 1002 2930 Sidoniam
1026 2876 1258 2930 mittitur
1296 2876 1593 2944 regionem,
1615 2878 1757 2932 unde

169 2972 335 3034 caput
361 2965 621 3028 omnium=
648 2973 701 3019 et
723 2981 886 3019 causa
920 2965 1188 3021 malorum
1217 2962 1431 3021 Jezabel
1456 2979 1573 3021 orta
1612 2966 1712 3021 fuit
1738 2985 1752 2998 ·

168 3052 303 3108 illud
333 3054 573 3109 breviter
602 3055 1022 3124 perstringatur,
1074 3055 1420 3125 quod-pergit
1448 3056 1514 3109 ad
1540 3056 1756 3110 viduam

171 3144 400 3215 penuria
420 3145 775 3209 laborantem,
809 3154 863 3199 et
884 3146 936 3199 in
954 3144 1069 3214 ipso
1098 3144 1242 3209 vita),
1274 3146 1572 3215 mortisque
1623 3163 1753 3202 con-

170 3232 304 3290 ﬁnio
345 3236 715 3298 constitutam,
764 3249 885 3303 quae
925 3236 1151 3297 exierat,
1178 3242 1238 3287 ut
1270 3235 1415 3305 ligna
1451 3235 1750 3306 colligeret,

173 3335 229 3383 et
251 3334 364 3381 tam
392 3326 517 3389 sibi,
558 3341 720 3395 quam
751 3325 994 3395 parvulis
1046 3333 1345 3380 extremam
1393 3324 1568 3380 victus
1626 3326 1753 3380 sub-

168 3415 432 3472 stantiam
485 3424 825 3486 procuraret.
876 3414 947 3470 At
998 3415 1182 3471 Helias
1229 3416 1418 3471 videns
1465 3416 1750 3490 mulierem

169 3504 425 3577 squalore
468 3504 795 3571 confectam,
826 3521 933 3560 non
972 3514 1239 3569 movetur,
1290 3520 1399 3561 non
1433 3513 1750 3570 cunctatur,

169 3609 281 3650 non
313 3596 761 3664 revocatpedem,
793 3597 885 3651 sed
912 3595 1107 3664 ingerit
1133 3610 1214 3661 se,
1236 3603 1292 3651 et
1330 3597 1620 3665 immergit,
1663 3596 1751 3651 lit-

168 3699 281 3756 que
308 3684 357 3740 ei
379 3685 494 3755 ipse
513 3687 728 3754 gravior
747 3686 933 3742 fame:
962 3694 1018 3743 et
1052 3687 1184 3742 dicit
1206 3688 1271 3743 ad
1299 3703 1417 3743 eam
1448 3706 1461 3743 :
1498 3688 1582 3743 Da
1624 3690 1752 3743 mihi

168 3792 362 3847 parum
386 3792 555 3846 aquae,
580 3783 637 3828 ut
661 3776 850 3831 bibam.
878 3776 945 3843 Ο,
973 3777 1019 3833 si
1044 3778 1162 3843 tibi,
1185 3779 1345 3833 beate
1371 3779 1550 3845 homo,
1592 3779 1753 3834 vidua

166 3866 543 3937 respondisset
575 3884 589 3920 :
620 3874 678 3921 et
699 3867 847 3937 justa
883 3875 947 3923 te
999 3882 1134 3923 voce
1185 3868 1451 3937 repellens
1499 3869 1703 3924 diceret
1735 3888 1749 3923 :

170 3954 319 4023 Quid
340 3956 488 4024 petis
516 3971 546 4009 a
595 3971 703 4020 me,
762 3958 906 4026 quod
956 3957 1206 4011 omnibus
1265 3958 1569 4013 abstulisti?
1614 3959 1754 4025 Quid

168 4046 376 4115 quaeris
405 4060 436 4099 a
464 4045 711 4110 muliere,
741 4046 882 4117 quod
908 4047 1106 4102 mundo
1122 4048 1364 4118 negasti?
1387 4048 1754 4105 hmeomnium

167 4134 495 4203 necessitas,
550 4144 607 4191 et
668 4136 784 4192 haec
820 4138 1078 4207 penuria,
1137 4138 1251 4194 oris
1301 4140 1377 4199 tui
1434 4142 1757 4197 auctoritate

168 4227 390 4298 prolata
416 4235 518 4283 est.
560 4228 673 4298 Ego
694 4244 725 4283 a
752 4239 805 4284 te
843 4230 1015 4284 debeo
1045 4229 1270 4305 satiari;
1322 4237 1377 4284 et
1394 4238 1457 4283 tu
1505 4232 1660 4286 venis
1688 4232 1756 4287 ad

168 4317 299 4372 me?
337 4315 444 4372 Sed
475 4317 619 4371 nulla
665 4320 860 4373 horum
889 4318 1101 4382 mulier,
1145 4334 1245 4373 nec
1286 4319 1469 4385 corde,
1520 4307 1623 4376 nec
1660 4336 1757 4377 ore

168 4420 271 4460 usa
299 4420 552 4461 sermone
578 4415 681 4460 est.
714 4406 833 4460 Mox
880 4407 1075 4461 devota
1116 4423 1293 4471 mens,
1322 4415 1378 4461 et
1432 4411 1757 4481 evangelica:

1858 1968 2104 2023 velorum
2128 1968 2373 2033 chorum,
2403 1984 2501 2024 nec
2528 1984 2612 2024 me
2636 1969 2741 2024 illis
2778 1970 3018 2038 auferas,
3063 1989 3164 2029 nec
3211 1985 3439 2030 matrem

1857 2058 2084 2128 patiaris
2115 2067 2265 2113 tanta
2298 2060 2541 2115 orbatam
2570 2060 2722 2128 prole
2775 2062 3095 2133 derelinqui.
3150 2063 3267 2120 Non
3319 2068 3395 2121 ait
3424 2086 3436 2118 :

1862 2156 1915 2201 tu
1959 2162 2018 2202 es
2062 2148 2266 2218 utique,
2318 2149 2410 2218 qui
2461 2146 2658 2203 Orbem
2724 2157 2904 2217 teme,
2956 2151 3121 2209 famis
3170 2156 3440 2210 sententia

1859 2239 2252 2293 condemnasti.
2279 2240 2373 2303 Te,
2415 2255 2573 2295 omne
2609 2241 2889 2296 hominum
2927 2258 3098 2314 genus
3153 2245 3439 2313 irascente,

1859 2326 2106 2397 deperiit.
2134 2327 2337 2383 Deinde
2365 2329 2607 2383 transisti
2648 2330 2877 2398 patriam
2922 2348 2935 2384 :
2970 2338 3170 2385 terram
3222 2349 3439 2388 omnem

1858 2430 1995 2485 pene
2017 2417 2190 2486 gentis
2219 2424 2340 2482 tuae,
2363 2425 2419 2472 et
2442 2419 2773 2487 provinciam
2802 2422 3099 2491 peragrasti
3129 2440 3141 2475 :
3170 2439 3438 2494 nusquam

1859 2504 2097 2574 locuples
2120 2505 2379 2571 obviavit,
2412 2507 2501 2576 qui
2524 2508 2848 2562 esurientem
2872 2511 3193 2580 susciperet,
3222 2524 3278 2569 et
3306 2514 3435 2571 refi-

1859 2604 2005 2651 ceret
2026 2596 2381 2667 jejunantem.
2421 2598 2533 2668 Ego
2592 2600 2687 2655 tibi
2744 2600 2857 2656 sola
2907 2604 3144 2668 occurri,
3195 2613 3290 2659 aut
3331 2620 3439 2677 ego

1853 2687 1968 2757 jam
2003 2687 2115 2742 sola
2154 2688 2414 2753 remansi,
2447 2704 2566 2757 quae
2611 2698 2808 2759 prtetcr
2842 2694 3084 2761 pecunia:
3118 2702 3438 2765 egestatem,

1859 2776 2026 2830 etiam
2052 2775 2192 2831 mole
2216 2777 2490 2845 opprimor
2516 2777 2764 2842 filiorum,
2794 2794 2912 2848 qua:
2948 2789 3150 2835 tantam
3182 2792 3433 2838 natorum

1858 2866 2067 2936 plebem
2097 2866 2251 2939 plaga
2278 2868 2392 2938 ipsa
2420 2870 2595 2937 patior
2624 2871 2949 2940 graviorem.
3002 2872 3149 2928 Exeo
3194 2875 3435 2936 domum.

1859 2972 1964 3012 non
2005 2966 2064 3011 ut
2079 2958 2257 3027 spicas
2285 2959 2554 3029 colligam,
2588 2962 2681 3015 sed
2706 2961 2872 3030 ligna,
2905 2976 3009 3016 non
3048 2971 3105 3015 ut
3130 2964 3436 3020 alimoniam

1859 3046 2119 3113 deferam,
2146 3050 2239 3103 sed
2270 3048 2525 3106 fomenta.
2572 3051 2717 3119 Quos
2774 3069 2804 3106 a
2850 3054 2993 3108 fame
3047 3054 3279 3108 liberare
3330 3070 3436 3109 non

1860 3153 2099 3208 possum,
2130 3153 2297 3194 conor
2313 3139 2491 3195 saltim
2524 3156 2554 3194 a
2584 3140 2787 3213 frigore
2814 3142 3118 3198 defensare.
3137 3143 3296 3199 Certe
3312 3144 3437 3213 quia

1859 3235 1967 3280 tam
1999 3226 2232 3282 crudelis
2260 3242 2337 3293 es,
2363 3235 2423 3281 ut
2451 3244 2558 3283 non
2596 3230 2930 3297 consideres,
2990 3232 3133 3301 quod
3169 3231 3435 3305 iniungas,

1856 3316 1948 3371 illo
1969 3331 2098 3372 sane
2122 3325 2407 3371 contentus
2428 3332 2548 3373 esse
2579 3318 2864 3385 debueras,
2896 3329 2956 3374 ut
3003 3322 3285 3376 nobiscum
3331 3337 3399 3392 pa
3421 3354 3436 3366 ο

1855 3407 1990 3461 riter
2027 3406 2217 3461 ederes
2250 3407 2395 3476 quod
2444 3408 2724 3473 remansit,
2761 3410 2841 3463 vel
2867 3411 3018 3478 prius
3066 3411 3273 3465 sineres
3310 3426 3436 3479 par-

1855 3496 2010 3549 vulos
2056 3495 2271 3561 satiari;
2322 3503 2452 3551 tunc
2494 3497 2589 3550 tibi
2638 3499 2783 3567 quod
2830 3500 3202 3564 remansisset,
3230 3500 3434 3565 offerri,

1854 3588 1948 3642 sed
1974 3586 2317 3657 singulariter
2334 3586 2433 3641 tibi
2461 3588 2712 3658 prtecipis
2739 3587 2855 3644 fieri
2882 3590 3036 3645 cibos
3055 3630 3069 3655 ,
3093 3599 3149 3644 et
3195 3606 3301 3645 non
3346 3607 3436 3647 so-

1853 3678 1964 3734 lum
1991 3678 2353 3747 singulariter,
2384 3678 2478 3732 sed
2510 3687 2563 3732 te
2597 3679 2679 3733 vis
2702 3680 2952 3748 primitus
2989 3681 3175 3735 satiari
3203 3699 3214 3734 :
3275 3682 3425 3737 nulla

1856 3780 1909 3824 te
1935 3769 2255 3825 miserorum
2280 3770 2532 3824 convenit
2556 3784 2703 3834 cura,
2737 3785 2838 3826 nec
2864 3771 2977 3842 ipsa
3014 3781 3221 3827 natura:
3246 3773 3434 3845 religio

1856 3859 2185 3929 interpellat.
2235 3858 2503 3924 Parvulis,
2549 3868 2606 3915 et
2650 3861 2976 3917 lactentibus
3015 3871 3318 3917 extremum
3366 3864 3435 3918 de

1856 3949 2242 4019 ipsisdentibus
2258 3949 2473 4005 auferre
2494 3951 2575 4005 vis
2596 3952 2773 4005 cibum
2804 3930 2820 4004 ἕ
2851 3952 2944 4006 sed
2970 3946 3059 4005 illa
3091 3953 3286 4007 horum
3300 3954 3434 4009 nihil

1857 4049 1951 4095 aut
1983 4042 2115 4111 egit,
2166 4050 2260 4095 aut
2309 4042 2471 4107 dixit;
2534 4042 2779 4111 quinimo
2828 4042 3093 4111 intrepida
3138 4044 3328 4108 currit,
3380 4053 3436 4099 et

1857 4132 2118 4201 imperata
2146 4141 2502 4188 consummat.
2538 4134 2667 4187 Erat
2694 4134 2746 4187 in
2789 4133 2878 4188 illo
2928 4141 3171 4202 tempore
3219 4144 3431 4203 specta-

1855 4222 2033 4277 culum
2064 4222 2267 4292 angelis
2307 4222 2719 4293 hominibusque
2766 4223 3134 4293 gratissimum
3167 4242 3181 4278 :
3230 4223 3257 4263 d
3284 4226 3430 4293 quod

1856 4312 1998 4368 inter
2027 4321 2236 4383 gentes,
2268 4320 2321 4367 et
2342 4314 2396 4367 in
2423 4321 2564 4368 terra
2585 4313 2834 4383 profana,
2870 4314 3029 4367 vidua
3089 4314 3284 4369 mulier
3313 4314 3428 4384 jam

1860 4412 1987 4459 tunc
2008 4412 2153 4460 esset
2181 4404 2287 4459 ﬁlia
2314 4405 2564 4469 Abrahte,
2604 4405 2774 4459 multo
2801 4405 3120 4473 hospitalior
3171 4405 3288 4475 ipso
3337 4420 3435 4476 pa-

165 4510 281 4551 non
313 4495 531 4564 indigna
573 4496 859 4560 mercedis,
909 4495 1124 4567 frigida:
1180 4499 1433 4565 poculum
1479 4501 1755 4569 ριόριιθιτε
1778 4532 1833 4591 D
1857 4502 2031 4565 rente.
2051 4493 2222 4547 multo
2241 4492 2675 4591 humanior‘fidei
2700 4584 2703 4585 ν
2726 4492 3147 4591 genitorelG-en.
3177 4509 3332 4557 xvm,
3373 4494 3431 4558 2,

169 4584 356 4641 defert
377 4585 599 4640 sitienti.
624 4585 788 4639 Addit
807 4600 1020 4654 quoque
1069 4585 1281 4653 Helias,
1309 4595 1366 4643 et
1391 4589 1561 4644 dicit:
1610 4588 1757 4657 Aﬂ'er

168 4676 305 4729 mihi
326 4676 484 4728 etiam
512 4675 673 4747 panis
709 4674 992 4729 buccellam
1019 4676 1075 4729 in
1122 4693 1301 4730 manu.
1342 4676 1413 4731 At
1436 4677 1526 4731 illa
1565 4697 1578 4732 :
1620 4678 1759 4733 Vivit

166 4764 434 4818 Dominus
474 4764 614 4817 Deus
651 4774 792 4827 tuus,
817 4766 862 4818 si
914 4774 989 4817 est
1028 4765 1156 4817 mihi
1202 4768 1379 4835 panis,
1408 4768 1519 4819 nisi
1566 4784 1756 4821 manus

167 4852 330 4923 plena
350 4839 551 4920 'farime
577 4853 631 4905 in
660 4851 870 4920 hydria.
900 4849 984 4905 En
1013 4850 1201 4921 colligo
1237 4855 1344 4905 duo
1366 4852 1532 4922 ligna,
1559 4863 1617 4907 ut
1670 4856 1753 4907 in-

168 4939 407 5011 grediar,
436 4951 484 4995 et
514 4940 708 5010 faciam
728 4939 860 4993 illud
900 4940 1047 5005 mihi,
1085 4951 1132 4994 et
1157 4940 1269 5009 ﬁlio
1304 4957 1436 5005 meo,
1470 4946 1754 4998 etmandu-

170 5031 431 5097 cabimus,
476 5041 523 5085 et
577 5032 882 5087 moriemur.
933 5031 1038 5087 Sed
1068 5032 1332 5103 quid?Ad
1367 5034 1481 5089 haec
1528 5035 1743 5089 Helias:

244 5218 273 5246 ι
304 5203 505 5273 Domus
531 5202 664 5273 ejus.

245 5275 275 5314 ιι
304 5271 563 5345 Suspicor
594 5272 758 5325 multa
796 5287 862 5326 ex
892 5272 1196 5345 Augustino
1230 5274 1297 5328 ad
1323 5273 1482 5345 hujus
1518 5275 1623 5330 loci
1653 5291 1742 5330 ex-

171 5343 521 5414 plicationem
552 5353 826 5414 resumpta
850 5356 1005 5414 esse;
1039 5343 1131 5397 sed
1176 5342 1351 5414 locum
1394 5342 1554 5413 quem
1610 5346 1749 5399 indi—

173 5410 317 5476 cem,
347 5410 582 5481 nouitium
604 5412 802 5481 reperi.
832 5411 916 5465 An
955 5425 1256 5466 sermonem
1289 5410 1519 5481 aliquem
1553 5429 1748 5467 consa-

174 5481 280 5536 luit
337 5478 621 5545 Claudius,
660 5478 768 5550 quo
803 5490 946 5535 nunc
996 5478 1618 5537 destituimurl'Judicet
1671 5482 1747 5535 le~

173 5560 317 5606 (ξιον.

252 5631 272 5658 ε
314 5618 443 5686 Qua:
459 5628 776 5688 sequuntur,
810 5632 1088 5688 compares
1108 5626 1235 5688 opto
1268 5634 1390 5674 cum
1442 5634 1666 5674 numero
1712 5618 1747 5672 5

176 5688 327 5744 illius
369 5686 600 5741 homilite
628 5704 748 5755 quas
791 5690 844 5741 in
897 5686 1000 5742 SS.
1039 5686 1256 5742 Petrum
1305 5700 1353 5742 et
1400 5688 1610 5744 Heliam
1669 5690 1748 5742 in—

179 5758 463 5826 scribitur,
493 5767 547 5813 ct
585 5758 729 5812 inter
760 5757 918 5813 dubia
955 5756 1323 5829 Cbrysostomi
1357 5773 1520 5829 Opera
1567 5759 1745 5827 posita

1857 4599 1961 4639 etc.
1984 4585 2023 4653 ).
2065 4585 2197 4638 Erat
2250 4584 2463 4652 quidem
2511 4582 2784 4639 Abraham
2840 4584 3161 4654 hospitalis,
3203 4593 3257 4640 et
3305 4599 3435 4656 erga

1855 4674 2169 4742 peregrinos
2191 4687 2386 4741 magno
2424 4673 2672 4728 detentus
2717 4671 2932 4737 all‘ectu,
2990 4674 3081 4729 sed
3124 4682 3245 4730 erat
3306 4678 3435 4729 vero

1856 4765 2100 4834 epulens,
2132 4771 2251 4818 erat
2276 4763 2447 4828 dives,
2474 4766 2664 4818 aderat
2684 4764 2731 4817 ei
2758 4763 3073 4832 possequod
3103 4763 3285 4827 vellet,
3305 4764 3429 4833 quia

1859 4856 2034 4909 minor
2060 4861 2182 4907 erat
2207 4853 2437 4917 animus,
2466 4867 2630 4923 quam
2663 4850 2911 4917 facultas,
2943 4866 3045 4907 nec
3087 4866 3279 4907 sensus
3314 4851 3436 4905 ani-

1860 4961 2002 5001 mum
2027 4945 2340 5014 superabat;
2369 4945 2485 4999 haec
2511 4959 2660 5007 vero,
2685 4959 2803 5011 quae
2841 4958 2948 4998 non
2976 4943 3151 4998 solum
3203 4944 3429 5006 marito;

1860 5038 1953 5092 sed
2008 5044 2064 5089 et
2087 5034 2429 5088 facultatibus
2484 5034 2725 5096 viduata,
2781 5047 2885 5085 non
2941 5032 3113 5086 solum
3160 5031 3433 5088 natalibus

1855 5214 1938 5260 est
1967 5221 1993 5257 a
2029 5201 2424 5257 Montfauconio
2451 5217 2572 5271 pag.
2634 5201 2736 5256 7'29
2787 5202 2917 5257 tomi
2954 5201 3016 5255 ll.
3077 5202 3235 5258 Plura
3286 5203 3427 5259 cnim

1855 5276 2137 5343 desumpta
2159 5288 2222 5343 ex
2257 5286 2318 5326 ea
2350 5281 2493 5343 sunt,
2519 5272 2613 5343 sed
2670 5286 2792 5326 cum
2829 5272 3004 5343 aliqua
3054 5273 3363 5343 diversitate
3410 5290 3425 5326 :

1854 5360 1917 5397 ex
1946 5340 2062 5410 qua
2088 5342 2303 5410 quidem
2331 5356 2409 5400 re,
2434 5341 2635 5409 liquido
2662 5350 2893 5401 constat,
2930 5340 3040 5407 jam
3068 5341 3264 5395 dudum
3297 5340 3429 5396 fuis-

1853 5428 1910 5467 se
1934 5428 2053 5466 cum
2081 5410 2357 5464 ltomiliam
2382 5410 2646 5465 latinitate
2683 5411 2958 5473 donatam,
2987 5419 3039 5463 et
3084 5410 3313 5464 fortasse
3372 5411 3430 5464 in

1851 5497 2036 5535 earum
2076 5494 2304 5533 numero
2332 5494 2470 5544 esse,
2497 5496 2632 5550 quas
2676 5479 3015 5534 transtulisse
3043 5480 3425 5535 Cassiodorum

1851 5551 2126 5605 discimus.

1916 5619 1942 5658 ἀ
1974 5617 2368 5687 Subsequentia
2393 5616 2503 5687 fere
2535 5618 2737 5687 omnia,
2762 5617 2854 5672 sed
2883 5631 3009 5687 cum
3030 5614 3221 5687 aliqua
3246 5615 3427 5670 diver-

1846 5688 2007 5743 sitate
2032 5703 2099 5743 ex
2131 5683 2348 5742 homilia
2379 5689 2432 5741 in
2460 5686 2561 5743 SS.
2608 5686 2817 5742 Petrum
2862 5696 2908 5739 et
2960 5683 3169 5739 Heliam
3208 5684 3263 5738 in
3302 5700 3417 5739 rem

1845 5772 1999 5813 suam
2027 5756 2592 5815 transtulitClaudius.
