3912 6314
466 349 565 409 781

1543 359 1819 418 CLAUDII
1860 363 2324 420 TAURlNENSlS
2362 362 2665 419 EPISCOPI

3657 362 3754 417 752

464 465 669 531 tenuis,
699 465 795 520 sed
819 472 873 521 et
900 465 1159 536 temporis
1206 466 1347 522 malo
1379 470 1696 536 constricta,
1728 473 1803 526 ad
1851 481 2056 528 tantam
2089 477 2134 535 Λ
2164 473 2399 528 nominis
2422 474 2759 544 provocavit,
2810 474 2902 528 sed
2935 474 3098 528 verbo
3143 474 3315 527 eidem
3376 475 3754 528 tantummodo

464 556 759 609 devenerat
778 563 1176 625 paupertatem,
1207 566 1266 611 ut
1298 558 1353 611 in
1382 559 1542 614 domo
1572 562 1724 627 nihil,
1761 563 1861 617 nisi
1913 566 2057 632 quo]

465 655 689 717 augeret
717 645 937 713 famem,
983 647 1510 720 possiderepolerat,
1552 653 1901 725 parvulorum
1938 663 2058 709 tur-

466 742 531 796 ba
584 742 698 811 ipsa
759 741 939 797 inedia
999 742 1220 813 gravior
1264 751 1369 809 est,
1424 746 1519 800 sed
1567 746 1620 800 in
1674 746 1760 802 his
1807 750 2060 805 omnibus

465 824 625 886 malis
642 831 882 887 liberalis
904 833 1140 899 animus,
1185 841 1240 889 et
1290 850 1447 890 mens
1497 835 1693 891 devota
1742 838 2056 906 praestabat.

462 927 665 999 Pergit,
692 935 746 982 et
777 936 837 982 ut
859 937 1195 999 prteceperat
1214 929 1377 985 homo
1398 930 1517 997 Dei,
1547 931 1779 989 ﬁdeliter
1799 935 2057 1003 complet,

464 1018 690 1087 suscipit
714 1017 1068 1088 Prophetam,
1100 1027 1157 1073 et
1177 1021 1393 1090 recipit.
1422 1021 1541 1089 Quo
1568 1038 1699 1094 ergo
1725 1038 1840 1090 ore,
1863 1025 2067 1093 quibus

464 1107 688 1163 vocibus
723 1107 868 1163 hanc
900 1107 1155 1162 feminam
1180 1104 1435 1166 laudem?
1472 1131 1489 1162 ε
1513 1112 1657 1167 Nihil
1690 1115 1822 1168 mihi
1840 1114 2058 1184 dignum

462 1195 723 1261 occurrit,
747 1192 891 1266 quod
920 1204 1082 1252 tanta:
1096 1197 1317 1253 virtutis
1341 1201 1580 1259 animum
1611 1201 1793 1256 valeat
1809 1217 2060 1273 exaequa-

464 1306 543 1346 re.
573 1281 869 1346 Considcro
894 1292 1063 1356 enim,
1094 1293 1551 1363 quemadmodum
1573 1296 1755 1350 studio
1802 1295 2057 1350 humani-

464 1382 593 1437 tatis
622 1396 838 1446 omnem
868 1382 994 1438 inde
1020 1383 1266 1454 despexit
1291 1384 1554 1441 naturalis
1578 1384 1830 1451 affectus,
1862 1402 1969 1442 non
1993 1386 2060 1443 de

464 1487 544 1537 se,
571 1487 679 1527 non
710 1470 796 1526 'de
820 1472 1059 1541 parvulis
1091 1492 1103 1527 :
1134 1474 1271 1528 nihil
1324 1488 1445 1528 eam
1466 1490 1497 1529 a
1535 1475 1733 1530 mentis
1781 1477 2061 1545 proposito

464 1563 831 1629 revocaverit,
857 1578 958 1618 nec
979 1564 1184 1641 proprii
1201 1581 1364 1621 sexus
1391 1565 1704 1633 inﬁrmitas,
1734 1582 1835 1622 nec
1860 1577 2061 1621 mater-

463 1672 532 1711 na
559 1671 688 1727 erga
724 1656 981 1727 parvulos
1031 1658 1245 1713 viscera
1294 1658 1533 1728 pietatis.
1590 1656 1804 1714 Occidit
1853 1667 2062 1714 naturae

471 1746 647 1801 otlicia
681 1746 1072 1816 hospitalitatis
1098 1748 1318 1813 intuitu,
1349 1756 1405 1803 et
1428 1748 1653 1804 effectus
1705 1757 1791 1803 est
1834 1750 2062 1805 devotus

465 1855 593 1911 erga
620 1841 888 1910 hospitem
936 1843 1131 1897 matris
1186 1842 1423 1905 animus,
1497 1842 1733 1897 ﬁliorum
1762 1854 1787 1883 ι
1840 1842 2062 1898 crudele

465 1930 796 2000 sepulcrum.
830 1930 1104 1998 Quantum
1121 1931 1265 1986 enim
1291 1932 1359 1985 ad
1382 1931 1530 1986 illam
1585 1940 1811 2004 spectat,
1860 1933 2060 1987 mortui

469 2029 596 2076 sunt
630 2021 863 2091 parvuli,
921 2029 976 2075 et
1029 2021 1311 2092 genitricis
1344 2022 1761 2092 ,quodammodo
1814 2022 2063 2078 manibus

466 2112 810 2183 strangulati,
839 2120 1004 2183 atque
1026 2113 1223 2183 sepulti
1278 2111 1557 2180 Quantum
1609 2122 1790 2175 autem
1839 2115 1908 2168 ad
1966 2114 2061 2169 Dei

464 2203 913 2268 misericordiam,
939 2217 1044 2257 non
1074 2203 1274 2257 mortui
1302 2210 1429 2257 sunt
1448 2218 1597 2267 vere,
1623 2219 1724 2259 nec
1768 2204 1928 2268 fame,
1976 2204 2062 2258 vel

466 2294 659 2359 inedia.
680 2294 991 2364 consumpti
1041 2294 1217 2364 :quia
1273 2294 1374 2349 soli
1420 2294 1635 2351 caeteris
1682 2293 2059 2365 pereuntibus,

464 2383 875 2439 convaluerunt.
936 2382 1235 2440 Confestim
1302 2385 1606 2453 siquidem,
1673 2392 1729 2440 et
1792 2384 2060 2454 PrOpheta

467 2481 672 2529 tantam
696 2473 857 2529 ﬁdem
892 2473 1075 2529 divina
1118 2473 1370 2530 mercede
1411 2488 1769 2530 remunerans
1820 2475 1936 2529 ait:
1978 2472 2064 2528 Vi-

466 2567 535 2621 vit
562 2565 992 2639 Dominus,quia
1017 2567 1207 2637 hydria
1240 2566 1432 2636 farime
1452 2575 1560 2634 tua:
1602 2583 1708 2622 non
1749 2563 1975 2636 deﬁciet,
2012 2576 2060 2621 et

466 2674 556 2712 vos
585 2656 687 2711 olei
707 2674 809 2711 non
832 2657 1192 2711 imminuetur.
1226 2655 1393 2713 Facta
1416 2664 1502 2712 est
1542 2657 1710 2728 igitur
1756 2672 1949 2712 manus
1976 2658 2059 2712 vi-

467 2746 587 2802 dua:
613 2760 855 2816 perenne
882 2746 1143 2812 torcular,
1169 2754 1225 2801 et
1251 2747 1395 2802 mola
1445 2745 1648 2818 iugiter
1677 2747 1911 2812 fundens
1937 2766 1949 2801 :
1994 2748 2063 2802 Et

472 2837 605 2908 quid
670 2838 793 2894 dico
842 2838 1091 2893 mulieris
1143 2839 1397 2893 manum?
1444 2838 1503 2893 In
1556 2839 1723 2910 verbo
1775 2840 2061 2910 Propheta:

468 2937 583 2983 tota
607 2929 801 2985 domus
829 2930 1005 2985 vidua:
1032 2930 1250 3000 piorum
1288 2930 1572 2985 cellarium
1600 2931 1744 2986 facta
1787 2940 1891 2998 est,
1952 2948 2059 2987 non

468 3021 543 3076 ibi
582 3036 695 3085 ros,
729 3036 836 3076 non
862 3021 1063 3091 pluvia,
1101 3035 1209 3097 non
1234 3020 1383 3075 veris
1412 3035 1564 3086 aura,
1588 3037 1694 3076 non
1711 3020 1871 3076 calidi
1891 3022 2056 3087 soles,

469 3126 576 3166 non
605 3110 823 3165 nimbus
852 3110 1213 3176 necessarius,
1251 3125 1357 3164 non
1381 3118 1648 3176 aratrum,
1670 3126 1775 3166 non
1800 3112 2054 3182 agricola,

470 3218 576 3258 non
602 3201 847 3267 colonus,
876 3200 972 3255 sed
1001 3200 1204 3265 omnia,
1236 3207 1292 3254 et
1316 3200 1368 3254 in
1399 3199 1654 3255 omnibus
1701 3216 1881 3256 sermo
1926 3202 2060 3259 Pro-

467 3296 646 3363 pheta
674 3291 877 3345 affatim
930 3291 1109 3345 viduae
1160 3289 1525 3344 ministrabat.
1562 3309 1581 3342 ι
1636 3288 1929 3345 Sciendum
1980 3300 2059 3345 ta-

470 3399 595 3447 men
621 3383 766 3453 quod
804 3382 859 3435 in
908 3380 1053 3435 LXX
1090 3378 1478 3448 interpretibus
1527 3380 1643 3435 huic
1695 3380 1891 3443 vidua,
1950 3396 2055 3435 non

470 3490 640 3530 unum
668 3481 878 3528 tantum
916 3471 1107 3535 ﬁlium,
1140 3471 1235 3525 sed
1252 3470 1436 3540 plures
1452 3468 1710 3524 habuisse
1736 3480 2006 3524 narratur.
2028 3471 2055 3510 δ

472 3564 664 3619 Mulier
695 3578 845 3628 vero,
878 3576 999 3634 qua:
1030 3559 1197 3615 fuisse
1218 3560 1275 3613 in
1310 3557 1535 3629 Sarepta
1553 3559 1835 3623 scribitur,
1872 3560 2057 3615 Eccle-

472 3658 567 3710 siae
602 3664 784 3725 typum
813 3651 1082 3722 gestabat,
1113 3665 1235 3719 quae
1284 3664 1312 3703 a
1367 3662 1465 3703 suo
1520 3648 1721 3703 diutius
1780 3650 2059 3704 conditore

471 3750 713 3811 deserta,
744 3743 998 3815 populum
1030 3750 1193 3796 rectae
1224 3740 1349 3795 ﬁdei
1380 3736 1630 3805 nescivit,
1659 3742 1815 3809 quasi
1857 3757 2060 3811 paupe-

474 3855 588 3896 rem
644 3852 811 3907 egcna
864 3835 1004 3903 stipe
1063 3831 1360 3895 nutriebat,
1389 3830 1444 3885 id
1472 3838 1557 3885 est
1606 3831 1773 3886 verbo
1822 3830 2055 3886 fructum

472 3937 754 3999 expertem
777 3923 1026 3981 docebat.
1060 3922 1234 3976 donec
1258 3920 1539 3975 adveniret
1569 3934 1750 3974 sermo
1783 3921 2060 3989 propheti-

473 4037 590 4085 cus,
620 4018 710 4089 qui
741 4031 807 4072 ex
828 4017 1032 4072 siccato
1068 4012 1269 4067 vellere
1302 4009 1535 4075 lsraelis,
1593 4018 1655 4064 ut
1684 4019 1812 4080 pote
1874 4010 2059 4065 clausa

474 4111 599 4166 cceli
623 4110 812 4177 janua,
842 4106 982 4160 fame
1002 4101 1412 4172 periclitabatur
1452 4099 1507 4153 in
1534 4097 1761 4153 Judrca:
1818 4113 1937 4166 quae
1990 4098 2059 4153 ob

476 4206 579 4258 huc
617 4202 761 4257 dicta
786 4209 870 4256 est
900 4198 1080 4260 vidua,
1112 4195 1239 4264 quia
1262 4201 1321 4247 ut
1349 4201 1475 4262 pote
1512 4191 1751 4262 gentilis,
1785 4206 1887 4246 nec
1932 4191 2057 4246 dum

474 4294 656 4348 fuerat
679 4291 863 4346 divino
893 4287 1060 4343 cultui
1091 4285 1419 4353 mancipata,
1448 4296 1747 4361 nec~sacra3
1785 4282 1918 4352 legis
1965 4283 2059 4336 ha-

472 4383 637 4440 bebat
658 4380 943 4442 notitiam;
979 4376 1208 4445 Sarepta
1233 4384 1414 4430 autem
1443 4374 1661 4437 civitas,
1711 4388 1831 4444 qute
1886 4373 2058 4427 inter-

474 4484 724 4548 pretatur
756 4492 769 4527 :
804 4462 1103 4527 incendium
1142 4471 1255 4524 sive
1285 4468 1561 4522 tribulatio
1587 4468 1761 4538 panis,
1792 4468 1873 4523 vel
1909 4470 2059 4539 panis

474 4569 742 4639 angustia,
765 4578 1005 4635 pmsens
1029 4561 1378 4639 aceipiendus
1407 4568 1490 4614 est
1528 4558 1797 4639 _Mundus,
1844 4560 1898 4613 in
1954 4576 2061 4629 quo

478 4659 786 4716 incendium
818 4658 1067 4727 pessima:
1096 4652 1391 4722 conﬁagrat
1419 4650 1875 4719 cupiditatismbi
1899 4652 2062 4705 rebus

476 4751 828 4820 supervacuis
854 4744 1204 4816 adquirendis
1228 4744 1382 4812 quasi
1425 4743 1729 4811 aucupandi
1782 4759 1909 4796 cura
1962 4744 2062 4797 im-

476 4842 830 4911 pendebatur.
866 4836 968 4891 Ubi
995 4836 1127 4889 dirae
1162 4833 1475 4902 cupiditatis
1506 4833 1837 4897 incendium,
1870 4833 2057 4902 panis-

477 4950 580 5003 que
608 4929 906 5001 spiritual'rs
948 4935 1106 4980 antea
1156 4924 1323 4978 ﬁebat
1375 4926 1643 4992 angustia.
1680 4922 1841 4991 Ergo,
1887 4932 1947 4983 ut
1993 4924 2058 4977 de

477 5024 630 5079 llelia
662 5014 942 5089 Scriptura
980 5017 1332 5085 pronuntiat,
1356 5016 1617 5075 Dominus
1646 5022 1831 5068 noster
1860 5015 1927 5069 ad
1962 5030 2058 5067 na-

480 5118 685 5169 tionum
716 5109 1015 5165 Ecclesium
1063 5105 1305 5169 veniens,
1366 5112 1421 5157 et
1464 5117 1584 5156 eam
1629 5112 1783 5157 extra
1847 5112 2058 5173 portam

478 5206 732 5268 civitatis,
763 5201 998 5271 patrium
1025 5197 1276 5251 videlicet
1306 5196 1552 5250 inolitum
1608 5210 1851 5249 errorem
1905 5210 2059 5263 repe-

480 5302 647 5361 ricns,
668 5310 777 5350 non
805 5305 925 5346 eam
970 5288 1157 5356 signis,
1188 5294 1243 5339 et
1285 5283 1642 5345 mirabilibus,
1702 5283 2059 5353 maximisque

477 5385 764 5458 portentis,
793 5389 857 5438 ut
890 5378 1081 5436 Israeli
1130 5375 1351 5438 fecerat,
1404 5374 1473 5427 ad
1521 5372 1914 5427 confessionem
1978 5374 2059 5428 sui

552 5513 576 5540 ιι
593 5500 717 5553 ﬂare
739 5497 904 5551 habet
926 5488 1300 5553 interpretatio
1324 5484 1730 5539 Montfauconii.
1746 5484 1933 5537 Videre
1949 5494 2059 5537 erat

481 5574 677 5625 viscera
706 5566 954 5635 projecta,
972 5572 1019 5635 et
1040 5554 1355 5635 Prop/letam
1371 5566 1665 5624 susceptum
1689 5571 1710 5634 ί
1727 5563 1887 5635 totam
1920 5554 2061 5635 ﬁlio-

483 5586 677 5625 viscera
744 5586 954 5635 TOJECIU,
972 5586 1019 5615 σι
1040 5586 1355 5627 rrupucuuu
1371 5586 1567 5624 ouatcpt
1580 5586 1665 5605 ιιιιι
1689 5595 1710 5634 ..
1727 5586 1737 5604 ι
1750 5586 1887 5633 υιυξιι
1920 5586 1969 5633 ’.υ
1982 5586 2061 5605 ιυ-

483 5658 597 5693 rum
613 5586 819 5692 [ιιι-ἵστη
834 5633 1130 5695 sepulcrum
1144 5628 1313 5695 effecit
1329 5642 1345 5689 ;
1363 5634 1613 5695 quantum
1628 5639 1761 5695 enim
1781 5624 1879 5691 fuit
1894 5624 2062 5695 vidua:

484 5691 537 5762 in
552 5691 841 5779 proposito,
867 5691 944 5779 illi
973 5691 1348 5779 mortuiv‘suntl,
1374 5691 1478 5749 sed
1501 5693 1599 5746 Dei
1624 5692 1934 5779 benignitate
1955 5691 2066 5759 [ac-

483 5764 594 5834 tunt
616 5764 721 5843 eat,
763 5764 1089 5836 ut—t'irerent,
1120 5778 1167 5822 et
1196 5764 1481 5819 incolumes
1516 5773 1703 5819 essent.

2164 561 2449 630 imperavit
2479 564 2664 618 dicens
2706 563 2827 616 :Da
2848 565 2975 617 mihi
3007 565 3300 634 pauxillum
3340 581 3494 633 aqum
3524 565 3579 617 in
3614 581 3753 625 rate.

2163 662 2218 704 ut
2244 653 2433 717 bibam,
2458 664 2505 708 et
2532 654 2820 708 buccellam
2841 658 3000 725 panis
3024 656 3080 709 in
3102 673 3260 709 manu
3293 668 3405 709 tua.
3433 658 3590 726 Aqua
3611 660 3754 711 enim

2164 742 2217 795 in
2249 758 2397 818 vase,
2427 742 2561 797 ﬁdes
2592 744 2905 814 accipienda
2933 755 3018 800 est
3054 746 3235 800 cordis
3288 745 3468 817 (Rom.
3524 761 3581 811 x,
3645 747 3755 817 ιο),

2160 850 2263 903 qua
2293 835 2527 888 creditur
2549 836 2617 888 ad
2638 836 2925 906 justitiam.
2978 838 3282 892 Buccellam
3314 854 3447 893 vero
3493 839 3654 909 panis
3704 840 3755 892 in

2162 938 2344 989 manu,
2372 925 2756 978 misericordia:
2780 938 2864 980 est
2895 927 3301 996 intelligendum
3315 944 3471 997 opus,
3493 944 3602 997 quo
3624 928 3655 981 ﬁ
3681 930 3753 981 les

2162 1024 2220 1069 et
2242 1030 2404 1085 opera
2434 1016 2651 1071 vinculo
2681 1017 2784 1072 sibi
2816 1018 3049 1085 quodam
3100 1018 3453 1073 indissolubili
3521 1035 3757 1073 connec-

2162 1115 2369 1161 tuntur.
2402 1107 2503 1163 Ubi
2549 1109 2693 1163 enim
2725 1124 2831 1163 una
2859 1108 3139 1175 defecerit,
3190 1110 3359 1163 altera
3390 1113 3614 1180 penitus
3664 1124 3757 1163 ne-

2162 1212 2435 1267 quaquam
2464 1200 2647 1253 stabit.
2684 1200 2837 1268 Quod
2864 1207 3022 1256 antea
3055 1200 3291 1256 Jacobus
3314 1202 3393 1254 ait
3415 1201 3710 1271 Apostolus
3738 1220 3750 1253 ε

2163 1289 2247 1359 (tt,
2271 1288 2364 1359 26)
2388 1288 2519 1358 ﬁdes
2547 1291 2660 1344 sine
2698 1291 2937 1361 operibus
2967 1302 3175 1344 martua
3215 1301 3309 1345 est.
3339 1292 3408 1345 Et
3436 1307 3602 1361 opera
3637 1294 3757 1346 sine

2163 1377 2285 1444 ﬁde,
2311 1378 2491 1432 inania
2526 1378 2843 1445 redduntur,
2877 1389 2933 1436 et
2967 1380 3181 1436 frivola.
3211 1382 3454 1437 Ecclesia
3506 1399 3642 1453 ergo
3702 1384 3755 1436 in

2163 1477 2288 1540 typo
2315 1470 2459 1526 illius
2490 1470 2736 1525 mulieris
2760 1471 2953 1537 viduae,
2977 1470 3135 1539 juxta
3161 1472 3375 1528 Domini
3413 1484 3755 1543 praeceptum

2162 1560 2227 1613 ad
2258 1559 2585 1615 afferendum
2613 1561 2788 1615 eidem
2825 1576 3021 1631 aquam
3064 1564 3355 1634 pergendo,
3399 1564 3759 1632 quodammo-

2163 1650 2424 1706 doﬁdem
2469 1652 2553 1705 sui
2592 1652 2771 1706 cordis
2813 1661 3174 1722 praeparatam
3204 1649 3445 1708 ostendit
3498 1654 3753 1707 Domino.

2163 1741 2362 1795 Panem
2427 1742 2531 1795 sibi
2594 1742 2881 1796 conﬁtetur
2929 1745 3157 1797 necdum
3218 1743 3421 1808 fuisse,
3482 1745 3755 1814 condigna

2091 1822 2135 1879 Β
2165 1832 2417 1887 videlicet
2448 1848 2614 1902 opera
2657 1833 2854 1888 divina:
2914 1835 3165 1900 culturte,
3216 1835 3310 1890 sed
3369 1836 3642 1889 modicum
3698 1851 3758 1889 se

2163 1933 2396 1979 testatur
2426 1926 2628 1980 habere
2660 1924 2848 1979 farinae
2874 1926 2932 1979 in
2973 1926 3183 1996 hydria,
3214 1934 3269 1980 et
3313 1926 3595 1995 paululum
3647 1926 3755 1980 olei

2161 2012 2215 2066 in
2249 2012 2482 2083 lecytho.
2514 2011 2779 2081 Pugillum
2834 2011 3025 2067 farina:
3076 2013 3131 2066 in
3185 2014 3399 2085 hydria,
3447 2014 3755 2068 naturalem

2164 2103 2365 2158 indicat
2395 2103 2586 2174 legem,
2619 2119 2737 2173 quae
2768 2104 2947 2158 divina
2980 2103 3265 2174 largitione
3306 2105 3561 2159 humanae
3590 2116 3752 2159 natu-

2163 2208 2237 2247 ra:
2290 2193 2451 2247 insita
2501 2201 2604 2258 est,
2666 2209 2763 2264 per
2803 2209 2966 2263 quam
3017 2194 3347 2248 discernitur
3395 2194 3624 2259 bonum,
3673 2194 3757 2248 vel

2162 2283 2384 2348 malum,
2418 2292 2493 2349 et,
2529 2284 2745 2353 utquod
2779 2285 2881 2338 sibi
2934 2284 3218 2354 quisquam
3274 2283 3390 2338 ﬁeri
3450 2301 3560 2339 non
3616 2285 3755 2349 vult,

2161 2376 2185 2415 ἀ
2217 2377 2307 2431 alii
2338 2376 2451 2430 ullo
2480 2386 2725 2448 tempore
2749 2393 2855 2431 non
2880 2377 3063 2432 faciat.
3097 2379 3376 2433 Paululum
3412 2395 3545 2433 vero
3571 2380 3678 2433 olei
3704 2382 3756 2433 in

2161 2470 2393 2543 leeytho,
2432 2470 2773 2526 rationabilis
2797 2471 3143 2540 aceipiendus
3169 2482 3252 2527 est
3282 2473 3613 2536 intellectus,
3659 2489 3756 2543 per

2162 2577 2322 2631 quem
2353 2570 2599 2616 creatura
2625 2561 2875 2632 intelligit
2909 2570 3212 2616 creatorem
3231 2603 3244 2628 ,
3275 2572 3330 2616 et
3359 2564 3465 2632 piis
3495 2564 3755 2632 oper-itus

2160 2654 2334 2708 eidem
2365 2654 2578 2723 placere
2609 2654 2791 2708 studet
2823 2672 2835 2707 :
2869 2669 2988 2723 quae
3013 2655 3215 2709 idcirco
3254 2656 3391 2708 dixit
3426 2674 3438 2708 :
3472 2671 3531 2709 se
3561 2671 3753 2724 parum

2162 2742 2383 2809 habere,
2438 2744 2563 2812 quia
2605 2745 2834 2798 necdum
2879 2759 2978 2813 per
3029 2744 3280 2813 baptismi
3335 2743 3755 2800 Sacramentum

2161 2834 2457 2903 spiritualis
2480 2834 2668 2902 gratiae
2688 2841 2975 2902 acceperat
3000 2834 3221 2888 donum.
3246 2833 3322 2887 lbi
3341 2844 3522 2888 tamen
3548 2834 3754 2899 farina,

2158 2923 2473 2993 oleumque,
2491 2939 2586 2978 ore
2606 2924 2921 2993 prophetico
2935 2923 3273 2977 benedieitur
3299 2940 3314 2977 :
3339 2922 3391 2977 id
3410 2933 3495 2977 est
3518 2922 3544 2975 f
3545 2933 3754 2988 ructus,

2161 3021 2216 3066 et
2242 3012 2489 3067 hilaritas
2520 3012 2823 3077 charitatis,
2848 3013 2963 3067 sive
2998 3013 3171 3083 gratia
3196 3014 3441 3082 corporis
3472 3014 3751 3076 dominici,

2163 3112 2217 3159 et
2254 3104 2566 3158 chrismatis
2593 3104 2776 3158 unctio
2805 3103 3133 3159 indefectivo
3160 3104 3325 3157 verbo
3356 3103 3599 3157 caelestis
3625 3119 3749 3158 mu-

2162 3207 2293 3247 nere
2344 3192 2684 3247 fecundatur.
2742 3190 2908 3259 Cujus
2962 3193 3227 3246 hactenus
3272 3192 3326 3244 in
3378 3192 3524 3246 vasis
3574 3192 3753 3245 oleum

2161 3290 2339 3360 gaudii
2368 3264 2683 3358 spiritualis,
2708 3296 2763 3342 et
2784 3287 3175 3342 benedictionis
3200 3286 3375 3340 farina
3399 3301 3507 3344 non
3532 3285 3750 3348 defecit,

2160 3380 2400 3445 caeteris,
2439 3394 2559 3447 qua:
2606 3393 2713 3432 non
2745 3378 2989 3441 credunt,
3039 3376 3310 3448 gentibus,
3348 3376 3531 3445 inopia
3596 3377 3755 3446 panis

2161 3468 2361 3534 divini,
2395 3477 2449 3523 et
2484 3469 2704 3523 venatui
2749 3468 2947 3521 deditis
2976 3467 3173 3521 inutili.
3205 3467 3360 3533 Quod
3413 3475 3597 3521 autem
3649 3467 3751 3529 ait,

2161 3561 2267 3614 duo
2293 3560 2518 3629 seligua
2550 3557 2821 3627 colligere,
2861 3573 2927 3612 ex
2982 3558 3178 3626 quibus
3232 3558 3505 3612 modicum
3561 3556 3752 3609 farinae

2160 3661 2418 3721 coqueret
2448 3651 2591 3721 quod
2608 3649 2862 3715 habebat,
2894 3659 3082 3704 etcum
3118 3649 3241 3702 ﬁliis
3292 3649 3406 3703 suis
3432 3648 3749 3709 comedens,

2162 3744 2350 3797 mortis
2363 3741 2475 3810 jam
2498 3742 2725 3797 exitium
2746 3747 3109 3808 exspectaret,
3138 3740 3211 3792 ita
3235 3739 3611 3808 accipiendum
3632 3747 3749 3791 est:

2162 3836 2215 3889 in
2240 3835 2449 3888 duobus
2474 3833 2636 3901 lignis
2660 3847 2765 3885 non
2796 3830 2968 3886 solum
3024 3831 3154 3901 ligni
3190 3830 3430 3895 nomine,
3454 3831 3547 3885 sed
3584 3831 3750 3883 etiam

2162 3941 2386 3980 numero
2442 3926 2710 3994 lignorum
2760 3924 2944 3978 crucis
3008 3923 3327 3992 mysterium
3352 3921 3748 3991 prmsignabat;

2161 4031 2442 4085 perquam
2472 4015 2590 4075 sibi,
2619 4023 2673 4067 et
2696 4012 2818 4067 ﬁliis
2844 4013 3045 4078 suis,id
3068 4021 3149 4067 est
3174 4012 3393 4081 populo,
3418 4012 3750 4081 quiChristo

2162 4106 2337 4158 fuerat
2358 4105 2684 4165 crediturus,
2710 4118 2904 4171 panem
2934 4102 3058 4155 vitae
3087 4111 3363 4170 perpetua:
3392 4102 3511 4156 dari
3562 4102 3751 4156 crede-

2162 4196 2274 4260 bat,
2301 4194 2590 4263 prmteritis
2628 4193 2867 4263 peccatis
2879 4207 2976 4261 per
3003 4192 3280 4246 lavacrum
3298 4192 3554 4262 baptismi
3580 4195 3745 4246 mori:

2162 4285 2253 4338 illo
2283 4284 2533 4339 videlicet
2564 4297 2784 4353 genere,
2835 4282 2979 4351 quod
3031 4282 3291 4336 Dominus
3344 4283 3400 4335 in
3452 4282 3748 4355 Evangelia

2161 4376 2476 4445 prredicavit
2518 4376 2626 4446 (lo.
2656 4390 2747 4439 xx,
2777 4374 2869 4445 29)
2896 4392 2909 4426 :
2941 4373 3092 4427 Beati
3138 4375 3228 4444 qui
3262 4390 3365 4427 non
3406 4375 3666 4441 viderunt,
3701 4386 3747 4429 et

2168 4466 2520 4519 crediderunt.
2559 4465 2659 4519 Per
2684 4478 2877 4534 panem
2910 4479 3037 4519 vero
3062 4464 3506 4528 subcinerieium,
3547 4482 3746 4533 parvu-

2167 4554 2277 4607 lum
2310 4554 2436 4607 illud
2461 4554 2571 4621 jam
2606 4552 3003 4624 przeligurabat,
3038 4554 3183 4621 quod
3238 4555 3291 4606 in
3351 4556 3578 4608 exordio
3624 4556 3742 4609 ﬁdei

2164 4646 2454 4700 observare
2483 4653 2671 4713 gentes
2698 4659 2795 4711 per
2817 4643 3099 4711 epistolam
3141 4642 3383 4712 Apostoli
3439 4646 3745 4700 decrevisse

2163 4738 2443 4806 leguntur:
2463 4745 2482 4771 ο
2506 4732 2571 4785 Ut
2594 4735 2657 4785 ab
2681 4731 2996 4785 idololatria:
3016 4748 3069 4784 se
3094 4733 3454 4785 tantummodo
3468 4732 3639 4798 cultu,
3655 4745 3743 4787 ets

2163 4827 2531 4896 fornicatione,
2557 4841 2619 4876 ac
2634 4823 2905 4892 suffocatis
2931 4823 3269 4875 abstinerent.
3297 4822 3603 4886 Hzccenim,
3629 4840 3744 4892 qua

2163 4919 2389 4973 rudibus
2415 4917 2610 4979 adimo,
2644 4923 2699 4967 et
2727 4914 2852 4967 feris
2875 4914 3182 4968 hominibus
3208 4914 3275 4965 ab
3299 4914 3572 4980 Apostolis
3617 4931 3743 4969 con-

2166 5010 2286 5063 silio
2316 5007 2545 5075 sapienti
2569 5004 2775 5058 indulta
2799 5014 2943 5066 sunt,
2980 5004 3045 5056 ad
3077 5004 3539 5072 comparationem
3582 5021 3743 5058 evan-

2165 5100 2351 5170 gelicm
2384 5096 2799 5166 praedicationis,
2827 5096 2892 5149 ad
2921 5109 3082 5163 quam
3112 5095 3453 5163 postmodum
3471 5096 3744 5149 introduc-

2167 5192 2205 5243 ti
2237 5196 2379 5252 sunt,
2408 5186 2563 5239 valde
2620 5185 2831 5254 exigua,
2878 5192 2931 5237 et
2981 5199 3148 5252 parva
3203 5181 3370 5236 fuisse
3421 5197 3738 5236 noscuntur.

2172 5282 2323 5347 Quod
2351 5285 2529 5330 autem
2554 5275 2662 5327 ait:
2692 5274 2818 5325 mihi
2846 5272 3086 5343 primitus
3121 5270 3281 5338 facito
3300 5311 3313 5333 ,
3343 5272 3443 5324 hoc
3470 5271 3643 5324 voluit
3680 5270 3743 5322 ad

2167 5383 2352 5426 omnes
2375 5366 2655 5421 credentes
2690 5378 2757 5415 ex
2799 5362 3069 5432 gentibus,
3111 5369 3171 5413 ut
3224 5377 3329 5415 non
3368 5363 3481 5415 suis
3534 5359 3745 5415 meritis

2236 5483 2262 5523 δ
2295 5480 2456 5533 Multa
2480 5478 2566 5531 his
2589 5476 2764 5529 atlinia
2819 5475 2974 5529 docet
3008 5470 3391 5541 Berengaudus
3432 5471 3484 5541 in
3536 5471 3744 5538 Apoca—

2164 5553 2355 5623 lypsim
2383 5550 2447 5602 ad
2492 5562 2555 5601 ea
2584 5546 2767 5599 verba.
2795 5544 2861 5597 Et
2892 5560 3008 5595 cum
3038 5539 3744 5611 apertiiuelsigil.’untquar-

2166 5636 2349 5742 “uitia
2381 5685 2674 5756 exemplari
2697 5691 2780 5739 est
2816 5701 2827 5738 :
2867 5681 2958 5736 alii
2977 5693 3204 5751 tempore
3228 5695 3327 5732 non
3352 5678 3538 5746 faciat.
