3912 6368
221 376 336 433 753

874 380 1333 450 ΟΗίΕδΤΙΟΝΕΞ
1374 382 1413 437 .\
1427 382 1519 437 XX
1562 382 1784 437 SL'PER

1894 384 2069 439 unos
2108 386 2366 442 llEGUM.
2409 419 2478 431 —-
2519 388 2718 442 LIBER
2758 388 2848 445 iV.

3382 391 3485 446 75d

220 497 585 563 ascriberent,
620 499 759 567 quod
805 499 1086 559 obdurato.
1136 508 1427 568 spretoque
1468 497 1665 583 lsraele
1711 497 1807 565 ipsi
1840 502 1889 560 Α
1914 501 2126 556 Christo
2146 503 2459 566 crediderit,
2499 503 2750 583 moritur.
2784 500 2935 558 Unde
2961 502 3204 557 sublatus
3234 504 3301 557 ad
3344 512 3483 565 sacri

221 587 421 643 δεινοιί
447 600 600 653 sunt;
633 591 727 644 sed
756 592 857 645 sibi
881 632 899 656 ,
922 592 1015 658 qui
1038 600 1098 644 ut
1119 591 1426 654 crederent,
1457 589 1662 643 eisdem
1710 589 1811 642 rui-

221 679 464 733 sericors
484 680 709 733 exstitit.
727 678 880 745 Quod
907 688 1087 733 autem
1110 680 1311 733 dictum
1337 677 1497 731 estad
1510 675 1643 731 Cain
1660 691 1765 729 non
1782 689 1806 716 ι

222 777 363 820 recte
388 769 564 837 o/fert,
595 769 685 838 qui
714 786 817 822 non
852 778 986 823 recte
1007 769 1209 833 dividit,
1242 769 1345 822 hoc
1372 775 1458 822 est
1495 786 1508 819 :
1554 766 1647 835 qui
1705 780 1808 820 non

222 856 361 923 Deo,
388 860 481 913 sed
519 858 623 912 sibi
648 876 807 915 omne
835 861 1059 923 bonum,
1099 861 1242 928 quod
1299 859 1484 923 habet,
1540 859 1803 914 ascribit:

223 948 343 1002 sive
367 949 544 1013 aliter,
564 951 729 1018 panis
776 949 1170 1004 subcinericius
1220 949 1447 1003 historia
1495 950 1804 1018 accipienda

222 1046 312 1092 est
347 1038 498 1109 legis,
551 1054 672 1108 quae
727 1039 1063 1107 spiritualem
1107 1039 1518 1109 intelligentiam
1563 1050 1805 1109 opertam

221 1130 541 1192 continebat
583 1128 785 1184 littera.
830 1130 957 1197 Per,
983 1130 1364 1185 fermentatum
1410 1144 1540 1184 vero
1588 1146 1805 1201 panem,

223 1213 501 1287 Evangelii
532 1218 881 1289 intelligenda
900 1229 987 1274 est
1024 1220 1359 1287 praedicatio,
1400 1219 1556 1289 cujus
1606 1222 1806 1276 veteris

223 1309 538 1363 testamenti
569 1318 825 1379 tanquam
864 1309 1190 1365 fermentum
1221 1312 1425 1366 inserta
1476 1311 1602 1366 Sunt
1656 1314 1807 1367 testi-

221 1400 426 1452 monia.
461 1399 614 1466 Quod
633 1408 820 1457 autem
844 1411 1151 1471 pascentem
1175 1417 1232 1457 se
1272 1403 1422 1471 pavit
1478 1402 1679 1467 Helias,
1731 1405 1803 1457 ita

221 1488 633 1560 intelligendum
668 1503 754 1547 est
785 1513 796 1547 :
833 1494 1071 1548 universi
1096 1494 1240 1547 enim
1266 1508 1393 1548 vero
1426 1494 1626 1559 ﬁdeles,
1680 1495 1807 1550 licet

222 1594 319 1634 sua
344 1580 465 1643 ﬁde,
499 1591 552 1636 et
572 1583 676 1651 piis
705 1584 959 1653 Operibus
1002 1586 1168 1638 Deum
1200 1592 1445 1655 pascant,
1504 1593 1708 1645 tamen,
1746 1595 1806 1639 ut

220 1668 333 1722 hoc
358 1670 614 1737 habeant,
641 1671 710 1725 ab
740 1672 829 1726 illo
861 1673 1062 1727 eisdem
1092 1674 1449 1728 condonatur.
1479 1671 1645 1727 Omne
1665 1675 1801 1726 enim

219 1755 405 1811 datum
439 1760 709 1829 optimum,
743 1770 802 1815 ut
839 1763 1097 1831 scriptum
1136 1772 1220 1817 est
1249 1763 1455 1832 (Jacob.
1497 1779 1537 1829 ι,
1582 1762 1668 1834 l7)
1696 1803 1711 1828 ,
1753 1774 1799 1817 et

1911 590 2110 645 Altaris
2131 591 2487 656 coenaeulum,
2538 580 2636 662 per
2691 594 3000 647 unctionem
3047 594 3388 658 chrismatis.
3430 610 3485 653 et

1913 681 2303 735 invocationem
2333 680 2531 745 Patris,
2577 698 2641 736 ac
2692 682 2837 748 Filii,
2881 692 2936 736 et
2984 683 3220 752 Spiritus
3275 685 3483 753 Sancti,

1911 772 2454 842 communionemque
2501 772 2773 842 Corporis,
2797 784 2849 829 et
2898 775 3188 846 Sanguinis
3252 777 3482 843 Domini,

1912 864 2170 918 viviﬁcari
2202 863 2544 919 manifestum
2568 875 2652 920 est
2682 884 2694 919 :
2729 874 2783 920 et
2809 876 2935 921 tunc
2957 869 3194 922 abomni
3222 870 3483 935 Ecclesia,

1910 954 2063 1023 cujus
2084 955 2237 1023 pueri
2272 954 2429 1024 hujus
2468 964 2642 1009 mater
2682 955 2904 1026 ﬁguram
2935 960 3172 1028 gerebat,
3223 961 3310 1014 illa
3361 978 3485 1029 pro-

1909 1043 2083 1099 fertur
2109 1043 2376 1101 confessio
2410 1048 2571 1117 :quia
2601 1047 2860 1102 Dominus
2875 1049 3031 1103 Iesus
3046 1067 3193 1105 verus
3222 1051 3318 1105 Dei
3339 1052 3484 1119 [ilius

1906 1148 2001 1201 est,
2028 1147 2083 1192 et
2112 1139 2164 1192 in
2186 1140 2392 1209 gremio
2436 1139 2631 1204 Patris,
2664 1141 2749 1195 vel
2790 1142 3013 1197 dextera
3042 1144 3113 1198 sit
3140 1147 3481 1209 constitutus,

1910 1243 2228 1299 rursumque
2252 1228 2525 1297 depositus
2554 1231 2620 1285 de
2648 1231 2827 1297 altari,
2862 1234 3025 1287 C(Bllli
3081 1233 3338 1298 fidelium,
3367 1246 3484 1289 tan-

1907 1334 2067 1387 quam
2100 1320 2277 1383 matri,
2306 1320 2549 1374 redditur
2588 1321 2759 1376 vivus.
2796 1321 2921 1377 Sive
2967 1324 3161 1378 aliter:
3195 1337 3481 1395 postquam

1905 1412 2048 1465 enim
2067 1411 2237 1465 lidelis
2255 1412 2375 1481 quis
2405 1413 2649 1481 pristinis
2673 1415 2816 1468 vitiis
2842 1430 2940 1484 per
2986 1418 3382 1485 pmnitcntiam,
3429 1430 3483 1474 et

1904 1500 2347 1566 satisfactionem,
2374 1516 2468 1557 sua
2498 1504 2907 1559 mortiﬁcaverit
2934 1507 3198 1571 membra,
3236 1509 3480 1562 sublatus

1905 1608 1933 1646 a
1968 1593 2197 1647 terrenis
2214 1595 2616 1664 cupiditatibus,
2652 1604 2705 1650 et
2731 1597 3040 1653 carnalibus
3061 1599 3363 1663 desideriis,
3384 1616 3482 1669 per

1903 1684 2302 1738 meditationem
2333 1685 2484 1755 legis,
2511 1701 2573 1740 ac
2604 1689 3009 1757 prophetarum,
3065 1690 3482 1761 evangelicaque

1905 1774 2281 1843 praedicatione
2300 1774 2563 1828 viviﬁcari
2592 1777 2873 1838 meruerit,
2917 1779 3283 1848 templumque
3317 1779 3482 1833 fuerit

219 1862 373 1902 omne
400 1850 595 1903 donum
614 1853 896 1920 perfectum
925 1853 1202 1906 desursum
1247 1864 1343 1917 est,
1370 1870 1401 1907 α
1437 1852 1690 1907 luminum
1706 1871 1802 1923 pa-
1831 1844 1876 1902 Β
1905 1862 2144 1915 divinum
2174 1862 2419 1928 ellectus,
2444 1864 2571 1919 iHuc
2601 1850 2953 1920 intentionem
2985 1844 3148 1921 animi
3196 1844 3487 1922 contendit

218 1945 299 1991 tre
327 1939 661 1994 descendens.
718 1942 908 1996 Divina
954 1942 1103 1997 enim
1153 1958 1381 1998 munera
1431 1943 1799 1998 metuentibus

220 2034 389 2097 Deum
418 2049 755 2103 nequaquam
782 2034 997 2103 penitus
1024 2036 1357 2091 minuentur.
1416 2036 1651 2091 Rursum
1700 2037 1799 2091 ali-

218 2133 339 2179 ter:
366 2138 463 2195 per
491 2140 685 2195 panem
709 2126 1148 2192 subcinericium,
1178 2142 1338 2196 quem
1363 2128 1465 2182 sibi
1491 2144 1652 2183 verus
1693 2129 1797 2183 He-

216 2217 323 2271 lias
348 2216 607 2271 Dominus
636 2224 840 2281 noster,
874 2233 907 2271 a
933 2218 1212 2273 nationum
1235 2219 1474 2275 Ecclesia
1491 2221 1559 2276 ad
1572 2236 1797 2276 vescen-

216 2306 346 2361 dum
373 2308 617 2377 praecipit
650 2308 914 2373 exhiberi,
940 2309 1085 2378 quod
1107 2309 1253 2363 aliud
1280 2311 1658 2379 accipiendum
1692 2322 1797 2376 est,

207 2400 328 2481 nisi
353 2402 730 2470 poenitentium
751 2402 1085 2458 satisfactio?
1105 2403 1161 2463 id
1190 2406 1363 2475 ipsum
1384 2405 1799 2477 psalmograpbo

216 2491 315 2545 sub
362 2506 594 2559 persona
641 2494 958 2562 preuitentis
1006 2504 1233 2549 canente
1274 2511 1396 2551 cum
1443 2497 1575 2551 dicit
1621 2497 1793 2568 (Psal.

216 2582 405 2654 0,10)
450 2600 464 2636 :
508 2583 649 2649 Quia
698 2586 931 2639 cinerem
961 2587 1095 2640 sicut
1153 2602 1340 2656 panem
1387 2587 1792 2655 manduCalram,

213 2682 260 2724 et
282 2680 461 2741 potum
498 2689 670 2726 meum
698 2690 816 2726 eum
839 2675 1362 2744 ﬂetu-temperabant.
1394 2675 1488 2731 liis
1513 2677 1657 2731 enim
1710 2693 1796 2732 sa-

213 2762 609 2819 tisfactionibus
637 2765 895 2820 Dominus
918 2782 976 2821 se
1009 2768 1155 2836 pasci
1183 2767 1452 2821 hortatur.

281 2852 511 2909 Factum
542 2864 617 2909 est
641 2865 823 2909 autem
854 2866 969 2926 post
997 2856 1149 2911 verba
1174 2858 1285 2911 Ιιιῑιο
1312 2875 1325 2910 :
1352 2848 1621 2927 wgrotavit
1651 2858 1799 2927 ﬁlius

211 2944 446 3001 mulieris
477 2947 661 3000 matris
691 2946 931 3014 familia,
955 2957 1001 3002 et
1038 2958 1149 3001 erat
1198 2947 1423 3019 languor
1477 2950 1794 3019 fortissimus

211 3038 286 3089 ita
315 3046 371 3089 ut
412 3053 516 3091 non
547 3048 831 3091 remaneret
852 3038 907 3091 in
935 3055 993 3092 eo
1020 3038 1236 3091 halitus.
1272 3037 1404 3104 Qure
1434 3039 1568 3093 dixit
1597 3040 1665 3092 ad
1683 3038 1791 3094 He-

209 3126 377 3180 liam:
411 3124 550 3190 Quid
574 3124 702 3179 mihi
727 3135 775 3180 et
828 3127 941 3192 tibi,
1017 3127 1097 3180 vir
1150 3126 1282 3180 Dei?
1332 3126 1610 3198 Ingressus
1636 3146 1689 3182 es
1720 3128 1790 3182 ad

1900 1952 2156 2022 dirigere,
2185 1953 2276 2008 ubi
2312 1953 2560 2009 Christus
2588 1963 2679 2010 est
2692 1956 2760 2009 ad
2776 1957 3043 2010 dexteram
3076 1956 3256 2012 Patris
3269 1959 3475 2019 sedens.

1898 2042 2026 2095 etin
2054 2057 2215 2096 carne
2234 2042 2408 2098 adhuc
2429 2043 2701 2109 habitans,
2733 2046 3195 2100 conversationem
3234 2050 3347 2117 jam
3398 2049 3479 2101 ni-

1900 2132 2031 2185 titur
2057 2132 2255 2187 habere
2287 2134 2346 2187 in'
2369 2134 2545 2189 caelis.
2597 2135 2702 2190 Sed
2728 2137 3124 2204 quantumlibet
3165 2138 3287 2206 quis
3315 2139 3481 2193 homo

1898 2222 1964 2276 ad
1990 2222 2157 2298 Deum
2184 2218 2473 2278 contendat
2498 2225 2706 2295 erigere
2727 2236 2979 2287 mentem,
2998 2234 3052 2281 et
3073 2243 3171 2297 per
3187 2242 3472 2283 excessum

1898 2312 2204 2379 quemdam,
2233 2312 2459 2369 theoriae
2495 2317 2831 2385 se'gaudeat
2879 2317 2933 2371 in
2963 2318 3212 2389 supernis
3253 2317 3472 2373 Christo

1898 2392 2126 2460 Domino
2147 2405 2446 2472 adhaerere,
2472 2407 2717 2477 corporis
2742 2417 2920 2463 tamen
2942 2409 3299 2477 compcllente
3312 2420 3471 2464 natu-

1898 2510 1979 2561 ra,
2005 2496 2301 2550 cuianima
2324 2497 2509 2567 juncta
2532 2506 2634 2562 est,
2668 2506 2727 2552 ut
2749 2499 3086 2569 desupernis
3114 2500 3181 2553 ad
3216 2498 3474 2555 inferiora

1895 2602 2112 2641 rursum
2144 2588 2471 2653 retrahatur,
2505 2604 2729 2651 necesse
2752 2597 2855 2645 est.
2889 2590 3043 2657 Quod
3083 2598 3263 2645 autem
3317 2591 3472 2653 dicit,

1895 2676 2105 2731 Heliam
2132 2692 2191 2731 se
2226 2692 2641 2748 supervpuerum
2667 2681 3012 2749 expandisse,
3041 2681 3320 2749 tribusque
3346 2681 3476 2736 vici-

1894 2766 1995 2821 bus
2021 2765 2477 2830 mensum-fuisse,
2511 2768 2615 2823 hoc
2658 2768 2835 2837 ipsum
2866 2768 3135 2838 .explesse
3182 2768 3468 2823 Dominum

1893 2858 2239 2913 manifestum
2292 2866 2396 2924 est,
2444 2876 2565 2914 cum
2597 2875 2695 2930 per
2744 2861 2936 2931 legem,
2987 2868 3041 2915 et
3088 2861 3469 2930 prophetarum

1892 2947 2168 3013 vaticinia,
2192 2962 2285 3002 seu
2312 2949 2526 3017 propria
2555 2950 2936 3018 pnedicationc
2969 2950 3197 3004 salutem
3251 2950 3473 3020 protulit

1889 3037 2130 3104 gentium
2166 3037 2381 3106 populo.
2430 3036 2723 3108 Superiora
2749 3038 2860 3106 jam
2892 3038 3188 3110 ﬁguraliter
3226 3042 3469 3110 exposita

1892 3124 2055 3178 verba
2082 3124 2247 3179 Helia:
2270 3126 2338 3179 de
2364 3115 2548 3192 vidua,
2591 3127 2757 3183 multo
2809 3128 2977 3183 aliter
3030 3130 3170 3199 apud
3218 3133 3471 3200 antiquas

210 3233 310 3281 me,
342 3225 398 3269 ut
460 3228 927 3273 rememorarentur
980 3216 1281 3288 iniquitates
1334 3236 1482 3283 mem,
1536 3229 1584 3273 et
1627 3222 1788 3274 inter-
1816 3193 1862 3256 (ἶ
1896 3215 2276 3271 translationes
2298 3218 2661 3286 reperiuntur,
2691 3220 2745 3273 in
2801 3220 3203 3290 qnibusllclias
3234 3221 3466 3278 Domino

208 3308 393 3376 ﬁceres
415 3306 583 3375 ﬁlium
610 3307 821 3359 meum?
853 3306 952 3359 Cui
984 3308 1057 3360 ait
1096 3306 1278 3360 Helias
1312 3321 1330 3359 .'
1359 3308 1428 3361 da
1463 3309 1590 3362 milii
1618 3308 1789 3377 ﬁlium

207 3410 378 3453 tuum.
403 3398 569 3464 Quem
600 3399 783 3454 tollens
808 3400 871 3453 de
894 3401 1014 3453 sinu
1042 3400 1155 3469 ejus
1178 3401 1403 3470 portavit
1437 3401 1491 3453 in
1518 3400 1787 3454 cenaculo

205 3508 312 3562 quo
340 3492 607 3557 manebat,
630 3500 677 3545 et
716 3493 887 3561 posuit
909 3508 1025 3545 eum
1050 3509 1208 3562 super
1257 3492 1443 3546 lectum
1483 3510 1658 3552 suum,
1698 3510 1788 3547 ea:—

208 3583 493 3653 panditque
526 3600 599 3647 se,
629 3600 690 3636 ac
713 3600 921 3636 mensus
946 3592 1018 3636 est
1066 3600 1221 3653 super
1253 3600 1471 3652 puerum
1513 3584 1678 3637 tribus
1714 3586 1787 3638 vi-

205 3674 371 3728 cibus.
406 3674 473 3728 Et
504 3691 749 3728 conversa
787 3684 863 3728 est
885 3676 1063 3728 anima
1091 3677 1237 3741 pueri
1273 3676 1342 3728 ad
1377 3692 1516 3741 eum,
1560 3685 1608 3729 et
1655 3679 1788 3730 revi-

203 3768 304 3831 sit,
362 3767 752 3836 depositumque
784 3767 850 3819 de
894 3765 1161 3819 canaculo
1211 3767 1429 3819 tradidit
1467 3769 1626 3820 matri
1675 3784 1785 3821 sua:

203 3866 256 3908 et
284 3856 358 3908 ait
388 3868 405 3905 .'
436 3871 499 3908 en
519 3854 661 3923 ﬁlius
689 3863 810 3907 tuus
840 3855 985 3907 vivit.
1029 3853 1161 3919 Qum
1208 3854 1470 3923 respondit
1526 3872 1539 3907 :
1582 3856 1636 3907 in
1686 3856 1787 3907 isto

201 3946 443 4016 cognovi,
470 3946 715 4015 quoniam
744 3946 822 3998 vir
850 3945 946 3998 Dei
969 3962 1021 3999 es
1050 3955 1128 4009 tu,
1158 3953 1211 3997 et
1237 3945 1445 3998 verbum
1483 3944 1581 3999 Dei
1608 3946 1663 3998 in
1696 3962 1784 3999 ore

201 4049 292 4092 ιυο
324 4054 499 4092 verum
523 4047 619 4093 est.

274 4126 427 4193 Quod
455 4127 597 4179 enim
635 4125 764 4180 dicit
804 4125 967 4179 ﬁlium
1022 4125 1262 4179 mulieris
1306 4125 1472 4179 nimio
1525 4124 1783 4195 languore

110 4240 113 4243 π
201 4216 502 4279 detentum,
526 4217 593 4269 ad
618 4225 844 4269 mortem
874 4231 1043 4283 usque
1066 4215 1231 4269 fuisse
1258 4216 1595 4285 perductum,
1642 4216 1783 4269 hanc

202 4306 611 4377 intelligentiam
642 4306 842 4360 habere
886 4307 1234 4373 dignoscitur.
1285 4306 1415 4360 Post
1471 4312 1780 4374 perceptam

197 4397 349 4451 enim
378 4396 500 4464 quis
544 4396 780 4449 divinam
830 4397 1211 4465 cognitionem,
1272 4412 1365 4449 seu
1416 4395 1780 4465 evangelicam

1893 3306 2154 3376 supplicat
2181 3306 2386 3361 dicens.
2418 3318 2440 3346 ο
2478 3326 2497 3358 ι
2527 3306 2572 3363 0
2614 3309 2835 3364 Domine
2874 3308 3016 3364 testis
3070 3311 3227 3381 hujus
3278 3313 3466 3378 riduw,

1891 3412 2009 3451 cum
2036 3414 2141 3468 qua
2171 3415 2264 3468 ego
2291 3399 2526 3455 inhabito
2567 3402 2709 3471 apud
2758 3403 2948 3471 ipsum,
3000 3414 3055 3456 tu
3104 3404 3240 3459 male
3278 3404 3467 3473 fecisti,

1890 3501 1946 3549 ut
1967 3480 2225 3545 occideres
2253 3492 2423 3560 ﬁlium
2450 3494 2589 3562 ejus.
2631 3492 2771 3546 Nihil
2803 3493 2857 3546 in
2915 3494 3016 3549 hoc
3037 3495 3181 3549 dicto
3226 3507 3470 3552 moveret

1887 3582 2148 3647 animum,
2186 3584 2230 3638 si
2274 3599 2403 3638 vera
2440 3585 2809 3654 pronuntiatio
2847 3596 3178 3654 servaretur,
3222 3585 3335 3642 Vox
3384 3597 3470 3642 est

1887 3674 2162 3729 enimnon
2185 3676 2491 3741 credentis,
2521 3677 2666 3747 quod
2721 3685 2831 3731 tam
2883 3678 3022 3733 male
3074 3677 3275 3734 faceret
3322 3679 3466 3735 Deus

1887 3778 2008 3818 cum
2033 3778 2101 3817 ea
2118 3764 2296 3828 vidua,
2329 3780 2448 3833 quae
2489 3774 2598 3819 tam
2645 3767 2734 3836 pie
2782 3767 3104 3837 prophetam
3125 3779 3462 3838 susceperat,

1886 3868 1952 3907 eo
1978 3854 2277 3922 praesertim
2328 3862 2589 3923 tempore,
2619 3869 2725 3924 quo
2755 3854 2825 3909 ibi
2852 3864 2990 3921 erat,
3022 3857 3107 3911 cui
3164 3858 3464 3926 protulerat

1888 3944 1977 3997 illa
2010 3952 2179 3998 totum
2206 3944 2408 3998 victum
2432 3961 2587 3999 suum
2618 3953 2725 3999 tam
2752 3946 3006 4017 exiguum
3032 3948 3084 3999 in
3113 3956 3222 4002 tam
3244 3964 3458 4020 magna,

1886 4043 1939 4089 et
1968 4051 2176 4090 summa
2204 4036 2404 4105 inopia.
2431 4036 2506 4089 Ita
2535 4050 2663 4105 ergo
2689 4036 2891 4090 dictum
2920 4044 3025 4102 est,
3058 4054 3122 4091 ac
3151 4039 3194 4092 si
3224 4040 3459 4095 diceret:

1888 4128 1931 4184 0
1959 4128 2182 4183 Domine
2235 4128 2377 4181 testis
2423 4127 2581 4196 hujus
2612 4128 2801 4193 vidule,
2827 4144 2946 4182 cum
2976 4146 3079 4199 qua
3108 4146 3200 4199 ego
3227 4130 3462 4185 inhabito

1884 4220 2022 4290 apud
2051 4221 2219 4289 ipsam
2249 4235 2268 4273 :
2298 4228 2416 4272 tune
2464 4218 2601 4272 male
2624 4219 2811 4288 fecisti,
2864 4229 2923 4273 ut
2971 4221 3229 4275 occideres
3280 4222 3454 4290 ﬁlium

1883 4310 2036 4380 ejus?
2066 4309 2137 4364 Ut
2158 4308 2609 4378 subintelligatur,
2642 4311 2785 4378 quod
2806 4312 2990 4379 utique
3012 4312 3271 4367 Dominus
3303 4314 3460 4368 testis

1883 4401 2065 4456 cordis
2087 4400 2228 4454 illius
2258 4400 2521 4464 mulieris,
2565 4401 2782 4455 videbat
2815 4412 3017 4470 quanta
3067 4410 3212 4456 esset
3262 4403 3456 4471 pietas,

198 4484 658 4551 praedicationem,
679 4492 1042 4552 perceptoque
1063 4485 1323 4537 bonorum
1343 4498 1563 4553 operum
1594 4493 1772 4553 gustu,
1802 4518 1854 4576 Β
1885 4494 2023 4547 unde
2045 4493 2206 4547 etiam
2235 4491 2441 4553 Heliam
2474 4492 2646 4559 ipsum
2670 4494 2735 4545 ad
2761 4509 2878 4547 eam
2917 4494 3279 4556 miserit,'non
3313 4494 3457 4548 male

198 4588 300 4643 pro
333 4573 635 4627 commissis
656 4572 1008 4639 facinoribus,
1033 4582 1088 4627 et
1104 4576 1390 4643 przeteritis
1402 4576 1701 4639 erroribus,
1716 4577 1769 4631 in

197 4662 523 4733 gravissima
561 4662 809 4732 langueat
858 4661 1142 4717 aﬂlictione
1192 4678 1411 4719 necesse
1462 4672 1577 4729 est;
1626 4666 1770 4732 quia,

196 4754 543 4827 ugscriptum
576 4762 659 4809 est
688 4773 700 4807 :
726 4753 755 4794 δ
785 4755 877 4822 qui
891 4754 1037 4807 addit
1057 4755 1348 4819 scientiam,
1399 4757 1547 4808 addit
1579 4754 1773 4826 (poeni-

201 4843 385 4897 tentia:
406 4841 697 4913 salubrem)
727 4842 960 4897 dolorem
989 4862 1000 4896 :
1027 4844 1378 4913 castigatione
1404 4845 1637 4908 assidna,
1666 4847 1773 4898 vim

197 4931 331 4986 facit
358 4931 643 4999 perditioni
669 4946 803 4994 sure,
851 4939 911 4984 ut
953 4933 1184 4986 evadere
1228 4933 1406 4986 valeat
1462 4944 1772 5003 perpetuam

199 5029 456 5085 mortem,
493 5030 546 5076 et
571 5022 739 5075 vitam
786 5030 1148 5090 consequatur
1175 5023 1527 5076 beatitudinis
1579 5023 1775 5092 sempi-

200 5121 372 5165 ternae
402 5125 415 5162 :
458 5111 562 5164 hoc
586 5111 758 5180 ipsum
780 5110 945 5165 Paulo
965 5110 1221 5179 Apostolo
1246 5112 1622 5174 conﬁrmante,
1654 5129 1775 5166 cum

199 5200 335 5254 dicit
361 5197 409 5269 (I
437 5196 557 5251 Cor.
588 5214 679 5262 XV,
711 5199 765 5268 9)
791 5214 803 5251 :
828 5216 881 5252 se
904 5217 1007 5253 non
1038 5217 1148 5253 esse
1189 5200 1404 5269 dignum
1434 5208 1609 5253 vocari
1643 5200 1779 5269 Apo-

198 5289 413 5353 stolum,
447 5306 504 5343 eo
528 5289 667 5359 quod
704 5299 1000 5357 persecutus
1028 5291 1186 5358 fuerit
1222 5290 1512 5343 Ecclesium
1560 5290 1677 5353 Dei,
1729 5300 1777 5342 et

198 5378 568 5447 expugnaverit
598 5376 745 5429 illam
780 5390 800 5429 :
830 5378 886 5431 in
914 5378 1175 5433 descensu
1207 5378 1348 5431 enim
1390 5377 1569 5439 fontis,
1608 5379 1773 5445 origi-

200 5468 311 5522 nali
339 5475 583 5537 peccato,
613 5482 676 5522 ac
704 5467 945 5537 pristinis
967 5468 1110 5521 vitiis
1138 5482 1252 5535 per-
1282 5468 1632 5536 baptismum,
1682 5467 1774 5535 qui

273 5592 300 5621 ³
330 5578 464 5635 Gen;
490 5596 562 5645 tv,
588 5580 638 5644 7,
664 5595 729 5634 ex
757 5578 925 5632 veieri
948 5579 1194 5631 versione
1225 5576 1768 5645 Septuaginta,quam

203 5650 448 5718 sequitur
480 5650 810 5720 Augustinus
839 5663 904 5720 xv
930 5646 1004 5720 De
1038 5646 1199 5720 Civit._
1217 5663 1335 5715 cap.
1374 5648 1457 5720 l0.

275 5713 301 5759 Β
331 5720 505 5773 Eccle.
539 5713 665 5785 I,v*l8
690 5736 699 5769 :
724 5717 811 5786 qui
835 5717 981 5769 addit
1022 5713 1308 5780 scicntimn,
1337 5715 1483 5767 addit
1537 5722 1583 5768 et
1623 5713 1764 5765 labo-

208 5805 308 5846 rem
318 5828 332 5843 ο

1870 4582 2103 4644 faciendi
2127 4596 2286 4635 causa
2303 4581 2707 4635 mortificaverit
2723 4580 2887 4636 ﬁlium
2904 4581 3041 4651 ejus,
3057 4582 3456 4638 scd'exhibendi

1874 4672 2118 4728 miraculi
2143 4671 2210 4724 ad
2234 4670 2460 4739 gloriam
2495 4672 2728 4725 nominis
2771 4673 2853 4726 sui
2884 4690 2895 4725 :
2930 4687 3055 4741 quo.
3078 4680 3284 4726 tantum
3327 4689 3455 4742 pro-

1874 4765 2113 4832 phetam,
2140 4768 2195 4815 et
2234 4770 2362 4815 tunc
2393 4761 2717 4824 viventibus,
2747 4772 2801 4816 et
2829 4763 3060 4832 posteris
3109 4765 3454 4818 commenda-

1878 4860 1994 4915 ret,
2032 4852 2172 4905 sicut
2210 4850 2347 4904 dicit
2376 4851 2631 4904 Dominus
2656 4850 2835 4921 (Ι-οαη.
2868 4869 2948 4916 x1,
2978 4852 3054 4923 4),
3081 4868 3187 4906 non
3210 4853 3276 4906 ad
3305 4869 3452 4908 mor-

1876 4949 1987 4994 tem
2012 4949 2286 4994 mortuum
2334 4939 2499 4994 fuisse
2554 4940 2842 5005 Lazarum,
2893 4942 2986 4995 sed
3025 4949 3083 4994 ut
3124 4940 3455 5011 gloriﬁcetur

1878 5028 2020 5081 Deus
2059 5029 2110 5081 in
2140 5028 2247 5081 ﬁlio
2280 5042 2396 5081 suo.
2428 5026 2493 5080 Et
2514 5028 2616 5080 hoc
2640 5028 3021 5096 consequentia
3071 5030 3332 5098 probant;
3384 5045 3452 5084 ex

1879 5119 1994 5187 ipsa
2017 5119 2179 5173 etiam
2225 5104 2440 5182 ﬁducia,
2480 5132 2583 5185 qua
2620 5118 2850 5180 credidit
2878 5117 3198 5181 llelias,non
3228 5118 3295 5171 ad
3349 5119 3453 5173 hoc

1878 5208 2008 5262 illud
2039 5208 2347 5277 contigisse,
2374 5216 2433 5260 ut
2463 5208 2660 5261 acerbo
2688 5206 2835 5261 luctu
2869 5208 3078 5274 hospita
3114 5207 3229 5273 ejus
3251 5206 3451 5277 aﬂlige-

1881 5306 2047 5361 retur,
2079 5298 2170 5351 sed
2193 5297 2369 5365 potius
2397 5296 2462 5349 ad
2490 5296 2591 5351 hoc
2620 5295 2843 5358 factum,
2872 5303 2930 5347 ut
2950 5296 3091 5349 Deus
3107 5295 3452 5363 magniﬁcen-

1883 5383 1989 5441 tius
2016 5384 2327 5438 ostenderet
2350 5384 2543 5448 vidnaa,
2574 5384 2784 5452 qualem
2812 5384 2906 5437 Dei
2956 5382 3215 5437 famulum
3258 5399 3446 5438 susce-

1880 5472 2063 5540 pisset.
2100 5472 2356 5542 Sequitur
2390 5472 2693 5543 Scriptura,
2721 5482 2775 5526 et
2820 5474 2951 5528 dicit
2996 5492 3006 5526 :
3056 5473 3123 5528 Et
3170 5474 3448 5543 insuﬁlavit

1952 5593 1973 5618 ο
2014 5580 2140 5647 Quae
2162 5582 2415 5649 deinceps
2456 5582 2624 5650 posita
2664 5590 2806 5645 sunt,
2847 5582 3067 5635 tradidit
3117 5561 3446 5649 Augustinus

1880 5650 1945 5720 ad
1970 5652 2317 5718 quaestionem
2361 5651 2391 5705 5
2429 5652 2545 5705 libri
2578 5668 2613 5704 ιι
2648 5651 2709 5703 de
2738 5652 2948 5705 dirersis
2978 5652 3350 5720 quu‘sttomc’ms
3376 5650 3443 5701 nul

1879 5718 2273 5787 Simplicinnum
2288 5764 2302 5780 ,
