3912 6362
415 339 517 398 755
1483 342 1761 404 manu
1800 344 2263 402 raumnsnsrs
2300 302 2618 401 unseen
3595 336 3702 393 τεο

418 474 579 529 puero
615 467 728 522 tuo,
752 469 801 514 et
827 460 1080 515 invocavit
1120 460 1425 529 Dominum,
1479 472 1527 517 et
1565 463 1698 518 dixit
1730 478 1747 517 :
1775 462 1998 517 Domine
2024 467 2075 526 Α
2100 460 2305 526 cultris,
2338 468 2388 513 et
2420 456 2691 524 lanceolis,
2738 456 2902 511 donec
2940 454 3385 527 perfunderentur
3412 459 3700 525 sanguine.

424 551 562 606 Deus
596 566 770 616 meus,
811 560 1099 606 revertatur
1147 567 1285 607 nunc
1329 554 1508 608 anima
1551 555 1702 626 pueri
1748 553 1907 624 hujus
1944 553 2001 608 in
2103 552 2334 625 Cumque
2365 551 2640 605 transisset
2668 550 2934 615 meridies,
2982 559 3029 603 et
3079 557 3280 619 tempus
3335 548 3547 601 adesset
3579 549 3701 617 jam

421 660 563 707 eum,
602 652 650 697 et
674 643 874 713 factum
908 653 985 697 est
1034 643 1133 697 sic.
1184 642 1313 699 Haec
1349 659 1481 716 ergo
1518 645 1851 715 deprecatio,
1896 659 2003 714 qua
2100 661 2203 715 quo
2228 642 2591 712 sacriﬁciumb
2616 658 2791 697 verum
2815 637 3385 711 o/ferrideberet,dixit
3413 635 3604 690 Helias
3626 638 3700 690 ad

422 734 577 803 petiit
605 731 786 788 llelias
812 739 922 787 tam
944 732 1201 801 breviter,
1229 742 1281 790 et
1314 742 1425 790 tam
1455 734 1709 803 ﬁdeliter,
1734 744 1796 791 ut
1814 751 2004 791 resur-
2101 734 2395 805 populum:
2424 734 2653 789 accedite
2683 734 2752 788 ad
2782 749 2886 799 me,
2909 740 2956 787 et
2978 730 3255 785 accedente
3296 731 3367 784 ad
3395 747 3453 784 se
3471 728 3697 801 populo,

423 835 513 894 gat
538 839 694 896 puer,
723 827 857 882 satis
885 826 1107 893 indicat,
1137 840 1247 899 quo
1269 826 1463 884 aﬂ‘ectu
1503 830 1648 886 dicta
1679 830 1789 884 sint
1844 844 2002 899 supe-

422 916 587 971 riora.
618 917 686 971 Et
707 918 822 988 ipsa
844 917 1041 973 mulier
1063 918 1325 983 ostendit,
1358 918 1429 974 ad
1478 920 1583 975 hoc
1618 919 2004 975 mortiﬁcatum

426 1005 595 1061 luisse
617 1005 786 1061 lilium
824 1023 1005 1074 wum,
1035 1008 1102 1063 ad
1135 1010 1279 1079 quod
1305 1009 1487 1065 llelias
1511 1010 1713 1067 factum
1736 1026 1856 1068 esse
1870 1029 2009 1083 prae-

425 1104 752 1166 sumpserat,
781 1112 908 1152 cum
938 1097 1029 1155 illa
1049 1101 1215 1155 verba
1241 1116 1349 1157 non
1370 1102 1762 1170 conﬁrmando,
1806 1104 1907 1159 sed
1923 1117 2009 1160 re-

426 1187 639 1241 nuendo
676 1187 1075 1242 enuntiaverat.
1104 1187 1240 1243 Cum
1294 1190 1441 1245 enim
1484 1191 1668 1247 vivum
1708 1194 2009 1264 recepisset

425 1274 593 1329 lilium
622 1292 779 1330 suum
812 1278 889 1333 ait
916 1278 1071 1351 (vers.
1105 1278 1198 1351 24)
1233 1297 1247 1333 :
1288 1280 1423 1335 Ecce
1474 1283 1712 1352 cognovi,
1758 1286 2006 1354 quoniam

424 1366 577 1447 homo
597 1365 701 1421 Dei-
732 1383 786 1422 es
815 1376 894 1434 tu,
919 1379 966 1422 et
990 1370 1199 1423 verbum
1223 1369 1324 1425 Dei
1348 1372 1404 1425 in
1434 1388 1523 1425 ore
1542 1376 2006 1429 tuo‘certissimum

424 1467 519 1511 est.
553 1458 718 1514 Multa
742 1469 925 1516 autem
947 1470 1073 1516 sunt
1095 1463 1152 1517 in
1208 1463 1527 1533 Scripturis,
1588 1481 1711 1536 quae
1750 1466 1858 1522 nisi
1916 1466 2013 1522 illo

425 1548 587 1603 modo
616 1560 641 1589 ι
664 1557 959 1619 ponantur,
984 1551 1038 1605 in
1056 1554 1385 1607 contrariam
1398 1554 1721 1609 sententiam
1736 1554 2007 1621 recidunt,

425 1638 584 1693 sicuti
622 1646 705 1693 est
728 1638 902 1711 (Rom.
926 1655 1044 1705 vrtt,
1071 1641 1162 1710 35)
1191 1656 1206 1694 :
1252 1641 1381 1707 Quis
1437 1643 1705 1697 accusabit
1758 1644 2009 1699 adversus

424 1728 611 1783 electos
643 1728 784 1784 Dei?
803 1730 946 1786 Deus
969 1732 1056 1803 qui
1078 1732 1368 1803 justiﬁcat.
1398 1734 1454 1789 Si
1479 1736 1635 1805 quasi
1676 1734 2008 1791 conﬁrmans

2104 829 2303 881 curavit
2334 826 2504 881 altare
2535 825 2769 891 Domini,
2812 823 2951 896 quod
3009 823 3333 877 destructum
3382 821 3586 890 fuerat,
3648 828 3703 873 et

2105 916 2222 969 tulit
2247 916 2523 971 duodecim
2543 914 2743 984 lapides
2761 914 2920 984 juxta
2948 928 3220 966 numerum
3265 911 3501 964 tribuum
3551 909 3701 978 ﬁlio-

2106 1023 2225 1059 rum
2253 1005 2439 1071 Iacob,
2469 1013 2516 1059 et
2552 1004 2834 1069 (εάίβεαυὶτ
2878 1003 3046 1056 altare
3098 1002 3153 1056 in
3184 1002 3390 1055 nomine
3432 1000 3659 1054 Domini
3680 1013 3703 1051 :

2107 1096 2328 1167 fecitque
2349 1097 2716 1167 aquwductum
2750 1096 2902 1165 quasi
2934 1110 3025 1164 per
3054 1092 3187 1146 duas
3224 1091 3597 1145 aratiunculas
3644 1091 3704 1145 in

2107 1190 2328 1242 circuitu
2357 1188 2563 1253 altaris,
2613 1198 2662 1243 et
2694 1188 2938 1259 imposuit
2973 1186 3137 1257 ligna,
3196 1196 3244 1240 et
3289 1188 3366 1239 ait
3406 1200 3424 1237 :
3486 1184 3707 1256 implete

2105 1290 2333 1351 quatuor
2352 1280 2567 1349 hydrias
2594 1296 2749 1350 aqua,
2780 1288 2831 1332 et
2851 1279 3103 1347 effundite
3124 1294 3281 1346 super
3302 1276 3699 1341 holocaustum,

2107 1380 2154 1423 et
2183 1368 2346 1439 ligna.
2384 1368 2536 1433 Quod
2551 1385 2668 1421 cum
2689 1368 2950 1437 fecissent,
2980 1367 3230 1438 idipsum,
3258 1369 3417 1421 etiam
3441 1369 3705 1431 secundo,

2107 1470 2156 1515 et
2180 1460 2328 1515 tertio
2352 1460 2470 1529 ﬁeri
2487 1460 2672 1530 jussit,
2704 1459 2999 1532 repletaque
3029 1470 3105 1515 est
3161 1461 3323 1530 fossa,
3350 1470 3399 1515 et
3439 1462 3707 1533 aquaedu-

2109 1561 2240 1614 ctus,
2265 1567 2422 1622 aqua.

2182 1653 2205 1680 ¢
2243 1642 2374 1697 Vide
2402 1655 2501 1694 cur
2524 1638 2710 1696 Helias
2751 1641 2915 1695 etiam
2961 1641 3067 1696 hoc
3121 1640 3272 1708 facit,
3302 1650 3359 1697 et
3404 1642 3705 1713 diligenter

2110 1732 2350 1786 adverte.
2379 1730 2626 1785 Habebat
2650 1731 2842 1786 beatus
2864 1731 3064 1797 Helias,
3089 1740 3145 1786 et
3173 1747 3271 1801 per
3295 1732 3527 1802 gratiam
3561 1745 3702 1801 pro-

430 1818 778 1887 rcspondcas,
816 1821 966 1877 vides
1021 1831 1224 1892 quanta
1276 1825 1607 1893 perversitas
1657 1826 1888 1892 oriatur,
1928 1827 2008 1881 sic
2036 1822 2081 1882 B
2106 1821 2334 1892 phetica:
2357 1821 2654 1891 dignitatis,
2680 1828 2733 1875 et
2768 1836 2865 1891 per
2887 1809 3055 1877 divini
3081 1822 3257 1875 cultus
3294 1820 3553 1883 studium,
3604 1835 3706 1890 pe—

427 1923 557 1979 crgo
605 1911 1065 1979 pronuntiandum
1094 1922 1199 1979 est,
1234 1929 1300 1970 ac
1336 1916 1381 1970 si
1420 1917 1693 1973 diceretur
1740 1936 1753 1949 ·
1795 1918 2008 1972 Deusne

426 2000 519 2069 qui
537 2000 836 2070 justiﬁeat?
862 2012 925 2056 ut
945 2005 1317 2071 subandiatur,
1333 2021 1441 2061 non
1464 2009 1669 2078 utique.
1696 2008 1776 2064 Ae
1793 2023 1893 2078 per
1905 2009 2009 2065 hoc

428 2097 673 2158 apertam
700 2099 831 2159 puto
867 2106 989 2147 esse
1033 2093 1180 2148 illam
1237 2094 1404 2152 Heliae
1456 2097 1803 2165 sententiam,
1848 2112 2009 2169 quam

428 2194 536 2233 non
560 2188 776 2235 servata
804 2185 1173 2252 pronuntiatio
1198 2184 1433 2242 faciebat
1450 2188 1763 2243 obscuram.
1796 2208 1819 2244 r

500 2268 621 2340 (Ill
648 2270 772 2342 Reg.
805 2290 920 2343 cap.
945 2290 1098 2342 xvnr,
1125 2277 1175 2342 l,
1205 2277 1257 2344 7,
1283 2278 1407 2352 etc.)
1434 2278 1662 2335 Factum
1694 2291 1770 2336 est
1800 2282 2011 2336 verbum

429 2354 644 2414 Domini
684 2362 754 2414 ad
782 2361 993 2417 Heliam
1025 2379 1045 2419 :'
1072 2367 1201 2420 vade
1223 2382 1242 2420 :
1268 2377 1317 2423 et
1364 2371 1576 2425 ostende
1613 2379 1663 2425 te
1704 2372 1909 2439 Achab,
1954 2381 2012 2426 ut

431 2453 547 2501 dem
581 2448 815 2518 pluviam
843 2469 1003 2523 super
1033 2454 1223 2523 faciem
1259 2465 1434 2525 terra.
1462 2458 1568 2525 Qui
1614 2463 1843 2531 perrexit
1884 2476 1904 2513 :
1962 2470 2013 2516 et

433 2542 664 2596 occurrit
703 2544 757 2598 in
806 2544 991 2600 itinere
1019 2547 1204 2603 Abdita
1252 2550 1603 2621 dispensatori
1636 2553 1771 2622 regis
1809 2552 2011 2619 Achab,

432 2645 481 2689 et
506 2635 581 2689 ait
615 2649 635 2687 :
663 2637 811 2703 vade,
837 2640 1024 2693 nuntia
1047 2639 1224 2695 Achab
1254 2656 1273 2694 .'
1299 2644 1447 2697 adest
1472 2638 1677 2710 Helia's,
1702 2646 1791 2715 qui
1814 2644 1941 2699 abiit
1964 2654 2015 2700 et

434 2727 811 2783 nuntiavitei:
840 2730 1075 2801 venitque
1103 2732 1159 2786 in
1205 2749 1478 2787 occursum
1531 2734 1667 2805 ejus,
1722 2743 1773 2789 et
1817 2737 1891 2790 ait
1943 2735 2013 2791 ad

439 2815 669 2871 Heliam.
693 2817 839 2875 Tune
860 2836 914 2875 es
940 2821 1032 2891 qui
1058 2823 1341 2877 conturbas
1368 2823 1582 2879 Israel?
1614 2825 1697 2879 Ad
1719 2841 1875 2896 quem
1906 2824 2017 2879 He-

438 2904 573 2971 lias,
612 2923 714 2962 non
744 2911 973 2975 turbavi,
1019 2912 1208 2982 inquit,
1246 2911 1450 2967 Israel:
1492 2915 1582 2969 sed
1629 2925 1687 2969 tu
1734 2924 1783 2969 et
1829 2916 2016 2970 domus

438 2997 603 3067 patris
658 3000 754 3063 tui,
801 3001 897 3071 qui
949 3001 1283 3074 dereliquistt',
1317 3004 1629 3059 mandatum
1685 3004 1922 3072 Domini,
1966 3018 2015 3061 et

436 3089 602 3142 secuti
620 3090 742 3144 estis
768 3089 1038 3146 Bahalim.
1085 3090 1453 3150 Verumtamen
1474 3097 1619 3151 mitte
1642 3114 1800 3163 nunc,
1828 3108 1877 3153 et
1890 3114 2015 3153 con-

437 3193 595 3247 grega
624 3178 693 3233 ad
719 3195 800 3233 me
828 3181 1125 3235 universum
1142 3181 1314 3238 Israel
1340 3185 1396 3237 in
1424 3195 1651 3241 montem
1678 3186 1928 3254 Carmeli,
1961 3198 2013 3244 et
2040 3182 2084 3245 C

440 3268 731 3338 Prophetas
756 3270 930 3326 Bahal
951 3273 1359 3345 quadringentos
1372 3279 1774 3350 quinquaginta,
1795 3282 2016 3352 prophe-

440 3369 621 3429 (asque
652 3358 1015 3434 lucorum,qui
1047 3364 1319 3420 comedunt
1346 3367 1410 3421 de
1438 3378 1617 3423 mensa
1644 3369 1877 3425 Iezabel.
1903 3372 2010 3426 Mi-

439 3451 509 3503 sit
528 3451 703 3521 itaque
727 3452 905 3508 Achab
934 3455 1003 3509 ad
1032 3472 1208 3513 omnes
1256 3457 1397 3527 ﬁlios
1435 3459 1630 3528 Israel,
1660 3472 1708 3517 et
1737 3479 2019 3536 congrega-

444 3542 511 3595 vit
537 3541 827 3614 Pr0phetas
882 3549 936 3601 in
970 3559 1197 3603 montem
1241 3548 1489 3609 Carmeli.
1530 3554 1794 3611 Accedens
1846 3569 2018 3614 autem

446 3633 630 3691 Helias
655 3638 725 3691 ad
738 3656 942 3695 omnem
992 3644 1242 3715 pupulum
1276 3648 1350 3701 ait
1374 3662 1391 3699 :
1417 3665 1678 3721 usquequo
1708 3652 2018 3710 claudicatis

442 3726 498 3778 in
524 3725 659 3780 duas
683 3730 896 3797 partes?
920 3729 979 3787 Si
1005 3733 1264 3790 Dominus
1300 3747 1372 3791 est
1397 3737 1558 3805 Deus,
1582 3743 1858 3812 sequimini
1879 3761 2016 3799 eum.

447 3817 544 3870 Sin
571 3828 749 3881 autem
778 3819 968 3889 Bahal,
996 3826 1274 3896 sequimini
1301 3828 1485 3895 illum;
1523 3841 1572 3884 et
1602 3849 1705 3886 non
1755 3837 2020 3906 respondit

443 3909 490 3961 ei
513 3909 734 3978 papulas
768 3913 998 3968 verbum.
1049 3915 1131 3970 Ad
1161 3934 1289 3987 quos
1337 3937 1546 3975 rursum
1568 3922 1641 3976 ait
1679 3922 1901 3979 Helias:
1930 3944 2021 3997 ego

447 4001 674 4053 remansi
722 3998 986 4070 Prapheta
1036 4004 1247 4062 Domini
1297 4010 1458 4065 solus.
1517 4010 1795 4082 Propheta»
1847 4026 2021 4070 autem

444 4087 689 4143 Bahalim
710 4092 1080 4162 quadringenti
1098 4097 1476 4169 quinquaginta
1499 4101 1597 4155 viri
1636 4112 1775 4156 sunt.
1822 4096 2026 4159 Dentur

445 4199 566 4252 ergo
597 4183 741 4239 nobis
776 4184 882 4238 duo
910 4188 1077 4252 boves,
1109 4197 1158 4241 et
1185 4188 1265 4242 illi
1307 4191 1502 4261 eligant
1527 4193 1705 4247 bovem
1743 4211 1928 4261 unum,
1974 4205 2023 4250 et

444 4275 501 4327 in
541 4275 711 4344 frusta
752 4276 987 4331 cedentes
1018 4289 1213 4346 ponant
1241 4297 1398 4348 super
1421 4282 1564 4351 ligna
1592 4296 1611 4333 :
1641 4285 1810 4353 ignem
1848 4295 2023 4341 autem

445 4379 551 4417 non
575 4364 889 4434 subponunt.
926 4365 1034 4436 Ego
1058 4384 1260 4437 quoque
1289 4369 1481 4437 faciam
1538 4370 1714 4426 bovem
1776 4373 2020 4441 alterum,

445 4463 493 4507 et
517 4454 784 4525 imponam
806 4473 963 4526 super
987 4456 1130 4527 ligna
1152 4458 1426 4529 ignemque
1444 4477 1548 4514 non
1569 4461 1879 4531 subponam.
1921 4462 2021 4516 In-

2110 1915 2582 1980 ritiamomnium,
2608 1931 2729 1985 qua:
2767 1915 2820 1969 in
2846 1916 3063 1984 templis
3092 1913 3394 1969 daemonum
3450 1915 3703 1985 ageban—

2108 2014 2218 2073 tur,
2276 2005 2581 2061 scientiam.
2618 2024 2637 2057 ι
2666 2005 2903 2061 Noverat
2952 2005 3100 2060 inter
3139 2014 3335 2060 cetera
3374 2005 3557 2075 inepta
3603 2020 3705 2075 po-

2108 2097 2219 2152 tius
2253 2105 2577 2160 commenta,
2635 2112 2798 2166 quam
2847 2096 3061 2160 callida,
3113 2098 3279 2151 etiam
3325 2094 3703 2166 hujuscemodi

2110 2190 2463 2258 compositam
2478 2188 2743 2253 fraudem,
2769 2203 2873 2257 qua
2896 2187 3110 2242 facilius
3132 2188 3476 2243 irretirentur
3502 2188 3705 2241 animus

2110 2279 2452 2342 miseror-um,
2478 2287 2537 2333 ut
2566 2295 2674 2334 arae
2694 2293 2883 2334 eorum
2913 2294 3019 2333 non
3056 2278 3378 2347 simpliciter
3391 2289 3521 2332 ante
3534 2278 3705 2347 pedes

2112 2371 2321 2428 delubri
2345 2379 2674 2437 statuantur,
2701 2372 3056 2441 sedpendens
3099 2370 3319 2439 crepido
3347 2384 3510 2438 supra
3534 2385 3707 2438 quam

2113 2469 2319 2517 structa
2349 2469 2451 2527 est,
2476 2477 2637 2531 rogus
2668 2462 3017 2517 subterranea
3048 2460 3252 2515 fornice
3281 2460 3573 2527 baiuletur,
3632 2461 3700 2516 ad

2114 2568 2275 2623 quam
2299 2568 2366 2607 ex
2398 2552 2625 2608 adversa
2646 2561 2801 2621 parte
2824 2553 3049 2607 concavi
3072 2552 3295 2621 parietis
3324 2551 3537 2607 occulta
3575 2554 3695 2607 adi-

2114 2652 2171 2698 tu
2201 2643 2589 2709 descendatur,
2610 2659 2676 2698 ac
2697 2658 2795 2713 per
2822 2644 3034 2713 patulas
3061 2658 3338 2709 cavernas,
3361 2655 3702 2715 praeparatos

2114 2738 2266 2809 ignes
2293 2738 2400 2793 doli
2445 2739 2712 2803 minister,
2758 2738 3012 2793 sacriﬁcii
3042 2747 3302 2809 tempore,
3348 2739 3705 2797 clandestinis

2115 2828 2305 2884 ciliciis
2335 2829 2723 2883 subministret.
2757 2828 2874 2895 Quo
2899 2830 3169 2883 attonitus.
3199 2831 3527 2885 miserorum
3582 2833 3702 2886 ani-

2116 2932 2258 2981 mus,
2285 2916 2617 2971 dunrnullas
2637 2916 2868 2985 desuper
2920 2917 3065 2970 videt
3114 2917 3385 2973 adbibitas
3432 2918 3703 2985 ﬂammas,

2116 3007 2459 3076 bestiamque
2488 3008 2663 3062 cernit
2687 3021 2751 3060 ex
2791 3007 3086 3076 improviso
3117 3008 3383 3072 comburi,
3414 3004 3514 3077 per
3568 3010 3705 3063 invi-

2116 3098 2327 3154 sibilem
2353 3105 2677 3168 potestatem
2718 3099 2869 3168 ignes
2913 3098 3052 3153 caelo
3080 3100 3264 3153 credat
3297 3115 3418 3154 esse
3473 3100 3699 3155 delatos.

2193 3207 2211 3239 ι
2244 3187 2322 3245 Ne
2343 3204 2471 3259 ergo
2499 3191 2599 3243 hoc
2640 3188 2930 3243 incredula:
2958 3197 3169 3243 mentes
3202 3191 3368 3244 etiam
3394 3191 3465 3246 de
3508 3192 3704 3247 divinis

2118 3279 2814 3348 suspicarenturaltaribus,
2837 3278 3035 3332 vallum
3053 3280 3193 3347 quod
3206 3278 3321 3332 ﬁeri
3345 3290 3699 3351 praeceperat,

2119 3384 2259 3440 aqua
2279 3368 2443 3437 jussit
2468 3369 2680 3439 impleri
2708 3386 2721 3421 :
2764 3376 2854 3433 ut,
2883 3368 2928 3423 si
2951 3385 3054 3438 qua
3081 3376 3225 3422 esset
3246 3369 3345 3423 sub
3377 3370 3572 3424 altario
3621 3370 3702 3425 io-

2118 3474 2240 3525 vea,
2275 3460 2614 3529 proderetur,
2646 3458 2730 3513 vel
2753 3457 3089 3513 descendens
3133 3458 3386 3512 deorsum
3418 3474 3582 3527 aqua,
3623 3460 3700 3513 la-

2121 3560 2296 3607 tentes
2319 3552 2503 3621 utique
2533 3553 2682 3622 ignes
2708 3552 3096 3621 exstingueret.
3122 3550 3230 3605 Nec
3254 3565 3383 3605 vero
3404 3552 3601 3606 sullicit
3621 3568 3703 3607 sec

2121 3640 2226 3695 mel
2255 3642 2458 3711 t‘igasse
2486 3642 2661 3696 locum
2696 3660 2708 3695 :
2745 3643 2903 3695 tertio
2924 3641 2978 3695 id
3004 3641 3215 3711 agitur:
3252 3642 3348 3696 sed
3376 3656 3479 3695 nec
3503 3642 3601 3695 hoc
3622 3652 3701 3696 est

2124 3732 2391 3801 Propheta
2415 3740 2721 3795 contentus,
2751 3733 2869 3801 ipsa
2897 3731 3084 3786 altaris
3108 3730 3251 3800 ligna
3275 3731 3523 3800 praecipit
3550 3731 3700 3783 inun.

2124 3822 2258 3887 dari,
2289 3829 2349 3874 ut
2380 3822 2555 3875 omnis
2582 3820 2787 3875 fraudis
2837 3821 3143 3888 suspicione
3193 3821 3465 3884 submota,
3509 3820 3699 3875 divina:

2123 3911 2405 3980 potestatis
2432 3925 2553 3966 esse
2575 3912 2852 3977 virtutem,
2876 3925 2975 3964 nec
2998 3924 3112 3975 rex,
3146 3926 3244 3964 nec
3264 3910 3466 3980 populi,
3487 3910 3699 3980 necipsi

2126 4000 2435 4054 dubitarent
2456 3999 2769 4053 Dacmonum
2794 3998 3121 4053 sacerdotes.
3159 4018 3176 4049 ι

2196 4087 2223 4127 ἀ
2248 4086 2478 4156 Cumque
2498 4086 2615 4155 jam
2638 4096 2837 4154 tempus
2861 4096 3013 4149 esset,
3048 4095 3104 4137 ut
3145 4086 3513 4140 holocaustum
3553 4089 3700 4155 o/fer—

2128 4189 2291 4243 retur,
2324 4177 2541 4232 accessit
2572 4175 2757 4230 Helias
2782 4176 2849 4229 ad
2866 4176 3067 4240 altare;
3091 4187 3137 4229 et
3154 4178 3467 4231 exclamavit
3490 4182 3695 4233 dicens:

2127 4270 2347 4324 Domine
2376 4270 2519 4323 Deus
2546 4285 2690 4321 meus
2724 4268 2917 4321 exaudi
2947 4285 3026 4322 me
3075 4269 3228 4322 hodie
3276 4272 3332 4322 in
3386 4272 3525 4339 igne,
3570 4274 3699 4325 sicut

2128 4362 2388 4415 ἐξαπιάὶδεὶ
2409 4376 2489 4414 me
2520 4362 2576 4413 in
2606 4376 2765 4430 aqua,
2796 4369 2851 4412 ut
2876 4369 3151 4428 cognoscat
3173 4360 3399 4430 populus
3428 4362 3534 4425 hic,
3577 4379 3699 4431 quo-

2130 4451 2271 4504 niam
2302 4461 2359 4504 tu
2392 4468 2443 4505 es
2466 4450 2727 4503 Dominus
2749 4449 2888 4503 Deus
2922 4449 3116 4513 Israel,
3145 4462 3192 4503 et
3217 4467 3309 4519 ego
3336 4468 3517 4505 servus
3558 4463 3694 4517 tuus,

445 4553 627 4597 vocent
652 4543 731 4598 illi
764 4547 977 4599 nomina
1001 4546 1219 4601 deorum
1264 4565 1500 4613 suorum,
1544 4560 1593 4603 et
1633 4565 1725 4619 ego
1775 4549 2016 4604 invocabo

2129 4551 2174 4596 et
2204 4552 2413 4610 propter
2450 4550 2497 4594 te
2543 4541 2645 4610 feci
2692 4558 2845 4610 opera
2893 4540 3024 4593 ha’c.
3072 4540 3285 4594 Exaudi
3330 4559 3411 4595 me
3458 4542 3696 4609 Domine,

449 4649 637 4686 nomen
666 4632 874 4687 Domini
898 4648 916 4685 :
938 4644 986 4688 et
1008 4634 1147 4689 Deus
1170 4637 1260 4706 qui
1278 4638 1571 4691 exaudierit
1597 4655 1689 4707 per
1712 4639 1904 4708 ignem,
1919 4639 2028 4709 ipse

447 4723 515 4775 sit
546 4722 707 4776 Deus.
738 4722 1123 4795 Responditque
1150 4728 1319 4780 omnis
1347 4728 1569 4796 papulus
1590 4736 1639 4781 et
1664 4729 1737 4780 ait
1776 4741 1794 4778 :
1812 4728 2025 4798 Optima

450 4813 767 4883 propositio.
804 4814 1053 4885 Dixitque
1073 4814 1257 4869 Helias
1286 4806 1562 4886 Prophetis
1596 4818 1767 4871 Bahal
1793 4832 1811 4870 :
1855 4819 2028 4893 eligite

426 4894 625 4957 .bovem
652 4918 837 4967 unum,
863 4914 910 4957 et
938 4904 1096 4973 facite
1117 4922 1202 4959 vos
1234 4907 1483 4975 primum,
1522 4908 1647 4977 quia
1668 4908 1843 4977 plures
1877 4912 2020 4963 estis.

452 4993 522 5046 Et
547 4992 777 5065 fecerant
806 4996 879 5047 ita
903 5011 919 5047 :
945 4996 1357 5067 invocabantque
1382 5013 1568 5051 nomen
1592 4998 1767 5052 Bahal
1791 4999 1855 5053 de
1876 5016 2028 5053 mane

451 5084 617 5157 usque
638 5086 710 5139 ad
734 5086 1026 5150 meridiem,
1049 5097 1097 5140 et
1133 5105 1234 5142 non
1259 5097 1373 5142 erat
1408 5106 1526 5153 vox,
1552 5105 1643 5143 nec
1678 5090 1767 5159 qui
1817 5107 2029 5160 respon-

452 5177 597 5230 deret
621 5212 637 5228 .
667 5214 683 5229 .
709 5214 723 5228 .
751 5212 768 5230 .
802 5174 1214 5249 Incidebantque
1238 5194 1291 5231 se
1337 5178 1622 5232 secundum
1669 5180 1827 5233 ritum
1873 5196 2028 5234 suum

524 5340 550 5367 ιι
580 5325 1010 5382 Pronuntientur.

524 5396 553 5437 ὶ»
577 5395 772 5451 Nescio
791 5412 889 5452 cur
904 5397 1082 5451 addita
1106 5396 1177 5452 sit
1203 5411 1305 5452 vox
1332 5398 1448 5452 litec
1473 5414 1667 5462 verum,
1729 5400 1834 5455 nisi
1884 5400 2021 5455 forte

453 5466 712 5540 respiciat
733 5468 800 5521 ad
855 5466 1181 5540 Sacriﬁcium
1226 5466 1545 5537 legitimum,
1581 5470 1723 5537 quod
1771 5470 2023 5540 deinceps

453 5535 566 5588 Deo
592 5536 870 5604 oblaturus
894 5548 1031 5590 erat.
1062 5536 1138 5590 De
1172 5535 1355 5604 quare
1376 5552 1518 5591 vers.
1546 5535 1634 5592 56.

527 5615 550 5643 ο
584 5596 714 5671 Quae
738 5612 1037 5675 sequuntur
1057 5596 1233 5674 reperi
1255 5621 1378 5675 cum
1421 5605 1623 5675 aliqua,
1651 5608 1744 5663 sed
1790 5609 1894 5663 levi
1924 5626 2019 5663 va-

453 5672 649 5744 rietate
684 5675 738 5729 in
778 5672 998 5730 homilia
1027 5672 1147 5744 qua:
1197 5675 1251 5729 in
1287 5673 1389 5730 SS.
1449 5672 1663 5729 Petrum
1708 5688 1755 5731 et
1811 5677 2020 5731 Heliam

456 5740 787 5811 inscribitur,
818 5740 1101 5817 positaque
1123 5752 1227 5814 est,
1255 5752 1313 5800 ut
1334 5745 1446 5817 jam
1476 5746 1601 5803 dixi.
1642 5762 1673 5801 a
1698 5746 2021 5803 ilontfauco-

2126 4632 2319 4686 exaudi
2356 4631 2409 4684 in
2440 4632 2578 4699 igne,
2611 4639 2658 4683 et
2688 4638 2964 4698 cognoscat
2993 4629 3215 4699 populus
3254 4630 3338 4683 hic
3361 4633 3488 4700 quia
3535 4641 3591 4684 tu
3647 4650 3698 4686 es

2128 4723 2380 4777 Dominus
2399 4721 2562 4787 Deus,
2593 4730 2641 4774 et
2671 4731 2727 4774 tu
2762 4721 3059 4774 convertisti
3085 4737 3174 4774 cor
3193 4721 3371 4791 populi
3414 4722 3576 4792 hujus
3622 4740 3698 4776 re-

2128 4824 2377 4869 trorsum.
2410 4813 2478 4867 Et
2504 4831 2620 4868 ecce
2646 4814 2902 4868 clamante
2932 4830 3011 4877 eo,
3046 4814 3231 4867 cecidit
3262 4814 3398 4883 ignis
3441 4816 3507 4868 de
3554 4816 3693 4880 caelo,

2130 4906 2490 4973 devoravitque
2517 4903 2899 4967 holocaustum,
2925 4920 2985 4956 ac
3012 4903 3175 4973 ligna,
3207 4914 3256 4956 et
3288 4902 3509 4973 lapides,
3532 4907 3697 4975 pulce-

2130 5010 2238 5052 rem
2264 5010 2465 5063 quoque
2489 5004 2537 5048 et
2552 5012 2764 5065 aquam,
2805 5011 2922 5064 quae
2945 5006 3056 5048 erat
3092 4997 3145 5048 in
3172 4996 3315 5064 fossa
3338 4998 3692 5066 aqua’ductus,

2126 5084 2377 5138 lambens.
2410 5085 2565 5151 Quod
2598 5102 2716 5139 cum
2748 5086 2960 5140 vidisset
3000 5088 3167 5140 omnis
3221 5088 3468 5157 populus,
3517 5090 3696 5144 cecidit

2127 5178 2180 5231 in
2206 5178 2395 5248 faciem
2416 5194 2588 5245 suam,
2613 5187 2661 5232 et
2684 5178 2758 5232 ait
2785 5191 2802 5228 :
2828 5177 3107 5242 Dominus,
3139 5178 3249 5247 ipse
3274 5189 3351 5232 est
3378 5179 3543 5234 Deus.
3599 5180 3699 5235 Do-

2125 5333 2594 5405 niojtiteridubias
2622 5334 2991 5404 Chrysostorni
3014 5334 3265 5405 homilias
3298 5335 3447 5405 [pag.
3478 5339 3582 5395 7'29
3617 5350 3695 5395 to-

2125 5402 2197 5522 :n
2226 5402 2484 5522 llquide
2514 5402 2745 5459 obsecro
2780 5419 3062 5458 numerum
3092 5403 3125 5456 4
3171 5402 3418 5473 ejusdem
3464 5408 3695 5466 homilia

2160 5487 2242 5522 au.
2345 5492 2386 5522 ι.

2423 5542 2525 5616 156,
2552 5543 2646 5596 sed
2666 5542 2832 5616 multo
2866 5557 2988 5616 cum
3038 5540 3356 5616 discrimine
3406 5546 3691 5616 Yutgatam

2122 5609 2263 5663 inter
2314 5619 2368 5662 et
2421 5612 2916 5679 interpretationem
2974 5612 3153 5667 lianc:
3195 5614 3289 5667 sed
3341 5615 3396 5667 in
3432 5609 3688 5677 .boinilia,

2123 5693 2284 5749 quam
2310 5680 2449 5735 inter
2496 5680 2864 5749 Chrysostomi
2912 5680 3103 5736 dubias
3140 5695 3260 5737 esse
3306 5684 3442 5745 dixi,
3498 5696 3555 5739 et
3610 5686 3692 5741 hic

2122 5746 2234 5803 fere
2257 5746 2739 5815 exscribitur,'b:cc
2771 5751 3141 5818 interpretatio
3188 5752 3477 5824 allegatur.
