3912 6332
175 351 288 408 757

754 382 761 389 -
819 343 1279 416 QUAZSTIONES
1318 342 1467 397 XXX
1507 342 1728 400 SUPER
1770 341 2017 398 LIBROS
2053 341 2319 399 REGUM.
2362 372 2430 383 —
2470 341 2670 399 LIBER
2711 341 2800 397 lV.

3351 337 3457 398 758

176 471 362 523 minus
398 467 507 538 ipse
532 475 607 520 est
636 465 778 520 Deus
804 478 820 515 :
860 463 1095 532 dixitque
1124 459 1309 514 Helias
1336 458 1404 512 ad
1452 475 1559 525 eos,
1591 474 1777 529 appre-
1804 460 1851 519 Α
1880 458 2145 529 signiﬁcat
2174 459 2461 528 reprohum
2481 499 2495 524 ,
2538 473 2636 528 per
2663 458 2960 528 pharisaeos
2978 496 2993 522 ,
3035 465 3194 525 atque
3226 460 3454 522 scribas,

178 558 404 613 hendite
425 572 603 611 omnes
638 554 928 624 Prophetas
953 552 1198 620 infames,
1231 559 1279 604 et
1313 568 1376 605 ne
1407 566 1541 604 unus
1567 548 1773 621 quidem

178 650 408 720 effugiat
439 646 503 703 de
523 647 650 701 illis.
680 645 824 713 Quos
854 644 1299 716 apprehendentes
1340 653 1587 697 continuo
1622 641 1774 695 duxit

180 755 276 794 eos
314 737 501 793 Helias
526 736 596 792 ad
635 744 918 791 torrentem
963 730 1146 799 Cison,
1188 742 1235 788 et
1277 733 1348 787 ibt
1391 748 1477 787 eos
1512 731 1779 786 trucidare

183 830 457 900 prtrcepit.

263 917 731 975 Clementissimus
768 915 917 972 enim
942 917 1106 981 Deus,
1137 914 1232 984 qui
1274 929 1383 969 non
1437 912 1780 969 obliviscitur

186 1007 467 1072 misereri,
495 1022 597 1063 nec
631 1006 686 1060 in
718 1007 799 1061 ira
813 1006 1058 1061 continet
1086 1006 1465 1059 miserationes
1485 1019 1631 1068 suas,
1652 1019 1778 1057 rur~

187 1114 316 1155 sum
344 1098 413 1153 ad
442 1098 694 1154 lsraelem
733 1096 904 1153 ﬁlium
947 1112 1102 1151 suum
1140 1097 1388 1168 dignatus
1410 1103 1496 1150 est
1541 1095 1778 1160 mittere,

186 1198 254 1245 ut
275 1190 479 1246 eisdem
515 1188 753 1259 pluviam
795 1187 1120 1256 evangelicae
1148 1184 1552 1255 praedicationis
1578 1184 1782 1239 tribue—

187 1288 299 1334 ret.
338 1279 472 1337 Tres
492 1279 639 1333 enim
670 1279 798 1332 anni
824 1277 1003 1341 famis,
1034 1276 1320 1332 scientiam
1348 1284 1551 1331 sancta:
1603 1274 1783 1329 Trini-

189 1379 328 1426 tatis
356 1371 552 1441 pepule
577 1368 906 1450 Iudaeorum,
938 1368 1023 1423 vel
1054 1369 1108 1422 in
1134 1376 1248 1431 toto
1281 1369 1505 1433 mundo,
1540 1366 1780 1423 defuisse

191 1458 618 1532 presignabant.
650 1460 835 1515 Achab
864 1475 1016 1525 vero,
1047 1458 1202 1528 cujus
1226 1474 1422 1515 nomen
1453 1460 1781 1528 interpreta-

196 1561 290 1606 tur
318 1551 484 1620 frater
499 1552 686 1621 patris,
713 1564 743 1603 a
765 1565 874 1619 quo
900 1550 1065 1603 etiam
1111 1548 1209 1603 Dei
1264 1550 1558 1619 prophetas
1614 1548 1785 1602 inter-

196 1639 373 1696 fectos
396 1640 716 1710 pronuntiat
745 1638 1047 1708 Scriptura,
1073 1638 1381 1706 principum
1427 1636 1783 1711 Saeerdotum

199 1741 389 1803 typum
414 1733 653 1803 gerebat.
671 1730 823 1799 Quod
850 1739 1029 1786 autem
1054 1731 1184 1785 dicit
1207 1730 1391 1784 Achab
1414 1731 1482 1784 ad
1508 1728 1713 1783 Heliam
1732 1740 1780 1780 ιε

1879 565 1973 605 seu
2005 550 2308 615 hmreticos,
2338 563 2446 604 non
2483 549 2613 613 Deo,
2651 549 2742 603 sed
2767 546 2987 602 Diabolo
3016 547 3221 602 auctori
3247 563 3456 614 eorum,

1880 641 1948 694 ab
1994 641 2126 711 ipsis
2194 640 2451 695 oblatum.
2515 639 2875 694 Transactum
2932 639 3455 710 meridiei'tempus,

1878 731 2150 802 vergentis
2180 730 2364 784 mundi
2403 728 2739 799 signiﬁcabat
2784 743 3034 792 cursum,
3080 728 3134 782 in
3182 728 3337 797 cujus
3369 744 3459 783 ve-

1880 837 2093 893 sperum
2141 820 2401 876 Dominus
2446 818 2604 875 Jesus
2653 817 2900 874 Christus
2946 819 2999 873 in
3029 834 3219 874 verum
3254 819 3459 873 sacriﬁ-

1881 916 2043 978 cium,
2072 913 2215 983 qnod
2260 914 2376 982 ipse
2409 920 2529 975 est,
2574 926 2633 965 se
2663 912 2833 980 ipsum
2876 910 3021 965 Patri
3048 910 3115 964 ad
3146 909 3459 980 deponenda

1881 1005 2101 1061 humani
2131 1004 2347 1076 generis
2370 1003 2565 1058 delicta
2587 1001 2799 1056 obtulit.
2837 1000 3019 1055 Altare
3043 1001 3183 1070 quod
3212 1000 3279 1053 ab
3311 997 3461 1054 Helia

1881 1107 2126 1156 curatum
2168 1105 2286 1160 est,
2342 1111 2407 1151 ex
2443 1093 2726 1149 duodecim
2768 1090 3031 1161 lapidibus
3072 1100 3459 1154 restauratum,

1881 1191 2095 1246 Sancta:
2138 1188 2419 1243 Trinitatis
2455 1172 2769 1255 accipienda
2814 1189 2897 1237 est
2941 1179 3227 1247 confessio,
3260 1194 3381 1250 quae
3408 1179 3470 1234 in

1881 1280 2081 1335 Iudaeis
2109 1278 2239 1333 olim
2267 1318 2282 1342 ,
2330 1276 2414 1330 vel
2455 1275 2505 1329 in
2548 1273 2818 1329 lnereticis
2847 1271 3119 1325 destructa
3151 1268 3271 1335 fuit,
3299 1285 3329 1323 a
3353 1267 3461 1323 Do-

1884 1352 2029 1429 mino
2054 1386 2151 1442 per
2174 1368 2456 1439 Apostolus
2482 1368 2533 1421 in
2565 1366 2806 1421 Ecclesia
2836 1364 3128 1419 reformata
3155 1370 3256 1418 est.
3292 1360 3464 1430 Ligna

1885 1481 2034 1527 vero,
2073 1477 2193 1532 quae
2244 1475 2406 1530 super
2432 1460 2620 1513 Altare
2664 1456 2963 1527 composita
2993 1454 3239 1518 fuerant,
3286 1451 3467 1507 crucis

1885 1554 2179 1627 patibulum
2210 1552 2613 1623 prmsignabant
2636 1589 2651 1615 ,
2687 1550 2740 1604 in
2762 1564 2869 1619 qua
2896 1547 3225 1603 dominicum
3249 1542 3466 1600 atlixum

1885 1655 1969 1702 est
1995 1660 2193 1714 corpus
2217 1684 2231 1709 ,
2282 1643 2424 1713 quod
2452 1657 2639 1698 verum
2667 1680 2682 1707 ,
2728 1650 2785 1695 et
2824 1636 3150 1709 acceptabile
3190 1635 3296 1691 Deo
3318 1631 3467 1689 Patri

1888 1734 1990 1788 fuit
2029 1733 2399 1788 holocaustum
2426 1731 2474 1783 b.
2520 1729 2762 1795 Quatuor
2800 1726 3003 1797 hydria:
3048 1722 3263 1793 repleta":
3300 1735 3465 1791 aqua,

202 1819 353 1879 Tune
393 1837 446 1876 es
472 1819 586 1886 ille,
609 1821 697 1891 qui
723 1819 1005 1873 conturbas
1045 1817 1217 1872 Israel
1234 1819 1259 1871 .9
1288 1820 1392 1873 hoc
1424 1820 1597 1888 ipsum
1630 1825 1686 1872 et
1720 1817 1785 1872 de
1816 1810 1860 1867 B
1890 1826 2109 1880 totidem
2142 1836 2366 1877 numero
2393 1819 2766 1892 signiﬁcabant
2808 1817 3093 1887 Evangelia
3118 1856 3132 1881 ,
3182 1815 3235 1869 in
3271 1814 3468 1897 quibus

200 1912 459 1977 Domino,
488 1906 843 1967 Sacerdotum
870 1910 1146 1980 principes
1174 1910 1377 1963 dixisse
1401 1907 1578 1962 Pilato
1606 1907 1791 1977 legun-
1879 1913 2142 1983 baptismi
2171 1912 2608 1975 sacramentum,
2638 1907 2782 1977 quod
2801 1906 2855 1961 in
2874 1904 3091 1960 nomine
3118 1902 3328 1958 Sanctae
3349 1899 3467 1957 Tri-

202 2014 297 2059 tur
322 2004 470 2075 (Luc.
495 2016 651 2067 xxnr,
673 2002 729 2073 Ξ)
748 2020 761 2055 :
779 2001 1081 2057 Invenimus
1103 2003 1242 2055 hunc
1269 2000 1642 2055 subvertentem
1664 2016 1787 2069 gen—

200 2101 308 2148 tem
341 2102 591 2147 nostram.
616 2090 717 2145 Hic
742 2091 909 2156 enim,
964 2100 1025 2145 ut
1060 2091 1320 2145 Dominus
1344 2090 1426 2144 eis
1450 2089 1648 2157 legitur
1694 2103 1789 2142 ex-

200 2185 518 2257 probrasse,
549 2181 643 2236 ﬁlii
674 2178 827 2236 fuere
860 2184 1032 2251 patris
1059 2183 1143 2238 sui
1168 2182 1396 2247 diaboli,
1446 2181 1598 2250 cujus
1625 2196 1789 2252 Opera

202 2276 389 2330 facere
414 2272 755 2338 studuerunt,
784 2282 845 2328 ut
870 2275 995 2329 vita:
1023 2288 1133 2329 suae
1160 2283 1442 2328 auctorem
1471 2272 1788 2344 cruciﬁgen-

203 2361 338 2422 tlum
372 2364 536 2435 impie
564 2364 967 2434 proclamarem
994 2382 1005 2418 :
1047 2363 1147 2418 Vos
1174 2366 1311 2418 enim
1343 2362 1447 2435 (ait
1501 2362 1786 2430 Dominus)

204 2457 392 2529 (Joan.
419 2471 541 2521 VIII,
564 2455 654 2527 44)
679 2456 742 2509 de
770 2455 979 2510 diabolo
1005 2468 1153 2526 patre
1181 2457 1324 2521 estis,
1365 2466 1411 2510 et
1442 2472 1599 2525 opera
1624 2455 1788 2524 patris

206 2544 371 2602 vestri
398 2544 570 2614 facere
607 2542 781 2598 uultis.
819 2544 912 2598 llle
939 2545 1083 2599 enim
1114 2544 1377 2598 homicida
1406 2554 1501 2608 est,
1533 2553 1581 2597 et
1606 2543 1790 2597 abini-

202 2638 281 2691 tio
320 2635 547 2690 mendax
568 2630 761 2706 (Epist.
786 2632 876 2688 Jo.
900 2651 983 2700 ιιι,
1015 2634 1069 2704 8)
1095 2652 1109 2688 :
1143 2644 1191 2688 et
1212 2635 1267 2688 in
1290 2635 1501 2689 veritate
1524 2650 1788 2704 nunquam

199 2727 370 2782 stetit.
400 2724 605 2780 Abdias
630 2732 809 2779 autem
843 2725 996 2795 cujus
1021 2740 1222 2779 nomen
1252 2725 1646 2794 interpretatur
1686 2742 1790 2778 ser-

199 2810 548 2884 mDomini,
575 2818 666 2887 qui
692 2819 879 2882 etiam,
902 2831 968 2873 eo
994 2827 1259 2888 tempore,
1283 2834 1391 2888 quo
1418 2819 1604 2873 Achab
1651 2818 1787 2873 Pro-

200 2907 403 2979 phetas
429 2907 643 2963 Domini
656 2916 990 2979 praeceperat
1004 2910 1285 2975 trucidari,
1316 2919 1533 2964 centum
1548 2909 1789 2979 Prophe-

204 3011 296 3057 tas
325 3002 379 3056 in
416 3002 691 3071 speluncis
717 3003 1015 3067 celaverat,
1057 3003 1260 3057 victum
1316 3002 1518 3057 eisdem
1549 3002 1789 3071 qtmtidie

202 3089 619 3156 administrans,
650 3078 771 3146 illos
809 3090 1208 3159 quodammodo
1267 3091 1646 3161 prtesiguabat,
1694 3091 1787 3159 qui

1888 2008 2074 2062 uitatis
2101 2007 2277 2070 datur,
2305 2005 2534 2059 habetur
2557 2009 2904 2072 praeceptum.
2944 1997 3089 2068 Ignis
3116 2011 3350 2067 quoque,
3375 1996 3467 2069 qui

1890 2098 2094 2169 lapides
2124 2098 2310 2152 altaris
2336 2138 2351 2162 ,
2404 2103 2458 2151 et
2487 2109 2603 2165 quae
2637 2107 2798 2162 super
2818 2107 2939 2146 eum
2967 2090 3203 2156 fuerant,
3231 2103 3330 2144 nec
3360 2105 3464 2143 non

1886 2200 1946 2244 ct
1968 2205 2163 2257 aquam
2198 2187 2428 2250 voravit,
2478 2184 2737 2239 Sanctum
2778 2182 3140 2252 praesignabat
3180 2178 3464 2249 Spiritum,

1891 2281 1980 2348 qui
2012 2294 2118 2332 non
2145 2278 2316 2332 solum
2344 2274 2649 2345 Apostolos,
2689 2272 2783 2328 sed
2817 2281 3042 2327 cunctos
3063 2270 3344 2326 credentes
3372 2282 3468 2341 per

1890 2374 2166 2427 lavacrum
2214 2366 2640 2437 regenerationis
2698 2366 2752 2419 in
2799 2363 2896 2418 Dei
2944 2362 3267 2418 sacriﬁcium
3308 2375 3463 2416 assu-

1892 2463 2009 2526 mit,
2033 2470 2088 2514 et
2116 2457 2434 2513 sanctiﬁcat.
2475 2454 2621 2509 Falsi
2647 2468 2776 2508 vero
2800 2452 3082 2523 Pr0phetac
3104 2491 3117 2516 ,
3150 2450 3241 2519 qui
3269 2449 3337 2504 ab
3364 2446 3468 2501 He-

1889 2551 1960 2604 lia
2008 2546 2278 2606 interfecti
2310 2546 2598 2617 leguntur,
2664 2544 2905 2597 adversa:
2962 2540 3288 2611 accipienda:
3341 2546 3467 2595 sunt

1890 2646 2207 2711 potestates,
2235 2637 2300 2691 de
2322 2634 2518 2705 quibus
2546 2632 2828 2687 Dominum
2865 2631 2919 2685 in
2958 2643 3118 2685 cruce
3153 2628 3470 2699 pronuntia-

1892 2736 1970 2789 vit
1996 2731 2285 2802 Apostolus
2312 2728 2699 2797 triumphasse,
2726 2726 2841 2781 sive
2878 2724 2954 2779 illi
2993 2726 3287 2795 accipiendi
3318 2731 3469 2792 sunt,

1892 2825 1982 2894 qui
2006 2824 2292 2878 adversum
2317 2820 2601 2875 Dominum
2635 2818 2797 2889 impie
2829 2818 3191 2889 proclamasse
3219 2816 3473 2888 leguntur

1893 2916 2109 2986 (Matth.
2138 2930 2312 2979 xxvu,
2338 2911 2431 2986 25)
2464 2932 2476 2965 :
2516 2910 2743 2982 Sanguis
2764 2912 2879 2981 ejus
2901 2927 3056 2981 super
3080 2927 3172 2965 nos
3194 2950 3208 2975 ,
3234 2920 3282 2964 et
3316 2925 3473 2981 super

1891 3008 2028 3077 ﬁlios
2056 3016 2279 3060 nostros.
2311 3003 2465 3072 Quod
2490 3004 2678 3072 utique
2708 3002 3041 3073 temporibus
3055 3001 3392 3071 Vespasiani,
3416 3010 3472 3057 et

1897 3097 2004 3151 Τιιί
2026 3096 2320 3165 expletum,
2355 3095 2446 3165 qui
2480 3094 2608 3165 legit
2636 3092 2926 3164 Josephum
2958 3093 3469 3165 historiograpbum,

202 3193 275 3232 ex
317 3174 651 3249 principibus
703 3177 1013 3234 Judmorum
1042 3179 1241 3234 occulti
1283 3179 1529 3248 discipuli
1578 3179 1791 3233 Domini
1816 3183 1865 3246 (Ζ
1898 3203 2002 3242 non
2030 3182 2251 3242 habebit
2278 3184 2608 3254 ambiguum.

202 3276 367 3322 erant
403 3267 583 3339 (Joan.
617 3285 730 3334 xix,
761 3268 875 3341 '58),
909 3271 1012 3325 hoc
1039 3281 1123 3325 est
1162 3262 1517 3335 Nicodemus,
1546 3280 1602 3327 et
1633 3280 1793 3326 caste-

204 3355 279 3423 ri,
311 3372 446 3426 quos
468 3354 811 3428 Evangelista
840 3358 1173 3429 pronuntiat.
1224 3354 1507 3430 Propheta:
1559 3360 1707 3426 Baal,
1738 3369 1791 3417 et

204 3440 487 3520 propheta
508 3442 801 3514 Lucorum,
825 3450 1149 3515 scribarum,
1165 3459 1221 3505 et
1249 3445 1650 3506 Pharisamrum
1706 3446 1793 3522 tyl

205 3552 339 3611 pum
358 3536 635 3605 gerebant,
664 3538 755 3607 qui
770 3553 941 3593 sacrae
962 3537 1123 3608 Legis
1148 3539 1482 3611 negligentes
1495 3547 1788 3609 praecepta,

202 3627 469 3702 populum
514 3631 749 3699 propriis
799 3632 1181 3687 traditionibus
1227 3633 1629 3701 pervertebant,’
1676 3631 1793 3700 qui-

206 3715 319 3773 bus
346 3716 441 3772 Vc
465 3715 707 3771 futurum
729 3718 988 3774 Dominus
1014 3718 1211 3797 legitur
1266 3720 1604 3789 praedixisse.
1660 3720 1794 3775 Car-

210 3806 391 3863 melus
410 3823 540 3862 vero
558 3823 714 3863 mons
730 3810 824 3878 qui
856 3810 1253 3879 interpretatur
1270 3811 1487 3866 scientia
1523 3814 1795 3867 circumci-

202 3900 396 3963 sionis,
429 3898 632 3954 Christi
671 3899 1051 3971 praeﬁgurahat
1080 3901 1402 3974 Ecclesium,
1431 3903 1486 3956 in
1531 3918 1634 3974 qua
1687 3919 1793 3959 non

203 3990 460 4062 prteputii
484 3991 829 4047 circumcisio
855 3992 1167 4062 accipienda
1214 3964 1303 4057 sil,
1355 3994 1497 4048 scire
1549 3994 1796 4063 prmcipi-

207 4097 343 4146 mur
370 4098 384 4134 :
414 4095 513 4151 per
540 4081 1010 4135 circumcisionem
1032 4081 1178 4136 enim
1211 4082 1479 4151 praeputii,
1517 4081 1699 4136 carnis
1729 4082 1795 4134 li-

200 4171 453 4227 bidinem
482 4168 729 4237 luxuriae,
756 4178 915 4239 atque
942 4170 1211 4224 luxuriam
1257 4170 1537 4225 sciendum
1571 4180 1656 4225 est
1703 4170 1794 4224 ab-

205 4260 585 4318 scindendam.
616 4258 723 4315 Per
751 4260 930 4315 cordis
969 4275 1102 4315 vero
1151 4249 1642 4325 circumcisioném,
1696 4261 1797 4315 im-

207 4351 432 4407 mundae
458 4349 819 4421 cogitationes
870 4349 1233 4420 intelligentiae
1258 4358 1386 4404 sunt
1410 4350 1792 4419 .amputandae.

204 4441 418 4499 Bavem
445 4457 599 4508 vero,
628 4456 790 4512 quem
825 4441 1007 4496 Helias
1034 4441 1363 4496 mactavitin
1398 4441 1793 4503 holocaustum,

1962 3279 2163 3333 Deinde
2186 3277 2414 3331 historia
2437 3276 2699 3345 sequitur,
2723 3284 2779 3329 et
2805 3282 2934 3330 dicit
2969 3290 2984 3304 ·
3022 3286 3045 3315 ε
3082 3273 3326 3328 Ascendit
3360 3270 3473 3328 lle-

1894 3365 1994 3420 lius
2028 3367 2086 3419 in
2107 3366 2345 3433 verticem
2373 3363 2603 3419 Carmeli
2626 3403 2642 3430 ,
2689 3373 2735 3417 et
2765 3381 2959 3434 pronus
3000 3364 3054 3418 in
3078 3373 3270 3418 terram
3299 3362 3473 3434 posuit

1894 3448 2082 3524 facient
2104 3468 2255 3509 suam
2294 3455 2432 3508 inter
2474 3469 2674 3523 genua;
2713 3451 2739 3492 ά
2782 3461 2831 3507 et
2864 3453 3115 3508 exorabat
3145 3452 3473 3507 Dominum:

1894 3547 2126 3615 dixitque
2156 3544 2224 3601 ad
2252 3560 2475 3615 puerum
2516 3559 2703 3609 suum,
2748 3543 2999 3609 ascende,
3041 3553 3089 3597 et
3136 3544 3475 3615 circumspice

1894 3643 2075 3686 contra
2102 3648 2246 3686 mare
2264 3641 2464 3702 septem
2492 3632 2706 3691 uicibus.
2742 3630 2893 3697 Quod
2916 3648 3033 3686 cum
3061 3632 3289 3702 fecisset,
3318 3633 3475 3703 septi-

1894 3740 1979 3776 ma
2011 3723 2116 3777 rice
2140 3722 2383 3792 apparuit
2427 3720 2680 3775 nubecula
2725 3736 2888 3790 parua
2934 3724 3085 3792 quasi
3123 3723 3345 3778 hominis
3388 3739 3474 3778 ve-

1890 3814 2105 3883 stigium
2148 3812 2431 3866 ascendens
2474 3810 2539 3865 de
2582 3826 2761 3876 mare,
2820 3818 2869 3863 et
2906 3810 3075 3865 subito
3119 3812 3475 3868 contenebrati

1896 3913 2016 3959 sunt
2038 3902 2171 3968 cali,
2203 3910 2250 3955 et
2279 3901 2423 3971 facta
2448 3910 2522 3955 est
2540 3899 2725 3970 pluvia
2749 3900 2984 3970 grandis.
3015 3899 3167 3967 Quod
3192 3902 3339 3956 enim
3364 3901 3470 3956 He-

1896 3996 1996 4050 lias
2024 4002 2217 4049 exorat
2241 4033 2257 4058 ,
2307 4000 2367 4046 ut
2392 3992 2573 4062 pluvia
2610 3992 2878 4050 tribuatur
2902 4006 2934 4045 a
2962 3994 3070 4047 Deo
3090 4028 3105 4059 ,
3133 3993 3236 4049 hoc
3260 4008 3475 4063 quoque

1898 4087 2183 4141 Dominum
2212 4084 2409 4140 fecisse
2434 4098 2531 4153 pro
2560 4083 2674 4138 suis
2701 4083 2999 4155 discipulis,
3032 4092 3089 4139 et
3120 4086 3212 4156 qui
3237 4100 3335 4155 per
3354 4100 3474 4143 ver-

1897 4179 2022 4232 lnm
2054 4175 2263 4229 illorum
2292 4173 2547 4229 credituri
2576 4180 2750 4241 erant,
2770 4174 3114 4251 Evangelista
3138 4178 3470 4247 pronuntiat.

1968 4266 2271 4319 Ministrum
2302 4263 2489 4328 Heliae,
2519 4264 2605 4318 cui
2622 4261 2833 4331 jussum
2852 4274 2935 4319 est
2962 4265 3318 4335 contemplari
3340 4282 3473 4323 con-

1898 4364 1982 4408 tra
2014 4368 2193 4418 mare,
2242 4354 2488 4408 omnium
2520 4355 2927 4425 prophetarum,
2953 4357 3045 4425 qui
3075 4367 3202 4412 ante
3230 4358 3476 4415 Salvato-

1900 4447 1977 4500 vis
2004 4446 2290 4500 adventum
2326 4443 2560 4509 fuerunt,
2596 4453 2781 4516 typum
2826 4456 3067 4517 gestasse
3104 4463 3211 4503 non
3252 4449 3475 4505 dubium

203 4540 379 4601 atque
409 4532 463 4585 in
484 4511 663 4587 frusta
674 4531 1099 4595 coneidit,vetus
1116 4531 1517 4601 intelligendum
1533 4541 1617 4587 est
1632 4541 1795 4587 testa—
1824 4511 1873 4569 D
1898 4543 2001 4599 est,
2030 4534 2225 4604 quibus
2250 4534 2305 4588 in
2328 4534 2555 4604 gratiam
2579 4511 2812 4602 spiritus
2829 4511 3015 4591 ganeti
3040 4551 3135 4606 per
3159 4552 3321 4591 omne
3346 4545 3478 4593 tem—

206 4631 481 4688 mentum,
511 4638 580 4677 ex
594 4638 702 4693 quo
714 4622 779 4677 ad
803 4623 1162 4678 confutandas
1184 4622 1438 4679 Judaicas
1452 4624 1795 4694 superstitio-

205 4712 345 4777 nes,
363 4728 427 4767 ea
444 4726 565 4782 quae
580 4713 647 4767 de
664 4712 755 4768 illo
770 4713 973 4783 scripta
992 4713 1224 4776 fuerant,
1260 4715 1444 4769 multis
1458 4715 1517 4774 in
1546 4714 1679 4769 locis
1705 4731 1799 4769 ex-

200 4800 746 4860 cussisseDominum
761 4801 946 4859 Jesum
960 4804 1274 4875 evangelica
1288 4806 1671 4874 praedicatione
1686 4822 1796 4861 ma-

206 4892 475 4958 pil’eStat,
512 4906 635 4948 cum
673 4892 878 4948 dixisse
922 4893 1179 4949 scribitur
1214 4894 1428 4966 (Matth.
1478 4913 1605 4963 XXI,
1650 4896 1740 4968 42)
1778 4917 1791 4950 :

208 4984 347 5043 Non
366 4983 592 5055 lepidis,
614 4983 755 5057 quod
776 4982 976 5039 dictum
1005 4994 1099 5051 est,
1132 4985 1356 5056 lapidem
1373 5004 1532 5058 quem
1558 4989 1799 5058 reproba-

206 5080 401 5132 κάει
427 5071 773 5143 adiﬁcantu,
805 5073 888 5127 hic
916 5073 1088 5143 factus
1109 5084 1185 5129 est
1211 5075 1265 5129 in
1289 5086 1444 5145 caput
1479 5076 1659 5147 anguli
1682 5077 1708 5130 ?
1731 5077 1800 5130 Et

205 5165 608 5234 intellexerunt,
638 5168 831 5238 inquit,
860 5157 1069 5233 scribta,
1097 5178 1145 5222 et
1173 5169 1421 5239 pltariswi
1444 5170 1579 5241 quod
1612 5170 1675 5223 de
1697 5169 1801 5224 illis

205 5258 431 5323 diceret,
452 5265 587 5326 etc.,
613 5273 735 5330 qua:
766 5259 822 5314 in
851 5254 1143 5329 Evangelio
1179 5259 1541 5329 reperiuntur.
1604 5258 1799 5313 Bovem

206 5337 605 5407 veroaltemm
642 5363 674 5404 ι
708 5347 858 5404 falsis
902 5346 1185 5417 Prophetis
1224 5349 1455 5405 electum
1481 5391 1494 5415 ,
1546 5350 1799 5419 populum

287 5496 477 5626 lalisio
500 5500 703 5623 orpjlssa
724 5508 852 5555 sunt
873 5501 1203 5571 insuperiori
1222 5500 1516 5572 Scriptura:
1538 5503 1674 5563 loco.
1693 5504 1786 5558 sed

287 5584 319 5626 ι
466 5585 520 5624 v.
622 5609 636 5622 .
1000 5623 1010 5626 -

209 5583 439 5632 .35qu
466 5585 520 5624 ν.
550 5583 572 5623 1
586 5583 636 5622 Ί.

292 5623 321 5681 ἱ
361 5623 519 5695 Vera.
546 5634 637 5694 34.
680 5638 897 5709 Intplete
920 5623 1147 5709 quatuor
1172 5640 1385 5710 hydrias
1415 5658 1572 5706 aqua.

1898 4640 2019 4694 pus,
2050 4625 2192 4694 quod
2229 4632 2354 4679 ante
2392 4624 2680 4679 adventum
2728 4624 3026 4682 Salvatoris
3053 4630 3360 4697 praecessit,
3391 4628 3476 4684 in-

1898 4714 2267 4769 carnationem
2308 4714 2452 4768 illius
2489 4715 2798 4785 praestolare
2834 4716 3019 4771 datum
3049 4727 3152 4773 est.
3200 4718 3475 4775 Nubecula

1898 4820 2064 4874 parva
2089 4844 2104 4868 ,
2143 4819 2262 4873 quae
2290 4805 2438 4859 velut
2470 4807 2756 4877 vestigium
2800 4809 3033 4864 hominis
3071 4808 3377 4867 ascendisse
3405 4811 3473 4867 de

1900 4896 2034 4949 mari
2081 4896 2424 4959 describitur,
2474 4896 2765 4962 Dominus,
2814 4912 2877 4952 ac
2925 4897 3251 4969 Redemptor
3289 4908 3471 4958 noster

1900 4986 2243 5057 accipiendus
2288 4994 2409 5040 est:
2458 4988 2600 5041 sicut
2642 4988 2789 5042 enim
2840 4990 3124 5059 vestigium
3161 4998 3473 5058 “extremum

1900 5078 2142 5147 corporis
2172 5076 2471 5132 membrum
2514 5086 2629 5144 est,
2678 5080 2749 5132 ita
2779 5096 2993 5149 quoque
3025 5082 3284 5139 Dominus
3316 5082 3474 5140 Iesus

1903 5167 2153 5232 humilis,
2188 5175 2243 5221 et
2278 5182 2477 5237 parvus
2498 5208 2511 5231 ,
2569 5184 2633 5224 ac
2664 5186 2868 5240 pauper
2909 5175 2962 5226 in
3009 5174 3211 5229 mundo
3239 5176 3475 5230 existere

1903 5259 2093 5324 voluit,
2121 5259 2209 5327 qui
2241 5273 2338 5312 nos
2376 5273 2405 5311 a
2450 5270 2672 5329 peccato
2715 5266 3017 5318 mandaret.
3059 5264 3189 5320 Caeli
3218 5275 3474 5321 contene-

1906 5342 2048 5404 brati
2090 5357 2247 5412 sunt,
2299 5347 2423 5417 quia
2471 5352 2642 5404 sancti
2677 5354 3054 5420 praedicatores
3100 5356 3265 5412 divini
3311 5355 3477 5412 Verbi

1900 5573 1911 5583 .
1970 5514 1991 5542 ο
2032 5503 2184 5583 Vcrs.
2215 5504 2435 5583 42,_seil
2482 5521 2602 5559 cum
2633 5507 2811 5583 aliquo
2852 5510 3161 5567 discrimine
3190 5510 3473 5581 Vulgatam

1898 5574 2045 5643 inter
2060 5581 2121 5643 Act
2142 5574 2285 5643 hane.
2316 5574 2833 5643 interpretntionem.

1967 5641 2201 5764 dl\’qi‘h:t
2236 5644 2348 5698 lure
2392 5641 2639 5699 exorabat
2676 5646 2980 5711 Dominum,
3019 5651 3072 5704 in
3113 5651 3334 5721 Vulgata
3363 5665 3470 5708 non

1969 5727 1993 5764 s
2018 5727 2084 5764 an
2115 5748 2129 5763 .

1900 5726 2129 5766 CISlulll.
