3912 6310
496 309 595 365 759

1571 312 1843 370 CLAUDII
1884 315 2347 376 TAURINENSIS
2386 321 2698 378 EPIS'COPI

3666 335 3760 389 760

490 421 689 477 occulti
745 421 1112 477 Sacramentis
1160 432 1285 477 sunt
1337 424 1563 495 repleti:
1597 426 1773 497 pluvia
1816 428 1957 497 facta
2002 439 2076 483 est
2103 438 2156 496 Α
2184 435 2385 490 tatibus
2428 440 2766 493 servabatur.
2799 460 2817 491 ›
2868 440 2997 496 Post
3041 444 3157 499 haec
3200 446 3449 513 sequitur
3487 467 3501 502 :
3542 450 3685 519 (xix,
3707 449 3759 517 5)

488 529 718 584 magna,
771 513 897 583 quia
942 514 1286 583 evangelicus
1334 515 1510 571 imber
1551 532 1650 586 per
1695 518 2073 587 Apostolorum

486 603 927 671 praedicationem
976 605 1142 659 totius
1185 606 1371 660 mundi
1417 607 1615 677 rigavit
1646 608 1799 663 fines.
1868 608 2073 665 Currus

484 692 671 747 Achab
697 734 711 759 ,
741 708 901 763 quem
930 694 1113 750 Helias
1154 696 1415 752 accinctis
1436 697 1633 753 lumbis
1656 700 1903 768 praeibat,
1950 701 2074 754 Dia-

484 782 589 837 boli
620 783 933 853 accipienda
963 792 1207 853 potestas
1247 796 1370 852 est,
1414 788 1501 842 cui
1539 803 1567 841 a
1595 787 1825 843 Domino
1874 790 2071 844 dicitur

484 874 699 942 (Matth.
728 891 801 940 tv,
836 874 962 945 10):
997 875 1143 929 Vade
1185 887 1324 931 retro
1382 877 1649 943 Satanas;
1698 897 1801 934 non
1848 882 2069 935 tentabis

479 961 762 1015 Dominum
792 961 959 1015 Deum
986 972 1156 1016 tuum.
1207 962 1265 1017 In
1316 971 1524 1019 tantum
1564 966 1707 1019 enim
1737 964 1944 1020 Diaboli
1970 981 2068 1036 po-

480 1059 649 1106 testas
683 1051 735 1105 in
765 1052 997 1106 adventu
1034 1051 1247 1106 Domini
1278 1052 1454 1108 inanis
1483 1054 1713 1119 exstitit,
1742 1062 1798 1108 et
1826 1054 2066 1120 inﬁrma,

478 1147 662 1193 utnec
698 1138 751 1193 in
778 1153 974 1207 porcos
1001 1139 1312 1195 dominandi
1347 1139 1573 1196 haberet
1612 1141 1884 1196 licentiam
1914 1161 1926 1195 :
1962 1142 2066 1199 nisi

475 1231 524 1285 ei
551 1230 745 1287 fuisset
768 1233 1117 1301 permissum.

547 1320 700 1391 (Cap.
732 1320 869 1388 lux.)
904 1320 1167 1374 Nuntiata
1193 1332 1344 1386 sunt,
1376 1320 1574 1391 inquit,
1606 1321 1821 1376 Iezabel
1854 1333 2060 1389 cuncta,

474 1427 591 1481 qua:
612 1420 841 1481 gesserat
870 1409 1074 1477 Helias,
1105 1420 1150 1465 et
1177 1412 1615 1482 quemadmodum
1658 1411 1949 1483 Prophetas
1979 1432 2065 1468 oc-

473 1502 681 1556 cidisset
712 1501 903 1556 Bahal.
968 1502 1099 1569 Qua:
1140 1505 1316 1558 statim
1359 1506 1601 1558 nuntium
1637 1506 1777 1559 misit
1826 1506 1897 1560 ad
1943 1524 2062 1561 eum

472 1595 649 1648 dicens
671 1608 689 1645 :
719 1595 829 1648 hwc
854 1595 984 1648 mihi
1008 1594 1206 1664 faciant
1232 1594 1343 1659 Dii,
1378 1605 1426 1648 et
1448 1596 1559 1649 ha’c
1580 1596 1799 1661 addant,
1836 1598 1936 1651 nisi
1963 1598 2061 1650 hac

469 1689 599 1738 hora
623 1700 740 1738 cras
770 1700 962 1753 ponam
994 1684 1225 1738 animam
1256 1693 1401 1738 luant
1444 1685 1577 1738 sicut
1627 1686 1858 1739 animant
1906 1688 2060 1740 unius

2172 525 2495 599 projecitque
2517 546 2593 596 se,
2617 542 2667 585 et
2694 532 2939 587 dormivit
2968 536 3023 588 in
3059 536 3241 590 umbra
3254 539 3516 609 juniperi.
3545 541 3619 595 Et
3646 558 3756 595 ecce

2172 618 2401 687 Angelus
2440 620 2651 673 Domini
2682 625 2845 693 tetigit
2886 641 3041 691 eum,
3083 627 3317 697 dixitque
3344 628 3404 681 ill
3445 668 3459 680 .
3497 646 3690 699 surge,
3714 640 3762 683 et

2173 711 2402 764 comede.
2441 710 2805 781 Respexitque,
2844 724 2891 767 et
2916 714 3041 768 vidit
3068 716 3137 768 ad
3158 727 3312 786 caput
3343 735 3500 772 suum
3528 720 3763 773 subciueb

2173 799 2358 852 ricium
2381 818 2592 871 panem,
2621 789 2667 855 et
2690 820 2782 857 vas
2814 822 2984 874 aqua’.
3026 803 3386 877 Comeditque,
3414 826 3477 862 ac
3504 810 3666 873 bibit,
3704 826 3763 863 ac

2172 903 2381 941 rursum
2426 890 2687 945 dormivit.
2760 892 3048 965 Tetigitque
3088 912 3206 949 eum
3253 897 3481 953 secundo
3530 899 3764 969 Angelus

2170 987 2218 1030 et
2246 980 2380 1033 dixit
2404 997 2421 1033 :
2462 998 2643 1051 surge,
2682 994 2729 1037 et
2755 986 2964 1039 comede
2990 1003 3009 1040 :
3058 989 3275 1056 grandis
3301 991 3436 1043 enim
3482 991 3578 1043 tibi
3603 1000 3766 1044 restat

2170 1067 2271 1121 via.
2313 1065 2745 1142 Consurgensque
2773 1075 3016 1140 comedit,
3044 1084 3092 1130 et
3115 1077 3272 1143 bibit,
3300 1088 3348 1131 et
3377 1079 3673 1134 ambulavit
3708 1081 3766 1133 in

2170 1157 2478 1227 fortitudine
2518 1162 2621 1214 cibi
2647 1162 2790 1217 illius
2821 1165 3174 1235 quadraginta
3205 1168 3386 1222 diebus
3405 1209 3420 1233 ,
3452 1179 3503 1222 et
3526 1169 3767 1240 quadra-

2166 1250 2312 1318 ginta
2341 1252 2576 1306 noctibus
2620 1271 2785 1325 usque
2823 1256 2893 1309 ad
2932 1268 3158 1312 montem
3180 1258 3280 1313 Dei
3313 1272 3335 1300 ο
3371 1260 3563 1331 Oreplt.
3620 1260 3767 1328 Quid

2166 1339 2330 1409 igitur
2356 1339 2606 1397 Iezabel?
2632 1345 2744 1399 lucc
2770 1346 2970 1415 faciant
2993 1348 3121 1402 mihi
3147 1349 3261 1416 Dii,
3306 1361 3355 1405 et
3375 1354 3488 1407 lucc
3510 1356 3718 1409 addant
3738 1376 3763 1427 ;

2166 1434 2267 1483 nisi
2285 1447 2506 1499 posuero
2536 1434 2767 1488 animam
2809 1446 2975 1504 tuam,
3022 1439 3160 1493 sicut
3205 1442 3438 1496 animam
3481 1447 3644 1502 unius
3694 1466 3762 1505 ex

2164 1518 2289 1573 illis.
2322 1519 2389 1574 Et
2414 1522 2613 1575 audivit
2653 1523 2858 1590 Helias,
2890 1536 2938 1581 et
2963 1527 3098 1598 fugit
3125 1530 3261 1583 viam
3291 1531 3495 1585 dierum
3518 1536 3763 1604 quadra-

2106 1666 2109 1683 Ι
2163 1611 2307 1678 ginta
2349 1609 2366 1647 ί
2409 1610 2789 1667 Oviolentiam
2835 1616 3018 1670 verbi!
3070 1616 3114 1673 0
3156 1618 3464 1675 formidinis
3510 1624 3765 1681 eminenv

2166 1702 2323 1756 tiam!
2374 1703 2557 1759 audito
2601 1706 2845 1762 mulieris
2890 1709 3076 1774 verbo,
3117 1711 3253 1781 fugit
3294 1712 3493 1779 Helias,
3540 1726 3597 1770 et
3621 1717 3762 1791 fugit

469 1791 534 1829 ex
561 1774 687 1829 illis.
733 1774 888 1839 Quod
913 1774 1131 1877 audiens
1174 1772 1359 1877 Helias
1404 1775 1581 1874 timuit
1623 1774 1792 1875 valde,
1809 1786 1886 1877 “et
1926 1776 2053 1877 abiit
2083 1789 2128 1847 Β
2158 1807 2263 1846 non
2287 1809 2413 1858 una,
2456 1810 2561 1850 ηοη
2592 1796 2820 1863 duabus,
2854 1814 2961 1853 non
2986 1772 3161 1855 tribus
3177 1772 3395 1868 δίει,υεῖ
3544 1772 3759 1877 inst;

466 1880 791 1933 quocumque
815 1879 932 1917 eum
961 1862 1157 1932 ferebat
1184 1861 1444 1928 voluntas,
1470 1864 1704 1933 venitque
1724 1865 1779 1917 in
1802 1863 2057 1917 Bersabee

467 1952 646 2017 Judte,
676 1961 723 2005 et
753 1951 861 2005 illic
894 1951 1102 2021 reliquit
1130 1967 1348 2021 puerum
1374 1968 1550 2005 suum.
1592 1951 1713 2021 Ipse
1734 1960 1908 2005 autem
1933 1968 2051 2021 per-

467 2044 599 2097 rexit
639 2043 695 2096 in
739 2044 1003 2097 desertam
1048 2041 1242 2107 locum,
1293 2044 1428 2097 viam
1466 2045 1620 2097 unius
1655 2044 1780 2097 diei.
1822 2042 2055 2113 Cumque

464 2132 683 2186 venisset
706 2131 853 2196 illuc,
882 2140 929 2185 et
964 2132 1179 2186 sedisset
1204 2133 1381 2186 subter
1400 2149 1558 2186 unam
1570 2133 1901 2203 juniperum,
1934 2133 2008 2187 ait
2034 2147 2051 2184 :

463 2222 644 2292 sufficit
670 2222 796 2275 milii
827 2220 1072 2286 Domine,
1105 2220 1229 2275 tolle
1267 2222 1498 2276 animam
1523 2240 1712 2277 meam.

533 2326 558 2354 ο
595 2333 613 2364 ‹
641 2312 827 2368 Sancti
854 2314 978 2379 viri,
1012 2314 1105 2383 qui
1150 2314 1472 2369 sublevante
1494 2315 1691 2382 spiritu
1736 2314 1804 2367 ad
1841 2329 2051 2368 summa

462 2405 771 2474 rapiuntur,
800 2406 1056 2473 quamdiu
1099 2405 1153 2459 in
1182 2405 1284 2459 hac
1310 2406 1419 2459 vita
1448 2413 1603 2470 sunt,
1644 2419 1711 2459 ne
1737 2405 1915 2474 aliqua
1946 2404 2052 2459 ela-

462 2496 607 2550 tione
630 2495 962 2566 superbiant,
991 2496 1311 2564 quibusd.:m
1338 2494 1724 2549 tentationibus
1749 2495 2051 2565 reprimun-

461 2595 579 2650 tur;
613 2594 673 2638 ut
698 2599 1040 2655 nequaquam
1069 2591 1277 2637 tantum
1305 2582 1569 2653 proﬁcere
1599 2582 1846 2649 valeant,
1878 2598 2050 2652 quan—-

459 2687 574 2731 tum
606 2675 824 2741 volunt;
859 2676 952 2729 sed
982 2690 1049 2729 ne
1075 2674 1406 2729 extollantur
1440 2672 1694 2743 superbia
1720 2714 1735 2739 ,
1782 2673 1843 2728 fit
1876 2674 1931 2728 in
1969 2676 2048 2730 eis

459 2768 701 2839 ipsarum
730 2767 975 2836 quaedam
1010 2780 1263 2820 mensura
1292 2766 1571 2819 virtutum.
1635 2764 1773 2821 Hinc
1797 2773 1880 2820 est
1903 2767 2048 2820 enim

458 2862 601 2931 quod
638 2860 820 2915 Helias
847 2900 861 2925 ,
908 2859 1032 2914 dum
1069 2867 1148 2913 tot
1174 2858 1465 2912 virtutibus
1492 2857 1546 2911 in
1571 2857 1679 2912 alta
1705 2857 2043 2927 profecisset,

457 2954 693 3023 quadam
723 2966 980 3006 mensura
1004 2964 1300 3020 suspensus
1324 2956 1439 3014 est,
1489 2947 1617 3003 dum
1646 2946 1864 3003 Iezabel
1893 2956 2044 3019 post-

456 3044 697 3108 modum,
722 3043 967 3112 quamvis
997 3040 1281 3109 Reginam,
1334 3046 1515 3094 tamen
1556 3037 1931 3093 mulierculam
1964 3038 2047 3093 fu-

455 3134 573 3203 giit.
628 3131 911 3200 Perpendo
954 3130 1151 3199 quippe
1205 3128 1353 3181 hunc
1393 3127 1545 3181 mine
1590 3127 1808 3181 virtutis
1840 3128 2040 3193 virum,

456 3226 633 3295 ignem
668 3223 735 3278 de
764 3222 901 3277 cmlo
930 3222 1174 3285 trahere,
1214 3227 1268 3274 et
1294 3217 1528 3305 secundo
1549 3218 2042 3287 quinquagenarios

452 3316 600 3368 viros
625 3328 750 3368 cum
783 3311 900 3367 suis
926 3311 1178 3366 omnibus
1216 3308 1477 3379 petitione
1517 3308 1695 3362 subita
1729 3322 2042 3363 concrema-

455 3419 513 3458 re
545 3423 556 3456 :
594 3403 761 3458 verbo
793 3402 963 3457 caelos
992 3416 1023 3453 a
1045 3399 1243 3470 pluviis
1270 3398 1524 3453 claudere
1548 3415 1561 3452 :
1592 3396 1757 3452 verbo
1778 3398 1946 3453 ccelos
1973 3400 2041 3455 ad

452 3499 665 3570 pluvias
696 3498 930 3568 aperire,
960 3497 1314 3552 suscitantem
1338 3505 1611 3561 mortuos,
1640 3504 1868 3551 ventura
1895 3510 2043 3566 qua:-

452 3604 560 3660 que
604 3588 990 3658 praavidentem
1030 3605 1043 3640 :
1090 3595 1147 3640 et
1173 3601 1301 3642 ecce
1342 3602 1535 3642 rursus
1577 3586 1757 3641 animo
1780 3585 2039 3651 occurrit,

450 3696 558 3748 quo
592 3691 793 3749 pavore
826 3687 952 3732 ante
990 3692 1155 3732 unam
1192 3676 1565 3733 mulierculam
1595 3678 1622 3717 ι)
1651 3676 1804 3749 fugit.
1859 3676 2043 3732 Consi—

451 3772 583 3825 dero
619 3768 796 3822 virum
852 3769 1046 3823 timore
1093 3767 1403 3838 perculsum
1449 3767 1517 3822 de
1563 3783 1728 3822 manu
1769 3780 1790 3807 ε
1826 3768 2039 3823 Domini

451 3868 681 3915 mortem
731 3868 948 3930 petere,
994 3874 1095 3915 nec
1141 3859 1386 3930 accipere
1426 3876 1439 3913 :
1483 3859 1549 3915 de
1597 3876 1761 3914 manu
1795 3860 2039 3915 mulieris

449 3961 681 4007 mortem
721 3951 976 4022 fugiendo
1017 3952 1209 4008 vitare.
1272 3951 1559 4018 Quaarebat
1601 3953 1745 4006 enim
1784 3960 2034 4019 mortem,

449 4044 575 4097 dum
626 4042 875 4112 fugeret,
924 4042 1113 4097 dicens
1153 4057 1171 4095 :
1204 4041 1402 4111 Sufﬁcit
1438 4043 1603 4107 mihi,
1638 4041 1760 4096 tolle
1802 4044 2035 4096 animam

447 4150 642 4200 meam,
680 4150 844 4204 neque
870 4133 1005 4187 enim
1030 4132 1217 4187 melior
1237 4149 1353 4185 sum
1376 4148 1535 4201 quam
1560 4140 1735 4200 patres
1760 4133 1881 4185 mei.
1932 4132 2036 4187 Un-

446 4225 513 4279 de
545 4238 673 4294 ergo
699 4225 777 4279 sic
800 4230 1011 4294 potens,
1046 4231 1106 4276 ut
1134 4230 1212 4278 tot
1236 4222 1357 4276 illas
1387 4223 1610 4275 virtutes
1639 4220 1835 4276 faciat?
1884 4221 2034 4277 Unde

447 4314 527 4369 sic
556 4314 836 4379 inﬁrmus,
868 4322 928 4367 ut
954 4314 1029 4367 ita
1059 4312 1315 4367 feminam
1346 4313 1729 4381 pertimescat?
1779 4313 1882 4366 nisi
1907 4315 2032 4382 quia

447 4406 851 4476 dispensatione
899 4405 1118 4475 superni
1167 4413 1331 4459 nutus
1360 4418 1611 4457 mensura
1654 4403 1849 4457 occulti
1876 4403 2033 4458 libra—

2160 1898 2251 1937 sus
2280 1893 2363 1938 est
2388 1884 2443 1938 in
2468 1900 2534 1939 eo
2558 1901 2737 1941 sermo
2763 1888 3036 1957 mulieris,
3072 1900 3126 1946 et
3151 1893 3280 1961 quid
3309 1902 3513 1963 ageret,
3542 1898 3758 1954 nescie-

2156 1972 2270 2038 bat,
2300 1975 2436 2028 tanti
2477 1975 2686 2031 itineris
2730 1979 2923 2048 spatio,
2956 1990 3101 2035 metu
3131 1984 3463 2053 eXagitante,
3484 1987 3752 2057 iactatus,

2154 2062 2304 2117 velut
2332 2079 2456 2118 cum
2503 2065 2719 2135 Zephiri
2750 2066 2966 2124 ﬂatibus
3004 2086 3167 2126 cursu
3203 2073 3449 2142 impulsas
3475 2077 3633 2131 navis
3664 2090 3754 2131 ar-

2154 2152 2342 2209 borem
2364 2155 2637 2211 violentus
2663 2174 2728 2211 ex
2759 2160 2987 2215 adverso
3027 2164 3184 2218 turbo
3213 2165 3509 2236 corripuit,
3556 2165 3753 2236 implo-

2156 2254 2379 2315 tumque
2410 2245 2641 2314 reﬂexit,
2674 2249 2746 2303 ita
2778 2249 3061 2321 Prophetae
3092 2255 3333 2309 animum
3370 2256 3631 2311 virtutum
3658 2270 3753 2311 ve-

2152 2334 2220 2389 lis
2264 2336 2610 2405 navigantem
2655 2338 2896 2393 mulieris
2943 2342 3175 2409 perculit
3220 2358 3432 2409 sermo,
3466 2354 3753 2414 totamque

2152 2424 2268 2492 ejus
2311 2438 2506 2478 navem
2562 2440 2661 2496 per
2712 2442 2903 2483 omnes
2964 2428 3312 2486 formidinum
3373 2432 3569 2487 ﬂuctus
3634 2442 3750 2488 tur.

2150 2513 2278 2568 bato
2308 2522 2520 2570 rectore
2552 2515 2779 2585 jactavit
2800 2558 2814 2583 ,
2866 2519 2997 2587 quid
3016 2533 3145 2591 ergo
3176 2530 3234 2575 tu
3268 2520 3485 2576 Helias?
3513 2529 3571 2577 tu
3597 2524 3750 2578 enim

2150 2625 2233 2676 es,
2262 2611 2354 2680 qui
2392 2611 2558 2669 verbo
2602 2612 2877 2668 clauseras
2900 2614 3096 2670 cmlum
3125 2656 3141 2681 ,
3189 2625 3244 2671 et
3268 2616 3623 2672 fraudaveras
3650 2617 3749 2673 im.

2149 2698 2296 2766 bras,
2326 2701 2418 2770 qui
2451 2702 2811 2758 mandaveras
2832 2704 2945 2759 aeri
2972 2746 2985 2769 ,
3034 2714 3087 2760 et
3114 2706 3325 2762 divinos
3360 2708 3514 2778 ignes
3544 2708 3749 2763 eduxe-

2148 2799 2259 2850 ras,
2298 2787 2389 2856 qui
2418 2785 2584 2843 falsos
2626 2788 2919 2844 salubriter
2954 2790 3185 2846 interﬁci
3210 2793 3453 2862 iusseras
3488 2793 3749 2849 sacerdo-

2149 2885 2233 2932 tes
2260 2918 2276 2943 ,
2325 2878 2416 2948 qui
2457 2889 2772 2936 constanter
2803 2882 2857 2935 in
2897 2881 3089 2938 faciem
3126 2886 3557 2956 exprobr‘averas
3585 2885 3741 2957 Regi.

2148 2967 2292 3037 quod
2322 2968 2456 3037 ipse,
2489 2977 2546 3024 et
2590 2970 2780 3027 domus
2818 2990 2915 3027 sua
2950 2974 3201 3044 populum
3236 2987 3482 3031 everteret
3522 2976 3701 3032 Israel
3721 2992 3742 3031 :

2146 3056 2239 3126 qui
2267 3056 2484 3113 dixeras
2515 3077 2528 3113 :
2574 3061 2709 3115 vivit
2731 3061 2993 3119 Dominus
3026 3079 3041 3118 :
3079 3064 3140 3120 Si
3164 3067 3262 3119 erit
3295 3067 3505 3137 pluvia,
3538 3081 3631 3129 aut
3657 3086 3743 3125 ros

2071 3133 2114 3196 C
2148 3147 2251 3201 nisi
2273 3147 2329 3201 in
2352 3149 2502 3203 verbo
2530 3151 2635 3204 oris
2659 3153 2761 3205 mei
2791 3166 2809 3204 .'
2836 3155 2927 3223 qui
2959 3155 3179 3210 domum
3210 3133 3417 3225 viduae,
3462 3160 3743 3230 spicarum

2146 3254 2351 3306 aream,
2387 3248 2443 3294 et
2472 3242 2713 3298 torcular
2741 3243 2953 3301 feceras
2981 3247 3117 3312 olei,
3160 3249 3252 3317 qui
3284 3250 3539 3306 omnibus
3564 3252 3741 3322 impe-

2145 3342 2368 3384 raveras
2402 3330 2687 3388 elementis
2709 3374 2724 3399 ,
2774 3349 3081 3389 sermonem
3123 3353 3270 3392 nunc
3309 3341 3619 3394 meretricis
3643 3349 3742 3394 au-

2144 3416 2322 3483 diens,
2357 3421 2646 3488 expavisti,
2700 3432 2756 3477 et
2786 3438 2895 3476 una
2923 3424 3238 3480 muliercula
3270 3426 3559 3499 profugum
3589 3427 3739 3497 fecit,

2145 3511 2469 3582 timorisque
2495 3515 2795 3584 captivum.
2823 3516 2866 3572 Ο
2893 3532 3006 3571 rem
3038 3520 3392 3588 stupendam!
3437 3522 3576 3576 Vide
3602 3522 3740 3577 duos

2143 3601 2297 3668 istos,
2329 3602 2551 3659 Petrum
2578 3615 2633 3660 et
2667 3605 2877 3661 Heliam
2898 3649 2912 3674 ,
2940 3608 3260 3678 magniﬁcos
3286 3611 3455 3676 viros,
3484 3620 3541 3666 et
3572 3621 3738 3668 cxte-

2142 3692 2219 3747 ris
2248 3693 2529 3762 clariores,
2558 3697 2705 3751 vehit
2736 3698 2872 3753 duas
2907 3700 3186 3753 civitatum
3219 3715 3377 3755 arces
3416 3701 3474 3755 in
3504 3702 3739 3758 sublime

2141 3794 2440 3851 porrectas,
2476 3804 2506 3841 a
2535 3788 2855 3845 mulieribus
2888 3790 3127 3859 fatigari.
3169 3790 3363 3847 Petrus
3392 3793 3552 3848 timet
3587 3795 3735 3863 puel-

2142 3873 2292 3929 lam:
2331 3875 2549 3932 Iezabel
2593 3879 2833 3934 deterret
2879 3880 3108 3935 Heliam.
3186 3882 3251 3935 Et
3312 3883 3441 3951 quia
3491 3882 3732 3951 ejusdem

2141 3962 2312 4033 culpa:
2356 3965 2493 4021 vitio
2522 3975 2753 4036 uterque
2785 3968 3053 4038 subjacuit
3074 4011 3089 4036 ,
3149 3972 3435 4025 amborum
3464 3973 3732 4030 naturalis

2140 4053 2432 4110 inﬁrmitas
2458 4072 2625 4111 unum
2666 4059 2860 4113 sortita
2891 4067 2974 4113 est
2999 4060 3354 4129 proditorem.
3412 4061 3579 4131 Fugit
3604 4078 3732 4135 ergo

2141 4143 2325 4199 Helias
2371 4148 2511 4200 viam
2562 4150 2919 4220 quadraginta
2969 4152 3198 4205 dierum.
3256 4151 3358 4206 Ubi
3400 4162 3491 4207 est
3519 4153 3621 4206 zeli
3650 4152 3729 4209 tui

2139 4233 2301 4287 ardor
2328 4236 2702 4302 incontinens,
2749 4240 2839 4293 ubi
2866 4240 3181 4293 constantia:
3215 4238 3473 4294 ﬂamma?
3509 4241 3610 4296 Ubi
3637 4256 3733 4295 au-

2138 4326 2363 4382 ctoritas
2396 4328 2664 4383 libertatis
2691 4371 2703 4392 ,
2758 4345 2880 4384 eum
2924 4331 3141 4386 dicebas
3168 4350 3179 4382 :
3211 4331 3332 4384 vivit
3365 4331 3650 4397 Dominus,
3680 4333 3727 4387 si

2136 4417 2234 4468 erit
2277 4418 2455 4487 pluvia
2502 4436 2660 4489 super
2693 4429 2886 4472 terram
2914 4460 2928 4484 ,
2975 4420 3058 4474 vel
3090 4435 3213 4473 cum
3248 4419 3455 4491 Regem
3481 4422 3727 4477 coruinus

445 4498 607 4551 minis
633 4494 1028 4566 appenduntur,
1074 4504 1135 4549 ut
1170 4495 1272 4565 ipsi
1316 4495 1489 4550 sancti
1538 4493 1633 4548 Dei
1682 4494 1945 4559 homines,
1977 4506 2031 4549 et

2149 4512 2423 4580 urguebas,
2455 4518 2711 4579 tantaque
2742 4511 3011 4565 mirabilia
3040 4511 3246 4565 faciens
3269 4528 3435 4566 unum
3466 4512 3726 4569 adultera

443 4587 675 4641 multum
698 4585 913 4641 valeant
949 4602 1043 4656 per
1066 4585 1365 4655 potentiam
1396 4584 1491 4638 Dei
1513 4625 1527 4649 ,
1568 4591 1623 4638 et
1655 4600 1869 4638 rursum
1898 4599 2029 4653 qua-

443 4678 567 4731 dam
600 4692 851 4731 mensura
884 4675 1151 4730 moderati
1180 4682 1415 4743 suntper
1443 4673 1809 4728 inﬁrmitatem
1842 4676 2028 4729 suam?

441 4768 500 4822 in
529 4768 635 4822 illis
672 4766 965 4821 virtutibus
994 4766 1176 4821 Helias
1209 4765 1336 4834 quid
1370 4765 1437 4819 de
1464 4764 1490 4803 ἀ
1529 4765 1759 4819 Domino
1803 4780 2028 4835 accepe-

442 4865 563 4921 rat,
598 4858 651 4911 in
700 4858 818 4911 istis
848 4856 1253 4911 inﬁrmitatibus
1278 4856 1408 4926 quid
1432 4856 1498 4910 de
1544 4870 1603 4909 se
1645 4870 1764 4910 esse
1789 4865 2019 4924 poterat,

441 4949 787 5014 agnoscebat.
828 4946 919 5000 illa
945 4948 1200 5016 potentiae
1228 4947 1402 5000 virtus
1432 4946 1530 5000 fuit
1568 4965 1577 4999 :
1616 4948 1715 5000 ista
1740 4948 2028 5003 inﬁrmitas

441 5050 625 5091 custos
659 5038 893 5090 virtutis.

521 5156 537 5184 ι
568 5137 625 5190 In
673 5136 780 5189 illis
828 5136 1120 5189 virtutibus
1149 5138 1471 5193 ostendebat
1516 5139 1641 5208 quid
1688 5149 2018 5209 acceperat:

441 5228 495 5280 in
523 5225 640 5280 istis
676 5224 1080 5280 inﬁrmitatibus
1110 5224 1213 5280 hoc
1243 5228 1384 5294 quod
1415 5237 1727 5298 acceperat,
1753 5231 2024 5285 custodie-

437 5317 551 5370 bat.
592 5316 648 5370 ln
676 5317 955 5372 miraculis
996 5317 1403 5372 monstrabatur
1432 5317 1612 5373 Helias
1653 5338 1665 5372 :
1706 5320 1760 5374 in
1789 5320 2019 5376 inﬁrmi-

510 5463 533 5492 ι
575 5445 971 5528 subsequentia
1018 5448 1121 5528 _ti_bi
1172 5450 1389 5528 praebet
1424 5449 1729 5528 APaterjus,
1784 5453 2013 5523 ideoque

434 5518 725 5639 Crlegqrius
876 5536 968 5573 XIX
1018 5518 1208 5574 Moral.
1240 5534 1391 5573 num.
1421 5519 1454 5575 9
1477 5528 1531 5574 et
1557 5520 1639 5574 10.

628 5603 771 5656 ugeri
802 5629 812 5641 .

507 5673 526 5695 ε
571 5657 687 5712 Dei.

502 5728 527 5768 ἀ
568 5727 697 5785 Deo.

2134 4618 2240 4657 non
2286 4602 2457 4657 tulisti
2508 4604 2857 4657 sermonem?
2893 4603 2999 4657 Sed
3026 4605 3342 4669 considera,
3391 4606 3525 4673 quid
3562 4608 3615 4660 in
3639 4608 3722 4663 his

2131 4696 2468 4750 ostendatur.
2528 4696 2667 4763 Quid
2697 4696 2935 4759 scilicet,
2982 4696 3237 4765 quamdiu
3267 4697 3476 4750 homini
3510 4697 3722 4753 Domini

2131 4787 2305 4856 gratia
2333 4796 2678 4855 cooperatur,
2706 4786 2887 4840 omnia
2919 4785 3154 4841 secunda
3180 4794 3326 4851 sunt,
3355 4789 3543 4841 omnia
3573 4788 3675 4842 ﬁda
3698 4804 3717 4845 :

2130 4875 2399 4929 elementa
2427 4875 2689 4938 serviunt,
2717 4882 2773 4928 et
2792 4875 3067 4945 principes
3091 4884 3534 4944 prosternuntur,
3564 4890 3718 4948 reges

2133 4965 2362 5019 adorant
2390 5004 2403 5028 ,
2446 4963 2628 5033 populi
2656 4972 3002 5017 venerantur.
3035 4962 3091 5018 Si
3122 4979 3249 5017 vero
3277 4979 3356 5028 se,
3390 4965 3559 5019 semel
3588 4980 3713 5035 per-

2130 5056 2383 5110 fectionis
2410 5096 2423 5120 ,
2475 5055 2559 5109 vel
2588 5055 2945 5123 correptionis
2974 5070 3138 5108 causa
3172 5068 3469 5122 supernum
3517 5053 3587 5106 ab
3615 5054 3711 5107 ho-

2129 5146 2276 5199 mine
2305 5146 2599 5214 suspendat
2629 5144 2890 5198 auxilium
2912 5184 2926 5209 ,
2958 5142 3242 5198 confestim
3264 5142 3533 5213 fragilitas
3558 5150 3712 5197 natu-

2126 5252 2201 5290 ra:
2228 5242 2594 5290 monstratur:
2632 5250 2756 5289 mox
2782 5235 3069 5302 insurgunt
3097 5247 3216 5303 qua:
3236 5232 3565 5285 videbantur
3592 5247 3711 5289 esse

2126 5325 2407 5395 subjecta:
2441 5338 2562 5393 qua:
2591 5324 2741 5393 prius
2777 5332 2833 5376 ut
2876 5321 3161 5375 Dominum
3206 5318 3523 5374 metuebant
3578 5320 3711 5377 inci-

2193 5471 2217 5497 θ
2257 5471 2455 5512 1101³80.

2193 5471 2217 5497 θ
2350 5476 2375 5511 Γ
2442 5498 2455 5512 .

2192 5528 2232 5611 τι
2257 5458 2708 5611 ggaégequun‘tur
2744 5529 2911 5611 babes
2942 5524 3234 5611 numer?
3284 5525 3488 5611 crebro
3506 5525 3704 5611 allega-

2118 5608 2182 5652 tce
2221 5594 2454 5653 homiliae
2486 5594 2538 5654 in
2591 5598 2695 5653 SS.
2741 5596 2954 5650 Petrum
3009 5606 3057 5649 et
3100 5595 3345 5656 Heliam,
3394 5595 3489 5648 sed
3518 5594 3699 5653 verbis

2115 5669 2398 5740 aliquando
2430 5668 2796 5739 transpositis,
2822 5675 2874 5722 et
2898 5681 3087 5722 eorum
3116 5665 3303 5721 ordine
3334 5665 3639 5720 immutata.
