3912 6334
479 334 592 393 ’165

1555 329 1832 388 CLAUDll
1873 329 2336 388 TAURINENSIS
2375 333 2687 388 EPISCOPI

3658 338 3754 392 τδι

483 449 637 506 Helia
660 490 676 516 ,
723 448 985 518 quidquid
1013 451 1068 504 in
1091 449 1198 506 hac
1224 464 1284 505 re
1312 449 1441 505 fecit
1458 491 1472 516 ,
1505 457 1698 506 contra
1735 451 1912 523 legem
1950 463 2069 505 esse
2095 447 2148 506 Α
2171 444 2197 484 ά
2226 446 2384 515 plene
2405 463 2502 503 nos
2530 448 2731 517 aliquid
2756 449 2822 502 de
2850 448 2942 502 illo
2964 464 3289 518 cognoscere
3313 467 3419 505 non
3444 466 3611 522 posse
3639 470 3754 508 sen-

485 556 591 594 non
623 550 825 610 potest,
847 545 974 612 quia
998 542 1157 596 dator
1183 550 1269 597 est
1293 542 1447 613 legis.

555 629 675 683 Alia
702 629 880 684 adhuc
898 630 1119 700 insuper
1135 632 1364 699 quaestio
1388 633 1629 687 animum
1657 632 1834 703 pulsat
1859 651 1871 686 :
1897 647 2067 703 quare

485 717 914 788 interpellaverit
938 719 1124 775 Helias
1162 719 1447 774 Dominum
1469 761 1484 787 ,
1536 721 1679 790 quod
1707 721 1871 776 Israel
1912 723 2066 776 dere-

484 807 616 864 licto
641 810 750 865 Deo
779 811 1072 880 prophetas
1095 823 1121 850 ι
1147 811 1410 864 occiderit
1437 850 1451 874 ,
1508 818 1563 864 et
1590 810 1707 878 eius
1735 811 2067 866 destruxerit

487 898 679 954 altaria
704 941 718 964 ,
772 916 898 955 eum
929 901 981 955 in
1025 900 1142 972 lege
1182 900 1311 955 olim
1351 900 1561 970 iussum
1597 899 1810 968 luisset,
1838 917 1944 958 non
1972 917 2066 958 eos

486 1005 645 1061 posse
670 993 901 1061 amplius
922 992 1125 1047 habere
1155 993 1365 1059 alta-ria,
1398 1009 1559 1062 quam
1589 1009 1786 1058 unum,
1832 996 2066 1064 primum

488 1079 542 1133 in
569 1081 941 1146 tabernaculo,
989 1083 1262 1138 deindein
1289 1086 1522 1152 templo,
1557 1084 1659 1137 nisi
1689 1085 1834 1152 quod
1862 1085 2066 1155 liquide

487 1169 649 1223 datur
673 1171 922 1241 intelligi,
950 1174 1093 1241 quod
1116 1181 1402 1242 postquam
1438 1175 1621 1228 decem
1651 1175 1826 1230 tribus
1849 1190 1878 1228 a
1905 1175 2065 1230 domo

487 1261 658 1316 David
686 1262 906 1333 excisae,
957 1272 1012 1317 et
1033 1280 1062 1317 a
1094 1264 1324 1332 templo,
1375 1273 1433 1319 et
1468 1264 1804 1320 Hierusalem
1829 1273 1956 1319 sunt
1981 1280 2068 1319 se-

487 1363 710 1423 paratae,
759 1354 856 1419 illi,
888 1356 982 1424 qui
1027 1357 1083 1409 in
1123 1356 1309 1410 decem
1343 1357 1607 1419 tribubus,
1649 1373 1770 1426 qua:
1798 1359 2066 1413 vocaban-

482 1444 580 1502 tur
607 1449 862 1516 Ephraim
889 1490 903 1515 ,
949 1450 1185 1506 cultores
1231 1451 1398 1504 divini
1439 1451 1674 1505 nominis
1698 1459 1857 1505 erant
1881 1470 1894 1504 ε
1927 1459 1981 1505 et
2008 1459 2068 1505 ut

487 1540 782 1608 putandum
813 1549 894 1593 est
934 1541 1000 1594 ad
1045 1541 1134 1594 illa
1162 1540 1354 1596 altaria
1388 1541 1760 1606 recurreb‘ant,
1789 1557 1908 1610 quae
1937 1542 2066 1596 olim

487 1641 779 1688 erexerant
817 1632 1168 1698 Patriarchar,
1200 1634 1473 1689 Abraham
1496 1674 1510 1698 ,
1560 1633 1711 1688 Isaac
1738 1674 1752 1699 ,
1791 1639 1845 1688 et
1877 1632 2062 1698 Iacob,

489 1722 623 1776 locis
644 1724 1092 1792 competentibus,
1115 1725 1208 1779 ubi
1236 1726 1316 1781 eis
1336 1725 1479 1779 Deus
1507 1733 1850 1793 apparuerat,
1877 1726 1944 1780 ad
1963 1725 2068 1783 hoc

491 1813 685 1867 altaria
713 1816 951 1870 cultores
980 1817 1147 1869 divini
1171 1817 1403 1872 nominis
1423 1858 1437 1882 ,
1471 1825 1527 1870 et
1559 1818 1606 1871 si
1637 1833 1743 1871 non
1776 1817 1842 1871 ad
1868 1817 2076 1871 sacrifi-

490 1907 744 1972 candum,
782 1916 960 1961 tamen
990 1907 1058 1961 ad
1099 1909 1362 1961 orandum
1398 1909 1566 1963 Deum
1601 1916 1819 1979 patrum
1855 1923 2076 1964 suorum

491 1999 863 2052 recurrebant.
919 1997 1046 2052 Haec
1093 1999 1339 2053 videntes
1388 2000 1631 2070 sacrilegi
1679 2000 1968 2065 lsraeliue,
2023 2008 2079 2054 et

492 2084 754 2139 idolorum
784 2087 1020 2140 cultores
1040 2126 1054 2150 ,
1088 2087 1443 2141 destruebant
1461 2129 1474 2153 ,
1504 2096 1565 2142 ut
1589 2103 1689 2143 nec
1711 2088 1783 2142 ibi
1808 2088 1959 2143 locus
1993 2103 2078 2142 es—

492 2184 595 2240 set,
626 2178 715 2232 ubi
763 2178 877 2231 veri
920 2179 1241 2233 adoratores
1281 2179 1567 2234 Dominum
1590 2188 1975 2249 precarentur;
2023 2187 2078 2234 et

493 2271 598 2325 hoc
624 2280 724 2336 est,
749 2273 891 2340 quod
920 2273 978 2326 in
1003 2275 1267 2342 superiori
1292 2284 1447 2344 parte
1464 2275 1574 2344 jam
1600 2278 1938 2345 praemissum
1967 2286 2077 2343 est,

491 2361 636 2428 quod
677 2361 1066 2418 instauraverit
1104 2347 1288 2419 Helias
1330 2364 1504 2420 altare
1545 2366 1760 2421 Domini
1801 2370 1946 2436 quod
1986 2367 2083 2422 de-

493 2460 760 2507 Structum
799 2453 993 2509 fuerat.

565 2539 746 2612 (Vers.
781 2543 889 2615 Η).
934 2544 1183 2613 Dixitque
1226 2546 1485 2601 Dominus
1511 2548 1580 2602 ad
1627 2545 1878 2601 Heliam:
1918 2547 2081 2616 Egre-

496 2636 619 2690 dere
638 2646 686 2690 et
714 2646 796 2690 sta
817 2637 872 2690 in
899 2647 1072 2691 monte
1097 2654 1272 2692 coram
1300 2638 1547 2704 Domino,
1597 2649 1648 2694 et
1682 2656 1798 2693 ecce
1826 2639 2082 2694 Dominus

494 2729 700 2792 transit,
727 2740 778 2783 et
803 2728 1033 2799 Spiritus
1054 2732 1303 2801 grandis,
1336 2741 1385 2800 et
1409 2733 1560 2802 fortis
1602 2710 1902 2788 subuertens
1939 2751 2084 2788 mon-

495 2826 590 2881 tes,
615 2828 663 2871 et
687 2829 959 2878 conterens
993 2831 1167 2888 petras
1194 2831 1312 2876 ante
1337 2823 1644 2877 Dominum.

566 2906 720 2972 Quod
753 2915 933 2963 autem
971 2911 1047 2964 ait
1073 2920 1198 2964 ante
1236 2911 1523 2965 Dominum
1565 2914 1890 2981 praecessisse
1929 2916 2084 2984 spiri-

493 3007 612 3051 tum
638 2998 914 3067 grandem,
941 3011 1039 3054 etc.
1069 2997 1184 3069 ejus
1216 3003 1504 3057 adventum
1536 3003 1804 3073 signiﬁcat
1829 3006 1896 3060 ad
1919 3006 2083 3060 corda

2176 536 2342 593 timus
2371 556 2383 590 :
2416 539 2557 592 unde
2585 539 2722 593 bene
2748 539 2857 594 illic
2877 540 3124 594 subditur
3149 560 3160 594 :
3192 540 3347 606 Quod
3369 560 3488 596 cum
3524 546 3754 599 audisset

2177 626 2360 682 Helias
2384 645 2401 682 :
2432 634 2632 700 operuit
2658 631 2855 685 vultum
2876 647 3029 684 suum
3052 631 3236 699 pallio.
3282 643 3330 687 et
3351 651 3596 689 earsssus
3622 637 3754 690 stetit

2174 717 2229 771 in
2259 720 2392 772 ostio
2419 719 2696 788 spelunca.

2250 817 2273 846 ι
2310 826 2327 858 ι
2354 807 2491 874 Quid
2521 817 2602 863 est
2635 808 2778 877 quod
2825 808 3093 878 Propheta
3137 825 3260 864 cum
3302 827 3493 866 vorem
3540 814 3756 868 Domini

2175 914 2357 954 secum
2384 899 2654 968 loquentis
2683 901 2910 963 audiret,
2941 901 2992 954 in
3021 901 3289 970 speluncae
3317 919 3428 956 suae
3455 905 3600 958 ostio
3627 913 3757 959 stat.

2175 997 2229 1043 et
2253 988 2444 1043 faciem
2473 988 2648 1044 velat?
2695 988 2795 1042 nisi
2823 989 2946 1057 quia
2977 990 3103 1043 dum
3143 1005 3238 1060 per
3280 991 3752 1062 contemplationis

2175 1081 2402 1151 gratiam
2453 1096 2556 1136 vox
2605 1095 2851 1150 supernae
2877 1081 3245 1152 intelligentiae
3279 1083 3337 1136 ﬁt
3359 1084 3413 1136 in
3443 1093 3654 1148 mente,
3687 1092 3758 1138 ιο-

2175 1181 2261 1227 tus
2292 1174 2454 1226 homo
2496 1173 2608 1242 jam
2651 1173 2790 1226 intra
2819 1173 3127 1243 speluncam
3151 1189 3258 1228 non
3283 1185 3388 1241 est,
3421 1175 3550 1245 quia
3595 1175 3615 1214 ι
3649 1177 3756 1229 ani.

2175 1281 2322 1320 mum
2371 1266 2549 1320 carnis
2598 1281 2727 1320 cura
2781 1280 2887 1319 non
2932 1265 3189 1333 possidet,
3229 1265 3320 1321 sed
3371 1277 3478 1322 stat
3511 1268 3566 1320 in
3593 1269 3757 1329 ostio,

2175 1351 2299 1419 quia
2346 1349 2691 1403 mortalitatis
2739 1350 3016 1418 angustias
3061 1350 3210 1404 exire
3254 1352 3562 1405 meditatur.
3654 1349 3763 1406 Sed

2165 1438 2278 1508 jam
2307 1441 2398 1509 qui
2427 1440 2480 1493 in
2510 1439 2648 1493 ostio
2678 1439 2942 1506 speluncae
2970 1439 3250 1504 consistit,
3292 1449 3345 1496 et
3383 1443 3544 1496 verba
3574 1442 3678 1497 Dei
3709 1442 3763 1496 in

2174 1545 2304 1584 aure
2342 1529 2520 1583 cordis
2565 1528 2811 1598 percipit,
2863 1543 3085 1583 necesse
3125 1537 3242 1594 est,
3293 1539 3351 1583 ut
3377 1530 3569 1585 faciem
3599 1531 3761 1593 velet,

2173 1622 2300 1690 quia
2331 1621 2457 1675 dum
2485 1635 2582 1689 per
2608 1635 2894 1689 supernam
2922 1620 3150 1690 gratiam
3185 1621 3253 1675 ad
3281 1620 3476 1675 altiora
3510 1624 3534 1662 ⁸
3558 1621 3765 1675 intelli-

2177 1713 2371 1782 gentia:
2406 1711 2690 1774 ducimur,
2734 1721 2936 1780 quanto
2984 1712 3236 1765 subtilius
3283 1711 3554 1777 levamur,
3611 1721 3766 1765 tanto

2178 1818 2391 1874 semper
2435 1818 2533 1873 per
2572 1802 2930 1855 humilitatem
2971 1802 3330 1871 nosmetipsos
3357 1802 3637 1856 intellectu
3669 1818 3766 1854 no-

2174 1903 2287 1950 stro
2324 1908 2572 1964 premere
2603 1892 2879 1954 debemus,
2922 1907 3021 1945 nec
3053 1904 3313 1946 conemur
3354 1891 3532 1962 (Rom.
3569 1909 3678 1954 xu,
3708 1892 3764 1958 5)

2173 1985 2290 2054 plus
2316 1999 2516 2052 sapere,
2553 1998 2710 2052 quam
2753 1988 2950 2050 oportet
2991 1997 3189 2050 sapere,
3239 1983 3328 2035 sed
3369 1999 3552 2051 sapere
3574 1984 3646 2034 ad
3687 1998 3768 2035 so-

2177 2075 2476 2138 brielatem,‘
2545 2087 2613 2126 ne
2667 2072 2793 2126 dum
2845 2070 3007 2124 nimis
3067 2067 3358 2126 invisibilia
3412 2071 3765 2134 discutimus,

2178 2164 2524 2226 aberremus,
2565 2177 2632 2214 ne
2652 2160 2705 2214 in
2732 2159 2820 2214 illa
2844 2169 3038 2214 natura
3069 2161 3388 2233 incorporea
3419 2163 3671 2231 corporei
3696 2161 3770 2214 lu-

2181 2255 2342 2308 minis
2371 2253 2569 2322 aliquid
2595 2260 2903 2322 quaeramus
2931 2270 2943 2305 :
2974 2266 3160 2306 aurem
3184 2253 3339 2307 enim
3364 2253 3686 2316 intendere,
3716 2261 3770 2307 et

2179 2343 2372 2398 faciem
2397 2343 2611 2412 aperire
2635 2383 2648 2405 ,
2683 2349 2763 2396 est
2785 2358 2973 2396 vocem
3010 2342 3287 2397 interioris
3325 2340 3644 2398 substantize
3677 2360 3770 2397 au-

2181 2435 2295 2489 dire
2317 2451 2413 2502 per
2441 2441 2677 2486 mentem
2697 2472 2712 2496 ,
2741 2440 2794 2486 et
2825 2439 3005 2486 tamen
3038 2433 3105 2486 ab
3125 2433 3272 2487 omni
3304 2434 3482 2502 specie
3507 2448 3771 2503 corporea

2179 2524 2365 2578 oculos
2393 2523 2574 2577 cordis
2605 2531 2871 2587 avertere,
2898 2535 2965 2576 ne
2990 2523 3119 2592 quid
3155 2521 3254 2576 sibi
3281 2523 3333 2577 in
3370 2520 3459 2576 illa
3484 2525 3771 2593 corporale

2181 2616 2393 2668 animus
2439 2612 2641 2682 lingat,
2697 2627 2815 2682 quae
2851 2613 3050 2682 ubique
3081 2621 3222 2679 tota,
3268 2615 3324 2668 et
3363 2601 3564 2684 ubique
3605 2613 3773 2668 incir—

2182 2703 2506 2770 cumscripta
2539 2710 2640 2755 cst.
2680 2722 2698 2754 ι

2253 2795 2432 2867 (Vers.
2469 2792 2582 2864 15.)
2631 2791 2700 2844 Et
2749 2790 2882 2845 dixit
2922 2790 3178 2845 Dominus
3226 2793 3294 2845 ad
3336 2788 3549 2845 Heliam
3577 2832 3592 2856 ,
3642 2791 3772 2846 rode

2185 2896 2436 2940 revertere
2467 2886 2520 2939 in
2565 2885 2705 2938 viam
2750 2891 2898 2948 tuum
2926 2887 3016 2952 per
3045 2881 3304 2935 desertum
3333 2882 3386 2935 in
3421 2881 3767 2934 Damascum.

2186 2976 2417 3048 Cumque
2454 2975 2765 3048 perveneris,
2812 2990 2973 3043 unges
3018 2973 3215 3026 Azahel
3243 2973 3434 3042 Regem
3475 2976 3637 3044 super
3674 2971 3770 3041 Sy-

492 3055 836 3143 credentium
859 3055 1183 3161 quihusdam
1231 3055 1476 3157 occultis,
2109 3108 2152 3169 C
2187 3055 2417 3169 riaT'ft
2446 3062 2768 3169 Ηίεξιλίίίωξ
2790 3055 3157 3169 Νξηξξδίὶξηθέδ
3178 3062 3551 3169 ,ωρῗτ
3572 3062 3769 3124 “mea

493 3179 618 3248 gnis
661 3193 783 3234 esse
827 3177 1189 3249 profuturum.
1248 3181 1384 3235 Nam
1407 3181 1553 3251 quod
1595 3184 1670 3236 ait
1713 3184 2077 3240 :Subvertens

493 3274 697 3325 montes
738 3279 791 3325 et
832 3281 1100 3326 cmrterens
1139 3281 1312 3341 petras
1353 3283 1476 3326 ante
1515 3275 1800 3329 Dominum
1826 3315 1840 3338 ,
1874 3277 1977 3330 hoc
1999 3284 2083 3330 est

496 3362 645 3430 quod
670 3361 961 3431 Apostolus
987 3365 1063 3417 ait
1094 3362 1179 3433 (Η
1214 3362 1338 3418 Cor.
1383 3381 1437 3429 ι,
1466 3365 1523 3430 ιι,
1560 3365 1615 3436 5)
1647 3384 1659 3419 :
1688 3368 1848 3420 Arma
1876 3367 2082 3421 militia:

496 3461 693 3504 nostra:
736 3469 839 3506 non
879 3454 1136 3517 carnalia,
1184 3453 1274 3508 sed
1299 3455 1622 3522 spiritualia,
1668 3455 1738 3509 ad
1773 3456 2084 3510 destructio-

497 3545 615 3593 nem
641 3542 1082 3606 lustrationum“,
1106 3553 1154 3595 et
1177 3555 1379 3597 omnem
1403 3543 1730 3599 altitudinem
1755 3546 2085 3601 extollentem

502 3647 556 3684 se
576 3631 826 3685 adversus
855 3633 1126 3686 scientiam
1149 3633 1265 3688 Dei.

576 3721 751 3792 (Vers.
778 3723 867 3787 li,
898 3723 1009 3793 12).
1063 3723 1188 3778 Non
1232 3725 1286 3778 in
1315 3726 1503 3793 spiritu
1543 3727 1801 3781 Dominus
1827 3767 1842 3792 ,
1886 3737 1935 3781 et
1973 3737 2086 3798 post

504 3811 1084 3882 spiritumcommo'tio:
1121 3831 1226 3868 non
1268 3816 1324 3868 in
1353 3817 1696 3870 comnmtione
1719 3817 1998 3881 Dominus,
2040 3826 2091 3872 et

504 3913 617 3975 post
661 3907 1054 3960 commotionem
1102 3908 1280 3975 ignis:
1306 3923 1410 3960 non
1455 3909 1509 3961 in
1555 3910 1672 3977 igne
1717 3905 2003 3973 Dominus,'
2042 3919 2090 3961 et

505 4002 619 4062 post
647 3993 816 4061 ignem
841 3993 1025 4047 sibilus
1059 4011 1207 4049 eum
1228 3997 1419 4050 tenuis.
1453 3997 1482 4036 ι)
1517 3995 1798 4065 (Spiritus
1825 4007 1950 4051 ante
1981 3998 2088 4052 Do-

507 4083 712 4138 minum
736 4083 933 4137 evertit
966 4091 1179 4139 montes
1199 4126 1212 4150 ,
1257 4094 1311 4140 et
1350 4093 1532 4156 petras
1561 4089 1813 4152 conterit,
1842 4089 1964 4158 quia
1994 4103 2090 4156 pa-

508 4188 629 4238 vor,
660 4173 751 4243 qui
782 4187 848 4227 es
878 4174 1107 4230 adventu
1137 4175 1254 4244 ejus
1277 4177 1454 4242 irruit,
1478 4177 1884 4231 etaltitudinem
1913 4177 2093 4255 cordis

510 4267 680 4319 nostri
709 4263 927 4331 dejicit,
978 4273 1035 4319 et
1075 4266 1329 4320 duritiam
1380 4265 1678 4334 liquefacit.
1738 4266 1842 4320 Sed
1879 4267 2091 4334 spiritui

511 4354 910 4418 commotionis,
961 4362 1014 4408 et
1045 4355 1153 4424 igni
1178 4369 1282 4408 non
1307 4355 1486 4408 inesse
1512 4354 1681 4410 Deum
1717 4355 1848 4409 dicit
1889 4373 1901 4407 :
1934 4354 1991 4407 in
2022 4355 2096 4409 si-

2182 3170 2230 3213 et
2259 3157 2706 3226 Heliseumﬁlium
2725 3156 2923 3228 Saphat
2944 3155 3032 3225 qui
3056 3164 3130 3208 est
3160 3155 3223 3207 dc
3249 3152 3574 3217 Abelmeula,
3605 3169 3771 3222 unges

2181 3247 2499 3319 Prop/telam
2525 3265 2619 3317 pro
2649 3256 2716 3300 te.
2760 3246 2827 3299 Et
2854 3246 2989 3306 erit,
3062 3244 3356 3313 quicunque
3408 3241 3605 3311 fugerit
3649 3240 3770 3310 gla-

2183 3341 2328 3394 dium
2356 3337 2571 3404 Azabel,
2599 3337 2787 3391 occidit
2814 3353 2931 3390 eum
2964 3334 3100 3389 Hieu
3127 3348 3145 3386 :
3187 3334 3255 3387 Et
3283 3334 3581 3404 quicunque
3621 3335 3773 3402 fuge-

2185 3434 2251 3485 rit
2285 3431 2521 3502 gladium
2547 3420 2722 3496 llieu,
2753 3428 3026 3497 interﬁciet
3074 3445 3190 3481 eum
3238 3420 3500 3479 Heliseus.
3546 3424 3575 3463 ιι
3617 3425 3774 3478 Abel-

2185 3523 2359 3576 meula
2386 3522 2504 3576 urbs
2539 3530 2613 3574 est
2654 3537 2759 3574 una
2793 3520 2902 3573 i[de
2933 3518 3257 3591 principibus
3306 3515 3628 3570 Salomonis.
3677 3513 3772 3567 Est

2185 3623 2360 3665 autem
2396 3627 2532 3664 nunc
2577 3611 2716 3663 vicus
2769 3609 2848 3679 (ut
2883 3609 2937 3662 in
2958 3609 3201 3662 locorum
3230 3605 3371 3660 libro
3401 3604 3684 3674 legimus),
3721 3605 3772 3656 in

2188 3701 2441 3764 Auleone,
2476 3700 2675 3753 decimo
2716 3699 2779 3754 ab
2803 3697 3102 3768 Scythopoti
3124 3695 3376 3750 milliaria
3413 3695 3617 3747 distans
3647 3709 3775 3750 cott-

2189 3806 2270 3848 tra
2300 3792 2584 3847 australem
2610 3792 2838 3863 plagam,
2870 3800 2918 3843 et
2947 3805 3082 3842 nunc
3104 3789 3297 3840 dicitur
3325 3786 3338 3836 i
3374 3781 3586 3839 Betula.
3628 3803 3647 3834 ι
3672 3783 3773 3837 Da-

2191 3900 2406 3939 mascus
2436 3884 2577 3938 enim
2600 3923 2614 3947 ,
2670 3882 2762 3950 qui
2790 3880 3180 3948 interpretatur
3220 3877 3528 3945 sanguinem
3570 3875 3772 3937 bibens,

2191 3975 2302 4029 sive
2327 3974 2630 4043 propinans,
2663 3971 2827 4024 totius
2856 3967 3035 4022 Mundi
3067 3975 3252 4037 typum
3286 3965 3539 4035 gerebat,
3570 3966 3623 4017 in
3667 3979 3773 4033 quo

2190 4059 2546 4127 habitatores,
2570 4061 2733 4126 illius,
2768 4058 3082 4115 immolandi
3107 4056 3444 4112 daemonibus
3474 4054 3617 4109 ﬁlios
3645 4069 3774 4109 suos

2194 4155 2507 4228 sanguinem
2536 4153 2742 4217 bibere,
2786 4166 2849 4204 ac
2872 4149 3159 4220 propinare
3189 4161 3296 4202 non
3322 4156 3405 4202 est
3432 4145 3772 4216 ambiguum.

2196 4247 2428 4315 Sanguis
2477 4244 2621 4297 enim
2659 4256 2757 4311 pro
2799 4242 3062 4310 peccato,
3119 4249 3184 4293 ac
3233 4245 3405 4291 morte
3461 4236 3684 4304 ponitur
3725 4235 3774 4288 in

2197 4336 2494 4406 Scripturis
2523 4352 2535 4388 :
2568 4349 2730 4403 quam
2767 4349 2872 4386 non
2906 4331 3080 4386 solum
3112 4324 3211 4384 sibi
3241 4327 3485 4383 infelices
3512 4326 3775 4382 videban-

509 4441 620 4497 bilo
651 4457 780 4505 vero
822 4459 969 4498 aura:
1001 4445 1177 4502 tenuis
1202 4445 1377 4499 inesse
1416 4461 1522 4499 non
1552 4455 1712 4516 negat
1743 4463 1758 4499 :
1789 4447 1913 4514 quia
1941 4445 2082 4499 nimi-

2203 4439 2288 4483 tur
2314 4427 2517 4482 inferre
2541 4465 2555 4490 ,
2611 4425 2704 4479 sed
2743 4432 2798 4477 et
2847 4422 2959 4477 suis
3003 4420 3367 4475 imitatoribus
3391 4419 3771 4489 propinabant.

515 4549 633 4588 rum
657 4548 813 4589 mens
840 4550 963 4588 cum
1013 4536 1067 4588 in
1110 4536 1578 4606 contemplationis
1621 4536 1952 4590 sublimitate
1982 4550 2100 4588 sus-

513 4623 796 4689 penditur,
846 4624 1106 4693 quidquid
1160 4623 1397 4692 perfecte
1444 4625 1758 4694 conspicere
1814 4623 2094 4692 praevalet,

517 4712 775 4780 Dominus
803 4728 912 4768 non
943 4723 1045 4768 est.
1081 4712 1218 4769 Cum
1258 4729 1387 4768 vero
1433 4715 1702 4768 subtiliter
1745 4713 1945 4781 aliquid
1969 4721 2100 4766 con-

515 4803 715 4872 spicit:
743 4805 846 4858 hoc
872 4811 956 4858 est
979 4804 1122 4872 quod
1149 4804 1212 4858 de
1235 4803 1768 4873 incomprehe-nsibili
1796 4801 2096 4877 substantia

516 4893 837 4946 aeternitatis
867 4893 1018 4947 audit
1049 4911 1062 4946 ε
1088 4894 1243 4962 quasi
1283 4894 1426 4949 enim
1471 4891 1687 4945 sibilum
1735 4905 1878 4944 aura:
1922 4889 2100 4944 tenuis

517 4985 847 5054 percipimus
879 5000 1002 5040 cum
1044 5001 1292 5054 saporem
1343 4984 1828 5051 incircumscripta:
1854 4982 2098 5063 veritatis

516 5075 974 5145 contemplatione
1014 5077 1190 5131 subita
1238 5077 1506 5130 subtiliter
1532 5077 1897 5143 degustamus.
1949 5074 2097 5127 Tunc

519 5179 650 5234 ergo
692 5181 881 5220 verum
931 5174 1056 5231 est,
1105 5165 1247 5234 quod
1271 5176 1291 5204 ε
1325 5166 1496 5220 Deum
1545 5163 1943 5226 cognoscimus,
1974 5176 2097 5216 cum

591 5309 615 5338 ι
659 5295 864 5350 Altaria
903 5296 1295 5358 destruxerunt,
1320 5295 1594 5365 prophetas
1616 5300 1729 5365 tuos
1773 5292 2094 5365 occiderunt.

595 5366 624 5404 ι’
663 5365 1059 5434 Subsequentia
1100 5380 1273 5434 usque
1316 5361 1451 5418 dum
1470 5363 1755 5432 pervenias
1797 5361 1863 5414 ad
1891 5375 1952 5413 ea
1978 5376 2097 5434 ver-

526 5437 592 5509 ba
613 5452 639 5509 _:
669 5435 807 5509 stetit
833 5430 888 5490 in
908 5437 1039 5509 ostio
1068 5430 1358 5509 speluncae,
1389 5430 1597 5509 lineolis
1631 5439 1814 5509 notata
1852 5430 2101 5509 perquire

525 5507 578 5574 in
609 5504 823 5559 Paterio
851 5546 865 5569 ,
905 5500 1141 5574 ideoque
1178 5505 1230 5557 in
1261 5502 1560 5574 Gregorio,
1575 5502 1727 5574 cujus
1757 5500 1949 5574 librum
1984 5514 2013 5550 v
2032 5500 2100 5551 lin

524 5573 626 5629 Job
655 5567 875 5628 consule
900 5567 1083 5645 [numl
1106 5572 1193 5638 66,
1225 5573 1359 5626 alias
1382 5567 1486 5640 cap
1533 5571 1619 5637 56,
1642 5567 1781 5624 ὐὶὶω
1815 5567 1928 5638 2‘5].

603 5656 624 5683 ο
668 5643 896 5697 Debeo.

603 5656 624 5683 ο
668 5646 745 5696 De
764 5646 896 5697 Deo.

595 5716 621 5754 ει
666 5710 875 5769 Plane:
901 5713 993 5771 sed
1017 5719 1236 5770 Drmstat
1274 5711 1437 5766 plene.

2196 4519 2401 4574 Azahel
2421 4533 2572 4579 vero,
2605 4515 2697 4585 qui
2729 4516 3117 4583 interpretatur
3145 4513 3353 4581 factura
3393 4510 3512 4576 Dei,
3561 4512 3778 4566 univer-

2199 4623 2385 4663 sarum
2420 4604 2660 4677 gentium
2693 4604 3005 4668 continebat
3027 4601 3286 4671 figuram,
3337 4600 3424 4654 cui
3467 4599 3629 4654 valde
3656 4613 3778 4654 cou-

2199 4699 2344 4769 gruit
2375 4694 2753 4763 interpretatio
2777 4712 2788 4744 :
2816 4692 2911 4745 Dei
2938 4691 3166 4759 factura.
3203 4687 3349 4757 Opus
3369 4689 3514 4742 enim
3536 4689 3778 4743 divinum

2199 4789 2331 4852 fuit,
2378 4795 2439 4840 ut
2476 4780 3002 4846 obduratolsraele,
3037 4789 3093 4835 et
3143 4780 3350 4849 signis,
3403 4787 3572 4848 atque
3618 4781 3782 4833 virtu-

2206 4879 2347 4932 tibus
2393 4875 2604 4932 Domini
2653 4874 2866 4944 penitus
2911 4874 3278 4938 nequaquam;
3311 4869 3611 4933 credente,
3680 4882 3778 4921 na-

2207 4971 2410 5024 tionum
2457 4965 2639 5035 populi
2687 4974 2812 5017 cum
2851 4961 2997 5015 omni
3027 4960 3224 5013 mentis
3267 4958 3549 5012 alacritate
3602 4956 3779 5010 crede-

2203 5070 2324 5115 rent
2358 5060 2414 5112 in
2461 5055 2800 5110 cruciﬁxum.
2861 5048 2987 5104 Sive
3035 5048 3194 5102 aliter
3229 5048 3437 5116 factura
3462 5047 3589 5109 Dei,
3620 5046 3671 5098 id
3703 5054 3781 5098 est

2203 5154 2376 5220 imago
2429 5145 2523 5200 Dei
2572 5158 2669 5213 per
2716 5141 2874 5195 [idem
2913 5137 3118 5194 ChriSIi
3164 5135 3414 5206 gentibus
3459 5135 3778 5194 constituta,

2279 5296 2302 5323 ο
2342 5282 2468 5336 Ηωο
2493 5292 2707 5350 quoque
2731 5277 2782 5329 in
2803 5274 3080 5350 gregario
3101 5273 3369 5350 invenies;
3399 5272 3494 5350 sed
3514 5273 3652 5350 alibi
3681 5279 3784 5325 tra-

2205 5355 2349 5415 dita;
2381 5342 2587 5405 scilicet
2614 5342 2760 5400 num.
2798 5345 2861 5398 l8
2885 5342 3116 5398 humilia
3143 5344 3165 5395 1
3200 5343 3250 5396 in
3275 5342 3546 5396 Ezechiel.

2285 5423 2300 5460 ί
2345 5422 2609 5474 Animam.

2283 5491 2307 5531 ε
2348 5485 2713 5556 lntelligenda.

2280 5562 2305 5599 h
2332 5558 2479 5612 'Vide
2504 5549 2694 5609 librum
2723 5553 3030 5624 Hieronymi
3049 5553 3121 5607 de
3149 5550 3281 5605 locis
3307 5549 3606 5604 hebraicis.

2289 5633 2300 5669 ἱ
2355 5629 2425 5679 De
2446 5627 2668 5696 pra'ct'pu

2286 5696 2297 5748 Ι
2344 5692 2621 5759 Bctlmulu,
2650 5692 2733 5746 aLi
2768 5692 3029 5747 ΒςῑΙιιιῙὶα.
