3912 6314
117 363 223 419 765

760 363 1225 435 ρυΑΞεΤῙΟΝΕΞ
1263 362 1414 419 XXX
1454 359 1679 419 SUPER

1807 358 1973 416 BROS
2009 358 2272 418 REGUM.
2312 391 2375 401 ——
2418 360 2619 415 LIBER
2657 359 2743 415 IV.

3279 357 3384 413 766

118 479 253 536 nulli
276 481 472 550 poterit
498 494 621 537 esse
642 482 885 537 dubium.
926 480 1081 541 Nam,
1106 489 1165 534 ut
1194 480 1246 533 in
1271 478 1459 543 Iacob,
1488 485 1543 531 et
1562 477 1702 530 Esau
1733 476 1779 532 A
1808 485 1928 523 rum
1958 472 2237 535 doctores,
2283 472 2376 540 qui
2408 472 2513 525 hoc
2546 470 2862 541 mysterium
2887 470 3096 539 populis
3132 471 3375 527 occulta-

121 572 293 646 ligura
317 583 667 645 praecesserat
692 573 913 643 majoris
939 574 1211 644 quondam
1251 571 1345 625 lilii
1365 611 1381 635 ,
1411 568 1699 639 primatus,

118 679 183 718 ac
228 664 534 720 benedictio
577 666 643 720 ad
683 665 957 733 iuniorem
1005 662 1229 717 fratrem
1279 660 1578 724 translata,
1627 660 1701 713 ita

118 754 285 807 etiam
311 754 365 807 in
397 754 536 819 istis,
565 755 803 810 Azahele
829 753 1103 818 videlicet,
1125 760 1180 805 et
1202 750 1360 816 Hieu,
1386 750 1567 804 divina
1594 748 1703 803 dis-

118 842 434 913 pensatione
483 844 832 915 intelligimus
876 843 1022 915 geri,
1066 850 1126 897 ut
1167 842 1407 913 gentium
1449 839 1700 910 populus,

116 932 211 1001 qui
238 931 415 987 fuerat
434 931 640 1001 juniur,
667 950 764 1005 per
793 934 1085 989 Azahclem
1108 940 1452 1002 praeponatur
1492 932 1545 985 in
1579 946 1705 999 per-

116 1039 255 1078 sona
282 1022 423 1079 Hieu
460 1026 837 1097 primogenita,
879 1034 941 1080 ut
981 1018 1241 1096 scriptum
1266 1023 1377 1087 est’,
1410 1024 1618 1089 lsraeli,
1648 1033 1705 1079 et

109 1112 270 1182 juxta
302 1112 599 1185 Scriptura:
631 1118 1000 1172 testimonium
1029 1157 1046 1182 ,
1092 1115 1350 1186 populus,
1397 1115 1488 1185 qui
1511 1124 1622 1168 erat
1648 1116 1703 1170 in

115 1202 310 1269 capite,
337 1216 550 1274 propter
567 1206 1023 1275 prevaricationes
1046 1205 1308 1270 assiduas,
1336 1214 1384 1259 et
1410 1204 1699 1275 piaculum,

113 1294 258 1363 quod
288 1294 464 1348 intulit
494 1293 716 1349 Domino
736 1335 750 1360 ,
788 1296 962 1364 factus
1006 1296 1060 1349 in
1091 1295 1261 1349 cauda
1287 1304 1383 1359 est,
1416 1295 1704 1349 translato-

114 1396 225 1450 que
255 1384 323 1438 ab
350 1385 543 1440 eodem
588 1402 756 1456 regno
781 1426 795 1451 ,
843 1395 901 1440 ut
936 1387 1197 1441 Dominus
1230 1386 1407 1440 fuerat
1436 1394 1703 1455 protesta-

115 1480 227 1536 tus,
269 1466 455 1529 datum
500 1484 586 1530 est
631 1477 869 1545 gentium
896 1476 1112 1546 populo,
1145 1476 1241 1530 Dei
1269 1475 1598 1531 voluntatem
1623 1478 1703 1531 vi-

114 1562 315 1617 delicet
336 1565 672 1633 exsequenti.
710 1565 816 1619 Sed
855 1566 979 1635 quia
1009 1566 1204 1621 divina:
1236 1566 1457 1635 pietatis
1482 1575 1565 1621 est
1585 1582 1703 1621 om-

114 1668 216 1707 nes
262 1654 497 1709 homines
541 1655 711 1711 salvos
740 1658 878 1726 ﬁeri,
933 1658 1091 1712 sicuti
1122 1658 1299 1723 Esau,
1351 1658 1475 1713 licet
1499 1658 1701 1726 juniori

111 1743 271 1798 fratri
295 1744 593 1813 subjectum
615 1788 630 1811 ,
677 1763 1017 1818 nequaquam
1047 1749 1421 1805 benedictione
1444 1752 1699 1820 privavit,

1803 559 1949 615 bant.
1990 559 2215 617 Gladius
2256 576 2386 616 vero
2434 560 2567 616 Hieu
2594 602 2607 625 ,
2663 561 2754 630 qui
2800 576 2961 629 super
2988 560 3150 615 Israel
3185 572 3385 623 unctus

1801 660 1909 715 est,
1936 652 2252 721 praedicatio
2282 651 2625 721 intelligenda
2648 660 2733 705 est
2759 647 2981 704 Joannis
3007 649 3217 703 Domini
3247 666 3385 721 pne-

1802 742 2043 796 cursoris
2067 782 2081 807 ,
2127 743 2217 810 qui
2263 740 2583 805 Saduczeos,
2615 748 2671 795 et
2694 738 2993 795 Pbarisaeos
3010 740 3289 795 venientes
3316 740 3385 794 ad

1802 829 2131 899 baptismum
2156 846 2311 885 suum
2335 870 2349 896 ,
2374 830 2660 899 increpans
2700 828 2899 883 dixisse
2932 828 3188 883 scribitur
3229 828 3384 899 (Luc.

1801 936 1887 987 nt,
1915 920 1968 991 7)
1996 916 2313 974 :Cenimina
2357 922 2695 990 viperarum:
2719 919 2835 988 quis
2868 919 3007 971 vobis
3044 919 3267 972 ostendit
3299 918 3387 987 fu-

1801 1033 1921 1087 gere
1952 1037 1986 1073 a
2009 1030 2228 1074 ventura
2251 1020 2371 1074 ira?
2400 1018 2622 1075 Gladius
2650 1027 2913 1087 praeterea
2939 1015 3170 1081 Helisei,
3211 1031 3383 1071 evan-

1802 1110 1971 1180 gelica
2016 1112 2329 1181 accipienda
2375 1121 2459 1166 est
2492 1109 2836 1181 pmdicatio,
2879 1109 2946 1163 de
2996 1123 3099 1178 qua
3126 1109 3389 1166 Dominus

1803 1198 2004 1255 dixisse
2049 1201 2310 1256 scribitur
2345 1200 2569 1271 (Matth.
2594 1218 2651 1265 χ,
2681 1198 2783 1269 54)
2816 1217 2828 1252 :
2881 1196 3005 1251 Non
3032 1200 3164 1251 .veni
3205 1214 3387 1267 pacem

1802 1287 2002 1342 mittere
2030 1291 2086 1344 in
2112 1300 2328 1355 terram,
2352 1290 2441 1343 sed
2462 1287 2696 1359 gladium
2725 1305 2741 1341 :
2764 1289 2889 1357 quia
2915 1286 3119 1349 ﬁdeles,
3138 1298 3192 1340 et
3208 1284 3387 1353 justos

1803 1380 2203 1447 quodammodo
2247 1382 2479 1445 dividit,
2520 1397 2582 1435 ac
2621 1389 2837 1449 separat
2877 1380 2944 1433 ab
2991 1378 3294 1432 inﬁdelibus
3332 1387 3388 1433 et

1804 1468 2046 1537 injustis,
2093 1480 2149 1525 et
2173 1472 2299 1540 quia
2327 1472 2380 1525 in
2412 1472 2667 1525 cordibus
2693 1471 3030 1525 credentiUm
3062 1470 3387 1538 cupiditates

1805 1562 2080 1618 interemit
2102 1565 2313 1629 riexias,
2340 1574 2396 1619 et
2417 1565 2545 1618 vitia
2572 1566 2851 1629 universa,
2879 1572 3039 1632 atque
3070 1573 3311 1634 peccata.

1873 1651 2083 1707 Interea
2110 1654 2185 1708 ait
2213 1654 2473 1708 Dominus
2494 1654 2559 1707 ad
2586 1653 2791 1708 Heliam
2831 1672 2843 1707 :
2878 1654 3082 1722 Reliqui
3115 1655 3243 1707 mihi
3272 1670 3387 1723 sep-

1804 1750 1906 1795 tem
1938 1742 2105 1796 millia
2138 1744 2400 1807 virorum,
2446 1744 2535 1807 qui
2562 1760 2665 1796 non
2689 1755 3029 1797 curvaverant
3058 1760 3226 1813 genua
3266 1754 3387 1797 ante

112 1836 191 1893 ita
216 1854 433 1908 quoque
454 1849 511 1895 et
540 1841 628 1896 hic
651 1840 815 1896 Heliae
836 1858 867 1896 a
891 1842 1005 1898 Deo
1024 1842 1342 1912 pnedicitur
1370 1862 1383 1897 :
1410 1844 1698 1915 relinquam

1807 1831 1977 1886 Bahal
2004 1875 2018 1899 ,
2068 1844 2116 1889 et
2142 1850 2294 1889 omne
2342 1851 2398 1889 os
2424 1838 2561 1905 quod
2590 1851 2695 1888 non
2723 1836 3020 1889 adoraverit
3066 1851 3207 1900 eum,
3234 1850 3389 1889 oscu-

110 1928 242 1981 mihi
263 1939 455 1998 septem
484 1930 652 1983 millia
674 1932 904 1985 virorum
926 1973 940 1995 ,
991 1949 1217 2002 quorum
1242 1950 1412 2003 genua
1448 1951 1551 1988 non
1579 1944 1702 1989 sunt

111 2027 335 2071 curvata
381 2030 501 2073 ante
545 2019 737 2074 Bahal.
790 2020 1113 2090 Relinquam
1157 2023 1324 2086 enim,
1364 2024 1431 2077 ad
1462 2023 1701 2077 futurum

110 2115 328 2176 tempus
368 2112 642 2179 pertinere
668 2151 683 2175 ,
717 2111 941 2182 intelligi
982 2112 1167 2178 voluit,
1202 2115 1346 2184 quod
1396 2115 1447 2167 in
1488 2116 1699 2169 Domini

108 2201 404 2255 adventum
456 2211 670 2257 constat
710 2204 877 2261 fuisse
920 2206 1214 2275 expletura.
1264 2206 1396 2261 Illud
1426 2222 1523 2277 pro
1550 2215 1701 2261 certo

105 2293 388 2347 exstitisse
412 2293 816 2365 intelligendum
842 2306 945 2363 est,
962 2299 1105 2369 quod
1135 2299 1227 2368 qui
1251 2314 1319 2351 ex
1342 2299 1486 2353 omni
1516 2298 1701 2351 Israeli

105 2398 212 2453 per
234 2385 508 2453 apostolos
538 2385 740 2442 Christi
775 2387 935 2442 fidem
965 2391 1350 2458 susceperunt“,
1400 2386 1700 2456 septiformi

104 2476 304 2543 spiritu
337 2474 539 2530 Christi
585 2478 732 2531 uncti
784 2486 930 2532 sunt.
984 2477 1120 2533 Hieu
1176 2492 1326 2543 vero,
1360 2476 1512 2545 cujus
1541 2492 1703 2530 voca-

101 2562 300 2617 bulum
363 2565 753 2634 interpretatur
786 2568 927 2636 ipse,
982 2568 1066 2622 Vel
1119 2577 1216 2633 est,
1264 2566 1405 2621 ﬁlius
1450 2566 1702 2621 videlicet

102 2653 332 2721 Namsi,
386 2658 475 2726 qui
524 2658 916 2729 interpretatur
952 2661 1249 2715 adtrectans
1276 2700 1290 2725 ,
1327 2660 1411 2715 vel
1454 2659 1698 2729 palpans,

100 2746 493 2817 Apostolon
548 2752 858 2820 specialiter
922 2752 1308 2823 prmligurabat
1361 2766 1696 2821 personam:

100 2835 219 2890 illis
270 2837 469 2907 quippe
513 2840 709 2893 borum
740 2841 1021 2895 nominum
1062 2840 1217 2895 valde
1249 2840 1498 2909 congruit
1533 2840 1700 2894 inter-

98 2927 365 2996 pretatio.
409 2927 555 2983 Beati
584 2930 728 2983 enim
758 2930 1001 3001 Apostoli
1033 2944 1247 3000 semper
1280 2944 1399 2983 esse
1424 2943 1523 2999 pro
1549 2939 1701 2983 certo

99 3028 215 3083 est,
247 3022 338 3088 qui
369 3035 469 3091 pro
501 3022 783 3079 Trinitatis
821 3024 1190 3089 confessione,
1220 3034 1276 3079 et
1296 3024 1533 3079 veridica
1562 3039 1701 3094 prae-

100 3109 421 3178 dicatione,
473 3113 584 3168 Deo
631 3123 687 3169 et
727 3116 979 3171 universo
1021 3115 1149 3173 Orbi
1192 3124 1452 3187 perpetuo
1490 3117 1694 3170 vivunt.

101 3198 353 3256 Joannes
378 3212 593 3272 quoque
619 3205 674 3257 in
705 3206 932 3275 epistola
970 3210 1067 3260 sua
1103 3221 1227 3260 eum
1254 3205 1319 3260 de
1345 3206 1511 3259 verbo
1548 3204 1691 3269 vita},

98 3289 216 3345 Iioc
241 3299 328 3344 est
363 3293 429 3345 de
456 3292 551 3346 Dei
578 3292 718 3358 lilio,
750 3295 841 3363 qui
874 3302 1095 3350 carnem
1129 3296 1451 3364 assumpsit,
1490 3297 1696 3350 scribe-

98 3390 214 3444 ret,
244 3382 319 3434 ita
348 3380 543 3437 eﬂ'atus
579 3392 662 3439 est
693 3382 877 3454 (Joan.
920 3385 1089 3455 Epist.
1121 3384 1172 3451 1,
1199 3402 1240 3450 ι,
1266 3385 1320 3457 5)
1363 3405 1376 3439 :
1413 3403 1567 3456 quem
1604 3404 1697 3441 no-

94 3470 233 3523 stris
260 3470 428 3526 oculis
450 3472 675 3528 vidimus
698 3514 713 3539 ,
741 3484 790 3529 et
819 3476 1035 3531 auribus
1065 3478 1256 3531 nostris
1285 3478 1581 3533 audivimus
1600 3521 1614 3543 ,
1649 3489 1698 3533 et

98 3574 308 3613 manus
329 3570 521 3616 nostra:
548 3572 924 3618 tractaverunt.
952 3564 1104 3634 Quod
1145 3575 1326 3620 autem
1362 3567 1562 3621 dicitur
1590 3568 1697 3621 He-

96 3647 195 3703 liae
220 3688 237 3713 ,
282 3647 556 3706 Bellicam
597 3650 775 3735 lilium
827 3652 1036 3724 Saphat
1070 3656 1137 3711 de
1178 3656 1490 3711 Abelmeula
1529 3674 1701 3728 unges

95 3742 439 3813 prophetam
470 3758 572 3813 pro
606 3748 700 3799 te:
739 3744 817 3799 ita
849 3745 1255 3817 intelligendum
1298 3755 1418 3802 est:
1453 3748 1701 3805 Heliseus

94 3833 253 3888 enim
281 3833 797 3904 interpretatur-Dei
826 3836 1112 3903 mei-salus,
1159 3838 1363 3909 Sapbat
1398 3849 1577 3895 autem
1607 3841 1702 3910 ju-

94 3924 323 3978 dicans.
362 3923 675 3980 Abelmeula
700 3940 834 3982 vero
860 3927 1030 3983 luctus
1050 3931 1392 3998 parturiens:
1433 3929 1528 3985 Dei
1553 3931 1699 3985 enim

95 4013 257 4068 ﬁlius
281 4052 298 4079 ,
340 4013 433 4083 qui
475 4022 561 4069 est
595 4028 727 4069 vera
766 4015 1003 4070 ﬁdelium
1032 4018 1179 4072 salus
1205 4017 1386 4089 (Joan.
1415 4036 1469 4083 ν,
1499 4019 1613 4089 2%),
1647 4026 1702 4072 et

91 4108 192 4161 cui
220 4121 387 4161 omne
404 4105 673 4175 judicium
694 4108 917 4163 tradidit
936 4119 1119 4179 pater,
1152 4110 1205 4164 in
1238 4125 1345 4180 quo
1375 4109 1580 4178 judicio
1609 4111 1704 4164 im-

90 4198 235 4268 piis,
268 4205 326 4251 et
358 4198 651 4252 incredulis
702 4200 810 4253 erit
852 4199 1027 4255 luctus
1057 4202 1400 4271 parturiens,
1428 4202 1703 4257 Gebennae

92 4288 367 4342 videlicet
385 4289 678 4353 cruciatus,
705 4290 795 4358 qui
823 4291 876 4344 in
907 4293 1222 4347 substantia:
1250 4308 1361 4347 sua:
1393 4293 1696 4362 splendore,

94 4388 274 4449 atque
303 4379 504 4433 virtute
532 4395 638 4434 non
685 4388 899 4448 poterat
947 4382 1016 4435 ab
1048 4382 1297 4435 omnibus
1324 4383 1698 4452 contemplari,

1804 1920 1920 1975 lans
1947 1938 2181 1981 manum.
3446 1992 3451 1999 .

1876 2026 1901 2057 ι
1933 2036 1949 2065 ι
1972 2014 2189 2069 Certum
2217 2024 2322 2081 est,
2348 2016 2492 2085 quod
2519 2015 2698 2069 cordis
2722 2015 2803 2069 sui
2828 2014 3042 2069 oculum
3073 2029 3170 2083 per
3195 2014 3385 2069 elatio-

1803 2105 1889 2158 nis
1920 2104 2172 2158 tenebras
2192 2106 2513 2175 exstinguit,
2537 2105 2770 2174 quicum
2797 2113 2942 2158 recte
2972 2104 3105 2172 agit,
3134 2104 3383 2158 conside-

1803 2211 1924 2249 rare
1953 2195 2233 2250 meliorum
2262 2197 2452 2249 merita
2484 2196 2722 2265 negligit.
2749 2195 2819 2247 At
2842 2202 3031 2249 contra
3066 2208 3257 2264 magno
3286 2194 3386 2247 bu-

1804 2286 2050 2339 militatis
2101 2287 2253 2340 radio
2304 2286 2653 2356 semetipsum
2706 2286 2975 2339 illuminat
3018 2287 3108 2354 qui
3154 2286 3385 2339 aliorum

1802 2374 1941 2428 bona
1972 2374 2240 2429 subtiliter
2265 2384 2475 2445 pensat,
2502 2376 2627 2444 quia
2655 2374 2782 2429 dum
2820 2389 2883 2428 ea
2902 2415 2915 2438 ,
2949 2385 3067 2443 qua:
3098 2375 3213 2444 ipse
3244 2373 3384 2428 fece-

1803 2468 1895 2531 rit',
1946 2467 2090 2521 facta
2137 2468 2287 2532 foris,
2343 2476 2398 2521 et
2439 2468 2506 2521 ab
2536 2467 2656 2521 aliis
2698 2468 2981 2536 conspicit,
3019 2480 3166 2531 eum,
3200 2466 3291 2535 qui
3320 2466 3387 2521 de

1802 2557 2177 2628 singularitate
2227 2558 2372 2611 intus
2413 2572 2698 2626 erumpere
2721 2557 2930 2622 nititur,
2981 2556 3247 2626 superbia:
3299 2563 3387 2610 tu-

1803 2666 2009 2705 morem
2053 2642 2269 2720 premit.
2313 2648 2449 2703 Hinc
2490 2659 2608 2713 est,
2660 2648 2801 2717 quod
2841 2663 3032 2702 vocem
3068 2647 3279 2702 Domini
3314 2648 3383 2702 ad

1802 2742 2012 2797 Heliam
2047 2743 2219 2797 solum
2250 2758 2309 2797 se
2334 2742 2695 2797 acstimantem
2742 2741 2976 2821 dicitur:
3017 2739 3220 2811 Reliqui
3254 2740 3386 2794 mihi

1798 2841 1992 2902 septem
2042 2833 2209 2887 millia
2258 2834 2521 2897 virorum,
2567 2834 2655 2902 qui
2698 2848 2802 2885 non
2834 2838 3177 2886 curvaverant
3206 2846 3377 2902 genua

1803 2936 1928 2979 ante
1958 2926 2151 2980 Bahal.
2214 2927 2284 2983 Ut
2313 2928 2439 2981 dum
2480 2943 2585 2980 non
2633 2927 2804 2981 solum
2845 2941 2904 2981 se
2931 2927 3260 2980 remansisse
3284 2941 3379 2981 eo-

1802 3029 2111 3089 gnosceret,
2137 3021 2203 3076 de
2227 3020 2481 3075 elationis
2505 3020 2694 3089 gloria,
2715 3034 2833 3088 qua:
2853 3020 2902 3073 ei
2927 3021 2990 3074 de
3005 3019 3385 3090 singularitate

1804 3111 1832 3150 δ
1855 3112 2125 3181 surgebat,
2154 3113 2472 3167 declinaret.
2497 3113 2764 3181 Propheta
2789 3124 2980 3183 nempe
3000 3123 3137 3180 erat,
3162 3123 3216 3169 et
3237 3131 3380 3185 saepe

1802 3200 2060 3270 mysteria
2110 3215 2343 3269 superna
2393 3211 2741 3271 cognoverat.
2817 3201 2953 3267 Quid
2993 3217 3123 3273 ergo
3170 3202 3385 3259 dillicile

1798 3289 1901 3343 fuit
1930 3304 2225 3360 agnoscere
2261 3292 2314 3345 in
2346 3291 2447 3347 hoc
2476 3293 2675 3346 mundo
2707 3302 2727 3330 ε
2757 3291 2989 3345 ﬁdeliter
3017 3293 3127 3347 Deo
3154 3293 3384 3351 famulos

1800 3388 1855 3433 et
1903 3380 2037 3435 alios
2072 3382 2443 3437 remansisse?
2488 3382 2595 3437 Sed
2638 3382 2765 3435 hinc
2794 3382 3023 3437 solerter
3063 3384 3382 3439 intuendum

1800 3480 1926 3537 est,
1959 3473 2175 3528 oculum
2223 3475 2404 3529 cordis
2450 3474 2614 3528 elatio
2660 3489 2824 3543 quam
2867 3475 3115 3542 nequiter
3148 3476 3383 3543 claudat,

1800 3563 1924 3631 quia
1959 3563 2047 3631 qui
2078 3562 2104 3600 (1
2134 3563 2409 3617 humiliter
2453 3573 2508 3617 et
2558 3564 2769 3617 occulta
2809 3562 2905 3617 Dei
2942 3576 2964 3603 ο
2995 3574 3243 3631 noverat,
3275 3566 3384 3622 ela-

1798 3650 1888 3704 tus
1918 3660 1971 3706 et
1997 3660 2182 3721 aperta
2216 3652 2511 3707 nesciebat.
2538 3673 2567 3704 »η

1874 3740 1999 3795 Post
2044 3742 2159 3796 haec
2208 3743 2352 3797 enim
2390 3743 2563 3811 inquit
2612 3743 2869 3814 (xix,19)
2908 3761 2920 3795 :
2962 3741 3145 3797 Helias
3196 3745 3386 3814 reperit

1802 3834 2073 3888 Heliseum
2097 3833 2268 3903 ﬁliam
2295 3833 2521 3904 Saphat,
2568 3846 2805 3889 orantem
2850 3836 2903 3889 in
2938 3836 3212 3889 duodecim
3238 3836 3385 3905 jugis

1802 3926 1979 3980 boum.
2040 3925 2109 3979 Et
2146 3927 2255 3995 ipse
2303 3927 2356 3979 in
2398 3927 2677 3980 duodecim
2722 3928 2868 3995 jugis
2915 3927 3066 3979 boum
3109 3928 3381 3981 orantibus

1802 4034 1938 4071 unus
1967 4027 2098 4070 erat.
2128 4015 2360 4087 Cumque
2380 4018 2598 4071 venisset
2638 4016 2789 4069 Elias
2808 4018 2877 4069 ad
2907 4032 3024 4070 eum
3048 4056 3063 4080 ,
3103 4016 3244 4070 misit
3268 4015 3384 4087 pal-

1803 4108 1931 4162 lium
1965 4125 2118 4162 suurn
2164 4125 2321 4178 super
2370 4124 2515 4173 eum,
2548 4110 2637 4177 qui
2672 4106 2865 4160 relictis
2892 4108 3069 4160 statim
3101 4105 3259 4159 bobus
3286 4120 3383 4159 cu-

1803 4201 1969 4253 currit
2006 4200 2077 4253 ad
2134 4199 2366 4261 Heltam,
2417 4210 2464 4252 et
2515 4199 2628 4252 ait:
2660 4196 2897 4261 Osculer,
2949 4214 3040 4249 oro
3097 4206 3146 4249 te
3180 4206 3385 4265 patrem

1802 4306 1996 4354 meum,
2027 4299 2073 4342 et
2099 4299 2321 4343 matrem
2368 4304 2536 4343 meam
2557 4330 2571 4353 ,
2617 4298 2667 4342 et
2696 4290 2769 4342 sic
2801 4304 2989 4358 sequar
3016 4297 3082 4341 te.
3112 4286 3210 4341 Cui
3246 4287 3381 4341 dixit

1803 4381 1989 4435 Helias
2027 4396 2045 4433 :
2107 4392 2380 4446 revertere,
2425 4382 2563 4451 quod
2608 4383 2743 4434 enim
2772 4397 2945 4433 meum
2972 4390 3106 4444 erat,
3136 4380 3234 4449 feci
3265 4378 3378 4432 tibi.

91 4485 167 4523 ex
203 4468 434 4532 deitate,
464 4480 523 4523 ut
552 4469 843 4537 Apostolus
869 4471 942 4524 ait
969 4470 1190 4541 (Philip.
1232 4488 1291 4537 ll,
1324 4472 1376 4543 7)
1401 4488 1554 4527 suam
1582 4475 1699 4528 ina-
1724 4504 1776 4563 D
1806 4471 2061 4526 Reversus
2087 4473 2262 4542 itaque
2288 4470 2532 4525 Heliseus
2557 4472 2675 4524 tulit
2711 4488 2809 4541 par
2840 4471 2989 4524 boum
3011 4511 3025 4535 ,
3050 4480 3097 4523 et
3137 4472 3382 4524 mactat-it

91 4558 269 4611 niens
297 4554 637 4623 majestatcm
660 4598 674 4621 ,
710 4557 767 4611 in
806 4556 1003 4612 Helisei
1035 4558 1505 4629 praeﬁguratione,
1542 4560 1695 4615 Servi

91 4647 368 4719 dignatus
402 4657 484 4702 est
522 4648 795 4717 suscipere
841 4649 1100 4715 formam,
1133 4652 1222 4720 qui
1252 4666 1412 4706 verus
1441 4654 1603 4708 homo
1628 4671 1693 4709 ex

89 4737 342 4807 virginis
394 4747 549 4792 utero
587 4749 942 4808 procreatus,
980 4738 1290 4811 Sancteque
1338 4742 1541 4812 Spiritu
1589 4762 1694 4800 un-

90 4838 249 4881 ctus.
292 4826 445 4893 Quod
472 4838 652 4881 autem
680 4829 756 4882 ait
781 4829 1036 4895 bistoria,
1067 4830 1156 4900 qui
1178 4832 1416 4901 eﬁ'ugerit
1457 4834 1694 4903 gladium

89 4916 333 4981 Azahel,
377 4917 577 4971 occidet
611 4934 729 4971 eum
764 4918 924 4983 Hieu,
968 4929 1015 4973 et
1053 4920 1141 4990 qui
1179 4921 1419 4990 effugerit
1457 4923 1692 4993 gladium

90 5009 272 5069 Hieu,
305 5008 505 5062 occidet
537 5025 656 5062 eum
702 5008 945 5064 Heliseus
965 5052 979 5075 ,
1024 5011 1126 5066 hoc
1150 5012 1308 5066 modo
1342 5013 1565 5085 intelligi
1598 5032 1692 5086 po-

88 5109 234 5156 test.
280 5098 504 5154 Gladius
528 5101 674 5153 enim
702 5100 901 5156 Azabel
928 5101 1067 5172 Syri,
1100 5102 1314 5156 illorum
1336 5104 1579 5159 doctrina
1603 5122 1693 5161 ac-

88 5188 356 5261 cipienda
387 5197 470 5242 est
495 5230 510 5252 ,
541 5191 633 5259 qui
665 5206 730 5243 ex
761 5190 1010 5259 gentibus
1032 5191 1315 5245 dominica:
1353 5190 1693 5248 lncarnatio-

86 5282 203 5351 nis,
263 5287 322 5332 et
363 5278 656 5344 Passionis,
690 5295 754 5335 ac
783 5280 1218 5336 Resurrectionis
1252 5289 1403 5337 vates
1444 5284 1691 5354 inspirati

88 5369 370 5423 divinitus
392 5370 741 5436 exstiterunt,
758 5371 824 5424 ad
848 5368 1207 5426 confutaudos
1224 5370 1689 5442 videlicetjudaeo—

164 5563 193 5592 ι
236 5548 381 5622 Vide
406 5546 606 5622 Paterii
633 5560 794 5619 caput
826 5550 924 5622 12,
978 5552 1030 5607 in
1070 5553 1162 5608 lib.
1194 5552 1257 5607 Ill
1288 5552 1533 5622 Regum:
1576 5553 1692 5607 haec

167 5637 263 5675 rro
310 5616 741 5693 iIIe__desumpsit
782 5636 850 5675 ex
893 5621 1140 5693 Gregorii
1190 5624 1282 5683 lib.
1322 5616 1446 5678 xxxi
1488 5622 1542 5677 in
1590 5622 1691 5678 Job

89 5638 281 5765 [ἲῖζῖιῖ
310 5638 477 5759 ’ἲὲηίῖ

162 5762 192 5801 δ
237 5760 479 5830 Surgere
500 5767 723 5829 poterat,
752 5760 1051 5815 declinaret.

1806 4562 1942 4626 illos,
1973 4572 2021 4616 et
2044 4564 2098 4616 in
2126 4572 2304 4615 aratro
2330 4564 2481 4615 boum
2512 4564 2650 4615 coxit
2693 4572 2875 4615 tantes
2912 4575 3113 4626 eorum,
3138 4562 3381 4633 deditque

1802 4652 1994 4723 populo
2023 4652 2092 4705 ad
2131 4652 2524 4705 comedendum.

1872 4743 2165 4797 Duodecim
2182 4741 2310 4812 juga
2340 4742 2503 4795 boum
2525 4782 2539 4806 ,
2585 4742 2774 4813 viginti
2810 4751 3043 4811 quatuor
3074 4743 3275 4797 veteris
3299 4750 3383 4798 te-

1802 4835 2055 4888 stamenti
2086 4832 2385 4904 ﬁguraliter
2408 4834 2702 4901 accipiendi
2743 4843 2867 4887 sunt
2896 4834 3038 4887 libri.
3087 4834 3380 4889 Duodecim

1803 4938 1930 4976 vero
1959 4932 2202 4977 aratores
2239 4923 2522 4977 duodecim
2555 4922 2887 4992 intelligendi
2932 4933 3057 4977 sunt
3090 4925 3329 4994 Apostoli
3355 4940 3375 4980 :

1798 5012 1891 5066 sed
1937 5012 1991 5065 in
2037 5012 2286 5067 omnibus
2316 5012 2423 5065 illis
2452 5012 2709 5065 Dominus
2758 5013 2992 5067 existere
3020 5012 3266 5082 dignatus
3289 5023 3377 5069 est

1796 5114 2067 5174 opera‘or,
2096 5105 2187 5171 qui
2213 5104 2349 5157 dixit
2379 5102 2489 5173 (Io.
2534 5119 2622 5166 xv,
2650 5102 2706 5173 5)
2736 5120 2747 5155 :
2804 5102 2927 5158 Sine
2956 5121 3035 5156 me
3073 5104 3204 5156 nihil
3232 5114 3377 5171 pote-

1793 5196 1887 5249 stis
1911 5196 2099 5263 facere.
2124 5194 2378 5248 Osculum
2405 5194 2597 5263 patris,
2618 5193 3078 5247 reconciliationis
3106 5194 3347 5262 dignosci

1799 5292 1887 5337 tur
1914 5284 2144 5353 signum.
2186 5282 2245 5336 In
2293 5283 2502 5338 duobus
2536 5283 2679 5336 enim
2726 5283 2898 5338 bobus
2939 5283 3019 5337 lex
3062 5283 3378 5351 accipienda

1796 5384 1900 5441 est,
1934 5383 1987 5429 et
2010 5374 2287 5445 prophetia
2308 5416 2322 5439 ,
2373 5388 2601 5446 quarum
2627 5369 2958 5442 umbras,’et
2985 5374 3247 5445 imagines
3276 5372 3359 5429 Do

1873 5562 1894 5591 ε
1938 5552 2167 5607 Fideles.

1867 5620 1894 5660 δ
1938 5622 2186 5676 Humilis.

1875 5702 1895 5731 ε
1938 5693 2165 5748 Additur
2183 5692 2408 5762 judicia.
