3912 6324
473 354 578 410 τῦῚ

1547 353 1824 411 CLAUDII
1858 344 2325 407 TAURINENSIS
2363 343 2673 401 EPISCOD!

3661 340 3761 395 768

472 470 653 534 minus
697 477 903 535 noster,
940 484 1039 539 per
1089 465 1480 525 incarnationis
1508 481 1642 530 suae,
1688 476 1752 520 ac
1779 461 2059 534 passionis
2087 458 2139 517 Α
2163 455 2383 510 dubium
2405 464 2486 510 est
2512 455 2641 522 :qui
2668 468 2790 507 cum
2816 455 2840 492 ε
2872 454 3121 523 triginta.
3173 460 3226 507 et
3263 453 3481 506 duobus
3507 449 3762 520 Regibus,

472 562 793 634 mysterium
818 563 1094 617 obciditin
1124 561 1303 616 littera
1329 600 1343 624 ,
1385 565 1442 614 et
1473 558 1527 611 in
1567 558 1748 612 crucis
1775 570 1886 611 suae
1918 554 2069 610 coxit

476 661 687 715 aratro,
736 666 838 705 nec
864 662 973 706 non
1010 650 1078 703 ad
1125 649 1518 704 comedendum
1548 646 1797 701 ﬁdelibus
1816 646 2067 715 praebuit,

473 752 535 798 ut
578 744 692 814 jam
737 757 844 797 non
886 742 1075 795 vivant
1119 739 1415 795 secundum
1451 738 1723 803 litteram,
1752 735 1855 790 sed
1875 750 2070 790 secun-

478 836 606 892 dum
629 835 879 904 spiritum

548 925 664 997 (xx,
694 924 809 995 18.)
846 924 977 979 Post
1018 925 1137 980 haec
1171 921 1339 977 refert
1369 920 1673 990 Scriptura,
1718 918 1864 988 quod
1894 917 2069 971 Bene-

480 1021 587 1076 dad
619 1035 714 1074 rex
741 1018 915 1090 Syria:
943 1018 1219 1081 obsidens,
1250 1023 1305 1071 et
1333 1016 1648 1085 impugnare
1676 1012 1944 1080 incipiens
1969 1008 2071 1064 Sa-

478 1112 713 1169 mariam
744 1111 825 1164 ait
856 1126 868 1162 :
906 1108 1036 1163 Ha’c
1075 1108 1277 1177 faciant
1300 1106 1428 1159 mihi
1455 1104 1567 1169 Dii,
1605 1112 1653 1157 et
1682 1102 1792 1155 Ιιωε
1819 1101 2019 1155 addant
2052 1115 2069 1152 :

476 1200 523 1255 si
550 1199 815 1268 suffecerit
839 1196 1008 1268 puluis
1039 1194 1298 1250 Samaria:
1321 1192 1535 1264 pugillis
1563 1192 1734 1246 omnis
1759 1190 1957 1261 populi,
1982 1190 2074 1260 qui

484 1272 723 1360 sequitur
751 1305 853 1343 me.

552 1379 710 1434 llunc
755 1379 919 1434 habet
966 1392 1207 1433 sensum.
1242 1388 1267 1416 ι
1318 1394 1335 1427 α
1368 1374 1617 1430 Samaria
1661 1374 1816 1443 juxta
1865 1387 2074 1428 morem

479 1470 763 1527 civitatum
790 1468 1029 1524 habebat
1076 1477 1280 1522 terram
1324 1465 1553 1520 interius
1584 1465 1615 1505 ιι
1641 1471 1869 1534 propter
1890 1476 2076 1517 muros

479 1577 620 1633 pene
663 1562 795 1631 ipsis
846 1561 1021 1615 muris
1068 1558 1352 1627 aequalem,
1420 1572 1489 1611 ne
1542 1554 1795 1610 videlicet
1838 1569 1933 1609 eos
1959 1553 2077 1608 sine

476 1651 740 1708 subsidiis
766 1660 926 1706 terra:
950 1649 1251 1718 adjacentis
1280 1659 1490 1705 erectos
1510 1691 1524 1715 ,
1565 1649 1758 1704 creber
1794 1649 2078 1703 insistente

480 1758 646 1803 manu
670 1743 887 1809 hostili,
932 1740 1192 1810 dejiceret
1242 1744 1381 1799 ictus
1410 1743 1595 1797 arietis
1626 1753 1672 1796 ε.
1726 1742 2076 1795 EXtrinsecus

2172 546 2274 601 hoc
2302 551 2385 601 est
2414 546 2666 600 omnibus
2688 544 2835 598 vitiis
2864 545 2974 598 suis
3004 544 3291 599 adversum
3334 544 3641 597 humanum
3671 556 3763 612 ge-

2172 651 2274 690 nus
2292 651 2531 707 pugnare
2571 651 2677 689 non
2703 635 2915 689 desistit
2941 627 3174 688 :‘Aehab
3204 649 3333 688 vero
3366 634 3461 702 qui
3499 634 3768 701 interpre-

2172 735 2320 782 tatur
2362 728 2528 797 frater
2565 728 2731 798 patris
2754 768 2768 792 ,
2804 728 2907 781 hoc
2950 727 3004 781 in
3047 726 3165 780 loco
3206 741 3501 795 personam
3534 727 3767 795 gestavit

2172 816 2480 872 Iudaeorum
2506 858 2521 885 ,
2564 831 2687 872 cum
2731 816 2928 886 quibus
2974 815 3219 870 diabolus
3256 817 3407 886 prius
3454 815 3770 870 conﬂictum

2175 910 2384 965 habuit.
2420 930 2442 962 ι

2192 1020 2196 1023 ⁷
2247 1002 2403 1073 (xm.
2444 1000 2788 1073 £9.)lnterea
2822 999 3069 1069 sequitur
3110 997 3388 1067 Scriptura
3435 998 3505 1052 de
3556 997 3773 1050 visione

2176 1090 2404 1148 Niobam
2421 1091 2720 1160 pmphetaa,
2749 1088 2837 1143 ubi
2862 1089 2937 1141 ait
2959 1090 3025 1143 ad
3052 1088 3241 1143 Achab
3271 1102 3286 1140 :
3330 1087 3453 1140 Vidi
3482 1086 3771 1139 Dominam

2175 1183 2433 1236 sedentem
2472 1197 2628 1249 super
2667 1179 2857 1234 solium
2902 1195 3085 1242 suum,
3137 1188 3183 1231 et
3226 1193 3433 1231 omnem
3472 1177 3773 1229 exercitum

2177 1273 2292 1328 cwli
2322 1292 2353 1327 a
2377 1273 2607 1338 dextris,
2634 1282 2685 1326 et
2717 1290 2749 1325 α
2780 1272 3010 1325 sinistris
3042 1271 3157 1340 ejus
3178 1312 3192 1334 ,
3234 1280 3281 1323 et
3315 1268 3514 1322 dictum
3554 1278 3635 1322 est
3659 1285 3677 1320 :
3707 1266 3775 1321 In

2177 1384 2279 1436 quo
2302 1365 2558 1435 decipiam
2587 1363 2785 1427 Achab,
2820 1372 2873 1416 ut
2904 1362 3171 1424 ascendat,
3194 1370 3243 1414 et
3268 1361 3425 1413 cadat
3451 1360 3507 1412 in
3538 1356 3775 1411 Ruinam

2180 1455 2387 1511 Galaad
2408 1458 2432 1508 γ
2459 1454 2529 1508 Et
2558 1455 2693 1508 dixit
2721 1470 2856 1507 unus
2890 1452 3041 1507 verba
3063 1452 3369 1523 hujusmodi
3393 1468 3410 1513 ;
3441 1460 3488 1502 et
3506 1450 3657 1501 alius
3681 1448 3780 1501 ali-

2179 1558 2274 1600 ter.
2310 1545 2378 1599 Et
2399 1561 2635 1615 egressus
2673 1560 2807 1597 unus
2833 1544 2967 1597 dixit
3001 1559 3019 1596 :
3050 1559 3141 1612 ego
3177 1541 3431 1610 decipiam
3467 1539 3670 1592 Achab.
3707 1538 3780 1591 Et

2177 1637 2375 1691 dictum
2411 1645 2485 1689 est
2508 1636 2557 1689 ei
2582 1651 2600 1688 :
2628 1636 2681 1687 in
2709 1650 2811 1704 quo
2836 1633 3105 1702 decipies?
3131 1633 3222 1701 qui
3257 1630 3525 1700 respondit
3551 1628 3782 1681 dicens:

2181 1726 2443 1797 egrediar,
2479 1735 2527 1779 et
2561 1741 2651 1779 ero
2676 1723 2906 1777 mendax
2931 1723 3141 1793 spiritus
3169 1723 3223 1775 in
3251 1738 3339 1775 ore
3369 1720 3609 1774 omnium
3652 1734 3777 1786 pro~

485 1842 666 1889 autem
713 1806 995 1888 murorum
1038 1832 1273 1905 altitudo
1296 1833 1455 1903 longe
1488 1848 1651 1903 super
1690 1832 1888 1887 faciem
1918 1840 2077 1886 teme

2197 1820 2455 1872 rhetorum
2479 1820 2612 1887 ejus.
2643 1817 2670 1857 ιι
2706 1834 2725 1867 t
2761 1816 2899 1883 Quid
2930 1829 3026 1885 per
3054 1815 3246 1869 solium
3280 1814 3512 1876 Domini,
3537 1814 3648 1866 nisi
3680 1826 3779 1864 an-

488 1924 945 1988 transcenderat,
988 1924 1225 1978 maxime
1271 1939 1393 1979 cum
1438 1925 1492 1978 in
1528 1925 1729 1979 montis
1761 1924 1989 1988 vertice,
2018 1931 2081 1977 ut

490 2014 771 2085 Scriptura
800 2014 987 2079 refert,
1015 2014 1179 2069 fuerit
1208 2016 1341 2070 urbs
1369 2017 1558 2071 eadem
1576 2016 1787 2093 posita.
1836 2016 1928 2070 Ait
1952 2030 2082 2087 ergo

488 2109 605 2162 Rex
634 2108 902 2175 superbus
924 2107 1205 2162 obsessam
1242 2116 1455 2164 terrens
1477 2110 1773 2174 civitatem,
1801 2108 1945 2179 quod
1969 2117 2089 2162 tan-

489 2210 602 2257 tam
646 2202 871 2255 haberet
915 2215 1099 2256 secum
1140 2202 1415 2257 exercitus
1454 2195 1855 2257 multitudinem
1882 2242 1896 2266 ,
1931 2210 1994 2254 ut
2036 2201 2082 2255 si

491 2291 723 2361 quisque
747 2290 981 2344 militum
1004 2290 1158 2358 ejus,
1205 2291 1542 2346 solummodo
1574 2292 1829 2360 lapidem,
1872 2290 1957 2344 vel
1997 2304 2089 2344 ce-

494 2379 711 2449 spitem,
730 2379 815 2434 vel
847 2380 1090 2449 stipitem
1118 2380 1187 2435 ad
1210 2381 1633 2435 construendum
1654 2389 1849 2435 contra
1871 2381 2083 2444 urbem,

493 2484 745 2540 aggerem
776 2478 1138 2540 apportasset,
1170 2480 1281 2524 tam
1322 2471 1567 2525 sublimis
1594 2485 1661 2524 ex
1691 2485 1757 2525 eo
1780 2479 1964 2540 posset
1995 2485 2087 2540 ag-

497 2574 594 2630 ger
619 2574 938 2629 exsurgere,
969 2562 1059 2629 qui
1098 2559 1407 2630 superﬁciei
1446 2560 1683 2614 civitatis
1725 2560 1930 2629 ipsius,
1967 2574 2102 2628 qua:-

492 2656 612 2704 erat
641 2649 786 2705 intra
814 2665 1023 2716 muros,
1053 2666 1178 2706 esse
1197 2652 1477 2707 videretur
1510 2651 1733 2722 aequalis
1760 2668 1772 2703 :
1824 2651 1899 2704 ita
1925 2659 1983 2703 ut
2019 2664 2085 2703 ex

493 2752 639 2811 εηιιο
663 2750 969 2814 pugnantes
996 2751 1183 2798 contra
1216 2744 1514 2809 civitatem,
1539 2743 1646 2797 tela
1668 2742 1753 2796 vel
1781 2741 1927 2796 faces
1955 2740 2087 2795 mit-

494 2840 616 2890 tere
637 2842 882 2905 possent.
945 2833 1112 2903 Cujus
1140 2836 1517 2889 temeritatem!
1535 2833 1862 2904 arrogantia
1903 2830 2089 2885 mode-

496 2932 585 2979 sto
606 2926 858 2981 sermone
894 2942 1244 2995 compescens
1284 2927 1398 2981 Rex
1429 2926 1596 2980 Israel
1636 2926 1711 2979 ait
1736 2923 1913 2996 (Vers.
1942 2923 2035 2994 ll)
2070 2940 2083 2973 :

498 3014 678 3072 Dicite
714 3019 789 3072 ei.
828 3019 911 3073 Ne
957 3020 1210 3089 glorietur
1232 3022 1497 3075 accinctus
1521 3037 1665 3090 mque
1695 3028 1750 3073 ut
1780 3019 2084 3073 discinctus.

501 3107 537 3149 ι
566 3108 720 3164 Alius
748 3118 841 3164 est
863 3117 1044 3163 autem
1088 3110 1399 3174 accinctus,
1434 3110 1573 3164 alius
1596 3108 1919 3173 discinctus,
1953 3108 2089 3162 alius
2120 3137 2164 3198 Ο

504 3219 617 3260 non
666 3204 966 3259 accinctus.
1020 3203 1319 3257 Accinctus
1346 3217 1579 3272 namque
1627 3209 1713 3255 est
1748 3202 1838 3270 qui
1875 3199 2093 3270 cingulo

503 3294 878 3349 circumdatus
915 3293 1135 3356 incedit,
1165 3294 1461 3348 discinctus
1494 3293 1584 3362 qui
1616 3292 1893 3362 cingulum
1924 3306 2097 3360 nuper

502 3382 792 3455 deposuit:
820 3384 973 3437 verbi
1000 3385 1195 3454 gratia,
1243 3383 1325 3437 vel
1370 3383 1623 3437 balneum
1648 3384 1970 3446 intraturus,
2010 3381 2097 3435 vel

505 3476 708 3535 lectum
733 3489 1064 3530 ascensurus
1086 3516 1100 3540 ,
1128 3475 1215 3530 vel
1248 3475 1474 3529 alteram
1503 3474 1641 3530 forte
1673 3475 1911 3528 tunicam
1942 3473 2101 3527 indu-

507 3578 679 3623 turus.
722 3565 842 3622 Non
866 3566 1164 3631 accinctus,
1198 3567 1289 3636 qui
1320 3581 1492 3635 nuper
1523 3565 1705 3619 tunica
1735 3564 1976 3628 indutus,
2001 3577 2101 3617 nec

506 3658 634 3712 dum
662 3671 720 3711 se
762 3657 943 3711 addita
991 3670 1141 3709 zonae
1181 3655 1659 3726 circumpositione
1703 3655 1954 3709 munivit.
2008 3652 2101 3708 Sic

508 3766 659 3820 ergo,
691 3750 834 3816 etin
864 3749 1207 3818 expeditione
1236 3748 1502 3802 castrensi
1533 3749 1623 3816 qui
1646 3747 1854 3815 positus
1883 3754 1987 3806 est,
2018 3759 2103 3799 re—

510 3852 600 3895 cte
634 3841 900 3894 accinctus
948 3838 1280 3903 nominatur,
1325 3838 1379 3893 id
1405 3846 1490 3892 est
1520 3836 1686 3891 armis
1716 3836 1957 3890 indutus.
1999 3834 2102 3901 Qui

511 3943 694 4000 pugna
718 3928 964 3984 conlecta
990 3928 1164 3981 victor
1193 3927 1413 3982 domum
1440 3925 1630 3991 rediit,
1668 3926 1791 3995 jure
1815 3920 2103 3977 discinctus

509 4027 756 4082 vocatur,
786 4015 914 4086 quia
944 4000 1203 4070 nimirum
1245 4014 1505 4083 depositis
1532 4013 1698 4067 armis
1726 4018 1924 4082 optata:
1955 4011 2104 4079 pacis

511 4110 681 4165 otium
708 4108 868 4179 gerit.
906 4106 1011 4177 Qui
1042 4121 1170 4160 vero
1192 4105 1424 4160 necdum
1453 4119 1713 4174 pugnare,
1747 4118 1925 4172 neque
1948 4118 2006 4155 se
2036 4102 2103 4155 ad

512 4208 793 4265 certamen
816 4213 1009 4269 parare
1031 4197 1435 4269 jam’cmperat,
1472 4194 1669 4249 merito
1698 4210 1802 4245 non
1838 4192 2105 4245 accinctus

514 4307 637 4347 esse
683 4266 901 4346 dicitur.
962 4266 1056 4344 Au
1094 4304 1224 4359 ergo
1252 4266 1373 4343 Rex
1418 4286 1585 4341 Israel
1632 4284 1765 4355 Regi
1796 4282 1967 4354 Syria:
1993 4282 2106 4353 glo-

516 4383 700 4448 rianti,-
742 4383 946 4453 σφιεεί
969 4380 1085 4450 jam
1124 4381 1368 4451 .cepisset
1396 4379 1733 4442 Samariam,
1776 4391 1937 4446 quam
1963 4376 2107 4429 obsi-

516 4475 646 4529 dere
670 4481 914 4547 cceperat
943 4491 955 4525 :
994 4471 1015 4510 ί
1050 4471 1361 4541 Negligetur
1389 4470 1687 4530 accinctus,
1719 4480 1874 4535 teque
1904 4473 1963 4518 ut
1991 4465 2105 4518 dis-

518 4564 734 4619 cinctus
758 4563 951 4635 ;_ae.si
978 4568 1171 4633 aperto
1196 4560 1346 4615 dicat
1389 4576 1400 4611 :
1434 4557 1552 4613 Noli
1576 4556 1795 4627 gloriari
1828 4555 1981 4623 quasi
1995 4553 2108 4621 jam

521 4654 699 4709 victor
718 4653 901 4708 bellici
935 4652 1268 4708 discriminis
1286 4692 1300 4716 ,
1340 4650 1431 4719 qui
1459 4650 1641 4704 adhuc
1658 4649 1713 4702 in
1739 4648 1856 4701 acie
1878 4647 2109 4716 positus,

520 4757 678 4812 Quem
700 4740 931 4798 victoria
954 4748 1234 4812 sequatur,
1261 4740 1498 4810 ignoras.
1555 4738 1622 4791 Et
1650 4751 1839 4791 verum
1864 4734 2111 4805 profecto

520 4820 735 4891 (ﬁcabat
761 4848 776 4886 :
805 4848 933 4887 nam
980 4844 1109 4886 mox
1153 4830 1289 4885 inito
1337 4828 1638 4885 certamine
1666 4867 1680 4891 ,
1723 4816 1975 4880 Benadab
2007 4840 2113 4877 non

522 4922 685 4981 victis
706 4922 1033 4978 adversariis
1056 4913 1417 4991 triumphans,
1454 4919 1548 4973 sed
1578 4931 1719 4972 caeso
1749 4931 1845 4969 suo
1872 4915 2115 4969 exercitu

524 5010 736 5082 fugiens
756 5013 977 5069 domum
1007 5011 1190 5077 rediit,
1229 5010 1485 5064 Benadab
1510 5008 1711 5076 Regem
1737 5004 1908 5075 Syriae
1932 5012 2113 5073 typum

524 5105 782 5161 habuisse
812 5104 1032 5168 diaboli,
1058 5103 1151 5173 qui
1173 5102 1423 5172 princeps
1451 5107 1536 5153 est
1560 5096 1718 5165 hujus
1742 5092 1927 5150 mundi
1956 5134 1970 5159 ,
2008 5108 2115 5147 non

602 5252 624 5280 ο
662 5239 793 5293 Loci
840 5236 1000 5305 hujus
1049 5233 1464 5305 explicationem
1494 5229 1735 5305 _excepit_
1779 5224 2046 5305 Claudius
2079 5238 2109 5275 a

524 5292 677 5364 “eda
707 5292 996 5378 quast.”
1027 5292 1149 5360 libr'i
1181 5318 1288 5356 xxx
1318 5292 1677 5370 quaestionum
1722 5297 1775 5351 in
1812 5295 1977 5348 libros
2009 5292 2109 5347 lle-

529 5393 656 5447 gttm
678 5394 798 5433 eam
818 5381 1176 5447 proponente.

601 5448 629 5487 δ
667 5447 859 5501 Prone.

720 5463 859 5501 rene.

603 5465 629 5487 υ

600 5528 621 5554 ο
667 5465 941 5571 ﬂigi-“um
986 5515 1122 5568 enim
1163 5508 1386 5566 altitudo
1415 5506 1585 5576 longe,
1612 5512 1713 5559 ctc.
1752 5502 1859 5559 Sed
1890 5508 2113 5575 priestat

529 5588 701 5641 nostri
724 5586 927 5641 codicis
954 5584 1135 5637 lectio.

600 5656 626 5695 ἀ
670 5655 852 5719 Aliud,
882 5662 936 5709 ει
969 5653 1046 5707 sic
1074 5652 1349 5719 deinceps.

608 5738 631 5765 ο
666 5725 819 5793 Quod
842 5715 859 5777 V:
888 5729 1110 5795 przestat
1149 5715 1335 5776 nostra
1365 5715 1542 5772 lectio.

2184 1909 2385 1980 gelicas
2408 1916 2705 1978 potestates
2731 1906 3046 1975 accipimus,
3074 1921 3302 1975 quarum
3333 1905 3433 1958 alis
3465 1904 3777 1972 praesidens

2187 1996 2411 2051 inferius
2455 2006 2648 2052 cuncta
2685 1995 2959 2065 disponit?
3008 1995 3075 2048 Et
3122 1995 3251 2063 quid
3299 1995 3577 2047 exercitus
3631 1992 3777 2052 caeli.

2186 2089 2294 2143 nisi
2320 2086 2749 2142 ministrantium
2773 2085 3086 2154 angelorum
3108 2083 3396 2137 multitudo
3417 2082 3785 2136 describitur?

2144 2176 2147 2193 '
2188 2182 2329 2250 Quid
2351 2190 2435 2235 est
2455 2196 2584 2250 ergo
2607 2178 2750 2250 quod
2775 2175 3203 2232 exercitum“
3230 2189 3259 2228 a
3291 2174 3516 2237 dextris,
3552 2182 3612 2227 et
3638 2188 3669 2227 a
3701 2172 3782 2226 si-

2189 2275 2376 2330 nistris
2408 2273 2522 2341 ejus
2552 2280 2697 2327 stare
2724 2269 3077 2341 perhibetur?
3107 2268 3248 2322 Deus
3272 2267 3437 2330 enim,
3467 2266 3561 2335 qui
3590 2266 3669 2318 ita
3699 2273 3782 2319 est

2190 2365 2331 2433 intra
2374 2363 2577 2427 omnia,
2630 2361 2881 2413 utetiam
2914 2358 2998 2411 sit
3027 2365 3181 2412 extra
3223 2356 3434 2432 omnia,
3484 2353 3786 2407 incircum-

2191 2442 2425 2524 scriptus
2451 2462 2535 2508 est
2569 2471 2581 2505 :
2613 2460 2667 2505 et
2692 2450 2895 2505 veritas
2934 2447 3045 2512 illa;
3088 2455 3289 2501 interna
3320 2444 3629 2505 beatitudo,
3666 2459 3786 2512 qua:

2190 2548 2417 2603 dextera
2437 2545 2554 2614 ejus
2575 2544 2793 2608 dicitur,
2824 2541 3099 2596 sinistram
3131 2552 3237 2592 non
3263 2539 3460 2599 habet;
3494 2537 3624 2604 quia
3650 2536 3787 2588 nihil

2191 2647 2275 2693 est
2308 2637 2452 2705 quod
2471 2634 2782 2704 diSpliceat,
2812 2632 2937 2701 quia
2960 2628 3118 2685 simul
3145 2628 3326 2683 omnia
3350 2633 3650 2682 contuetur
3667 2666 3682 2689 ,
3714 2625 3785 2678 si-

2192 2726 2305 2782 mul
2341 2732 2547 2781 cuncta-
2566 2723 2791 2793 aspicit;
2823 2736 2888 2776 ea
2929 2727 3109 2774 autem
3131 2758 3144 2783 ,
3190 2719 3246 2772 in
3282 2718 3479 2787 quibus
3522 2724 3578 2768 et
3608 2716 3786 2768 bonus

2193 2818 2415 2887 spiritus
2442 2815 2597 2879 vivit,
2617 2822 2675 2868 et
2698 2812 2872 2867 malus
2894 2852 2908 2876 ,
2934 2810 3234 2866 exercitum
3260 2808 3383 2862 caeli
3410 2824 3439 2861 a
3471 2806 3712 2870 dextris,
3740 2816 3791 2859 et

2174 2908 2227 2960 'a
2252 2906 2488 2961 sinistris
2519 2904 2635 2971 ejus
2658 2903 2866 2957 habere
2892 2900 3237 2956 describitur.
3282 2898 3435 2953 Unde
3462 2911 3565 2965 per
3590 2898 3787 2951 dexte—

2194 3012 2311 3052 ram
2358 2994 2709 3065 intell‘gimus
2760 2991 2981 3063 angelos
3024 2990 3228 3044 electos
3286 3003 3299 3040 :
3354 3003 3453 3056 per
3499 2987 3787 3041 sinistram

2198 3104 2326 3143 vero
2368 3088 2601 3157 spiritus.
2640 3085 2918 3161 reprobus.
2973 3081 3089 3137 Non
3136 3082 3280 3136 enim
3320 3080 3640 3134 ministrant
3681 3080 3790 3133 Deo

2198 3178 2535 3235 solummodo
2566 3176 2714 3241 boni,
2744 3175 2837 3245 qui
2866 3173 3154 3244 adjuvant,
3192 3170 3283 3225 sed
3323 3170 3489 3225 etiam
3532 3169 3671 3222 mali
3700 3169 3793 3237 qui

2194 3270 2444 3342 probant,
2468 3284 2579 3323 non
2597 3266 2769 3322 solum
2788 3265 2913 3335 quia
2935 3280 2963 3318 a
2987 3264 3144 3332 culpa
3162 3262 3451 3316 redeuntes
3472 3261 3790 3323 sublevant,

2199 3365 2293 3418 sed
2330 3362 2491 3416 etiam
2519 3360 2644 3429 quia
2680 3357 2857 3413 redire
2889 3356 3133 3410 nolentes
3155 3360 3400 3423 gravant.
3428 3350 3543 3405 Nec
3569 3365 3804 3404 movere

2200 3457 2359 3513 debet
2397 3452 2543 3524 quod
2572 3450 2846 3505 exercitus
2891 3447 3014 3502 cmli
3049 3446 3213 3498 etiam
3257 3442 3465 3511 repulsi
3485 3440 3667 3510 angeli
3704 3455 3794 3493 vo-

2200 3554 2415 3611 cantur,
2448 3544 2574 3613 quia
2618 3549 2674 3596 et
2712 3541 2814 3610 ipsi
2848 3538 3096 3609 quamvis
3137 3536 3205 3589 ab
3244 3535 3490 3588 aethereo
3528 3531 3683 3585 coelo
3703 3547 3787 3586 ειη

2203 3636 2344 3707 pulsi
2377 3642 2522 3698 sunt,
2558 3633 2738 3687 adhuc
2760 3639 2937 3684 tamen
2968 3628 3022 3681 in
3045 3640 3207 3681 aereo
3230 3624 3369 3678 caelo
3398 3624 3788 3686 demoranrur;

2203 3740 2341 3795 quas
2374 3723 2521 3777 enim
2554 3719 2809 3789 suspendi
2846 3717 2900 3771 in
2935 3732 3060 3771 aere
3084 3714 3353 3773 novimus,
3381 3725 3511 3763 aves
3544 3710 3676 3764 ειειί
3705 3725 3794 3763 no-

2204 3814 2497 3869 minamus.
2556 3810 2637 3863 Et
2698 3808 2763 3861 de
2816 3807 3019 3861 eisdem
3089 3802 3369 3873 spiritibus
3417 3799 3622 3853 Paulus
3673 3798 3797 3852 dicit

2206 3906 2371 3979 (Eph.
2383 3921 2435 3959 Vl
2447 3945 2461 3969 ,
2479 3902 2589 3973 12):
2608 3895 3124 3968 Contra-spiritualia
3140 3894 3385 3964 nequitiis
3403 3893 3463 3945 in
3483 3890 3791 3945 caelestibus.

2206 3999 2446 4066 Quorum
2478 4000 2640 4063 caput
2665 3990 2954 4046 enuntians
2982 3989 3060 4042 ait
3090 3985 3251 4056 (Eph.
3276 4000 3338 4048 ιι,
3364 3983 3422 4051 2)
3454 3996 3469 4036 :
3496 3979 3795 4036 Secundum

2206 4091 2491 4162 principem
2535 4085 2819 4157 potestatis.
2849 4081 2987 4135 aeris
3013 4078 3191 4148 hujus.
3235 4076 3316 4131 Ad
3347 4075 3637 4130 dexteram
3668 4087 3796 4141 ergo

2207 4191 2263 4235 et
2294 4180 2571 4234 sinistram
2602 4173 2876 4227 exercitus
2903 4178 3031 4233 stat,
3062 4168 3188 4244 quia
3210 4167 3466 4221 voluntas
3497 4163 3796 4217 electorum

2208 4272 2494 4341 spirituum
2534 4250 2727 4321 divinae
2750 4261 2941 4332 pietati
2982 4258 3295 4322 concordat,
3340 4264 3394 4310 et
3443 4254 3798 4323 reproborum

2210 4376 2402 4419 sensus
2424 4373 2534 4413 suae
2558 4353 2778 4410 malitia:
2800 4350 3061 4414 serviens,
3070 4346 3276 4415 judicio
3299 4343 3667 4399 districtionis
3686 4341 3795 4408 eius

2132 4479 2185 4537 ι)
2210 4456 2549 4520 obtemperat
2584 4462 2596 4501 :
2624 4436 2768 4500 unde
2796 4450 2850 4498 et
2880 4456 3003 4496 mox
3039 4439 3261 4508 spiritus
3288 4436 3452 4489 fallax
3486 4435 3542 4487 in
3574 4436 3589 4473 ί
3633 4432 3801 4487 medio

2205 4543 2481 4620 prosilisse
2508 4535 2862 4595 describitur,
2896 4546 2995 4600 per
3018 4543 3175 4597 quem
3204 4526 3392 4580 Achab
3416 4539 3512 4620 rex
3543 4521 3801 4588 exigenti-

2210 4612 2310 4691 bus
2339 4631 2453 4687 suis
2488 4626 2699 4681 meritis
2732 4621 3036 4690 decipiatur
3063 4635 3075 4670 ε
3106 4630 3280 4683 neque
3303 4614 3446 4667 enim
3474 4612 3560 4664 l'as
3586 4619 3672 4665 est
3694 4624 3797 4663 cre-

2210 4734 2342 4787 dere
2370 4729 2569 4782 bonum
2591 4720 2862 4789 spiritum,
2889 4714 3116 4768 fallacia:
3139 4709 3415 4766 deservire
3451 4707 3716 4764 voluisse,
3744 4712 3800 4757 ut

2213 4824 2419 4878 diceret
2452 4833 2463 4868 ε
2503 4810 2762 4882 Egredior
2788 4815 2836 4860 et
2867 4821 2954 4859 ero
2989 4802 3225 4857 mendax‘
3239 4800 3459 4870 spiritus
3484 4799 3539 4850 in
3570 4812 3664 4849 ore
3688 4810 3796 4847 ors-

2216 4914 2361 4966 m’um
2381 4905 2751 4978 prophetarum
2773 4897 2924 4967 ejus;
2956 4893 3050 4949 sed
3077 4892 3201 4962 quia
3230 4889 3417 4943 Achab
3449 4903 3548 4941 rex
3572 4883 3801 4955 peccatis

2217 4975 2646 5071 praecedentibus
2690 4989 2886 5057 dignus
2929 4994 3076 5047 erat,
3116 4989 3175 5034 ut
3210 4979 3301 5032 tali
3339 4977 3623 5032 debuisset
3643 4975 3800 5071 ‘dece-

2222 5063 2405 5161 ptione
2435 5079 2703 5143 damnari,
2730 5083 2997 5146 quatenus
3031 5070 3123 5140 qui
3150 5082 3291 5137 smpe
3324 5066 3511 5121 volens
3541 5063 3803 5119 ceciderat

2295 5219 2315 5257 ί
2354 5217 2429 5271 Νε
2454 5213 2721 5285 glorietur.

2296 5291 2321 5328 ε
2356 5274 2504 5360 Yer's.
2539 5284 2591 5335 6.
2621 5279 2783 5360 Reges
2815 5275 3027 5360 tt'igin'ta
3051 5274 3155 5360 dltp
3183 5287 3308 5360 cur]:
3327 5286 3409 5321 eo.

2290 5359 2317 5396 ὶι
2354 5333 2748 5419 Subsequentia
2771 5333 3224 5419 habétglfaterius,
3240 5339 3490 5419 “ideoque
3514 5333 3801 5419 Gregorio?

2220 5402 2804 5498 [lib_ro"t-tv_§lbraliutn,
2832 5416 3025 5497 'n..5.8,
3059 5424 3196 5498 cap.
3238 5408 3330 5498 ﬁll,
3380 5402 3507 5498 alim

2220 5475 2465 5550 inultum,
2498 5493 2641 5544 inest
2682 5475 3011 5541 discriminis
3058 5475 3199 5542 inter
3233 5493 3324 5550 _ea
3384 5493 3525 5550 qute
3552 5475 3802 5549 allegatus

2220 5544 2465 5645 diligat-ai
2502 5560 2636 5613 liber
2662 5556 2880 5645 exbi‘bet
2898 5595 2911 5615 ,
2941 5560 2996 5645 et
3025 5557 3209 5645 noster
3232 5544 3609 5645 b'abe‘gr'q‘dex.
3664 5544 3798 5610 cujus

2219 5617 2504 5690 lectionem
2533 5642 2745 5695 sequor.
2782 5622 3062 5693 Vulgatam
3090 5617 3332 5680 c0nsulat
3360 5617 3556 5669 lector.

2296 5707 2311 5745 λ
2360 5700 2614 5755 Medium.
