3912 6372
160 413 284 470 ’ἵ69

824 418 1281 485 QUAZSTIONES
1314 418 1459 473 XXX
1501 419 1723 475 SUPER

1836 422 2010 481 BROS
2051 426 2310 484 ΠΕΟ-ΠΜ.
2353 459 2421 468 -
2451 428 2654 483 LIBER
2688 427 2777 484 IV.

3314 427 3417 483 770

165 532 225 583 in
261 528 497 598 culpam,
537 532 853 599 quandoque
880 533 1064 586 nolens
1088 542 1368 602 caperetur
1397 533 1462 587 ad
1499 548 1742 602 poenam;
1776 540 1824 595 A
1852 539 2067 594 homine
2100 548 2359 609 peccante
2387 541 2654 609 prolatum
2688 549 2799 606 est,
2840 555 2960 596 cum
3017 541 3220 595 audivit
3262 529 3413 613 (Cen.

161 621 389 674 occulta
420 620 657 689 justitia,
700 623 910 677 licentia
954 624 1202 693 malignis
1252 623 1526 691 spiritibus
1566 625 1743 686 datur,

165 722 231 767 ut
268 730 407 783 quos
446 716 684 769 volentes
729 716 779 768 in
820 716 1023 784 peccati
1068 716 1259 784 laqueo
1297 715 1652 784 strangulant,
1693 715 1745 767 in

162 806 379 873 peccati
409 820 621 873 poenam
648 808 808 860 etiam
835 807 1074 860 nolentes
1104 807 1339 860 trahant.
1374 826 1391 858 ι
1427 820 1451 847 a
1485 805 1592 863 Sed
1614 821 1746 875 quo-

167 896 337 949 modo
364 895 503 951 Deus
533 899 645 951 hare
676 905 799 965 agat
828 896 1023 965 ubique
1050 912 1313 967 prresens,
1348 907 1405 952 et
1440 899 1638 966 ubique
1667 908 1747 952 to-

164 996 279 1051 tus,
309 1002 373 1041 ac
398 1002 608 1057 semper
628 1003 893 1056 praesens,
923 997 975 1043 et
994 991 1261 1058 quomodo
1287 992 1403 1060 ejus
1424 992 1741 1060 simplicem,

165 1087 225 1130 et
272 1077 792 1140 incommutabilem,
837 1087 1205 1147 :eternamque‘
1232 1080 1513 1133 veritatem
1552 1094 1745 1133 consu-

166 1167 286 1220 lant
311 1169 482 1221 sancti
509 1168 693 1237 Angeli
714 1208 728 1232 ,
761 1183 1053 1236 omnesque
1077 1170 1144 1222 ab
1169 1169 1357 1222 eodem
1388 1168 1553 1221 creati
1579 1168 1743 1221 subli-

166 1273 319 1321 mes,
362 1267 416 1312 et
456 1260 789 1314 mundissimi
834 1262 1086 1329 spiritus,
1122 1271 1283 1328 atque
1324 1262 1376 1315 id
1412 1262 1551 1330 quod
1587 1261 1639 1313 in
1676 1276 1741 1314 eo

166 1349 497 1417 sempiterno
531 1349 735 1416 justum
766 1351 979 1413 vident,
1027 1365 1125 1420 pro
1172 1352 1520 1420 congruentia
1560 1366 1738 1404 rerum

166 1436 486 1501 inferarum,
533 1439 900 1507 temporaliter
941 1449 1199 1510 peragant
1236 1459 1248 1492 :
1279 1441 1545 1509 quomodo
1574 1442 1735 1494 etiam

165 1526 303 1596 lapsi
334 1529 582 1597 spiritus.
619 1531 707 1597 qui
747 1531 798 1583 in
824 1532 1050 1586 veritate
1092 1548 1198 1586 non
1228 1540 1495 1587 steterunt
1519 1542 1738 1602 propter

166 1617 599 1683 immunditiam,
637 1627 695 1673 et
738 1620 1105 1675 inﬁrmitatem
1141 1622 1731 1690 concupiscentiamm,

164 1713 220 1758 et
254 1721 532 1774 ptenarum
560 1723 774 1763 suarum
799 1725 902 1763 non
939 1710 1178 1764 valentes
1202 1719 1517 1779 praesentem
1542 1711 1734 1763 intrin-

162 1809 324 1849 secus
352 1798 612 1860 contueri,
655 1806 709 1851 et
742 1799 1020 1853 consulere
1050 1800 1353 1863 veritatem,
1386 1800 1539 1869 signa
1570 1798 1734 1854 forin-

1848 644 1928 692 m,
1960 629 2045 695 17)
2072 648 2085 683 :
2110 630 2390 684 Maledicta
2419 640 2557 684 terra
2586 633 2639 685 in
2668 648 2815 701 opere
2841 642 2950 686 tuo.
2976 630 3312 686 Maledictum
3328 631 3415 701 ju-

1848 720 2006 773 stitiae
2029 720 2229 788 judicio
2259 721 2557 790 profertur,
2602 737 2721 775 cum
2759 723 2826 776 ad
2851 722 3125 776 Abraham
3170 722 3409 777 dicitur:

1848 805 1996 878 (Gen.
2023 810 2217 882 xu,5):
2246 810 2559 865 Maledicam
2581 812 3001 867 maledicentibus
3029 813 3142 867 tibi.
3177 812 3411 869 Rursum

1845 898 1969 966 quia
1993 900 2336 955 maledictum
2362 917 2467 955 non
2490 900 2694 968 judicio
2716 899 2958 967 justitiae,
2989 903 3082 957 sed
3103 902 3269 957 livore
3294 904 3415 956 vin-

1845 987 2001 1042 dicta:
2025 991 2290 1060 promitur
2308 1032 2322 1054 ,
2348 1006 2477 1045 voce
2502 991 2649 1044 Pauli
2671 991 3012 1060 praedicantis
3037 993 3406 1057 admonemur,

1843 1079 1932 1145 qui
1948 1082 2021 1132 ait
2038 1080 2212 1150 (Rom.
2228 1081 2428 1150 1:11,”)
2462 1099 2474 1134 :
2496 1082 2807 1146 Benedicite,
2831 1091 2879 1136 et
2904 1082 3060 1135 nolite
3078 1082 3403 1136 maledicere.

1843 1169 1907 1221 Et
1930 1186 2138 1224 rursum
2154 1172 2291 1225 idem
2311 1172 2359 1241 (I
2375 1170 2608 1225 Corinth.
2631 1189 2705 1237 vr,
2723 1172 2839 1243 10):
2871 1172 3051 1242 Neque
3064 1172 3305 1225 maledici
3330 1189 3409 1226 re-

1840 1276 1998 1328 gnum
2026 1260 2125 1313 Dei
2142 1263 2493 1329 possidebunt.
2531 1262 2668 1316 Deus
2700 1278 2827 1332 ergo
2848 1261 3167 1316 maledicere
3188 1260 3406 1325 dicitur,

1841 1353 1894 1398 et
1922 1354 2098 1401 tamen
2132 1348 2456 1410 maledicere
2484 1348 2755 1403 hominem
2775 1350 3055 1419 prohibet,
3104 1350 3229 1418 quia
3260 1349 3404 1418 quod

1840 1434 2001 1490 homo
2029 1437 2139 1506 agit
2168 1438 2372 1492 malitia
2395 1438 2663 1502 vindictae,
2705 1439 2845 1492 Deus
2870 1453 2975 1492 non
3005 1437 3153 1500 facit,
3180 1438 3283 1491 nisi
3313 1452 3406 1491 ex-

1840 1526 2031 1590 amine,
2071 1534 2125 1580 et
2154 1527 2350 1582 virtute
2372 1529 2613 1599 justitite.
2644 1527 2672 1565 ιι
2694 1529 2827 1581 Nam
2848 1537 2910 1591 ,et
2945 1528 3114 1582 sancti
3142 1529 3242 1582 viri
3282 1543 3404 1581 cum

1838 1617 2229 1672 maledictionis
2252 1620 2574 1674 sententiam
2600 1619 2908 1689 proferunt,
2946 1634 3053 1673 non
3080 1620 3145 1674 ad
3176 1619 3315 1673 hanc
3335 1633 3403 1672 ex

1835 1718 1961 1764 voto
1988 1710 2232 1775 ultionis,
2271 1711 2365 1764 sed
2396 1709 2620 1778 justitize
2644 1712 2891 1765 examine
2922 1702 3235 1779 erumpunt.‘
3256 1708 3404 1763 Intus

1837 1800 2206 1855 enim-subtile
2237 1800 2330 1855 Dei
2353 1798 2613 1867 judicium
2643 1800 2926 1870 aspiciunt,
2965 1807 3019 1853 et
3045 1800 3061 1839 ἱ
3089 1800 3227 1852 male
3257 1797 3403 1853 foras

164 1898 323 1938 secus
344 1902 441 1955 per
464 1896 767 1941 creaturam
803 1896 1134 1956 exspectent,
1179 1889 1364 1955 eisque
1396 1896 1729 1951 moveantur,
1764 1877 1807 1934 Β
1830 1890 2193 1958 exsurgentia,
2223 1890 2346 1959 quia
2379 1890 2662 1944 maledicto
2701 1889 2931 1943 debeant
2967 1887 3150 1952 ferire,
3198 1901 3401 1957 cogno-

165 1975 280 2029 sive
317 1977 384 2029 ad
414 1977 711 2031 faciendum
744 1978 965 2045 aliquid,
1002 1978 1111 2031 sive
1141 1977 1206 2030 ad
1238 1992 1343 2030 non
1382 1976 1683 2030 faciendum
1714 1995 1727 2029 :

163 2081 339 2134 quove
377 2068 536 2121 modo
564 2076 821 2137 cogantur
848 2076 1047 2121 aeterna
1075 2067 1190 2136 lege
1214 2107 1227 2131 ,
1273 2081 1376 2135 qua
1410 2066 1731 2129 universitas

161 2155 388 2225 regitur,
414 2156 599 2218 vincti,
630 2166 788 2225 atque
806 2157 1109 2219 constricti,
1137 2156 1220 2209 vel
1243 2156 1451 2209 sinente
1478 2156 1584 2209 Deo
1604 2170 1731 2224 ope-

160 2246 290 2305 rari,
326 2246 406 2299 vel
434 2247 623 2301 cedere
645 2245 873 2313 jubenti,
899 2256 953 2301 et
977 2247 1257 2315 complecti
1284 2246 1534 2309 arduum,
1557 2254 1610 2298 et
1638 2260 1727 2298 ex-

159 2336 363 2403 plicare
398 2336 766 2405 longissimum
792 2345 896 2391 est.

233 2426 385 2497 (XXII,
416 2428 505 2492 40,
538 2428 623 2492 52,
652 2438 698 2481 et
724 2428 854 2499 seq.)
887 2429 1009 2482 Post
1032 2435 1257 2481 mortem
1286 2425 1470 2479 Achab
1506 2439 1730 2495 regnare

158 2520 322 2585 cmpit
364 2518 624 2573 Ochosias
663 2519 802 2573 ﬁlius
846 2517 962 2585 ejus
1007 2536 1104 2588 pro
1141 2535 1241 2579 eo.
1300 2520 1365 2572 de
1414 2533 1519 2584 quo
1565 2516 1727 2571 refert

156 2607 437 2675 Scriptura
466 2604 569 2677 (IV
617 2606 743 2675 Reg.
788 2624 826 2671 ι,
859 2608 938 2676 2.)
966 2626 977 2659 :
1011 2608 1162 2672 Quod
1190 2600 1375 2661 cecidit
1403 2627 1494 2679 per
1517 2612 1724 2665 cancel-

155 2695 237 2749 los
266 2696 516 2749 cmnaculi
543 2697 654 2759 sui,
690 2696 829 2766 quod
855 2697 1070 2751 habebat
1098 2699 1150 2750 in
1182 2696 1447 2765 Samaria,
1476 2710 1523 2754 et
1558 2720 1725 2772 trgro-

152 2787 303 2838 tavit.

227 2872 487 2927 Ochosias
505 2888 598 2927 rex
628 2874 904 2939 Samarize,
933 2877 1021 2945 qui
1048 2892 1105 2931 se
1130 2893 1161 2931 a
1188 2878 1348 2936 domo
1376 2880 1542 2937 David
1570 2899 1725 2954 sepa-

152 2968 317 3030 ravit,
353 2975 407 3020 et
428 2983 522 3035 per
556 2968 819 3021 cancellos
842 2968 1065 3031 decidit,
1102 2970 1204 3024 hoc
1234 2971 1539 3039 signiﬁcare
1572 2977 1722 3031 vide-

155 3068 266 3123 tur,
310 3059 451 3127 quod
481 3059 739 3123 hreretici,
775 3063 887 3113 sive
912 3061 1265 3125 schismatici,
1315 3072 1369 3117 et
1418 3066 1461 3118 si
1491 3068 1721 3135 aliquam

147 3146 308 3199 bona;
334 3147 559 3200 actionis
583 3162 763 3201 arcem
790 3149 1151 3204 conscendere
1187 3151 1455 3217 videntur,
1488 3158 1611 3225 quia
1637 3168 1718 3211 ta-

1833 1985 2007 2039 scunt,
2049 1985 2104 2030 et
2127 1993 2189 2031 eo
2224 1978 2277 2031 in
2315 1978 2598 2033 maledicto
2621 1994 2723 2032 non
2750 1986 3011 2047 peccant,
3047 1977 3187 2046 quod
3221 1979 3288 2032 ab
3323 1976 3399 2031 in-

1832 2070 1987 2145 terno
2008 2063 2207 2133 judicio
2233 2081 2337 2121 non
2375 2067 2705 2123 discordant.
2755 2068 2887 2122 Hinc
2916 2075 3000 2121 est
3030 2058 3174 2136 quod
3206 2066 3399 2121 Petrus

1832 2160 1883 2212 in
1925 2152 2247 2215 oﬁ'erentem‘
2290 2162 2390 2216 sibi
2441 2162 2698 2229 pecunias
2742 2160 3015 2215 Simonem
3074 2158 3399 2213 sententiam

1832 2247 2219 2303 maledictionis
2247 2250 2462 2303 intorsit
2483 2251 2667 2304 dicens
2695 2248 2830 2319 (Act.
2858 2264 2975 2311 vm,
3004 2247 3096 2317 ‘20)
3124 2265 3138 2301 :
3166 2246 3399 2317 Pecunia

1829 2344 1923 2388 tua
1966 2345 2130 2389 tecum
2160 2339 2225 2390 sit
2261 2338 2317 2391 in
2345 2338 2684 2407 perditionem
2712 2356 2728 2402 ;
2769 2338 2860 2407 qui
2885 2337 3041 2392 enim
3067 2351 3172 2391 non
3197 2335 3273 2390 ait
3297 2342 3394 2399 est,

1830 2426 1922 2480 sed
1962 2428 2060 2491 sit,
2094 2444 2197 2482 non
2247 2428 2565 2493 indicativo,
2605 2427 2697 2482 sed
2740 2427 2979 2496 optativo
3008 2425 3167 2481 modo
3196 2440 3254 2480 se
3294 2424 3396 2478 hoc

1829 2516 2031 2581 dixisse
2058 2516 2382 2586 signiﬁcavit
2419 2534 2430 2568 :
2468 2518 2593 2571 hinc
2621 2516 2799 2570 Helias
2821 2514 3030 2570 duobus
3055 2515 3393 2585 quinquage-

1828 2605 1993 2658 nariis
2032 2606 2096 2658 ad
2126 2619 2183 2657 se
2221 2604 2557 2659 venientibus
2603 2606 2738 2659 dixit
2771 2619 2787 2657 :
2829 2603 2885 2658 Si
2921 2605 3075 2657 homo
3120 2603 3217 2656 Dei
3252 2618 3393 2666 sum,

1826 2694 2103 2747 descendat
2134 2695 2266 2763 iqnis
2304 2694 2368 2746 de
2412 2694 2558 2760 caelo,
2607 2703 2654 2746 et
2699 2702 2971 2746 consumat
3013 2708 3120 2746 vos.
3154 2692 3391 2759 Quorum

1826 2783 2010 2851 utique
2048 2782 2308 2837 sententia
2337 2790 2533 2851 quanta
2564 2782 2806 2835 veritatis
2842 2782 3049 2834 ratione
3079 2782 3391 2845 convaluit,

1827 2876 2088 2928 terminus
2118 2888 2292 2927 causae
2338 2862 2679 2927 monstravit.
2714 2870 2847 2925 Nam
2880 2879 2937 2925 et
2974 2870 3156 2925 Simon
3191 2879 3391 2925 mterna

1824 2966 2121 3034 perditione
2149 2964 2383 3027 interiit,
2415 2972 2470 3017 et
2494 2964 2624 3017 duos
2649 2962 3134 3031 quinquagenarios
3161 2961 3393 3029 desuper

1826 3056 2047 3109 veniens
2074 3043 2665 3122 ﬂamma'consumpsit.
2699 3054 2881 3107 Virtus
2907 3068 3036 3121 ergo
3057 3052 3388 3121 subsequens

1832 3146 2163 3210 testiﬁcatur,
2198 3161 2300 3214 qua
2330 3154 2508 3199 mente
2545 3144 2939 3199 maledictionis
2967 3144 3231 3198 sententia
3260 3158 3387 3212 pro-

148 3250 277 3290 men
309 3251 619 3305 compagem
646 3235 897 3290 Ecclesia:
926 3239 1145 3293 unitatis
1177 3257 1283 3294 non
1316 3208 1532 3309 habent:
1563 3248 1717 3314 quasi
1746 3208 1790 3269 C
1823 3240 2006 3304 mitur,
2036 3255 2154 3295 cum
2182 3248 2235 3294 et
2261 3238 2630 3293 maledicentis
2663 3236 2965 3291 innocentia
2999 3243 3308 3303 permanet,
3335 3242 3391 3288 et

147 3324 487 3393 patentibus,
525 3333 580 3378 et
614 3340 718 3377 non
751 3324 931 3378 solidis
968 3326 1193 3380 laterum
1234 3332 1503 3399 praesidiis
1539 3336 1605 3389 ad
1642 3337 1719 3389 vi-

147 3415 349 3468 tiorum
400 3426 614 3481 semper
650 3413 831 3467 inﬁma
872 3414 1212 3480 relabuntur,
1250 3420 1376 3472 dum
1408 3421 1587 3476 divino
1622 3424 1715 3477 dc-

144 3502 323 3555 stituti
350 3501 568 3563 auxilio,
608 3502 721 3556 sive
744 3504 1053 3570 pertinaciae
1083 3504 1221 3559 fastu
1256 3508 1547 3564 intereunt.

223 3591 331 3663 (IV
380 3592 507 3661 Reg.
541 3608 580 3655 ι,
622 3592 699 3662 9.)
738 3593 941 3649 Deinde
994 3595 1159 3650 refert
1189 3598 1463 3667 Scriptura
1503 3603 1714 3666 eadem,

145 3682 292 3750 quod
322 3670 464 3735 idem
487 3680 746 3737 Ochosias
766 3685 975 3738 miserit
1002 3686 1133 3740 duos
1164 3689 1432 3758 principes
1452 3692 1715 3761 quinqua-

144 3772 400 3840 genarias
434 3771 502 3825 ad
529 3771 755 3839 Heliam,
790 3790 947 3844 quem
983 3778 1109 3846 quia
1137 3784 1437 3847 procaciter
1472 3800 1592 3838 cum
1625 3787 1719 3840 bo-

143 3861 348 3913 minem
373 3859 465 3914 Dei
491 3872 836 3927 vocaverunt,
867 3864 955 3917 illo
971 3876 1181 3930 orante,
1213 3870 1418 3925 caelesti
1452 3874 1570 3941 igne
1589 3891 1717 3929 con-

141 3950 346 4017 sumpti
370 3957 523 4003 sunt:
556 3952 746 4005 tertius
772 3961 947 4006 autem
976 3956 1169 4009 missus
1192 3958 1428 4013 salvatus
1454 3970 1554 4015 est.
1584 3983 1601 4012 ‹
1631 3964 1718 4017 Fi-

143 4040 405 4109 guraliter
429 4042 1151 4111 autembquinquagenarius
1176 4063 1428 4102 numerus
1455 4052 1717 4107 confessio

142 4129 475 4196 pmnitentiae
498 4137 606 4193 est,
631 4140 651 4167 ε
685 4145 779 4198 per
812 4146 973 4199 quam
998 4132 1298 4187 declaratur
1321 4136 1566 4190 remissio
1590 4155 1714 4207 pec-

142 4230 411 4275 catorum.
425 4218 591 4275 Judmi
607 4221 748 4275 enim
764 4221 1004 4276 nolentes
1019 4223 1290 4278 Christum
1308 4226 1471 4279 Deum
1487 4243 1605 4282 esse
1627 4246 1716 4283 vc-

142 4326 264 4363 rum
304 4310 721 4378 nec'principem
744 4310 769 4349 ά
795 4311 1130 4381 indulgentiae
1156 4314 1464 4384 largitorem
1484 4358 1497 4380 ,
1530 4318 1716 4373 dicunt

138 4401 189 4452 ei
206 4399 508 4469 (Joau.vm,
523 4399 614 4468 57)
636 4418 647 4451 :
664 4400 1035 4469 quinquaginta
1055 4399 1218 4455 annos
1235 4406 1461 4459 nondum
1476 4409 1652 4469 habes,
1666 4422 1713 4462 et

1822 3340 1998 3386 tamen
2020 3347 2161 3395 eum,
2191 3334 2280 3400 qui
2308 3330 2662 3393 maledicitur,
2689 3342 2858 3397 usque
2883 3329 2949 3381 ad
2979 3326 3255 3381 interitum
3277 3340 3389 3379 ma-

1818 3419 2030 3473 ledictio
2072 3419 2339 3473 absorbet.
2389 3418 2575 3487 Itaque
2616 3432 2683 3471 ex
2729 3417 3013 3485 utriusque
3058 3415 3231 3483 partis
3284 3414 3390 3467 ﬁne

1818 3511 2105 3581 colligitur,
2135 3511 2257 3578 quia
2289 3510 2355 3563 ab
2380 3524 2503 3573 uno,
2523 3505 2577 3561 et'
2607 3508 2796 3562 intimo
2817 3507 2995 3577 judice
3014 3506 3068 3559 in
3089 3520 3241 3560 reum
3266 3518 3388 3560 sen-

1820 3599 1985 3650 tentia
2012 3607 2221 3667 sumpta
2242 3596 2531 3665 jaculatur.
2572 3615 2590 3648 ι

1890 3684 2039 3754 (Cap.
2067 3701 2129 3750 ιι,
2161 3702 2287 3737 rers.
2316 3684 2369 3748 2,
2400 3684 2451 3748 4,
2478 3683 2608 3754 etc.)
2640 3682 2791 3748 Quod
2820 3684 2963 3736 enim
2994 3680 3386 3737 abstrahendus

1820 3775 2020 3838 Helias,
2050 3775 2533 3842 atque-elevandus
2560 3774 2628 3827 ad
2651 3773 2870 3838 caelum,
2900 3772 3124 3841 jusserit
3151 3771 3384 3836 Heliseo,

1820 3873 1877 3915 ut
1907 3865 2165 3917 resideret
2191 3864 2244 3916 in
2269 3862 2503 3932 Galgalis
2536 3880 2546 3913 :
2578 3870 2670 3914 aut
2692 3862 2744 3914 in
2772 3861 2951 3915 Bethel
2977 3876 2995 3911 :
3023 3873 3115 3915 aut
3133 3861 3343 3915 Hierico
3365 3874 3384 3912 :

1817 3954 1928 4006 sive
1943 3951 2173 4006 Jordane
2206 3970 2216 4004 :
2246 3961 2298 4006 et
2324 3949 2410 4007 ille
2434 3966 2648 4019 semper
2666 3949 2928 4016 juraverit
2958 3966 3054 4018 per
3078 3950 3383 4015 Dominum,

1816 4045 1961 4111 quod
2004 4059 2107 4097 non
2151 4044 2476 4112 relinqueret
2513 4056 2655 4104 cum,
2694 4042 2797 4095 hoc
2840 4041 3102 4111 ﬁgurasse
3145 4042 3380 4105 videtur,

1816 4133 1959 4200 quod
1986 4133 2349 4201 apostolorum
2383 4133 2435 4185 in
2461 4146 2518 4185 se
2546 4129 2796 4183 habuerit
2822 4130 2987 4199 ﬁgura
3014 4170 3029 4195 ,
3053 4130 3145 4199 qui
3176 4132 3243 4185 ab
3264 4131 3379 4199 ipsa

1818 4223 2142 4276 revelatione
2186 4222 2307 4275 ﬁdei
2343 4220 2443 4291 (sic
2474 4223 2618 4275 enim
2670 4223 3055 4288 interpretatur
3101 4217 3379 4289 Calgala),

1816 4312 2033 4367 Christo
2056 4313 2282 4366 Domino
2310 4312 2582 4366 individuo
2611 4311 2945 4365 adhaerentes
2971 4322 3139 4376 usque
3160 4308 3212 4361 in
3237 4306 3379 4362 diem

1816 4401 2146 4454 ascensionis
2172 4398 2288 4466 ejus
2319 4400 2371 4452 in
2409 4400 2601 4454 caelum
2630 4400 2697 4453 ab
2726 4397 2842 4465 ejus
2876 4398 3131 4451 comitatu
3162 4410 3269 4449 non
3298 4409 3377 4451 re-

138 4490 2111 4579 Abrahamscidisti?HitalesfuturodiviniiguisincrndioDCBSSCI‘UHL
2164 4490 2403 4558 Cumque
2456 4491 2772 4544 transissent
2836 4488 3124 4541 Iordanem
3175 4484 3377 4579 (1M.

138 4578 576 4646 exstinguuntur,
594 4579 785 4633 tertius
810 4586 987 4633 autem
1024 4583 1041 4619 τ
1073 4583 1577 4653 quinquagenarius,
1609 4605 1711 4657 qua

140 4684 437 4723 conversus
467 4670 533 4723 ad
564 4670 722 4725 ﬁdem
758 4670 1059 4735 Trinitatis,
1085 4674 1417 4729 demonstrat
1446 4680 1713 4744 poeniten-

1816 4600 1944 4636 rers.
1974 4584 2049 4654 9),
2083 4583 2217 4635 dixit
2243 4581 2421 4635 Helias
2446 4582 2511 4635 ad
2532 4580 2800 4635 Heliseum
2831 4595 2845 4633 :
2880 4579 3099 4633 Postula
3119 4578 3257 4647 quod
3276 4579 3373 4643 vis,

1813 4682 1867 4723 ut
1894 4672 2084 4739 facium
2113 4672 2235 4734 tibi,
2270 4680 2545 4739 antequam
2574 4670 2733 4722 tollor
2762 4688 2792 4722 a
2829 4679 2897 4723 te.
2940 4669 3183 4738 Dixitque
3227 4666 3374 4722 Heli-

1810 4777 1927 4813 seus
1956 4774 1973 4809 :
2004 4762 2229 4822 obsecro,
2263 4768 2317 4811 ut
2344 4760 2436 4825 ﬁat
2471 4758 2662 4827 duplex
2684 4759 2893 4827 spiritus
2930 4768 3048 4810 tuus
3075 4758 3128 4810 in
3161 4773 3262 4811 me.

1883 4848 2189 4901 Secundum
2230 4847 2467 4900 historiae
2507 4848 2665 4900 ﬁdem
2708 4847 2902 4916 duplex
2948 4848 3168 4914 spiritus
3211 4844 3372 4902 Helia:

1810 4936 2021 4999 lleliseo
2053 4936 2275 4989 collatus
2302 4946 2415 4999 est,
2453 4937 2574 5003 quia
2604 4936 2769 4989 multo
2813 4936 2991 5003 plures
3018 4936 3240 4989 virtutes
3268 4934 3370 4989 He

1810 5028 2001 5091 liscus,
2035 5044 2195 5095 quam
2238 5027 2415 5080 Helias
2448 5034 2699 5096 operatus
2727 5035 2825 5081 est.
2863 5026 3207 5095 Tropulogice
3242 5042 3371 5081 vero

1810 5119 2000 5187 duplex
2032 5120 2249 5187 spiritus
2289 5118 2450 5171 Helia:
2525 5118 2737 5172 lleliseo
2777 5120 3065 5171 attributus
3096 5127 3199 5182 est,
3242 5120 3367 5188 quia

1808 5218 1927 5276 post
1980 5212 2347 5263 ascensionem
2397 5210 2605 5262 Domini
2654 5225 2749 5279 per
2801 5211 3083 5263 adventum
3133 5209 3367 5278 Spiritus

133 4762 230 4813 tiae
255 4768 613 4824 sacramenta,
648 4758 845 4812 idcirco
872 4760 938 4813 ad
969 4761 1350 4830 indulgentiam
1377 4768 1572 4819 meruit
1592 4784 1711 4837 per-

143 4850 347 4901 venire.
382 4850 406 4886 3
449 4847 733 4902 Sciendum
770 4856 853 4901 est
889 4850 1028 4915 quod
1063 4848 1337 4918 Scriptura
1383 4869 1535 4909 sacra
1586 4858 1711 4911 duo-

140 4940 237 4993 bus
264 4938 436 4992 modis
456 4937 781 4991 maledictum
806 4948 1065 4993 memorat
1092 4956 1104 4993 ε
1133 4942 1273 4995 aliud
1295 4944 1542 5000 videlicet
1562 4950 1702 5015 quod

140 5028 430 5098 approbat,
480 5028 623 5081 aliud
662 5028 801 5095 quod
831 5028 1047 5081 damnat
1088 5048 1099 5081 :
1130 5030 1285 5083 aliter
1313 5034 1455 5086 enim
1487 5036 1704 5090 maledi-

140 5127 284 5171 ctum
317 5114 589 5184 profertur
617 5115 817 5183 judicio
851 5114 1103 5183 justitiaa,
1144 5120 1305 5173 aliter
1333 5122 1501 5175 livore
1532 5125 1702 5177 vindi-

142 5206 273 5259 ctae.“
290 5204 629 5258 Maledictum
664 5206 858 5274 quippe
883 5204 1085 5271 judicio
1118 5206 1342 5273 justiti-.e
1374 5212 1487 5279 ipso
1530 5215 1701 5281 primo

207 5348 229 5374 ι
266 5333 535 5405 Hactenus
558 5331 854 5405 Gregorius
894 5349 905 5383 :
942 5335 1318 5401 subsequentia
1349 5353 1509 5405 porro
1534 5340 1697 5391 verba

142 5404 342 5457 Claudii
372 5416 489 5456 esse
518 5402 785 5472 videntur,
816 5416 917 5472 non
960 5405 1265 5457 vetustioris
1293 5402 1587 5472 scriptoris.

208 5476 233 5512 ι»
273 5472 505 5543 lsidorus
535 5485 650 5538 cap.
686 5471 708 5520 l
765 5472 817 5543 in
844 5470 946 5543 ιιι).
978 5472 1041 5543 lV'
1087 5473 1313 5543 licgum,
1340 5470 1457 5541 qua:
1485 5476 1567 5528 hic
1591 5485 1697 5529 tra-

141 5544 211 5595 dit
238 5542 514 5603 (Zlaudius,
545 5538 945 5607 expressissime
972 5541 1145 5595 docet.

207 5624 226 5649 ε
273 5610 414 5673 Qua.

205 5680 226 5717 ἀ
272 5679 597 5732 l’cenitentia'
620 5678 814 5741 dicunt,
843 5686 946 5730 etc.

210 5763 229 5787 υ
263 5748 447 5803 Nosti?

1885 5340 1901 5377 τ
1933 5338 2196 5407 Cognorit.

1878 5411 1901 5447 ε
1940 5411 2064 5473 Quze
2094 5417 2391 5476 sequuntur
2427 5410 2605 5461 omnia
2636 5410 2699 5462 ad
2732 5409 2832 5463 loci
2870 5408 3026 5475 hujus
3056 5410 3362 5478 explicatio-

1807 5494 1926 5549 nem
1965 5480 2258 5549 desumpsit
2306 5480 2554 5549 Claudius
2589 5495 2651 5531 ex
2698 5495 2813 5549 cap.
2864 5481 2914 5543 l,
2950 5480 3084 5533 alias
3122 5494 3267 5534 num.
3306 5480 3363 5545 2,

1806 5546 1927 5617 Μηνὶ
1956 5564 2004 5598 tv
2034 5547 2307 5600 Moralium
2336 5548 2389 5601 S.
2416 5548 2676 5617 Gregorii.

1877 5614 1899 5651 ³·
1930 5616 2055 5666 Cum
2089 5633 2224 5667 vero.

1885 5688 1896 5724 ί
1937 5684 2100 5737 Mula.
