3912 6338
518 378 617 433 771

1588 368 1862 424 CLAUDII
1900 362 2355 421 TAURINENSIS
2395 363 2698 421 EPISCOPI

3663 366 3760 420 772

514 489 689 549 sancti
716 486 908 555 duplex
954 484 1315 556 intelligentiae
1350 484 1545 537 donum
1567 524 1581 544 ,
1619 482 1720 537 hoc
1745 491 1829 536 est
1855 480 2081 541 Veteris,
2116 478 2163 535 Α
2190 478 2542 546 cmigrarunt,
2570 478 2637 532 de
2660 492 2763 547 qna
2798 477 2887 532 ille
2914 485 3091 532 tamen
3116 493 3218 532 non
3252 487 3449 540 morte,
3476 479 3573 533 sed
3596 488 3762 534 trans-

516 599 579 639 ac
606 582 737 636 Novi
772 579 1127 643 Testamenti,
1152 577 1422 646 Apostolis
1448 584 1530 631 est
1561 575 1833 629 collatum.

587 672 777 744 (Ibid.,
803 686 934 723 vers.
966 668 1073 739 ll.)
1117 667 1349 735 Cuntque
1396 674 1683 736 pergerent,
1716 673 1761 717 et
1793 664 2085 717 incedentes

511 764 990 818 sermocinarentur
1014 773 1030 809 :
1054 776 1169 812 ecce
1195 775 1378 810 currus
1402 757 1600 826 igneus,
1632 765 1677 807 et
1700 756 1815 824 equi
1842 755 1977 823 ignei
2006 753 2085 807 di-

510 852 739 905 riserunt
764 860 1070 916 utrumque;
1097 857 1143 901 et
1174 848 1406 900 ascendit
1432 845 1611 899 Helias
1631 862 1723 913 per
1743 845 2000 897 turbinem
2030 844 2083 897 in

510 942 716 996 caelum.
752 939 992 993 Heliseus
1034 949 1210 992 autem
1239 937 1474 999 videbat,
1509 946 1556 988 et
1585 935 1842 988 clamabat
1876 949 1894 986 :
1924 933 2088 988 Pater

511 1033 601 1092 mi,
636 1039 784 1101 pater
814 1030 919 1093 mi,
957 1046 1145 1083 currus
1171 1026 1372 1091 Israel,
1408 1036 1455 1080 et
1484 1027 1667 1094 auriga
1706 1026 1843 1094 ejus,
1896 1033 1943 1077 et
1984 1040 2087 1077 non

514 1124 642 1177 vidit
663 1139 781 1176 eum
818 1121 1063 1191 amplius.

581 1210 786 1267 Currus
814 1211 995 1273 lsrael,
1018 1213 1122 1266 hoc
1149 1218 1231 1264 est
1255 1218 1432 1265 mente
1452 1208 1746 1262 videntium
1769 1205 2078 1269 Dominum,

511 1318 616 1358 non
654 1304 945 1370 incongrue
990 1300 1249 1354 Dominus
1295 1300 1450 1353 Jesus
1484 1297 1735 1353 Christus
1784 1297 2080 1364 accipitur,

509 1392 601 1460 qui
627 1392 829 1445 electos
865 1405 991 1444 suos
1016 1390 1285 1457 patienter
1315 1387 1617 1448 tolerando.
1658 1387 1803 1441 velut
1832 1386 1885 1439 in
1920 1401 2083 1440 curru

510 1487 712 1549 portat,
762 1487 922 1546 atque
972 1492 1070 1546 per
1118 1477 1577 1545 praedicationem,
1636 1482 1690 1529 et
1743 1474 2083 1542 disciplinam

510 1584 664 1622 suam
700 1569 840 1623 sicut
863 1568 1047 1636 auriga
1074 1564 1269 1636 agitat.
1295 1565 1569 1619 Moralitcr
1589 1572 1789 1618 autem.
1818 1575 1843 1606 α
1889 1582 1908 1613 ί
1942 1562 2081 1629 Quid

511 1666 595 1712 est
620 1659 762 1727 quod
789 1657 971 1714 llelias
992 1672 1185 1711 currus
1206 1655 1387 1720 Israel,
1415 1659 1469 1708 et
1496 1653 1680 1723 auriga
1709 1652 1908 1706 dicitur
1934 1671 1945 1705 :
1977 1652 2081 1707 nisi

512 1748 639 1817 quia
683 1748 865 1818 auriga
900 1747 1101 1815 agitat,
1146 1754 1199 1800 et
1228 1760 1421 1799 currus
1461 1743 1673 1813 portat?
1702 1743 1900 1797 Doctor
1926 1758 2078 1814 ergo,

509 1841 600 1909 qni
635 1856 810 1893 mores
850 1840 1055 1908 pepuli,
1085 1846 1137 1892 et
1162 1854 1260 1907 per
1284 1839 1597 1908 patientiam
1624 1838 1887 1901 sustinet,
1914 1845 1968 1891 et
1995 1852 2081 1890 sa-

512 1930 589 1984 cri
613 1930 810 1999 eloquii
836 1930 1017 1985 verbis
1038 1928 1212 1992 docet,
1254 1938 1306 1983 et
1339 1945 1525 1981 currus
1551 1928 1762 1984 dicitur.
1791 1934 1846 1981 et
1871 1928 2079 1996 auriga.

505 2017 745 2083 Currus,
788 2019 913 2087 quia
944 2018 1224 2073 tolerando
1260 2025 1441 2087 portat
1471 2034 1482 2069 :
1512 2015 1719 2085 auriga,
1752 2016 1877 2084 quia
1916 2029 2083 2083 popu-

510 2112 616 2165 lum
650 2113 806 2167 bonis
832 2111 1291 2185 admonitionibus
1325 2116 1561 2162 exercet.
1593 2108 1621 2146 b
1650 2106 1789 2173 Quid
1818 2114 1899 2161 est
1940 2106 2082 2175 quod

513 2204 691 2259 Helias
714 2202 780 2257 ad
815 2202 1011 2257 cmlum
1042 2209 1227 2270 raptus
1262 2214 1382 2254 esse
1410 2199 1641 2253 dicitur?
1674 2196 1924 2265 Nunquid
1956 2210 2081 2248 nam

510 2309 635 2348 eum
666 2294 841 2348 adhuc
877 2293 928 2346 in
970 2292 1075 2345 hac
1115 2306 1278 2345 carne
1318 2288 1653 2358 corruptibili
1696 2288 1964 2356 positum,
2016 2284 2081 2338 ad

509 2382 652 2437 illius
683 2395 906 2436 summa:
946 2380 1145 2449 quietis
1192 2381 1388 2439 sinum,
1433 2386 1560 2433 ante
1607 2377 2079 2437 resurrectionem,

508 2473 984 2539 ascensionemque
1012 2470 1253 2531 Domini,
1287 2467 1555 2521 credimus
1583 2481 1701 2519 esse
1729 2463 2081 2534 perductum?

509 2559 614 2615 Sed
645 2559 789 2615 aliud
814 2567 897 2612 est
927 2558 1121 2612 cmlum
1151 2570 1368 2611 aereum
1387 2596 1401 2617 ,
1436 2553 1581 2608 aliud
1608 2556 1902 2607 :etliereum
1927 2570 1939 2605 :
1970 2566 2082 2606 cas-

513 2649 625 2703 lum
666 2649 864 2718 quippe
902 2662 1119 2702 aereum
1159 2654 1318 2700 terra:
1355 2653 1441 2699 est
1476 2644 1778 2714 proximum
1849 2644 1991 2697 unde
2027 2651 2080 2698 et

505 2756 621 2799 aves
648 2740 759 2793 caeli
784 2738 1042 2801 dicimus,
1075 2738 1198 2807 quia
1219 2752 1311 2791 eas
1338 2736 1561 2789 volitare
1588 2736 1639 2788 in
1662 2750 1789 2789 aere
1809 2734 2074 2789 videmus.

500 2828 564 2885 In
600 2828 797 2883 coelum
835 2830 1014 2895 itaque
1055 2843 1269 2881 aereum
1303 2827 1481 2880 Helias
1520 2826 1831 2880 sublevatus
1860 2834 1985 2889 est,
2020 2833 2081 2879 ut

507 2922 563 2975 in
596 2928 804 2975 secreta
836 2930 858 2957 ο
889 2920 1120 2989 quadam
1151 2928 1309 2972 terra:
1346 2918 1562 2987 regione
1604 2922 1820 2985 repente
1854 2917 2079 2971 ducere-

505 3022 613 3076 tur,
644 3011 734 3065 ubi
765 3011 816 3063 in
854 3024 1043 3078 magna
1066 3008 1179 3075 jam
1228 3010 1408 3063 carnis
1450 3015 1504 3061 et
1543 3007 1765 3075 spiritus
1791 3008 1972 3076 quiete
1999 3007 2081 3060 vi-

2188 569 2386 621 latione
2412 569 2681 637 migravit.
2728 567 2846 623 Jam
2886 568 3067 637 itaque
3107 569 3305 637 aliquid
3345 570 3545 624 melius
3575 569 3764 634 habet,

2186 675 2349 728 qnam
2382 660 2436 714 in
2474 661 2575 715 hac
2615 660 2728 725 vita
2766 668 2968 730 posset,
3002 662 3246 728 quamvis
3290 663 3535 716 nondum
3586 662 3762 724 habet,

2186 749 2329 817 quod
2355 764 2420 803 ex
2456 750 2558 804 hac
2585 749 2694 803 vita
2730 756 2878 806 recte
2914 759 3063 819 gesta
3087 750 3142 803 in
3178 750 3287 804 line
3312 752 3599 807 habiturus
3639 762 3762 805 est:

2186 852 2285 906 pro
2310 839 2464 893 nobis
2494 838 2639 894 enim
2666 838 2887 894 meliora
2921 840 3274 909 providerunt
3320 839 3510 910 (Hebr.
3536 856 3618 904 ιι,
3651 841 3765 907 ιο).

2186 942 2255 982 ne
2281 929 2398 981 sine
2420 927 2573 981 nobis
2592 926 2815 996 perfecti
2843 926 3381 995 perﬁcerentur.,Aut
3400 929 3445 981 si
3475 931 3763 997 quisquam

2186 1024 2340 1084 putat
2381 1018 2484 1071 hoc
2512 1015 2719 1073 lleliam
2763 1016 2962 1070 mereri
2999 1032 3106 1070 non
3132 1017 3401 1085 potuisse,
3432 1019 3478 1071 si
3521 1020 3767 1074 duxisset

2186 1122 2444 1172 uxorem,
2481 1106 2725 1177 ﬁliosque
2786 1116 3129 1176 procreasset
3166 1108 3425 1178 (creditur
3459 1111 3607 1163 enim
3659 1126 3765 1163 non

2186 1199 2467 1263 habuisse,
2499 1201 2624 1268 quia
2652 1202 2756 1257 hoc
2795 1199 3072 1269 Scriptura
3104 1215 3207 1254 non
3234 1201 3399 1259 dixit.
3433 1204 3687 1268 quamvis
3716 1216 3768 1257 et

2187 1289 2254 1344 de
2304 1291 2534 1345 celibatu
2578 1291 2696 1359 ejus
2734 1291 2867 1345 nihil
2895 1291 3138 1361 dixerit),
3168 1293 3295 1361 quid
3328 1293 3396 1346 de
3440 1292 3632 1346 Enoch
3681 1309 3767 1347 re-

2185 1380 2488 1447 spondebit,
2536 1382 2627 1450 qui
2659 1381 2782 1436 ﬁliis
2809 1383 3001 1453 genitis
3040 1383 3150 1437 Deo
3177 1383 3394 1451 placens
3418 1423 3432 1446 ,
3483 1399 3590 1439 non
3620 1401 3754 1439 mor-

2188 1478 2343 1533 tuus,
2411 1470 2506 1524 sed
2550 1472 2842 1526 translatus
2876 1473 2995 1537 est?
3026 1471 3234 1542 (Cenes.
3267 1488 3319 1538 v,
3358 1473 3449 1537 Si,
3486 1474 3606 1543 ει.)
3657 1475 3767 1529 Cur

2183 1573 2314 1629 ergo
2339 1567 2394 1613 et
2414 1559 2605 1625 Adam,
2647 1569 2703 1617 et
2728 1562 2860 1625 Eva,
2894 1562 2938 1617 si
2962 1561 3110 1630 juste
3139 1562 3403 1626 viventes,
3436 1572 3585 1617 caste
3622 1564 3765 1617 ﬁlios

2182 1658 2590 1716 procreassent,
2635 1664 2813 1705 nonne
2841 1652 2921 1707 eis
2959 1660 3179 1721 possent
3220 1653 3601 1718 translatione,
3656 1670 3763 1708 non

2185 1750 2357 1796 morte
2390 1743 2806 1798 succedentibus
2830 1744 3055 1798 cedere?
3093 1743 3227 1801 Nam
3258 1745 3303 1799 si
3325 1746 3534 1809 Enocb,
3568 1754 3627 1799 et
3652 1745 3761 1799 He-

2184 1834 2281 1888 lias
2302 1834 2356 1888 in
2378 1834 2550 1889 Adam
2574 1836 2791 1899 mortui,
2821 1836 3117 1905 mortisque
3135 1836 3485 1907 propaginem
3508 1837 3562 1890 in
3586 1850 3761 1892 carne

2180 1932 2472 1993 gestantes,
2497 1925 2639 1993 quod
2662 1925 2983 1984 debitum‘ut
3017 1926 3246 1991 solvant,
3276 1927 3568 1985 creduntur
3591 1928 3763 1981 etiam

2182 2013 2405 2068 redituri
2432 2014 2497 2069 ad
2523 2014 2661 2067 hanc
2688 2015 2878 2080 vitam,
2904 2022 2959 2070 et
2989 2015 3131 2083 quod
3159 2016 3346 2069 tandiu
3392 2016 3623 2069 dilatum
3656 2027 3761 2077 est,

2181 2105 2429 2159 morituri
2466 2123 2479 2157 :
2518 2120 2662 2159 nunc
2700 2114 2880 2161 tamen
2927 2112 2983 2160 in
3018 2106 3121 2161 alia
3155 2107 3264 2161 vita
3311 2116 3476 2171 sunt,
3514 2108 3606 2173 ubi
3640 2119 3764 2162 ante

2182 2197 2633 2251 resurrectionem
2663 2198 2864 2263 carnis,
2900 2207 3188 2268 antequam
3215 2199 3448 2253 animale
3480 2214 3685 2267 corpus
3708 2201 3759 2252 in

2181 2288 2459 2356 spirituale
2493 2296 2752 2353 mutetur,
2792 2304 2892 2343 nec
2929 2288 3139 2353 morbo,
3184 2305 3285 2344 nec
3323 2300 3602 2345 senectute
3632 2290 3764 2344 deli—

2182 2380 2335 2433 ciunt
2379 2398 2391 2432 :
2436 2390 2641 2449 quanto
2676 2380 2915 2448 iustius,
2982 2392 3142 2450 atque
3186 2383 3519 2451 probabilius
3569 2383 3764 2451 primis

2182 2470 2285 2523 illis
2307 2470 2613 2547 hominibus
2632 2478 2999 2539 praestaretur,
3013 2470 3130 2525 sine
3150 2471 3257 2525 ullo
3271 2486 3387 2533 suo,
3405 2480 3763 2541 parentumve

2178 2566 2402 2626 peccato
2442 2558 2767 2625 viventibus,
2810 2568 2870 2612 ut
2910 2559 2965 2611 in
2990 2558 3268 2613 meliorem
3295 2560 3531 2628 aliquem
3558 2568 3760 2613 statum

2180 2649 2304 2704 ﬁliis
2331 2651 2528 2721 genitis
2556 2650 2839 2714 cederent,
2872 2650 3015 2704 unde
3045 2650 3242 2705 saeculo
3276 2650 3429 2705 [inito
3462 2664 3589 2703 cum
3614 2651 3762 2703 omni

2178 2742 2535 2810 prosperitate
2568 2750 2899 2807 sanctorum,
2940 2742 2994 2795 in
3040 2741 3335 2810 angelicam
3378 2739 3613 2794 formam
3656 2754 3761 2793 non

2177 2844 2276 2898 per
2305 2831 2486 2885 carnis
2516 2838 2767 2897 mortem,
2803 2832 2899 2886 sed
2924 2846 3024 2901 per
3046 2831 3141 2886 Dei
3168 2833 3423 2887 virtutem
3448 2836 3623 2891 multo
3647 2837 3763 2892 feli-

2179 2920 2295 2973 cius
2318 2929 2679 2975 mutarentur.

2249 3010 2355 3081 (IV
2378 3011 2503 3081 Reg.
2531 3027 2592 3078 Il,
2630 3028 2760 3067 vers.
2794 3012 2884 3078 12,
2918 3020 2965 3067 et
2993 3012 3105 3082 {5.)
3128 3012 3579 3085 Appreltendilque
3608 3020 3764 3071 uesti-

506 3108 677 3162 veret,
728 3114 1006 3168 quousque
1036 3099 1104 3152 ad
1132 3096 1292 3150 tinem
1338 3096 1521 3151 mundi
1553 3097 1755 3158 redeat.
1801 3105 1857 3151 et
1886 3098 2079 3151 mortis
2103 3116 2151 3179 ε
2182 3109 2354 3155 menta
2377 3118 2497 3165 sua,
2534 3111 2582 3155 et
2611 3101 2764 3155 scidit
2789 3101 2885 3155 illa
2908 3102 2964 3155 in
2991 3101 3125 3155 duas
3142 3112 3335 3171 partes,
3369 3113 3419 3156 et
3440 3103 3628 3159 levarit
3654 3108 3742 3175 ραι

503 3189 743 3244 debitum
776 3188 965 3243 solvat.
998 3187 1318 3242 Sublevatns
1346 3202 1576 3255 namque
1600 3185 1780 3240 Helias
1804 3185 2075 3241 ascensio-

504 3295 627 3333 nem
654 3279 977 3333 dominicam
1005 3280 1330 3350 designavit;
1362 3278 1448 3332 ille
1475 3278 1618 3333 enim
1650 3286 1877 3332 mortem
1906 3277 2076 3332 distu-

506 3370 590 3435 lit,
618 3386 724 3424 non
749 3372 946 3439 evasit.
976 3369 1305 3439 Redemptor
1338 3379 1518 3425 autem
1560 3376 1775 3433 noster,
1805 3367 1932 3437 quia
1969 3381 2076 3421 non

509 3463 736 3526 distulit,
766 3463 859 3517 sed
888 3462 1181 3531 superavit,
1221 3475 1449 3529 eamque
1476 3459 1805 3528 resurgendo
1824 3473 2077 3513 consum-

509 3551 689 3623 psit,d
736 3562 953 3606 aeterna:
995 3550 1408 3605 resurrectionis
1464 3564 1574 3603 sua:
1613 3548 1839 3616 gloriam
1888 3561 2078 3601 ascen-

508 3643 685 3699 dendo
719 3641 1032 3696 declaravit.
1066 3640 1368 3697 Notandum
1398 3654 1611 3709 quoque
1645 3648 1761 3703 est,
1792 3640 1937 3707 quod
1974 3637 2079 3693 lle-

512 3734 615 3788 lias
646 3732 697 3786 in
730 3745 892 3785 curru
924 3729 1123 3799 legitur
1152 3730 1492 3791 ascendisse.
1529 3738 1587 3781 ut
1616 3728 1865 3783 videlicet
1894 3736 2081 3797 aperte

512 3826 946 3882 monstraretur,
995 3818 1120 3886 quia
1160 3832 1328 3886 purus
1381 3817 1543 3871 homo
1590 3815 1856 3885 adiutorio
1888 3820 2081 3885 egebat

511 3913 707 3967 alieno.
747 3910 849 3964 Per
891 3909 1109 3977 angelos
1155 3908 1353 3978 quippe
1402 3907 1489 3961 illa
1532 3907 1713 3972 facta,
1763 3916 1817 3963 et
1867 3918 2081 3962 ostensa

509 4010 636 4058 sunt
671 4000 977 4069 adiumenta
998 4038 1012 4061 ,
1044 3998 1167 4066 quia
1210 4012 1310 4051 nec
1355 3997 1423 4049 ad
1464 3996 1658 4050 coelum
1697 4006 1720 4033 ο
1746 3994 1962 4063 quidem
1993 4010 2084 4049 ae-

510 4108 661 4147 reum
702 4104 799 4159 per
833 4101 892 4144 se
919 4088 1213 4142 ascendere
1252 4094 1485 4156 poterat,
1521 4099 1682 4154 quem
1720 4094 1933 4151 natura:
1972 4100 2083 4139 sua:

512 4181 798 4237 inﬁrmitas
837 4178 1111 4249 gravabat.
1150 4175 1475 4243 Redemptor
1499 4183 1681 4228 autem
1712 4182 1926 4237 noster,
1978 4189 2085 4229 non

510 4288 699 4335 curru,
732 4284 837 4325 non
870 4266 1075 4338 angelis
1120 4263 1430 4320 sublevatus
1470 4261 1686 4332 legitur,
1732 4262 1860 4331 quia
1894 4263 1963 4327 is,
1994 4267 2085 4333 qui

511 4362 716 4417 fecerat
758 4358 965 4422 omnia,
1005 4355 1260 4411 nimirum
1304 4366 1467 4420 super
1490 4352 1695 4415 omnia,
1744 4366 1841 4405 sua
1888 4354 2089 4408 virtute

2178 3189 2308 3248 lium
2343 3189 2514 3246 Helia:
2538 3230 2553 3255 ,
2604 3190 2745 3261 quod
2782 3190 3039 3245 ceciderat
3076 3190 3146 3243 ei.
3180 3190 3428 3247 Heliseus
3468 3195 3615 3250 enim
3660 3186 3763 3249 De.

2177 3280 2331 3343 mini,
2361 3295 2425 3334 ac
2450 3280 2826 3349 Redemptoris
2850 3282 3023 3335 nostri
3046 3282 3275 3354 ﬁguram
3302 3288 3557 3353 gestavit.
3583 3285 3764 3340 Vesti-

2178 3379 2358 3426 menta
2379 3384 2507 3424 vero
2529 3370 2671 3424 illius
2700 3370 2899 3423 veteris
2929 3371 3230 3424 testamenti
3258 3374 3591 3441 accipiendae
3634 3384 3761 3429 sunt

2179 3458 2505 3529 Scriptum,
2538 3474 2655 3527 qua:
2686 3467 2815 3513 tunc
2841 3458 3040 3521 scissae,
3080 3457 3183 3513 hoc
3217 3468 3331 3527 est,
3372 3461 3627 3517 revelata:
3662 3464 3757 3515 ho-

2180 3549 2418 3605 minibus
2437 3557 2583 3614 sunt,
2610 3548 2825 3619 quando
2851 3564 2950 3618 per
2974 3551 3302 3617 passionem,
3328 3560 3383 3605 et
3406 3555 3758 3606 resurrectio-

2179 3654 2325 3703 nem,
2356 3639 2471 3694 sive
2496 3637 2869 3694 ascensionem
2892 3638 3061 3706 ipsius
3087 3639 3142 3693 in
3166 3639 3335 3694 ccelos
3360 3630 3587 3708 expleta:
3608 3651 3757 3695 sunt.

2178 3728 2410 3784 Pallium
2432 3743 2560 3786 vero
2586 3728 2754 3784 Heliae
2776 3729 2845 3784 ab
2870 3728 3083 3783 Heliseo
3109 3728 3392 3783 collectum
3415 3732 3590 3785 virtus
3614 3734 3761 3787 acci-

2176 3820 2375 3888 pienda
2408 3826 2492 3873 est
2544 3819 2722 3883 Verbi,
2755 3834 2920 3887 quam
2964 3818 3032 3873 ad
3078 3817 3482 3889 gloriﬁcandam
3537 3836 3762 3877 carnem

2182 3926 2335 3966 suam
2362 3910 2562 3963 mundo
2584 3908 2824 3979 reliquit.

2254 3999 2434 4070 (Vers.
2473 4000 2560 4062 19,
2602 4009 2650 4052 et
2676 3997 2908 4070 subseq.)
2946 3997 3222 4054 Habitanti
3252 3999 3465 4057 Heliseo
3493 4006 3551 4056 in
3579 4004 3757 4060 Hieri-

2185 4106 2269 4154 co,
2313 4098 2557 4144 rencrunt
2586 4088 2656 4140 ad
2691 4104 2811 4141 eum
2846 4089 2941 4141 uiri
2981 4090 3205 4143 civitatis
3227 4130 3243 4153 ,
3272 4099 3319 4144 et
3364 4091 3616 4145 dixerunt
3667 4097 3715 4148 ei
3740 4111 3757 4146 :

2187 4178 2323 4233 Ecce
2344 4177 2597 4232 habitatio
2612 4176 2833 4230 ciuitatis
2858 4176 3017 4245 hujus
3040 4177 3189 4231 valde
3211 4181 3402 4248 optima
3425 4192 3523 4246 est,
3551 4195 3606 4235 sit
3627 4185 3757 4253 ipse,

2187 4282 2243 4324 tu
2269 4268 2510 4332 Domine,
2536 4268 2804 4337 perspicis,
2833 4266 2925 4321 sed
2952 4284 3102 4338 aqum
3119 4270 3356 4338 pessima:
3374 4282 3519 4336 sunt,
3544 4286 3595 4328 et
3616 4285 3758 4330 terra

2191 4361 2403 4415 sterilis.
2425 4358 2599 4413 Atille
2623 4358 2700 4411 ait
2720 4371 2739 4410 :
2764 4357 2805 4410 Δ
2812 4358 2962 4426 [ferte
2992 4358 3119 4411 mihi
3144 4376 3230 4413 vos
3254 4376 3441 4414 novum
3460 4402 3474 4426 ,
3498 4374 3547 4417 et
3576 4366 3758 4419 mittite

510 4451 787 4507 ferebatur
818 4465 830 4501 :
863 4445 990 4501 illuc
1019 4444 1219 4500 etenim
1260 4442 1631 4496 revertebatur
1651 4479 1667 4505 ,
1704 4442 1796 4495 ubi
1835 4450 1954 4496 erat
1976 4484 1990 4504 ,
2027 4452 2083 4498 et
2107 4440 2160 4499 D
2185 4456 2239 4509 ίη
2280 4470 2339 4507 ιο
2369 4453 2467 4505 sal.
2499 4449 2654 4516 Quod
2680 4463 2797 4501 cum
2827 4447 3149 4513 attulissent,
3200 4466 3434 4519 egressus
3462 4454 3533 4506 ad
3564 4454 3757 4523 fontem

513 4545 640 4599 inde
668 4541 899 4605 redibat,
940 4539 1033 4593 ubi
1067 4538 1087 4576 ί
1122 4536 1406 4600 manebat,
1450 4534 1579 4603 quia
1610 4548 1732 4589 cum
1770 4546 1864 4600 per
1892 4532 2084 4585 huma-

516 4638 738 4692 nitatem
767 4628 1082 4687 ascenderet
1112 4627 1167 4681 in
1202 4626 1418 4690 calum,
1451 4638 1548 4693 per
1571 4622 1903 4677 divinitatem
1928 4636 2082 4676 suam

514 4740 570 4785 et
598 4738 792 4783 terram
820 4723 1024 4794 pariter
1052 4719 1393 4782 continebat,
1435 4725 1491 4770 et
1533 4714 1748 4774 eodem.
1782 4734 1801 4767 ι
1840 4716 1864 4753 ε
1901 4712 2083 4783 Neque

511 4822 659 4880 cnim
684 4815 1057 4873 arbitrandum
1084 4819 1168 4865 est
1198 4808 1405 4866 lleliam
1431 4805 1515 4861 vel
1540 4805 1620 4861 sic
1644 4820 1764 4859 esse
1780 4803 1915 4872 jam,
1942 4805 2083 4859 sicut

515 4914 543 4953 ι
576 4918 735 4966 erunt
759 4906 952 4968 sancti,
983 4901 1195 4972 quando
1221 4906 1439 4968 peracto
1462 4894 1641 4965 operis
1671 4894 1775 4960 die,
1803 4896 2081 4949 denarium

519 5002 721 5071 pariter
744 4994 1014 5064 accepturi
1048 4999 1173 5047 sunt
1202 4988 1419 5059 (Matth.
1451 5001 1546 5051 xx,
1583 4985 1675 5057 ευ)
1702 5002 1716 5039 :
1746 4984 1831 5038 vel
1858 4986 1936 5040 sic
1959 5001 2089 5054 qne-

519 5089 863 5148 madmodum
887 5092 1009 5139 sunt
1048 5080 1321 5144 homines,
1360 5079 1451 5146 qui
1480 5091 1546 5131 ex
1578 5076 1681 5130 ista
1719 5075 1827 5131 vita
1854 5077 2088 5129 nomium

596 5235 621 5261 ⁸
650 5214 1056 5285 διιδςοαιιωιιὶτιγ
1076 5209 1242 5285 habes
1265 5208 1440 5276 primo
1462 5205 1701 5285 quidem“
1720 5205 2090 5285 num._1iiﬂl.o-

524 5275 685 5347 milia:
709 5292 736 5341 7
786 5275 1134 5344 iii-Ezechiel,
1186 5287 1295 5332 tum
1341 5292 1485 5330 num.
1526 5275 1558 5328 5
1590 5284 1641 5327 et
1672 5275 1703 5328 6
1729 5276 1909 5328 homil.
1941 5276 2009 5328 ‘29
2036 5278 2089 5328 in

526 5364 929 5483 ﬁtﬁt'lfl’aetenus
959 5424 1105 5477 hom.
1140 5419 1169 5471 7
1212 5419 1265 5471 in
1305 5416 1493 5469 Ezech.
1526 5429 1589 5467 ex
1624 5414 1762 5466 hom.
1801 5414 1851 5467 in
1882 5413 2089 5483 Evang.

597 5511 619 5539 ο
653 5501 917 5552 Secretam
940 5493 1226 5559 regionem.

595 5569 622 5607 ει
656 5568 722 5621 lit
757 5559 1166 5631 resurrectionis.

599 5650 623 5677 ε
654 5636 805 5701 Quod
834 5644 929 5685 est.

600 5707 621 5746 ⁸
644 5703 976 5760 Remauebut.

2186 4556 2447 4613 aquarum
2474 4539 2613 4593 misit
2646 4540 2703 4592 in
2724 4554 2846 4591 eum
2878 4536 2993 4600 sal,
3023 4547 3072 4591 et
3100 4539 3175 4591 ait
3206 4551 3224 4589 :
3255 4538 3387 4593 Hae
3419 4543 3549 4597 dicit
3577 4545 3755 4599 Domi-

2188 4655 2286 4691 nus
2314 4649 2333 4687 :
2364 4634 2561 4691 δαηαυὶ
2586 4649 2753 4703 aquas
2774 4632 2886 4694 ltus,
2916 4640 2967 4684 et
2993 4647 3096 4685 non
3116 4632 3214 4686 erit
3240 4633 3294 4686 in
3315 4635 3390 4687 eis
3410 4651 3577 4701 mors,
3602 4656 3756 4707 neque

2185 4723 2452 4778 sterilitas.
2475 4720 2688 4777 Sanane
2709 4729 2829 4775 sunt
2852 4735 2973 4788 ergo
2990 4736 3141 4790 aqua
3164 4737 3325 4791 usque
3344 4724 3413 4776 ad
3428 4725 3573 4779 diem
3591 4727 3724 4781 hanc
3737 4768 3751 4791 .

2178 4815 2339 4884 juxta
2360 4812 2566 4867 rerburn
2596 4810 2815 4876 Helisei,
2846 4810 2984 4881 quod
3012 4810 3215 4864 locutus
3247 4821 3342 4866 est.

2264 4903 2280 4941 ί
2321 4899 2783 4955 ΟἰνίιδςἨίθῐίοο
2824 4898 3007 4951 mundi
3038 4898 3198 4967 hujus
3218 4902 3586 4973 prasignabat
3623 4907 3754 4977 agn.

2186 5006 2305 5046 ram
2331 5030 2346 5055 ,
2382 4988 2536 5056 cujus
2567 4988 2829 5043 habitatio
2863 4987 3156 5041 secundum
3196 4990 3491 5046 conditoris
3528 4997 3755 5049 creatio-

2190 5095 2334 5141 nem,
2367 5094 2475 5133 non
2504 5077 2819 5146 simpliciter
2847 5083 3054 5130 tantum
3073 5115 3091 5140 ,
3130 5077 3226 5132 sal
3254 5078 3428 5144 valde,
3462 5089 3527 5134 ut
3552 5083 3626 5137 ab
3646 5098 3756 5137 om-

2269 5218 2293 5255 ε
2318 5212 2593 5290 llactenus
2633 5208 2924 5290 Gregorius
2959 5208 3077 5290 lgco
3105 5208 3288 5290 citato.
3334 5209 3567 5290 Deliam
3590 5213 3756 5290 habes

2200 5285 2266 5338 ab
2304 5281 2600 5350 Augustino
2622 5277 2817 5332 tradita
2834 5291 2953 5345 cap.
2975 5277 3031 5343 6,
3054 5293 3201 5332 num.
3227 5280 3315 5343 η,
3336 5277 3552 5336 λίπῃ-ἴα
3572 5283 3639 5337 de
3659 5282 3757 5336 Ge-

2200 5353 2312 5407 nesi
2338 5358 2402 5403 ad
2435 5350 2690 5403 litteram.

2271 5423 2296 5460 ll
2356 5419 2493 5470 Edit.
2532 5426 2671 5469 sunt.

2279 5492 2293 5529 ί
2330 5487 2747 5553 Explicationem
2772 5482 2913 5536 hanc
2935 5481 3144 5553 excepit
3158 5483 3228 5553 ab
3248 5482 3459 5539 Isidoro
3484 5484 3754 5543 Claudius

2201 5559 2293 5613 sed
2320 5551 2600 5613 verborum
2631 5552 2869 5605 ordinem
2894 5551 3135 5619 nonnihil
3154 5552 3487 5608 immolavit.
3511 5554 3647 5610 Vide
3668 5566 3756 5608 ca-

2202 5637 2295 5698 put
2317 5626 2351 5677 2
2372 5624 2557 5678 lsidori
2581 5624 2634 5675 in
2671 5621 2761 5675 lib.
2799 5619 2861 5673 IV
2892 5617 3117 5688 Regum.
