3912 6314
149 353 254 408 775

791 352 956 421 QUAE
966 353 1046 408 ST
1053 352 1254 410 lONES
1293 354 1443 409 XXX
1481 351 1706 410 SUPER

1816 351 1990 408 BROS
2031 351 2292 411 REGUM.
2333 387 2402 396 -—
2442 357 2643 412 LIBER
2677 357 2767 412 IV.

3304 360 3411 420 77b

145 464 305 519 nibus
324 463 586 528 cernitur,
610 465 810 533 optima
831 475 914 520 est
938 485 950 518 :
977 483 1129 536 aqua:
1151 483 1279 521 vero
1297 468 1439 520 illius
1458 459 1726 535 pessima},
1758 470 1805 527 A
1833 466 2064 531 gratiam
2087 468 2410 537 evangelicae
2449 472 2849 538 prmdicationis
2873 473 3013 527 intra
3053 473 3288 530 litteram
3331 478 3410 533 le-

146 555 389 609 doctrina
413 565 492 609 est
513 556 820 624 accipienda
847 558 1313 629 phiIOSOphorum,
1337 568 1392 613 et
1415 567 1720 628 poetarum,

145 645 423 698 hominum
470 645 721 699 videlicet
759 655 967 701 mentes
1002 650 1068 703 ad
1107 649 1410 704 daemonum
1440 650 1637 713 cultus,
1672 658 1725 704 et

143 731 460 794 libidinem,
499 741 659 802 atque
694 734 962 789 luxuriam
1010 751 1328 804 provocans.
1383 738 1553 792 Terra
1593 753 1723 792 vero

140 821 346 877 sterilis
389 838 546 877 omne
581 824 785 877 indicat
833 826 1112 881 hominum
1153 842 1322 896 genus
1354 845 1366 880 :
1400 829 1490 896 qui
1536 828 1723 881 relicto

141 923 391 968 creatore
417 914 550 978 Deo,
587 916 891 970 obscuratis
921 917 1169 972 sensibus
1206 919 1587 972 deserviehant
1613 934 1725 972 om-

140 1008 304 1061 nibus
338 1008 623 1062 creaturis.
657 1009 824 1074 Qucm
862 1011 1005 1064 enim
1036 1011 1090 1064 in
1120 1013 1224 1067 hoc
1259 1012 1401 1067 facto
1435 1011 1720 1073 miraculo,

138 1096 245 1151 nisi
275 1097 560 1151 Dominum
589 1097 772 1153 Jesum
812 1099 1083 1155 Christum
1115 1102 1582 1173 prmfiguraverat,
1629 1103 1719 1171 qui

137 1197 426 1256 postquam
459 1189 694 1244 Verbum
723 1206 851 1244 caro
885 1191 1087 1246 factum
1113 1203 1216 1257 est,
1249 1203 1413 1263 atque
1445 1210 1540 1263 per
1569 1194 1724 1246 mini-

137 1286 314 1330 strum
341 1279 393 1330 in
416 1276 649 1334 Jordane
677 1280 836 1334 fluvio
859 1281 1124 1351 baptizari
1154 1283 1402 1352 dignatus
1425 1292 1524 1347 est,
1554 1299 1723 1351 aquas

139 1367 358 1422 Hierico
397 1369 634 1444 steriles,
678 1372 781 1425 hoc
819 1379 902 1425 est
931 1372 1090 1442 hujus
1114 1374 1330 1435 mundi,
1377 1375 1639 1427 convertit
1669 1375 1720 1426 in

135 1457 341 1512 lavacri
381 1458 805 1515 fecunditatem?
831 1469 889 1515 ut
910 1462 1170 1530 quidquid
1210 1476 1275 1516 ex
1320 1464 1400 1516 eis
1429 1477 1718 1532 regenera—

138 1557 252 1601 tum
279 1548 488 1611 fuisset,
524 1549 684 1604 talem
709 1552 982 1621 acciperet
1008 1553 1276 1620 spiritum.
1303 1553 1358 1606 lu
1391 1554 1503 1607 sale
1521 1554 1720 1623 quippe

137 1638 404 1707 sapientia
446 1655 458 1691 :
493 1639 544 1692 in
576 1655 704 1694 vase
738 1656 868 1695 vero
907 1641 1058 1706 rudi,
1091 1657 1218 1697 caro
1261 1643 1472 1696 Domini
1521 1644 1718 1698 intelli—

135 1728 302 1799 gitur.
531 1728 534 1729 ⁷

212 1820 307 1886 (ιι,
357 1820 487 1888 25.)
542 1819 786 1874 Ascendit
845 1822 1086 1880 Heliseus
1129 1825 1185 1877 in
1235 1824 1432 1878 Bel/rel.
1485 1823 1719 1897 Cumque
1748 1817 1793 1874 Β

135 1909 441 1964 ascenderet
484 1927 575 1979 per
605 1913 764 1975 viam,
794 1917 942 1981 pueri
979 1916 1126 1983 parvi
1165 1917 1358 1984 egressi
1396 1926 1515 1968 sunt
1541 1917 1605 1969 de
1643 1918 1719 1969 ci-

131 1999 314 2064 vitate,
340 2009 387 2052 et
417 1999 998 2056 illudebanteidicentes
1021 2017 1039 2053 :
1061 2003 1296 2057 Ascende
1311 2005 1469 2068 calve,
1497 2007 1718 2059 ascende

133 2085 310 2147 calve;
338 2086 868 2155 quibus-maledicens
895 2088 948 2141 in
975 2091 1182 2143 nomine
1204 2090 1436 2155 Domini,
1472 2093 1716 2145 continuo

131 2177 326 2244 egressi
355 2187 475 2229 sunt
511 2178 614 2230 duo
643 2180 753 2232 ursi
784 2179 848 2232 de
878 2180 1016 2233 saltu
1035 2221 1050 2245 ,
1089 2190 1136 2234 et
1163 2180 1519 2235 laceraverunt
1550 2199 1614 2236 ea:
1643 2184 1717 2236 eis

131 2265 483 2335 quadraginta
501 2277 547 2320 et
571 2267 703 2323 duos
728 2287 933 2340 pueros.
958 2271 1028 2324 Et
1052 2273 1181 2325 abiit
1203 2273 1389 2326 exinde
1413 2275 1467 2326 in
1492 2285 1717 2328 montem

131 2348 384 2406 Carmeli.

207 2456 232 2484 ι
269 2443 516 2500 Heliseus
535 2488 548 2511 ,
579 2448 670 2516 qui
696 2448 1082 2518 interpretatur
1109 2450 1205 2505 Dei
1230 2451 1394 2515 salus,
1424 2467 1713 2520 personam

134 2533 439 2592 Salvatoris
479 2547 716 2608 gestasse
748 2556 852 2594 non
904 2542 1126 2596 dubium
1162 2552 1274 2608 est,
1328 2544 1419 2611 qui
1456 2543 1717 2598 Salvator

132 2631 436 2686 ascendens
479 2634 531 2686 in
564 2633 746 2687 Bethel
766 2675 780 2696 ,
823 2635 924 2688 hoc
952 2643 1034 2688 est
1065 2637 1131 2689 ad
1162 2635 1378 2689 domum
1431 2636 1522 2688 Dei
1552 2637 1716 2704 cmic-

133 2730 296 2784 stcm,
325 2739 354 2776 a
376 2723 596 2787 ludatis,
628 2726 780 2792 quasi
807 2741 835 2778 a
860 2727 1040 2793 pueris
1065 2727 1461 2795 insipientibus,
1490 2728 1715 2782 subsan-

130 2820 294 2866 natus
323 2821 435 2877 est;
470 2814 826 2868 clamantibus
858 2815 1045 2868 iisdem
1071 2814 1271 2870 Judmis
1303 2832 1317 2868 :
1352 2817 1581 2870 Ascende
1605 2818 1714 2870 eal-

130 2920 219 2966 ve,
253 2902 476 2955 ascende
505 2901 665 2966 calve,
717 2903 1006 2973 Cruci/Ege,
1054 2906 1300 2974 cruciﬁge
1347 2906 1401 2958 in
1449 2905 1711 2961 Calvaritn

125 2990 267 3054 loco,
310 2994 378 3046 ob
412 2992 564 3060 cujus
603 2993 795 3062 piaculi
831 2993 1039 3047 facinus
1079 2993 1228 3062 plebs
1266 2993 1572 3049 Judaaorum
1619 2995 1712 3049 de-

124 3083 311 3138 cursis
331 3083 558 3146 duobus,
589 3090 642 3135 et
666 3084 1022 3152 quadraginta
1039 3085 1193 3138 annis
1210 3092 1332 3154 post
1356 3086 1705 3139 resurrectio-

1826 558 1926 626 gis,
1959 567 2013 612 et
2040 560 2380 628 prophetiam
2404 562 2604 615 veteris
2641 564 3082 619 testamenti~non
3113 567 3409 623 revelatam

1826 645 1964 713 apud
2001 661 2057 699 sc
2089 647 2421 701 continebat.
2457 647 2748 716 Postquam
2778 666 2907 706 vero
2946 653 3012 705 ad
3049 654 3412 721 mgnitionem

1826 733 1940 786 veri
1987 733 2210 798 Helisei,
2260 737 2364 790 hoc
2407 745 2490 790 est
2534 735 2830 793 Salvatoris
2877 742 3070 804 nostri,
3125 745 3411 810 pervenire

1823 824 2150 890 promeruit,
2183 823 2297 892 ejus
2325 827 2553 882 consilio
2578 843 2607 881 a
2640 828 2832 883 vicinis
2869 832 2980 890 suis
3018 833 3248 901 plurima
3278 851 3404 888 vasa

1823 921 1990 969 vacUa
2031 917 2220 984 petiit,
2246 920 2372 987 quia
2401 928 2522 988 post
2561 921 2926 989 apostolorum
2970 926 3402 991 prmdicationerr

1825 1004 2222 1061 multitudinem
2252 1011 2586 1064 credentium
2615 1029 2681 1066 ex
2719 1013 2953 1070 diversis
2987 1019 3235 1084 gentibus
3263 1021 3401 1075 intra

1823 1093 2040 1148 domum
2073 1095 2192 1151 fidei
2221 1099 2287 1152 ad
2315 1114 2371 1153 se
2406 1101 2639 1171 collegit.

1895 1185 1969 1238 De
1995 1185 2114 1240 oleo
2139 1203 2376 1258 quoque,
2414 1192 2552 1260 quod
2578 1194 2716 1262 apud
2754 1210 2811 1250 se
2841 1197 3095 1260 habebat,
3131 1197 3184 1252 in
3213 1207 3405 1254 caetera

1822 1276 2040 1329 vascula
2085 1278 2412 1345 transfudit,
2475 1283 2598 1351 quia
2647 1287 2874 1352 gratiam
2930 1288 3263 1355 spiritualem
3312 1305 3409 1358 per

1821 1377 1915 1416 ora
1953 1367 2362 1432 praedicatorum
2406 1371 2458 1423 in
2500 1374 2709 1427 cunctis
2747 1377 2996 1446 gentibus
3038 1380 3282 1435 mutavit.
3329 1381 3405 1442 De

1822 1467 1927 1520 quo
1959 1455 2106 1521 oleo,
2157 1458 2210 1511 id
2239 1467 2324 1512 est
2366 1460 2544 1515 divina
2579 1465 2774 1532 gratia,
2808 1464 2944 1522 filios
2985 1482 3110 1521 suos
3156 1469 3403 1535 redemit,

1821 1544 1946 1611 quia
1971 1561 2068 1613 per
2101 1547 2302 1602 donum
2325 1551 2558 1618 Spiritus
2584 1555 2776 1618 sancti,
2809 1565 2970 1624 atque.
2997 1559 3278 1614 eharitatis
3308 1578 3407 1614 un-

1821 1628 2056 1688 ctionem
2087 1651 2134 1726 la
2190 1642 2452 1706 perpetua
2503 1644 2764 1697 servitute
2802 1649 3008 1713 peccati
3060 1650 3404 1717 semetipsum

1821 1737 1944 1775 cum
1977 1726 2189 1779 cunctis
2223 1727 2469 1783 fidelibus
2501 1730 2767 1786 liberavit.

1896 1809 2074 1882 (Vers.
2124 1815 2203 1885 8.)
2243 1815 2470 1870 Factum
2505 1830 2580 1872 est
2612 1832 2817 1886 autem,
2852 1834 2908 1878 ut
2950 1825 3191 1902 Heliseus
3225 1839 3400 1886 trans-

1819 1901 1938 1962 iret,
1969 1910 2015 1952 et
2057 1911 2172 1953 erat
2211 1903 2284 1955 ibi
2312 1907 2502 1960 mulier
2531 1925 2749 1979 magna,
2793 1928 2909 1981 qua:
2953 1916 3116 1968 tenuit
3162 1901 3297 1987 eum,
3345 1930 3403 1974 ut

1820 1989 2105 2042 comederet
2134 2007 2342 2058 partem.
2378 1993 2610 2065 Cumque
2642 1999 2940 2068 frequenter
2973 2002 3094 2054 inde
3127 2007 3400 2071 transiret,

1817 2078 2096 2133 divertebat
2123 2082 2192 2134 ad
2220 2098 2358 2147 eam,
2388 2094 2444 2138 ut
2473 2089 2760 2143 comederet
2788 2107 2997 2160 partem,
3021 2111 3138 2163 qua:
3165 2096 3298 2149 dixit
3330 2097 3403 2151 ad

1817 2168 1984 2222 virum
2007 2187 2159 2224 suum
2193 2186 2210 2222 :
2237 2173 2612 2230 Animadverte
2693 2181 2835 2249 quod
2863 2183 2939 2234 vir
2963 2183 3061 2236 Dei
3087 2195 3302 2239 sanctus
3326 2196 3403 2240 est

1817 2257 1945 2323 iste,
1986 2261 2076 2329 qui
2111 2264 2300 2316 transit
2328 2281 2421 2334 per
2456 2283 2549 2320 nos
2590 2268 2908 2339 frequenter.
2955 2272 3240 2351 Faciamus
3278 2293 3402 2346 ergo

1815 2351 2138 2406 ccenaculum
2161 2372 2402 2424 parvum,
2427 2368 2474 2410 et
2501 2376 2758 2427 ponamus
2781 2364 2835 2416 in
2862 2381 2921 2419 eo
2946 2365 3158 2432 lectum,
3190 2379 3239 2420 et
3263 2386 3403 2424 men-

1813 2454 1949 2504 sam,
1978 2442 2182 2509 sellam,
2218 2454 2264 2498 et
2297 2447 2691 2517 candelabrum,
2723 2463 2779 2506 ut
2810 2471 2927 2508 cum
2958 2460 3152 2510 venerit
3180 2460 3248 2511 ad
3281 2477 3400 2526 nos,

1813 2542 2020 2585 maneat
2043 2533 2133 2598 ibi,
2165 2545 2270 2590 etc.

1885 2624 2076 2680 Mulier
2109 2629 2212 2682 ista
2245 2628 2546 2687 Sunamitis
2580 2644 2767 2704 typum
2814 2637 3072 2693 Ecclesiae
3105 2655 3402 2710 repraesen-

1815 2717 1982 2780 tabat,
2008 2733 2126 2786 qua:
2153 2720 2468 2790 priusquam
2499 2738 2686 2778 verum
2711 2727 3004 2792 Heliseum,
3040 2730 3140 2785 hoc
3170 2741 3256 2785 est
3277 2732 3396 2788 Sal-

1812 2816 2050 2862 vatorem
2078 2815 2345 2876 nostrum,
2375 2826 2471 2881 per
2501 2814 2656 2869 fidem
2680 2818 2998 2886 susciperet,
3038 2822 3239 2877 sterilis
3266 2822 3408 2879 fuit.

1810 2895 2104 2966 Postquam
2132 2916 2262 2956 vero
2306 2905 2556 2958 eumdem
2601 2905 2885 2961 Dominum
2929 2910 2981 2962 in
3014 2911 3248 2980 hospitio
3278 2929 3399 2967 coro

1811 2986 1895 3040 dis
1919 2988 2001 3041 sui
2035 2990 2313 3060 suscipere
2341 2996 2665 3063 promeruit,
2701 3000 2956 3070 populum
2984 3001 3214 3066 fidelem,
3236 3006 3398 3072 quasi

1809 3079 2028 3134 unicum
2066 3080 2234 3136 filium
2273 3087 2478 3164 genuit,
2515 3088 2573 3141 In
2617 3092 2915 3154 cmnaculo,
2961 3093 3186 3151 altitudo
3221 3095 3344 3149 fidei
3377 3114 3390 3149 :

127 3187 251 3227 nem
287 3171 602 3236 Salvatoris,
635 3180 690 3226 et
723 3173 1096 3228 ascensionem
1134 3173 1187 3227 in
1216 3174 1429 3237 caelum,
1459 3190 1487 3226 a
1518 3176 1716 3244 princi—
1741 3155 1783 3216 C
1816 3169 1870 3222 in
1903 3168 2099 3226 lectulo
2140 3188 2291 3240 vero,
2319 3177 2474 3244 quies
2514 3180 2826 3248 spiritualis,
2866 3192 3027 3251 atque
3057 3187 3394 3256 contempla-

123 3262 283 3331 pibus
326 3260 723 3325 Romanorum,
772 3261 1103 3332 Vespasiano
1140 3263 1422 3329 videlicet,
1463 3274 1519 3318 et
1567 3265 1709 3331 Tito,

123 3351 282 3420 quasi
310 3367 339 3404 a
362 3351 566 3404 duobus
594 3353 732 3406 ursis
754 3362 1068 3422 consumpta
1095 3363 1211 3418 est;
1238 3369 1393 3409 mons
1423 3370 1552 3409 vero
1576 3355 1710 3409 Car-

125 3441 322 3504 melus,
359 3439 597 3494 Ecclesia
633 3440 976 3510 intelligenda
1024 3450 1125 3505 est,
1172 3443 1237 3498 ad
1282 3459 1475 3511 quam,
1525 3453 1709 3514 spreto

121 3525 348 3588 lsraele,
381 3540 536 3578 suum
569 3525 826 3579 Dominus
862 3526 1135 3579 transtulit
1162 3541 1410 3598 regnum.

165 3674 171 3679 ,
198 3614 352 3686 (Cap.
375 3615 475 3685 tv.)
500 3615 696 3669 Mulier
713 3618 976 3686 quwdam,
1004 3619 1199 3688 inquit,
1226 3620 1290 3672 de
1318 3613 1568 3675 uxoribus
1589 3640 1709 3693 pro-

118 3707 406 3776 phetarum
438 3708 572 3760 venit
604 3707 674 3759 ad
711 3705 1000 3773 Heliseum,
1039 3721 1086 3762 et
1110 3711 1185 3762 ait
1213 3723 1231 3761 :
1263 3709 1454 3765 Servus
1485 3722 1606 3766 tuus
1630 3713 1710 3766 vir

118 3812 291 3861 meus,
312 3806 550 3849 mortuus
576 3806 675 3860 est,
703 3807 751 3850 et
779 3808 833 3850 tu
856 3800 991 3852 nosti
1015 3801 1140 3869 quia
1169 3802 1354 3855 timens
1379 3812 1491 3855 erat
1514 3803 1700 3856 Deum.

120 3885 192 3937 Et
228 3900 346 3939 ecce
382 3882 519 3937 nunc
552 3886 756 3938 veniens
797 3888 1024 3940 creditor
1055 3906 1198 3942 meus
1225 3890 1354 3944 duos
1389 3891 1527 3958 ﬁlios
1561 3908 1702 3946 meos

116 3976 230 4029 vult
261 3975 443 4030 tollere
466 3977 521 4030 in
544 3978 811 4031 servitium
833 3979 951 4031 sibi.
977 3978 1075 4032 Cui
1104 3979 1239 4034 dixit
1271 3980 1532 4036 Heliseus.
1561 3983 1701 4048 Quid

116 4067 282 4120 habes
314 4067 368 4119 in
411 4067 564 4121 domo
599 4069 729 4121 tua?
753 4067 941 4122 Indica
973 4069 1099 4121 mihi
1127 4083 1145 4118 .°
1168 4079 1217 4123 et
1255 4070 1370 4135 illa,
1413 4073 1697 4138 modicum,

115 4155 324 4226 inquit,
367 4156 486 4221 olei,
529 4174 631 4228 quo
659 4171 870 4227 ungat:
903 4158 972 4211 ad
1013 4175 1168 4228 quam
1207 4159 1469 4224 Heliseus,
1499 4162 1626 4215 vade
1651 4171 1699 4214 et

115 4256 235 4314 pete
261 4246 357 4300 tibi
384 4263 512 4302 vasa
542 4263 646 4302 non
678 4265 847 4317 pauca
873 4266 890 4301 :
919 4258 966 4301 et
992 4249 1224 4318 ingressa
1254 4251 1546 4305 cubiculum
1577 4252 1699 4308 tolle

115 4339 182 4389 dc
207 4338 323 4405 ipso
346 4336 458 4391 oleo
479 4378 494 4402 ,
523 4348 573 4391 et
609 4340 754 4392 mitte
783 4339 837 4392 in
867 4340 1042 4393 vasis:
1071 4349 1126 4392 tu
1153 4341 1390 4410 infunde,
1418 4354 1465 4397 et
1494 4345 1595 4412 ﬁlii
1619 4349 1696 4400 tui

114 4426 346 4494 offerant
376 4443 519 4485 vasa.
545 4426 776 4497 Cumque
801 4427 1011 4497 impleta
1040 4429 1258 4497 fuerint,
1287 4434 1466 4498 vende,
1501 4444 1547 4488 et
1572 4436 1692 4488 red-

111 4516 180 4569 de
225 4514 475 4569 creditori
501 4525 589 4570 tuo
624 4530 642 4566 :
669 4527 724 4570 tu
750 4527 924 4571 autem
943 4558 958 4582 ,
992 4528 1039 4571 et
1074 4519 1175 4586 ﬁlii
1203 4522 1280 4574 tui
1309 4522 1459 4575 vivite
1487 4523 1551 4576 de
1576 4525 1695 4578 reli-

111 4621 241 4674 quo.
276 4604 408 4669 Qua:
431 4605 580 4670 abiit,
620 4615 667 4659 et
687 4607 807 4675 fecit
832 4608 966 4661 sicut
993 4610 1040 4662 ei
1064 4609 1144 4662 vir
1170 4609 1266 4663 Dei
1289 4627 1624 4682 praeceperat.

189 4695 217 4733 ιι
249 4693 439 4750 Mulier
462 4696 578 4750 haec
597 4697 756 4750 vidua
774 4737 788 4761 ,
819 4697 1096 4771 antiquam
1119 4708 1430 4754 sanctorum
1452 4700 1696 4769 Patrum,

110 4785 206 4852 qui
240 4785 342 4838 sub
372 4784 485 4854 lege
513 4783 730 4839 fuerunt
750 4827 764 4849 ,
797 4787 1118 4856 significavit
1141 4788 1459 4854 Ecclesiam,
1493 4806 1610 4859 qua:
1641 4795 1694 4847 in

110 4879 355 4927 alueum
386 4873 702 4940 Salvatoris,
745 4891 775 4930 a
821 4877 1081 4947 legalibus
1121 4881 1427 4950 prmceptis,
1464 4885 1618 4950 quasi
1662 4900 1691 4938 a

109 4959 360 5032 legitimo
388 4963 507 5018 viro
539 4964 815 5040 destituta,
839 4981 960 5019 cum
991 4966 1197 5021 duobus
1218 4970 1599 5037 superstitibus
1634 4974 1693 5025 li-

108 5051 219 5114 liis,
256 5051 312 5104 id
342 5059 423 5106 est
447 5053 659 5122 gemino
685 5055 880 5122 populo
906 5055 1160 5111 derelicta
1188 5064 1291 5112 est.
1314 5057 1567 5114 Creditor
1589 5062 1706 5122 bus

107 5140 196 5210 jus
211 5141 492 5207 Ecclesiae,
509 5143 758 5202 diabolus
779 5145 1149 5216 intelligendus
1165 5158 1265 5213 est,
1285 5151 1374 5219 qui
1398 5150 1690 5206 humanum

107 5243 288 5300 genus
333 5243 458 5287 ante
501 5235 788 5290 adventum
820 5234 1119 5292 Salvatoris
1145 5253 1243 5307 per
1264 5239 1525 5310 originale
1559 5243 1690 5296 deli-

107 5333 284 5387 etum,
311 5333 366 5376 et
393 5326 705 5393 quotidiana
726 5335 949 5396 peccata
975 5328 1267 5383 obnoxium
1297 5331 1531 5398 tenebat,
1559 5335 1686 5402 quia

181 5500 401 5579 ullane
424 5517 635 5572 quoque
664 5506 1078 5579 explicationem
1099 5508 1396 5579 desumpsit
1427 5513 1496 5566 ab
1526 5511 1690 5568 Isido-

109 5586 173 5626 ro
198 5571 488 5634 Claudius,
519 5571 788 5627 nonnullis
815 5584 990 5628 tamen
1033 5571 1345 5633 immutatis.

263 5640 507 5719 Silllldem
558 5641 714 5719 hujus
759 5644 1166 5719 explicationem
1207 5647 1368 5704 habet
1407 5649 1685 5719 Paterius,

112 5709 343 5781 ideoqac
370 5711 682 5782 Gregorius,
704 5709 863 5781 quem
890 5715 1129 5770 consule.

1815 3261 1975 3316 tionis
2014 3265 2185 3319 otium
2217 3268 2608 3338 prteﬁguratur.
2641 3271 2697 3326 ln
2742 3290 2925 3328 mensa
2969 3284 3180 3339 autem,
3216 3279 3398 3335 unitas

1813 3350 1972 3418 fidei,
2001 3361 2056 3409 et
2095 3359 2381 3412 concordia
2420 3360 2821 3429 praedicationis
2868 3365 3126 3419 innuitur.
3170 3365 3227 3421 In
3263 3367 3396 3424 sella

1812 3456 1959 3506 vero,
1993 3443 2221 3500 docendi
2246 3455 2490 3517 potestas
2525 3468 2537 3502 :
2582 3451 2635 3504 in
2663 3453 3023 3518 candelabro,
3067 3455 3396 3513 illuminatio

1810 3529 1955 3596 lldei,
1983 3533 2098 3587 sive
2123 3533 2347 3592 claritas
2376 3540 2634 3594 virtutum
2661 3544 3000 3610 exprimitur.

1879 3619 2008 3675 Post
2029 3623 2144 3679 haec
2165 3625 2332 3681 refert
2355 3626 2636 3698 Scriptura
2657 3630 2937 3702 (Vers.20,
2955 3645 3001 3687 et
3025 3633 3156 3707 seq.)
3186 3637 3252 3691 tle
3283 3636 3394 3694 lilio

1811 3706 2126 3777 Sunamitis,
2145 3729 2304 3782 quem
2326 3732 2460 3785 puer
2474 3718 2669 3774 Helisei
2699 3722 2898 3777 missus
2921 3739 3043 3778 cum
3069 3706 3260 3782 baculo
3281 3745 3389 3782 non

1808 3802 2095 3854 resuscitat
2132 3822 2142 3854 2
2181 3820 2280 3874 per
2325 3809 2668 3878 semetipsum
2704 3827 2833 3868 vero
2857 3815 3098 3881 veniens,
3128 3825 3290 3886 atque
3321 3819 3391 3873 ad

1804 3889 1920 3957 ejus
1952 3893 2193 3947 membra
2224 3910 2281 3949 se
2302 3897 2584 3968 colligens,
2614 3902 2720 3956 huc
2758 3903 2988 3974 illucque
3009 3907 3387 3978 deambulans,

1805 3987 1861 4031 et
1880 3980 1932 4032 in
1958 3995 2054 4036 ore
2082 3986 2280 4038 mortui
2308 3989 2507 4057 septies
2542 3991 2806 4059 aspirans,
2825 3995 2969 4050 hunc
2995 3998 3062 4050 ad
3090 4001 3387 4057 redivivam

1803 4068 1976 4130 lucem
2002 4075 2247 4141 protinus
2277 4091 2375 4145 per
2401 4082 2719 4148 mysterium
2748 4087 3138 4153 compassionis
3165 4091 3385 4146 animao

1801 4159 1898 4211 vit.
1943 4177 1961 4211 ‹
2011 4159 2147 4227 Quia
2176 4163 2426 4220 videlicet
2455 4179 2476 4206 ο
2511 4179 2702 4224 auctor
2729 4172 2947 4227 humani
2978 4179 3195 4245 generis
3240 4181 3386 4238 Deus

1799 4251 1953 4317 quasi
2001 4262 2274 4308 mortuum
2313 4269 2540 4324 puerum
2572 4258 2761 4325 doluit,
2795 4276 2916 4316 cum
2944 4267 3245 4324 exstinctos
3285 4285 3384 4326 nos

1798 4339 2101 4407 iniquitatis
2138 4343 2326 4399 aculeo
2378 4347 2667 4404 miseratus
2719 4352 2948 4419 aspexit.
2999 4355 3067 4407 Et
3112 4357 3236 4425 quia
3283 4375 3383 4429 per

1799 4430 2012 4502 Moysen
2032 4475 2046 4500 ,
2079 4444 2340 4490 terrorem
2374 4438 2507 4507 legis
2532 4442 2757 4510 protulit
2785 4483 2799 4508 ,
2829 4445 2982 4513 quasi
3016 4461 3114 4515 per
3155 4465 3382 4518 puerum

1801 4523 2006 4590 virgam
2048 4526 2195 4581 misit
2228 4546 2240 4580 :
2270 4544 2368 4598 per
2406 4530 2578 4601 legem
2607 4533 2838 4603 quippe,
2872 4537 3079 4606 virgam
3125 4541 3258 4596 Deus
3305 4552 3386 4600 te-

1801 4622 1995 4668 nuerat
2038 4631 2160 4670 cum
2196 4618 2412 4674 dicebat
2442 4639 2454 4674 :
2485 4623 2529 4676 si
2565 4624 2687 4691 quis
2727 4625 2842 4679 hmc
2877 4628 2984 4681 vel
3031 4628 3119 4682 illa
3169 4630 3376 4698 fecerit,

1799 4709 1972 4756 morte
2019 4705 2300 4761 moriatur.
2332 4708 2372 4761 Α
2410 4713 2618 4778 peccati
2666 4713 2830 4782 igitur
2863 4725 3036 4770 morte
3078 4720 3238 4773 timor
3279 4739 3379 4778 nos

1796 4791 2058 4847 suscitare
2113 4809 2218 4848 non
2280 4797 2481 4863 valuit,
2541 4803 2635 4855 sed
2689 4802 2716 4841 ἀ
2770 4812 2978 4859 tantum
3044 4810 3166 4863 vitae
3228 4815 3375 4882 aspi-

1794 4887 1910 4933 rata
1971 4886 2399 4942 mansuetudinis
2451 4891 2622 4959 gratia
2667 4895 2860 4966 erexit.
2905 4895 3008 4950 Sed
3060 4913 3193 4965 puer
3250 4917 3372 4956 cum

1795 4968 1988 5027 baculo
2015 4987 2288 5036 mortuum
2311 4980 2574 5036 suscitare
2597 4998 2701 5036 non
2731 4986 2918 5050 valuit,
2947 4988 3070 5055 quia
3100 4989 3269 5043 Paulo
3293 5001 3384 5045 at-

1794 5066 2026 5116 testante
2050 5063 2233 5133 (Hebr.
2258 5082 2354 5132 vn,
2379 5069 2459 5140 l9)
2486 5072 2615 5124 nihil
2639 5074 2707 5126 ad
2726 5077 3010 5145 perfectum
3031 5081 3246 5134 adducit
3267 5083 3371 5137 lca'.

1791 5148 1909 5216 lpse
1936 5163 2114 5205 autem
2137 5168 2233 5221 per
2261 5160 2608 5229 semetipsum
2629 5145 2871 5229 veniens,
2895 5175 2947 5221 et
2972 5185 3133 5238 super
3147 5173 3377 5228 cadaver

1793 5253 1852 5292 se
1882 5239 2159 5297 humiliter
2191 5253 2465 5313 sternens,
2509 5253 2575 5303 ad
2604 5258 2936 5323 exaequanda
2970 5262 3169 5314 mortui
3201 5278 3374 5330 ment-

1791 5333 1888 5387 bra
1917 5349 1976 5388 se
2001 5336 2237 5409 collegit,
2265 5342 2390 5409 quia
2419 5342 2636 5413 (Philip.
2664 5361 2723 5411 ll,
2760 5345 2814 5417 6)
2847 5366 2964 5402 cum
2992 5352 3046 5403 in
3071 5351 3244 5420 forma
3272 5353 3374 5409 Dei

1866 5512 2310 5592 cﬁSubsequentia
2335 5521 2612 5592 desumpta
2635 5541 2761 5592 sunt
2789 5540 2854 5578 ex
2884 5525 3117 5592 Paterio,
3141 5528 3372 5592 ideoque

1867 5543 1886 5550 -
1921 5543 2310 5583 uuuacqucuua
2335 5543 2612 5588 ucsuutpul
2635 5543 2761 5576 sunt
2789 5543 2854 5578 ex
2884 5543 3117 5592 raterto,
3141 5543 3262 5584 ιαθο
3299 5543 3365 5587 ue

1791 5582 2144 5704 exlcregorio
2179 5587 2293 5642 hsce
2322 5589 2564 5644 tradente
2593 5607 2647 5644 n.
2685 5591 2754 5645 65
2795 5608 2916 5666 cap.
2949 5594 3018 5649 40
3039 5595 3134 5652 lib.
3165 5613 3221 5652 ix
3253 5543 3365 5657 blo-

1794 5669 1851 5706 ra
1879 5693 1891 5705 .

1864 5724 1890 5762 ά
1940 5721 2020 5774 Ad
2049 5737 2238 5779 statu».
