3906 6316
487 355 599 414 775

1557 347 1833 405 CLAUDII
1876 342 2344 401 TAURINENSIS
2382 342 2725 407 EPISCOPI;

3665 340 3761 397 776

488 480 623 531 esset
645 486 750 526 non
769 470 1011 540 rapinam
1039 469 1325 523 arbitratus
1352 475 1426 520 est
1454 482 1563 521 esse
1588 483 1643 520 se
1667 465 1921 536 (equalem
1944 463 2071 526 Deo,
2106 464 2157 520 Α
2182 469 2277 513 aut
2302 460 2618 532 baptizavit,
2654 462 2756 515 hoc
2777 458 3134 529 signiﬁcatum
3174 466 3274 522 est,
3310 457 3455 527 quod
3489 455 3760 525 Christus,

490 564 584 620 sed
618 562 951 631 semetipsum
995 560 1313 623 erinaniuit,
1353 558 1578 628 formam
1614 560 1746 613 servi
1793 557 2071 626 accipiens,

492 657 549 709 in
572 651 969 707 similitudinem
1000 649 1271 703 hominum
1303 649 1474 717 factus
1496 689 1509 711 ,
1542 658 1589 700 et
1628 648 1809 700 habitu
1839 647 2076 699 inventus

494 752 551 797 ut
581 742 754 795 homo.
793 738 909 793 Huc
941 738 1173 807 illucque
1209 738 1536 802 deambulat,
1569 737 1699 805 quia
1748 744 1800 789 et
1838 734 2079 789 Iudaeam

487 831 665 900 juxta,
690 838 745 896 et
771 830 928 899 longe
952 829 1159 898 positas
1185 838 1371 899 gentes
1400 836 1579 882 vocat.
1612 826 1786 895 Super
1806 834 2079 880 mortuum

492 922 696 991 septies
724 933 750 962 α
778 920 1023 989 inspirat,
1052 920 1176 989 quia
1204 935 1302 989 per
1324 919 1681 988 aperitionem
1710 916 1879 971 divini
1909 915 2085 968 numi-

495 1012 581 1066 nis
607 1013 779 1081 gratia
801 1009 1131 1079 septiformis
1154 1010 1375 1078 spiritus
1397 1009 1450 1064 in
1471 1009 1680 1079 peccati
1708 1015 1882 1061 morte
1900 1007 2085 1077 jacen-

494 1101 643 1157 tibus
664 1101 899 1167 aspirat;
940 1115 1171 1169 moxque
1194 1100 1387 1154 vivens
1410 1099 1657 1169 erigitur,
1695 1098 1821 1168 quia
1850 1098 1896 1151 is
1919 1112 2083 1167 quem

494 1195 725 1252 terroris
750 1195 904 1265 virga
940 1194 1207 1249 suscitare
1254 1208 1359 1248 non
1393 1193 1592 1262 potuit,
1623 1206 1720 1261 per
1747 1190 1948 1245 amoris
1978 1190 2087 1259 spi-

494 1287 660 1344 ritum
692 1302 827 1358 puer
850 1287 918 1341 ad
945 1287 1111 1340 vitam
1137 1286 1317 1339 rediit.
1353 1304 1374 1337 ι

567 1377 722 1450 (Cap.
757 1377 839 1449 νς)
872 1376 995 1432 Iam
1015 1391 1167 1431 nunc
1185 1375 1417 1431 historia
1455 1374 1702 1430 Naaman
1732 1373 1857 1443 Syri
1899 1386 2087 1442 perse-

495 1469 714 1539 quenda
760 1476 865 1523 est.
911 1466 1173 1536 Superius
1214 1467 1556 1523 ostendimus
1593 1464 1868 1520 Heliseum
1898 1471 2089 1534 typum

496 1557 755 1614 habuisse
784 1557 997 1611 Domini
1029 1555 1348 1611 Salvatoris.
1391 1554 1639 1609 Naaman
1671 1556 1806 1609 vero
1832 1554 2091 1623 princeps

496 1647 705 1702 militiae
733 1645 934 1717 Syriae,
964 1648 1055 1716 qui
1094 1646 1339 1714 leprosos
1378 1654 1518 1723 erat,
1557 1653 1612 1700 et
1640 1654 1967 1716 suggerente
1994 1658 2092 1698 an-

501 1738 624 1793 cilla
664 1739 731 1792 ad
760 1738 976 1792 beatum
1019 1738 1291 1794 Heliseum
1335 1740 1609 1794 sanandus
1637 1738 1877 1802 advenit,
1920 1751 2090 1806 popu-

2177 567 2284 606 non
2308 566 2407 621 per
2434 553 2674 622 seipsum
2708 554 2863 607 venit
2888 552 2955 605 ad
2981 551 3235 622 populum
3259 550 3531 621 gentium,
3555 548 3651 603 sed
3676 563 3764 619 per

2177 642 2449 712 apostolos
2462 657 2619 707 suos,
2638 644 2763 713 quia
2787 642 2893 696 illis
2909 642 3043 696 dixit
3065 640 3279 713 (Matth.
3305 655 3505 704 xxvm,
3525 638 3617 708 19)
3636 656 3650 691 :
3668 637 3764 704 Ite,

2178 744 2225 787 et
2256 733 2515 803 baptizate
2544 749 2724 787 omnes
2758 734 2814 786 in
2845 732 3053 785 nomine
3080 730 3278 795 Patris,
3313 738 3362 783 et
3391 726 3548 792 Filii,
3574 738 3623 781 et
3651 726 3767 797 Spi-

2180 825 2312 878 ritus
2356 824 2526 878 sancti
2554 840 2571 877 :
2601 831 2657 878 et
2687 824 2791 878 hoc
2811 823 3197 878 attendendum
3222 830 3327 887 est,
3350 821 3478 891 quia
3500 818 3763 881 Naaman,

2181 914 2272 983 qui
2296 915 2550 983 populum
2578 913 2814 984 gentium
2852 913 3148 984 ﬁgurabat,
3180 913 3238 966 in
3266 912 3359 966 illo
3382 910 3553 965 ﬂuvio
3576 911 3771 963 sanita-

2185 1013 2294 1058 tem
2334 1005 2569 1073 recepit,
2613 1017 2775 1072 quem
2809 1012 2998 1072 postea
3031 1002 3280 1057 Christus
3318 1016 3417 1055 suo
3445 1000 3769 1069 baptismate

2183 1097 2550 1152 consecravit.
2592 1094 2746 1162 Quod
2779 1094 3014 1149 audiens
3052 1092 3319 1163 Naaman,
3376 1098 3441 1146 ut
3500 1091 3772 1159 lavaretur

2187 1187 2387 1255 septies
2423 1186 2478 1240 in
2510 1183 2749 1239 Iordane
2777 1184 3085 1254 indignatus
3124 1191 3210 1238 cst
3235 1182 3421 1237 dicens
3452 1179 3632 1251 (vers.
3689 1180 3773 1241 ll,

2187 1286 2235 1331 et
2267 1275 2354 1346 l2)
2385 1292 2398 1327 :
2433 1274 2690 1345 Nunquid
2732 1290 2835 1327 non
2875 1272 3093 1327 meliora
3129 1282 3250 1325 sunt
3276 1272 3504 1341 ﬂumina
3553 1271 3777 1339 regionis

2188 1379 2333 1427 meas,
2389 1363 2611 1432 ﬂumina
2659 1362 2937 1427 Damasci,
2965 1362 3148 1415 Abana
3185 1372 3233 1415 et
3278 1360 3586 1431 Pharpliar,
3631 1372 3687 1413 su
3725 1361 3779 1415 in

2188 1453 2315 1523 ipsis
2356 1452 2519 1518 laver,
2569 1460 2619 1506 et
2666 1453 2923 1509 munder?
2953 1451 3084 1507 Ha’c
3127 1451 3221 1506 illo
3260 1452 3462 1507 dicente
3498 1451 3779 1506 consilium

2191 1542 2444 1596 dederunt
2470 1543 2603 1596 servi
2628 1543 2711 1595 sui
2735 1581 2749 1607 ,
2784 1552 2838 1595 ut
2869 1544 3215 1614 acquiesceret
3246 1544 3511 1613 propheta?
3538 1544 3779 1598 consilio.

2260 1630 2405 1698 Quid
2433 1639 2617 1688 autem
2645 1632 2750 1687 hoc
2780 1632 3069 1702 signiﬁcet,
3106 1634 3425 1704 intuendum
3453 1641 3559 1688 est.
3586 1634 3616 1673 δ
3652 1633 3784 1689 San-

2195 1728 2315 1777 etus
2344 1720 2611 1786 Heliseus,
2640 1722 2783 1777 sicut
2815 1723 3074 1789 diximus,
3099 1733 3282 1795 typum
3301 1726 3539 1779 habebat
3569 1726 3781 1781 Domini

499 1829 612 1883 lum
638 1828 881 1897 gentium
906 1828 1179 1897 ﬁguravit.
1207 1828 1391 1883 Puella
1419 1842 1548 1883 vero
1581 1828 1807 1898 parvula
1828 1868 1843 1892 ,
1865 1798 2006 1895 quae
2024 1827 2090 1881 de
2123 1798 2168 1857 Β
2199 1811 2498 1867 Salvam?“
2543 1826 2557 1865 ³
2601 1812 2844 1867 Numa“
2887 1814 3157 1884 ηειιτδδειε
3190 1814 3449 1883 Populum
3492 1816 3780 1887 Sentium;

503 1926 649 1972 terra
677 1917 837 1971 lsrael
864 1917 950 1974 ,ab
979 1917 1220 1989 Assyriis
1260 1925 1441 1986 capta.
1486 1925 1543 1971 et
1572 1918 1625 1970 in
1655 1916 1868 1986 Syriam
1897 1915 2091 1979 ducta,

446 2018 449 2021 '
512 2006 668 2060 uxori
696 2006 942 2060 Naaman
973 2008 1255 2061 servitium
1282 2008 1603 2071 exhibebat,
1632 2016 1688 2062 et
1716 2008 1947 2062 dominre
1984 2021 2096 2060 suae

462 2148 465 2153 .
500 2106 879 2168 suggesserat,
911 2099 1055 2167 quod
1085 2102 1130 2153 si
1163 2098 1231 2152 ad
1257 2097 1475 2152 beatum
1516 2098 1786 2154 Heliseum
1818 2104 2093 2167 pergeret,

500 2187 791 2243 sanitatem
818 2194 1263 2256 consequeretur,
1290 2187 1429 2258 legis
1458 2186 1773 2256 accipienda
1797 2194 1880 2241 est
1902 2185 2047 2239 fama
2077 2203 2090 2238 :

500 2274 706 2331 idcirco
736 2276 987 2339 videlicet
1026 2277 1251 2345 parvula
1289 2284 1627 2345 nuncupata,
1677 2276 1807 2346 quia
1853 2284 1913 2330 ut
1951 2274 2096 2344 Apo-

502 2367 674 2423 stolus
722 2369 801 2421 ait
840 2386 855 2421 :
892 2366 1115 2420 Nullum
1164 2367 1234 2421 ad
1266 2367 1557 2451 perfectum
1600 2368 1885 2451 perducere
1931 2364 2097 2419 valuit

503 2458 694 2531 (Hebr.
725 2474 823 2525 vu,
861 2459 983 2531 l9);
1033 2458 1213 2523 omnis
1259 2459 1404 2514 enim
1448 2443 1712 2528 perfectio
1760 2458 1818 2512 in
1867 2456 2097 2512 Domino

500 2550 628 2606 Iesu
660 2550 877 2606 Christo
900 2560 985 2606 est
1017 2570 1040 2604 :‘
1067 2551 1210 2606 fama
1241 2551 1441 2622 quippe
1480 2565 1668 2605 eorum
1688 2592 1702 2615 ,
1730 2565 1852 2619 quae
1889 2550 1945 2604 in
1974 2549 2096 2615 lege

503 2641 572 2696 de
594 2643 866 2706 castitate,
903 2650 958 2695 et
979 2641 1295 2705 sobrietate,
1325 2641 1609 2711 patientia,
1646 2639 1877 2709 iustitia,
1908 2639 2096 2709 hospi-

504 2733 748 2798 talitate,
801 2734 1034 2802 pietate,
1092 2734 1415 2802 caeterisque
1475 2733 1768 2787 virtutibus
1822 2730 2100 2789 habebant

506 2808 826 2894 Scriptum,
862 2824 931 2879 ad
963 2824 1250 2878 universas
1286 2833 1610 2894 pervenerat
1647 2821 1938 2877 nationes:
1968 2821 2098 2891 quia

502 2914 714 2970 licet-in
740 2923 985 2986 tempore
1009 2915 1099 2970 illo
1124 2916 1179 2969 in
1215 2916 1328 2969 sola
1358 2914 1543 2969 Iudaea
1576 2914 1868 2985 prophetia
1899 2912 2099 2967 ﬂorue-

509 3008 612 3070 rit,
662 3006 1000 3061 ﬁeri~tamen
1036 3021 1144 3061 non
1179 3014 1423 3075 poterat,
1456 3006 1560 3059 nisi
1586 3013 1645 3060 ut
1672 3008 1838 3059 etiam
1872 3005 1939 3058 ad
1961 3002 2099 3057 alias

506 3099 718 3154 vicinas
737 3105 926 3168 gentes
944 3097 1105 3151 beata
1126 3083 1457 3167 ejus‘notitia
1478 3095 1807 3165 perveniret.
1832 3092 1900 3147 Et
1929 3109 2099 3163 quan-

507 3201 670 3255 quam
697 3186 944 3242 eamdem
972 3184 1249 3239 custodire
1286 3183 1704 3249 contenderent,
1722 3190 1919 3236 tamen
1950 3182 2117 3236 velut

506 3276 723 3345 captiva
770 3275 974 3331 eisdem
1012 3274 1300 3338 serviebat,
1327 3274 1454 3343 quia
1480 3273 1744 3329 idolatria:
1785 3273 1954 3329 cultui
2001 3273 2098 3327 de-

511 3368 836 3423 ditaterant.
868 3366 1070 3420 Tamen
1100 3364 1307 3420 audivit
1343 3364 1585 3418 Naaman
1618 3364 1889 3434 puellam,
1921 3370 1978 3417 et
2003 3376 2098 3417 ve-

512 3459 597 3513 nit
634 3459 701 3514 ad
737 3456 1011 3512 lleliseum
1041 3456 1318 3511 sanandus
1342 3470 1374 3509 a
1395 3456 1547 3525 lepra
1580 3473 1595 3508 :
1634 3464 1690 3510 et
1718 3456 1950 3527 populus
1971 3470 2103 3526 gen-

511 3549 679 3613 tium,
714 3548 802 3617 qui
834 3546 1042 3613 audivit
1079 3545 1281 3599 famam
1313 3544 1479 3615 legis,
1511 3552 1567 3599 et
1600 3546 1977 3615 prOphetiam,
2002 3561 2099 3600 ve-

512 3639 669 3694 niens
704 3638 771 3691 ad
812 3635 1113 3700 Christum,
1160 3636 1228 3689 ab
1274 3635 1515 3689 omnium
1541 3642 1907 3703 peccatorum
1954 3634 2101 3703 lepra

512 3725 845 3798 purgandus.
884 3724 1027 3792 Quid
1070 3732 1252 3778 tamen
1296 3724 1433 3779 dixit
1474 3724 1665 3779 beatus
1714 3724 1961 3778 Heliseus
2001 3708 2106 3791 per

514 3820 765 3874 nuntium
801 3818 869 3878 ad
894 3815 1155 3877 Naaman.
1186 3815 1486 3871 videamus.
1526 3812 1618 3867 Ait
1669 3815 1813 3868 enim
1843 3814 1893 3867 ei
1944 3812 2100 3883 (item.

516 3908 608 3981 10)
643 3924 658 3962 :
704 3906 873 3971 Vade,
910 3906 1115 3974 inquit,
1156 3903 1332 3958 lavare
1366 3904 1551 3973 septies
1580 3904 1634 3957 in
1660 3902 1916 3957 Iordane.
1953 3900 2107 3968 Quod

516 4014 641 4056 cum
678 3998 919 4061 audisset
944 3995 1218 4058 Naaman,
1258 4002 1467 4049 tantum
1514 4002 1573 4047 ut
1607 3994 1879 4048 lavaretur
1908 3994 2107 4062 septies

517 4092 573 4146 in
603 4090 840 4146 Iordane
879 4088 1033 4159 (vers.
1062 4089 1147 4151 ll,
1182 4096 1230 4149 et
1266 4085 1396 4158 seq.)
1419 4126 1432 4149 ,
1462 4084 1774 4153 indignatus
1808 4094 1913 4149 est,
1940 4092 1994 4139 et
2016 4100 2109 4139 vo-

517 4182 664 4238 lebat
712 4195 961 4244 renuere,
1008 4179 1100 4232 sed
1136 4177 1205 4231 ab
1244 4177 1433 4231 amicis
1463 4176 1575 4229 suis
1614 4174 1843 4229 consilio
1886 4182 2109 4243 accepto

518 4270 790 4341 acquievit
815 4277 876 4323 ut
908 4269 1207 4327 lavaretur.
1240 4275 1295 4321 et
1324 4272 1583 4335 purgatus
1630 4272 1731 4318 est.
1763 4262 1877 4317 Hoc
1906 4262 2111 4332 signiﬁ-

521 4359 864 4431 cavit,,quia
916 4357 1148 4429 populus
1200 4356 1459 4424 gentium,
1517 4362 1807 4421 antequam
1861 4351 2111 4406 Christus

2196 1903 2341 1973 quod
2367 1919 2499 1958 vero
2527 1902 2595 1958 de
2633 1905 2745 1959 suis
2770 1902 3084 1960 ﬂuminibus
3121 1905 3407 1959 sanitatem
3440 1920 3502 1960 se
3538 1915 3785 1974 receptu-

2197 2008 2320 2047 rum
2360 2006 2482 2048 esse
2516 1993 2801 2059 credebat;
2831 1994 2938 2050 hoc
2976 1993 3455 2064 indicabat,un
3483 2010 3660 2065 genus
3689 1997 3787 2051 hu-

2197 2093 2415 2139 manum
2462 2084 2528 2139 de
2571 2083 2743 2140 libero
2789 2084 3039 2153 arbitrio,
3082 2093 3140 2141 et
3174 2084 3242 2141 de
3290 2086 3530 2156 propriis
3577 2088 3788 2141 meritis

2196 2176 2593 2244 praesumebat:
2621 2176 2717 2231 sed
2738 2176 3183 2246 propria-merita
3210 2177 3329 2232 sine
3362 2179 3544 2249 gratia
3578 2178 3784 2233 Christi

2197 2262 2507 2318 libertatem
2548 2264 2749 2319 habere
2782 2274 3033 2335 possunt,
3066 2266 3352 2321 sanitatem
3386 2268 3639 2337 recipere
3675 2283 3789 2323 om-

2197 2353 2326 2406 nino
2365 2366 2471 2405 non
2500 2362 2744 2421 possunt.
2781 2352 2936 2409 Unde
2974 2354 3078 2408 nisi
3114 2355 3181 2409 ad
3208 2356 3518 2425 exemplum
3544 2357 3787 2413 Naaman

2198 2442 2494 2497 humanum
2524 2458 2697 2513 genus
2740 2442 3030 2499 consilium
3075 2442 3272 2499 Helisei
3301 2445 3577 2514 audisset,
3612 2448 3667 2502 id
3711 2458 3789 2503 est

2236 2546 2293 2585 er
2338 2530 2538 2586 Christi
2592 2533 2824 2604 gratiam
2872 2534 3073 2589 donum
3109 2534 3453 2603 baptismatis
3506 2538 3788 2594 humiliter

2197 2626 2523 2693 excepisset,
2552 2623 2620 2678 ab
2660 2623 2913 2694 originali
2942 2632 2999 2678 et
3028 2625 3225 2679 actuali
3251 2625 3403 2694 lepra
3425 2627 3656 2683 liberari
3684 2645 3786 2683 non

2198 2719 2397 2783 posset.
2431 2712 2557 2767 Sive
2586 2711 2745 2769 aliter
2775 2711 2996 2767 ﬂumina
3023 2713 3306 2781 Damasci,
3336 2731 3570 2786 quarum
3616 2734 3789 2789 aquas

2199 2807 2442 2861 Naaman
2480 2806 2651 2879 Syrus
2689 2806 2940 2862 meliores
2971 2808 3129 2877 aquis
3152 2807 3409 2866 Iordanis
3438 2824 3562 2867 esse
3593 2814 3785 2881 opina-

2197 2901 2377 2965 batur,
2410 2899 2572 2968 hujus
2597 2900 2782 2955 mundi
2807 2899 3116 2971 signiﬁcant
3145 2902 3489 2971 sapientiam,
3513 2919 3680 2973 quam
3704 2920 3791 2974 po-

2195 2992 2357 3062 pulus
2379 2993 2635 3063 gentium,
2680 2992 3001 3063 priusquam
3031 2993 3192 3049 ﬁdem
3226 2992 3428 3049 Christi
3455 2997 3787 3065 perciperet,

2200 3105 2297 3162 pro
2318 3102 2530 3162 magno
2560 3090 2801 3155 habens,
2848 3090 3157 3161 evangelica
3187 3101 3455 3161 prmcepta
3488 3092 3788 3163 negligens,

2203 3180 2602 3234 contemnebat.
2646 3178 2866 3242 Lavare,
2920 3180 3116 3246 inquit,
3163 3181 3348 3248 septies
3393 3181 3527 3235 dixit
3562 3192 3793 3251 propter

2202 3265 2570 3335 septiformem
2598 3266 2828 3337 gratiam
2857 3265 3091 3334 Spiritus
3116 3267 3322 3332 sancti,
3354 3283 3475 3338 qua:
3496 3269 3547 3322 in
3570 3268 3791 3325 Christo

2202 3358 2431 3411 Domino
2467 3357 2751 3426 requievit.
2786 3356 3028 3426 Denique
3067 3359 3283 3427 quando
3322 3359 3377 3413 in
3406 3374 3470 3413 eo
3496 3358 3664 3414 ﬂuvio
3689 3361 3793 3415 Do-

2202 3448 2381 3501 minus
2423 3447 2730 3517 baptizatus
2765 3455 2870 3513 est,
2906 3446 3144 3517 Spiritus
3164 3456 3384 3503 anuus
3425 3450 3478 3504 in
3524 3450 3791 3507 columba

2204 3537 2384 3605 specie
2413 3550 2575 3604 super
2596 3551 2722 3595 eum
2748 3537 2915 3592 venit.

2275 3630 2411 3685 Cum
2457 3646 2589 3700 ergo
2630 3633 2685 3688 in
2732 3633 2899 3703 ﬁgura
2944 3636 3202 3705 baptismi
3235 3634 3476 3692 Naaman
3505 3637 3674 3695 ﬂuvio
3701 3642 3789 3696 de-

2205 3720 2533 3785 scendisset,
2576 3722 2721 3791 facta
2777 3735 2882 3789 est,
2941 3725 3117 3795 inquit
3160 3725 3439 3797 Scriptura
3479 3727 3632 3798 (vers.
3683 3731 3789 3801 Η),

2204 3824 2328 3862 caro
2354 3808 2467 3878 ejus
2496 3818 2747 3881 tanquam
2778 3813 2928 3881 pueri
2954 3813 3180 3883 parvuli.
3206 3813 3789 3872 Hauc‘similitudiuem

2208 3902 2260 3956 in
2287 3903 2489 3972 populo
2515 3901 2826 3959 Christiano
2851 3906 3113 3977 compleri
3149 3907 3413 3972 videmus,
3445 3910 3569 3979 quia
3603 3926 3790 3966 omnes

2207 3996 2299 4065 qui
2322 3996 2682 4064 baptizantur,
2717 3997 2831 4051 sive
2858 4012 3046 4062 senex,
3081 4001 3195 4053 sive
3220 3998 3458 4067 juvenis,
3495 4017 3690 4059 omnes
3714 4013 3787 4058 ts-

2211 4101 2333 4139 men
2364 4085 2595 4140 infantes
2635 4086 3001 4155 appellantur,
3032 4092 3156 4159 quia
3202 4109 3301 4163 per
3322 4095 3493 4147 Adam
3528 4102 3583 4147 et
3627 4093 3787 4147 Evam

2209 4186 2420 4230 veteres
2461 4186 2789 4241 nascuntur,
2821 4190 2920 4244 per
2943 4177 3215 4236 Christum
3251 4192 3307 4237 et
3336 4182 3634 4237 Ecclesiam
3668 4184 3787 4237 novi

2210 4258 2617 4337 regenerantur.
2640 4266 2823 4321 Prima
2848 4272 3127 4338 generatio
3154 4275 3403 4343 perducit
3429 4274 3495 4330 ad
3522 4282 3784 4328 mortem:

2212 4357 2446 4411 secunda
2473 4357 2750 4426 generatio
2777 4344 3025 4426 perducit
3050 4362 3118 4415 ad
3143 4363 3330 4417 vitam.
3356 4364 3538 4418 Prima
3566 4379 3787 4432 genera-

522 4449 955 4521 cruciﬁgeretur,
983 4447 1098 4517 ipse
1129 4462 1222 4515 per
1257 4460 1314 4499 se
1344 4444 1563 4499 Christo
1589 4443 1828 4511 loquenti
1856 4457 1961 4496 non
1986 4456 2105 4496 cre-
2134 4467 2187 4525 D
2213 4450 2289 4502 ιίο
2328 4448 2469 4503 ﬁlios
2503 4449 2596 4503 me
2626 4448 2759 4502 facit
2789 4465 2802 4500 ε
2842 4453 3075 4507 secunda
3112 4457 3387 4524 generatio
3423 4472 3549 4512 vasa
3579 4458 3788 4512 miscri_

522 4540 663 4597 didit
697 4557 712 4593 :
741 4540 838 4597 sed
866 4545 1054 4607 postea
1080 4535 1384 4590 dicentibus
1404 4533 1682 4601 apostolis,
1714 4532 1779 4585 ad
1798 4546 2108 4585 sacramen-

520 4644 640 4687 tum
665 4631 918 4701 baptismi
945 4628 1173 4683 ﬁdeliter
1194 4627 1360 4679 venit.
1384 4624 1629 4678 Heliseus
1651 4637 1884 4691 namque
1905 4624 1957 4676 in
1976 4636 2107 4691 prae-

524 4722 848 4791 ﬁguratione
876 4719 1182 4773 futurorum
1207 4714 1448 4769 Naaman
1477 4712 1673 4782 Syrum
1705 4711 1889 4767 videre
1914 4709 2105 4775 noluit,

527 4821 586 4866 et
629 4820 810 4865 tamen
837 4808 1061 4862 minime
1101 4804 1347 4872 despexit
1387 4822 1398 4856 :
1434 4804 1512 4856 sic
1548 4802 1806 4855 nimirum
1849 4800 2108 4855 Dominus

524 4899 687 4956 Iesus
723 4896 974 4953 Christus
1002 4894 1255 4964 populum
1300 4892 1569 4962 gentium,
1612 4891 1701 4959 qui
1731 4905 1855 4943 eum
1882 4891 2112 4944 carnali-

527 4989 630 5044 bus
658 4986 828 5043 oculis
864 4985 1089 5037 minime
1132 4983 1294 5042 vidit.
1325 4991 1568 5035 exterum
1604 4996 1633 5033 a
1669 4995 1765 5035 sua
1798 4979 1970 5033 salute
2006 4994 2111 5032 non

529 5078 677 5133 fecit.
716 5076 863 5129 Dixit
895 5089 1024 5144 ergo
1055 5072 1299 5127 Heliseus
1341 5074 1410 5128 ad
1436 5072 1675 5125 Naaman
1712 5089 1724 5124 :
1764 5080 1819 5123 ut
1850 5069 2116 5123 lavaretur

529 5168 717 5238 septies
751 5167 808 5222 in
848 5165 1103 5220 Iordane.
1151 5164 1453 5218 Notandum
1502 5164 1644 5232 quod
1687 5163 1829 5217 sicut
1872 5162 2116 5216 Heliseus

533 5258 699 5314 mittit
727 5255 966 5310 Naaman
1010 5256 1076 5309 ad
1112 5253 1399 5311 Iordanem
1441 5252 1680 5316 ﬂuvium,
1728 5253 1801 5305 ita
1838 5268 1867 5305 a
1900 5252 2117 5306 Christo

532 5346 763 5417 populus
789 5344 1029 5415 gentium
1055 5344 1249 5397 missus
1270 5350 1356 5398 est
1375 5343 1443 5396 ad
1471 5343 1818 5411 baptismum.
1848 5341 1999 5408 Quod
2017 5359 2113 5395 au—

535 5446 647 5493 tem
680 5436 929 5492 Heliseus
955 5450 1059 5489 non
1090 5449 1188 5504 per
1216 5449 1275 5488 se
1304 5434 1481 5503 ipsum
1515 5432 1755 5485 Naaman
1784 5442 1877 5486 aut
1912 5434 2110 5502 tetigit,

610 5578 635 5606 ι
668 5566 899 5619 Asnirat.

610 5578 635 5606 ι
783 5576 789 5578 ν

610 5636 639 5675 ι»
969 5635 1133 5689 fuisse
1161 5643 1343 5703 typum
1382 5631 1666 5701 quemdam
1708 5630 1916 5703 Domini
1956 5631 2105 5699 Iesu,

540 5717 601 5761 ut
624 5716 846 5760 caeteros
867 5702 1225 5775 praeteream,
1246 5703 1652 5773 expressissiiue
1685 5702 1900 5756 tradidit
1940 5706 2117 5779 Augu-

2214 4538 2413 4592 cordia
2448 4555 2459 4591 ε
2493 4538 2634 4591 sicut
2664 4538 2953 4607 Apostolus
2975 4542 3106 4596 dicit
3132 4562 3145 4597 :
3173 4544 3239 4598 In
3272 4546 3443 4599 Adam
3470 4564 3648 4601 omnes
3677 4562 3786 4601 mo-

2214 4626 2444 4691 riuntur,
2489 4628 2545 4682 in
2583 4626 2788 4683 Christo
2833 4644 3008 4686 omnes
3048 4635 3465 4702 viviﬁcabuntur.
3513 4637 3787 4705 Quomodo

2213 4730 2343 4786 ergo
2372 4715 2613 4773 Naaman
2641 4736 2807 4778 senex
2846 4725 3048 4794 septies
3078 4725 3307 4779 lavando
3341 4725 3515 4781 factus
3541 4735 3620 4781 est
3648 4730 3787 4782 velut

2214 4823 2367 4877 puer,
2401 4809 2479 4864 sic
2515 4813 2745 4881 p0pulus
2774 4817 3013 4885 gentium
3046 4832 3169 4871 cum
3202 4826 3346 4873 esset
3374 4822 3610 4889 peccatis
3640 4832 3785 4877 vete-

2215 4899 2364 4953 ribus
2404 4915 2590 4967 semex,
2612 4911 2667 4958 et
2695 4905 2876 4960 multis
2908 4906 3251 4976 iniquitatum
3277 4910 3521 4975 maculis,
3550 4910 3699 4966 vani
3718 4921 3786 4966 te-

2216 5004 2335 5057 pra,
2366 4987 2637 5058 perfusus,
2676 5010 2772 5064 per
2801 4996 3030 5065 gratiam
3066 4997 3322 5067 baptismi
3362 5000 3437 5053 ita
3477 5014 3783 5065 renovatur.

2216 5081 2352 5134 utin
2381 5095 2476 5147 eo,
2512 5099 2612 5138 nec
2650 5086 2960 5155 originalis,
2998 5103 3098 5142 nec
3142 5090 3370 5145 actualis
3409 5091 3554 5160 lepra
3584 5094 3786 5161 peccati

2217 5181 2516 5236 remaneat,
2558 5182 2613 5228 et
2643 5176 2735 5243 qui
2775 5173 2951 5231 fuerat
2988 5179 3273 5233 criminum
3314 5181 3640 5251 ponderibus
3669 5196 3786 5236 cur-

2218 5278 2345 5328 vus,
2380 5264 2445 5318 ad
2482 5266 2786 5335 exemplum
2817 5267 3075 5333 Naaman,
3122 5271 3340 5325 salutari
3377 5272 3595 5326 lavacro
3626 5288 3783 5327 reno—

2217 5361 2393 5419 vatur,
2422 5364 2483 5408 ut
2510 5356 2791 5425 parvulus,
2824 5366 2879 5412 et
2902 5361 3075 5428 prima
3114 5362 3248 5415 stola
3288 5362 3546 5417 induitur.
3580 5363 3656 5417 De
3685 5378 3782 5435 qua

2220 5444 2506 5513 Apostolus
2542 5447 2618 5501 ait
2657 5466 2669 5501 :
2711 5447 3019 5519 Quicunque
3046 5453 3102 5504 in
3129 5451 3336 5506 Christo
3368 5452 3617 5523 baptismi
3646 5454 3784 5511 estis.

2219 5576 2395 5649 stiuus
2427 5594 2581 5649 fnum.
2616 5578 2674 5631 ll
2696 5619 2710 5642 ,
2742 5579 2876 5635 alias
2897 5597 3016 5649 cap.
3047 5583 3079 5637 9
3116 5585 3380 5642 sermonis
3414 5586 3470 5640 ll
3521 5584 3783 5643 (ιε-τετως

2218 5644 2457 5713 Apostoli
2485 5647 2562 5719 {in
2598 5664 2735 5704 nova
2769 5653 2906 5706 serie
2938 5644 3053 5728 2'6].
