3906 6316
136 286 237 341 772

800 285 1252 357 QUIESTIONES
1292 286 1437 341 XXX
1479 287 1705 353 SUPER
1748 286 1989 354 LIBROS
2031 288 2290 343 REGL‘SI.
2333 321 2403 329 —
2436 290 2638 346 LIBER
2673 292 2757 346 IV.

3296 302 3399 359 773

131 380 400 434 Christum
430 378 693 433 iuduistis.
725 377 782 431 In
811 378 1190 433 emundatione
1214 378 1450 431 Naaman
1484 377 1604 450 Syri
1630 379 1719 432 de-
1748 384 1795 440 Α
1828 376 1878 438 in
1920 378 2019 431 hac
2043 380 2173 444 vita,
2201 382 2286 435 ubi
2313 383 2587 445 hominum
2624 384 2949 439 mirabilium
2992 387 3272 456 prophetia
3325 392 3399 445 ita

130 471 273 523 cima
304 469 471 523 virtus
493 469 713 538 ponitur
740 467 960 522 Helisei.
989 467 1255 521 Denarius
1284 469 1427 521 enim
1459 483 1717 523 numerus

130 562 685 625 consummationem,
742 561 856 615 sive
912 560 1299 631 perfectionem
1356 561 1713 623 demonstrat,

126 650 257 719 quia
306 650 359 704 in
405 649 508 703 line
549 651 732 705 mundi
775 650 1031 723 Dominus
1071 650 1264 720 legitur
1307 651 1621 715 advenisse,
1662 651 1713 704 in

126 756 239 811 quo
279 743 543 799 universis
587 743 836 814 gentibus
882 743 1025 813 lepra
1072 742 1403 797 inﬁdelitatis
1442 742 1714 812 adspersis

125 834 277 889 salus
309 836 651 906 cognoscitur
680 834 957 888 attributa.
985 835 1138 901 Quod
1172 850 1327 899 vero,
1362 843 1711 903 posteaquam

124 927 421 984 mundatus
459 936 544 982 est
577 928 851 991 Naaman,
888 943 1112 982 munera
1162 927 1357 981 obtulit
1399 929 1557 983 beato
1602 927 1711 981 lle-

122 1016 284 1083 liseo,
319 1026 373 1071 et
403 1018 490 1073 ille
512 1019 759 1088 accipere
794 1018 981 1083 noluit,
1011 1018 1211 1075 Christi
1241 1021 1292 1073 in
1323 1020 1425 1074 hoc
1452 1020 1625 1089 gratia
1650 1019 1712 1073 fi-

122 1117 374 1177 guratur,
406 1125 525 1179 qua:
551 1110 674 1166 ideo
702 1111 874 1180 gratia
897 1111 1040 1165 dicta
1067 1120 1167 1174 est,
1191 1112 1315 1181 quia
1337 1112 1506 1182 gratis
1530 1112 1707 1166 datur.

122 1198 217 1254 Sic
248 1201 395 1255 enim
430 1202 541 1272 ipse
574 1202 834 1256 Dominus
865 1202 918 1254 in
955 1201 1245 1273 Evangelio
1286 1202 1565 1269 discipulis
1597 1201 1709 1255 suis

118 1288 296 1343 dixit:
328 1288 541 1362 (Matth.
594 1290 682 1356 10,
716 1290 782 1359 8)
818 1290 1065 1363 Inﬁrmos
1098 1302 1277 1345 curate
1298 1332 1311 1359 ,
1354 1302 1584 1346 mortuos
1615 1310 1705 1346 su-

118 1383 325 1445 scitate,
350 1381 579 1452 leprosos
606 1383 875 1447 inundate,
908 1384 1169 1437 dremones
1198 1384 1400 1453 ejicile;
1440 1386 1603 1456 gratis
1626 1403 1710 1439 ac—

117 1474 351 1541 cepistis,
382 1474 548 1544 gratis
574 1474 715 1527 date.

187 1564 448 1637 Dixitque
478 1566 681 1621 interea
707 1565 948 1621 Naaman
976 1567 1042 1621 ad
1078 1566 1351 1622 Heliseum
1384 1588 1393 1621 :
1434 1569 1590 1641 (vers.
1618 1567 1706 1638 17)

118 1654 374 1721 Obsecro,
399 1656 620 1711 concede
642 1657 770 1711 mihi
799 1675 944 1712 servo
981 1668 1093 1723 tuo,
1118 1668 1175 1712 ut
1208 1659 1390 1712 tollam
1423 1677 1552 1713 onus
1582 1659 1708 1712 duo.

1821 472 2181 539 comparanda
2217 482 2299 525 est
2328 474 2398 527 illi
2429 476 2751 545 vitaequasi
2784 478 2993 546 parvuli
3035 479 3100 534 ad
3126 479 3395 547 juvenem,

1820 560 1953 614 vidit
1980 568 2158 614 tamen
2218 563 2460 617 Heliseus
2502 568 2855 636 accipientem
2913 585 3137 625 munera
3184 588 3399 635 servum

1820 665 1995 716 suum,
2025 652 2116 705 ubi
2144 652 2260 720 ipse
2297 668 2403 707 non
2433 664 2550 708 erat
2584 674 2594 707 :
2634 658 2707 711 ita
2734 674 2821 723 ne,
2851 675 2971 716 cum
3002 663 3215 718 venerit
3255 666 3397 734 quod

1816 741 2114 811 perfectum
2141 752 2246 809 est,
2276 761 2374 800 nec
2396 744 2508 814 jam
2552 763 2746 818 corpus
2775 753 3123 822 corruptibile
3154 766 3175 793 ε
3207 772 3399 827 aggra-

1815 838 1907 884 vat
1942 833 2198 900 animam,
2246 836 2339 891 sed
2390 837 2799 907 incorruptibile
2846 843 2979 897 nihil
3024 845 3300 915 impediet,
3327 848 3400 902 illi

1815 926 1987 979 sancti
2017 927 2082 981 ad
2104 943 2191 993 ea,
2218 943 2337 997 qua:
2360 930 2589 984 videnda
2615 940 2741 986 sunt
2780 934 2947 990 oculis
2987 939 3249 1008 corporis,
3282 941 3373 1009 qui

1815 1018 1914 1073 bus
1938 1018 2183 1075 Heliseus
2210 1022 2404 1076 absens
2431 1023 2497 1076 ad
2526 1038 2741 1078 servum
2783 1040 2939 1079 suum
2971 1029 3256 1085 videndum
3290 1047 3398 1092 non

1816 1106 2062 1178 indiguit,
2094 1109 2442 1180 indigebunt?
2466 1113 2599 1167 Nam
2628 1116 2923 1170 secundum
2968 1117 3291 1188 interpretes
3315 1137 3399 1177 se-

1812 1198 2110 1268 ptuaginta,
2143 1199 2243 1253 ista
2276 1210 2401 1255 sunt
2432 1202 2497 1256 ad
2528 1201 2677 1265 Giezi
2702 1205 2864 1259 verba
2890 1204 3170 1276 Pmpheta:
3201 1228 3211 1261 :
3244 1210 3395 1281 (vers.

1812 1288 1903 1359 26)
1931 1306 2099 1348 nonne
2120 1308 2211 1343 cor
2236 1308 2406 1345 meum
2438 1290 2460 1331 ά
2492 1304 2683 1362 tecum,
2714 1298 2923 1366 quando
2962 1309 2984 1338 ο
3015 1316 3290 1356 conversus
3322 1314 3397 1359 est

1818 1378 1836 1418 ί
1873 1381 1951 1433 vir
1976 1380 2039 1432 de
2070 1398 2229 1445 curru
2260 1383 2313 1435 in
2343 1384 2369 1423 ⁸
2394 1383 2598 1437 obviam
2635 1386 2770 1439 tibi:
2802 1388 2826 1425 δ
2862 1396 2910 1441 et
2947 1392 3192 1459 accepisti
3242 1410 3398 1462 pecu—

1813 1472 1977 1536 niam,
2003 1480 2107 1526 etc.
2141 1471 2291 1527 Sicut
2322 1484 2503 1533 autem
2539 1490 2603 1529 ex
2637 1476 2859 1531 Hebraeo
2885 1478 3270 1549 interpretatus
3311 1496 3397 1537 est

1813 1562 2174 1635 Hieronymus
2223 1566 2507 1638 presbyter
2546 1586 2557 1621 :
2608 1568 2796 1623 Nonne
2850 1587 2943 1624 cor
2976 1589 3169 1639 meum,
3197 1574 3395 1643 inquit,

1812 1654 1867 1706 in
1892 1655 2138 1723 pra’senti
2185 1664 2329 1718 erat,
2353 1656 2565 1725 quando
2597 1673 2829 1711 reversus
2856 1668 2930 1712 est
2958 1661 3112 1715 homo
3144 1664 3207 1716 de
3239 1681 3397 1717 curru

118 1768 231 1803 rum
270 1751 566 1806 burdonum
591 1751 656 1806 de
677 1762 817 1807 terra
840 1770 857 1806 :
887 1769 989 1806 non
1018 1754 1155 1807 enim
1180 1753 1335 1823 faciet
1358 1764 1501 1806 ultra
1526 1770 1703 1807 servus
1734 1740 1779 1797 Β
1806 1762 1901 1800 suo
1925 1748 1979 1801 in
2013 1763 2287 1802 occursum
2314 1749 2433 1801 tui?
2470 1747 2644 1803 Corde
2675 1765 2772 1804 suo
2798 1766 2924 1822 ergo
2950 1767 3008 1806 se
3035 1754 3171 1807 dixit
3197 1756 3299 1809 hoc
3324 1756 3400 1807 vi-

114 1850 235 1895 tuus
274 1841 671 1914 holocaustum,
696 1854 787 1897 aut
823 1846 1059 1898 victimas
1083 1844 1183 1898 diis
1225 1844 1434 1910 alienis,
1474 1846 1575 1905 nisi
1602 1844 1705 1897 Do,-

116 1933 256 1986 mino
285 1933 405 1988 soli.

179 2024 333 2081 Onus
359 2033 516 2081 terra:
542 2028 770 2083 duorum
803 2028 1104 2083 burdonum
1140 2026 1534 2081 lncarnationis
1556 2024 1704 2080 Chri-

112 2117 175 2171 sti
231 2117 607 2187 prazlendebat
666 2131 1066 2172 sacramentum
1098 2158 1111 2179 ,
1170 2117 1321 2186 cujus
1384 2117 1700 2187 mysterium

112 2217 342 2278 uterque
370 2207 599 2280 populus
622 2224 686 2263 ex
718 2209 1135 2263 circumcisione
1187 2208 1439 2263 videlicet
1479 2217 1533 2261 et
1564 2223 1700 2277 pra:-

111 2299 283 2368 putio,
314 2299 383 2354 ob
412 2314 562 2370 spem
601 2308 820 2354 aetemse
844 2299 1191 2354 beatitudinis
1225 2308 1443 2368 portare
1476 2313 1581 2352 non
1617 2312 1699 2352 re-

110 2392 242 2446 nuit.

176 2484 309 2540 Post
329 2484 445 2540 hrec
460 2483 623 2539 refert
650 2484 928 2553 Scriptura
947 2483 1156 2547 eadem,
1182 2483 1322 2551 quod
1345 2480 1699 2553 interrogavit

112 2574 351 2630 Heliseus
374 2575 523 2630 Giezi
560 2590 782 2645 puerqu
815 2590 990 2629 suum.
1028 2571 1205 2646 (γεγε.
1228 2572 1329 2644 25)
1362 2571 1509 2626 Unde
1533 2574 1695 2636 venis,

112 2664 254 2721 Giezi
273 2668 299 2721 .7
324 2669 416 2738 qui
445 2668 709 2738 respondit
738 2680 754 2717 .·
784 2664 905 2720 Non
933 2666 1024 2719 ivit
1054 2682 1231 2719 servus
1263 2656 1383 2719 tuus
1408 2682 1690 2742 quoquam,

112 2758 175 2813 Et
203 2759 293 2813 ille
313 2760 424 2815 ait:
447 2759 637 2813 Nonne
663 2775 754 2813 cor
784 2773 953 2811 meum
974 2758 1026 2815 in
1050 2757 1296 2826 praesenti
1320 2764 1449 2819 erat,
1480 2755 1691 2825 quando

111 2866 339 2904 reversus
370 2859 445 2904 est
482 2851 638 2907 homo
680 2850 742 2904 de
773 2866 931 2913 curru
973 2866 1068 2903 suo
1102 2849 1156 2903 in
1197 2863 1471 2903 occursum
1507 2847 1694 2900 tuum?

114 2941 163 2996 Ν
168 2959 265 2997 unc
291 2959 414 3013 ergo
442 2942 687 3012 accepisti
716 2952 990 3011 argentum
1012 2982 1025 3006 ,
1054 2951 1102 2995 et
1137 2938 1382 3017 accepisti
1414 2947 1600 3026 vestes,
1634 2948 1693 2997 ut

110 3048 246 3086 emas
274 3031 487 3098 oliveta,
520 3042 567 3087 et
598 3033 796 3098 vineas,
823 3041 871 3086 et
891 3048 1037 3097 oves,
1066 3041 1113 3085 et
1138 3030 1309 3093 boves,
1343 3040 1391 3083 et
1420 3046 1619 3099 servos,
1642 3039 1690 3083 et

1810 1836 1955 1892 disse
2007 1836 2298 1911 Propheta,
2346 1839 2563 1911 adjutus
2615 1842 2831 1909 quidem
2880 1844 3223 1912 mirabiliter,
3253 1847 3398 1901 nullo

1807 1929 2108 1994 dubitante,
2134 1930 2412 1999 divinitus,
2444 1932 2537 1985 sed
2570 1939 2774 2001 quanto
2802 1932 3032 2002 amplius
3061 1942 3187 1989 tunc
3208 1952 3398 1993 omnes

1807 2034 2030 2074 munere
2060 2020 2166 2074 isto
2195 2021 2563 2083 abundabant,
2603 2024 2615 2061 ί
2656 2038 2772 2075 cum
2827 2024 2896 2093 (l
2932 2022 3111 2079 Corin.
3158 2025 3245 2091 15,
3284 2027 3392 2095 l8)

1804 2110 2063 2169 Dominus
2090 2112 2188 2165 erit
2234 2114 2410 2168 omnia
2450 2114 2507 2167 in
2554 2113 2829 2175 omnibus!
2873 2113 3163 2170 Habebunt
3212 2124 3393 2186 tamen

1802 2202 1966 2265 etiam
1985 2202 2057 2255 illi
2081 2203 2223 2257 oculi
2244 2205 2490 2272 corporei
2523 2202 2759 2259 oliicium
2791 2220 2964 2269 suum,
2983 2217 3037 2260 et
3062 2207 3115 2261 in
3148 2206 3267 2265 loco
3294 2224 3391 2263 suo

1802 2302 2030 2363 uterque
2060 2295 2164 2349 erit
2194 2295 2299 2351 illis
2321 2295 2545 2365 spiritus
2573 2310 2671 2366 per
2705 2296 2982 2365 spirituale
3022 2312 3239 2368 corpus.
3282 2298 3388 2353 Ne-

1800 2403 1904 2457 que
1933 2390 2077 2443 enim
2110 2388 2196 2443 ille
2220 2385 2508 2457 Propheta,
2535 2389 2659 2458 quia
2685 2405 2791 2445 non
2816 2390 2896 2444 eis
2922 2389 3170 2461 indiguit,
3203 2399 3259 2446 ut
3308 2394 3389 2447 vi-

1799 2481 1955 2546 deret
1980 2480 2277 2545 absentem,
2302 2494 2410 2535 non
2438 2480 2517 2535 eis
2548 2495 2678 2535 usus
2700 2488 2783 2534 est
2804 2481 2872 2535 ad
2900 2481 3130 2536 videnda
3153 2497 3391 2558 prtesen-

1800 2570 1905 2635 tia;
1954 2588 2072 2641 quce
2101 2579 2279 2625 tamen
2323 2570 2517 2641 spiritu
2544 2570 2729 2623 videre
2759 2578 2962 2643 posset,
2988 2571 3151 2625 etiam
3195 2572 3239 2626 si
3272 2571 3389 2626 illos

1797 2663 2091 2728 clauderet,
2131 2663 2273 2718 sicut
2291 2662 2426 2715 vidit
2451 2660 2717 2724 absentia,
2757 2662 2845 2717 ubi
2873 2676 2995 2716 cum
3019 2662 3099 2717 eis
3127 2662 3242 2732 ipse
3281 2678 3387 2732 non

1796 2764 1933 2815 erat.
1966 2755 2125 2809 Absit
2153 2768 2282 2825 ergo
2312 2751 2635 2809 utdicamus
2658 2752 2778 2807 illos
2808 2761 3025 2808 sanctos
3050 2753 3101 2807 in
3137 2753 3226 2810 illa
3253 2753 3385 2816 vita,

1795 2845 1965 2899 Deum
1989 2845 2189 2899 clausis
2213 2843 2381 2898 oculis
2410 2858 2516 2910 non
2554 2842 2767 2905 visuros
2787 2884 2801 2908 ,
2826 2858 2987 2920 quem
3018 2842 3211 2913 spiritu
3246 2858 3387 2898 sem-

1794 2951 1891 3006 per
1911 2936 2183 2991 videbunt.
2212 2934 2316 2989 Sed
2348 2944 2529 2994 utrum
2553 2934 2833 3001 videbunt,
2858 2943 2913 2989 et
2934 2950 3031 3006 per
3058 2934 3244 2990 oculos
3265 2951 3387 2990 cor-

1792 3027 1958 3097 poris,
1989 3043 2108 3085 cum
2142 3042 2236 3081 eos
2258 3035 2475 3103 apertos
2514 3025 2810 3090 habebunt,
2837 3024 2963 3078 inde
3006 3025 3234 3093 quaestio
3279 3035 3381 3081 est.

111 3120 327 3175 ansillas
354 3135 371 3173 :
397 3090 486 3175 sed
521 3131 567 3175 et
604 3122 749 3193 lepra
778 3090 1034 3176 iVaaman
1058 3090 1343 3175 adhwrebit
1380 3120 1503 3183 tibi,
1530 3130 1578 3173 et
1604 3090 1687 3173 ’.ςε-
1716 3090 1759 3157 C
1796 3115 1854 3171 Si
1880 3116 2025 3170 enim
2060 3090 2313 3170 tantumi
2364 3121 2658 3183 potuerunt
2683 3113 2737 3167 in
2760 3128 2984 3184 corpore
3010 3113 3296 3184 spirituali,
3319 3127 3385 3169 eo

110 3211 230 3265 mini
268 3222 361 3266 tuo
386 3229 548 3282 usque
578 3213 631 3266 in
660 3214 1049 3283 sempiternum.

176 3315 198 3343 ι
220 3322 237 3354 ι
261 3302 317 3357 Si
349 3304 492 3358 enim
517 3303 781 3373 Propheta
806 3301 1049 3357 Heliseus
1078 3315 1307 3371 puerum
1335 3316 1491 3355 suum
1513 3299 1687 3365 Giezi,

110 3395 296 3449 absens
317 3409 565 3463 corpore,
596 3394 725 3447 vidit
746 3393 1099 3461 accipientem
1130 3406 1380 3454 munera,
1404 3406 1522 3459 quae
1546 3390 1690 3445 dedit

111 3483 178 3537 illi
238 3484 479 3537 Naaman
528 3482 699 3553 Syrus
755 3499 916 3553 quem
968 3483 1233 3552 propheta
1290 3492 1622 3536 memoratus
1658 3496 1689 3533 a

108 3572 260 3644 lepra:
284 3573 631 3629 deformitate
663 3576 1040 3639 mundaverat,
1057 3575 1198 3645 quod
1223 3590 1413 3630 servus
1434 3590 1687 3645 nequam,

112 3667 322 3721 domino
353 3680 451 3720 suo
478 3680 584 3719 non
612 3666 827 3720 vidente
846 3706 860 3731 ,
890 3667 1125 3720 latenter
1152 3680 1209 3719 se
1237 3664 1433 3721 fecisse
1465 3671 1688 3735 putave-

112 3765 187 3810 rat
213 3775 223 3807 :
251 3766 457 3827 quanto
488 3758 659 3827 magis
682 3757 734 3813 in
778 3758 868 3812 illo
898 3772 1124 3831 corpore
1150 3756 1379 3826 spiritali
1429 3754 1687 3809 videbunt

108 3849 272 3902 sancti
315 3849 521 3913 omnia,
553 3864 659 3903 non
682 3849 853 3903 solum
887 3851 932 3903 si
966 3848 1150 3904 oculos
1182 3847 1470 3911 claudant,
1495 3862 1685 3901 verum

108 3938 259 3991 etiam
294 3939 437 3993 unde
458 3948 583 3993 sunt
609 3954 834 4009 corpore
862 3940 1151 3993 absentes!
1205 3938 1356 3993 Tunc
1406 3939 1552 3992 enim
1582 3938 1686 3993 erit

105 4028 398 4097 perfectum
450 4030 609 4098 illud,
660 4030 725 4084 de
774 4045 881 4097 quo
931 4029 1157 4098 loquens
1212 4027 1501 4096 Apostolus
1550 4028 1627 4080 ait
1669 4046 1680 4093 ;

111 4119 155 4187 (Ι
180 4116 358 4172 Corin.
379 4118 467 4182 15,
489 4118 522 4173 9
560 4128 607 4171 et
637 4118 724 4189 10)
755 4117 839 4172 Ex
868 4127 1037 4187 parte,
1069 4117 1263 4187 inquit,
1297 4118 1682 4187 cognoscimus,

105 4218 150 4261 et
196 4223 258 4262 ex
305 4216 453 4279 parte
497 4208 890 4283 prophetamus.
942 4204 1075 4260 Cum
1107 4216 1284 4259 autent
1314 4205 1506 4259 venerit
1544 4204 1682 4274 quod

102 4298 380 4366 perfectum
405 4308 505 4363 est,
537 4298 878 4351 evacuabitur
900 4297 1040 4368 quod
1066 4312 1131 4349 ex
1152 4304 1301 4365 parte
1321 4304 1417 4348 est.
1453 4294 1679 4357 Deinde,

103 4397 156 4443 ut
177 4391 444 4459 quomodo
488 4398 692 4459 posset,
725 4389 903 4459 aliqua
954 4388 1307 4443 similitudine
1344 4386 1679 4451 ostenderet,

101 4488 353 4547 quantum
378 4480 445 4534 ab
466 4480 573 4543 illa,
592 4480 620 4519 ὶ)
644 4495 805 4545 quam
834 4479 1073 4534 facturus
1093 4487 1197 4545 est,
1222 4478 1387 4533 distet
1409 4478 1521 4533 haec
1546 4479 1677 4543 vita,

103 4583 200 4621 non
256 4568 713 4638 qualiumcunque
771 4570 1071 4635 hominum,
1120 4585 1305 4624 verum
1353 4585 1541 4624 eorum
1588 4570 1680 4640 qui

98 4660 363 4735 praecipua
396 4660 483 4714 hic
514 4660 803 4715 sanctitate
856 4667 981 4713 sunt
1026 4659 1235 4731 przediti
1284 4680 1295 4714 :
1335 4660 1465 4716 Cum
1516 4678 1681 4716 essem

102 4750 310 4822 (inquit)
343 4752 489 4822 (ibid.
519 4752 605 4817 11,
632 4762 679 4805 et
707 4751 798 4825 12)
839 4753 1115 4822 parvulus,
1145 4755 1303 4824 quasi
1324 4754 1573 4824 parvulus
1600 4773 1685 4809 sa—

99 4840 317 4907 piebam,
347 4842 500 4911 quasi
530 4839 782 4911 parvulus
809 4841 1079 4911 loquebar,
1116 4846 1269 4919 quasi
1309 4846 1560 4920 parvulus
1591 4863 1681 4899 co—

98 4928 341 4996 gitabam.
372 4927 505 4985 Cum
535 4942 709 4984 autem
731 4932 900 5001 factus
913 4950 1027 4986 sum
1078 4935 1174 4999 vir,
1200 4938 1445 4991 evacuatvi
1476 4953 1537 4991 ea
1563 4954 1679 5009 qua:

98 5018 295 5086 parvuli
325 5030 494 5074 erant.
543 5019 789 5076 Videmus
822 5038 958 5076 nunc
995 5041 1088 5093 per
1138 5026 1407 5095 speculum
1458 5029 1513 5082 in
1551 5030 1679 5084 (eni-

99 5116 283 5176 gmate,
307 5120 432 5163 tunc
462 5120 636 5165 autem
660 5112 795 5181 facie
820 5113 888 5165 ad
909 5112 1116 5181 faciem.
1139 5114 1295 5170 Nunc
1308 5120 1417 5172 scio
1432 5131 1676 5189 exparte,

99 5204 213 5251 tunc
236 5208 412 5253 autem
434 5215 764 5270 cognoscam,
789 5204 924 5256 sicut
946 5211 994 5258 et
1024 5206 1263 5274 cognitus
1291 5225 1426 5261 sum.
1461 5208 1517 5264 Si
1547 5226 1677 5283 ergo

167 5338 347 5429 {993?
378 5342 915 5429 R‘,‘°.‘?‘Pl‘9..“"‘~t°“s
947 5352 1151 5429 Poeta
1178 5353 1304 5399 ευηι
1326 5346 1677 5429 ν.,άθ,ξψηρείε

99 5406 442 5485 Claudiusjs
465 5410 767 5481 Augustino
800 5415 916 5469 haec
944 5419 1189 5473 tradente
1230 5406 1407 5485 capite
1439 5416 1509 5471 29
1552 5406 1674 5471 libri

100 5492 206 5535 xxu
238 5480 301 5535 de
332 5480 570 5537 Civitatel

168 5558 192 5588 υ
229 5568 344 5621 qua:
366 5553 547 5622 futura
570 5563 665 5607 est.

169 5631 189 5693 (ξ
227 5621 559 5693 ᾼςςηιυιιὺίι.

166 5688 191 5733 ἀ
231 5688 457 5747 Additur
486 5703 615 5747 erat.

492 5789 758 5855 Panos.
798 5789 946 5849 CIV.

1708 4436 1761 4495 D

1795 3209 1954 3266 modo
1996 3208 2181 3277 utique
2226 3207 2390 3261 etiam
2438 3206 2538 3277 ipsi
2578 3205 2718 3260 oculi
2765 3206 3095 3276 spirituales,
3120 3214 3382 3278 quantum

1792 3311 2018 3368 possunt
2048 3299 2159 3362 isti,
2190 3298 2377 3368 quales
2406 3312 2547 3352 nunc
2574 3298 2857 3365 habemus,
2880 3298 3068 3368 procul
3099 3299 3263 3353 dubio
3283 3313 3380 3368 per

1793 3406 1889 3445 eos
1917 3390 2088 3444 videri
2119 3390 2260 3443 Deus
2291 3404 2395 3443 non
2423 3388 2641 3459 poterit.
2686 3387 2868 3459 Longe
2920 3388 3103 3466 itaque
3156 3389 3381 3443 alterius

1791 3483 1898 3537 erit
1931 3483 2214 3553 potentim,
2241 3482 2286 3536 si
2323 3495 2420 3551 per
2465 3496 2559 3535 eos
2612 3480 2884 3535 videbitur
2928 3480 3246 3551 incorporea
3292 3480 3381 3534 illa

1792 3584 2003 3639 natura,
2043 3592 2161 3644 quae
2209 3590 2313 3628 non
2364 3574 2675 3628 continetur
2717 3571 2855 3641 loco,
2890 3574 2982 3628 sed
3018 3574 3217 3642 ubique
3265 3581 3378 3646 tota

1789 3675 1889 3723 est.
1930 3688 1948 3719 ι
1980 3665 2130 3721 Giezi
2162 3664 2411 3719 minister
2453 3663 2675 3726 Helisei,
2707 3664 2796 3733 qui
2830 3664 3125 3733 cupiditate
3168 3666 3377 3737 argenti

1788 3756 2065 3825 deceptus,
2096 3754 2378 3825 pecuniam
2405 3768 2434 3806 a
2469 3752 2709 3807 Naaman
2745 3752 2882 3826 Syro
2910 3756 3139 3824 accepit,
3162 3763 3217 3810 et
3254 3766 3377 3825 post

1789 3846 2063 3919 paululum
2081 3846 2245 3915 lepra:
2274 3846 2591 3916 contagione
2614 3854 2697 3900 est
2723 3860 3043 3917 percussus,
3074 3845 3223 3901 Judm
3249 3864 3375 3918 pro-

1788 3938 1979 3993 ditoris
2004 3946 2187 4007 typum
2221 3936 2451 4006 gessisse
2481 3952 2586 3990 non
2621 3936 2839 3991 dubium
2882 3944 2984 3992 est.
3035 3936 3186 3992 Sicut
3228 3938 3370 3992 enim

1788 4029 1938 4085 Giezi
1972 4029 2091 4083 ideo
2118 4028 2389 4085 serviebat
2412 4029 2572 4082 beato
2601 4026 2833 4094 Heliseo,
2854 4037 2913 4082 ut
2941 4030 3236 4103 pecuniam,
3254 4045 3376 4100 pos-

1787 4131 1869 4176 set
1902 4122 2207 4197 adquirere,
2247 4121 2317 4173 ita
2349 4129 2404 4173 et
2436 4118 2600 4173 Judas
2625 4128 2908 4189 propterea
2935 4120 3237 4175 adhaeserat
3262 4120 3369 4175 Do-

1788 4213 1935 4271 mino
1966 4210 2249 4270 Salvatori,
2282 4219 2339 4264 ut
2365 4210 2605 4264 fraudem
2643 4209 2849 4266 faceret
2899 4220 2954 4266 et
2998 4220 3245 4268 terrenas
3289 4212 3373 4269 di-

1786 4305 1946 4360 vitias
1980 4312 2353 4374 congregaret.
2390 4302 2634 4372 Denique
2662 4304 2744 4361 sic
2775 4304 2843 4360 de
2873 4303 2963 4359 illo
2986 4304 3041 4359 in
3083 4305 3374 4377 Evangelio

1787 4395 2045 4464 scriptum
2071 4402 2151 4448 est
2184 4412 2194 4445 :
2227 4392 2407 4465 (Joan.
2448 4392 2536 4457 12,
2561 4392 2614 4463 6)
2655 4391 2795 4458 Quia
2822 4394 2912 4464 fur
2936 4404 3070 4461 erat,
3094 4406 3142 4449 et
3173 4396 3372 4457 loculos

1786 4485 2023 4548 habebat,
2072 4493 2119 4537 et
2169 4501 2249 4545 ea,
2292 4499 2407 4551 qua
2453 4483 2827 4548 mittebantur,
2863 4490 3189 4554 erportabat.
3238 4486 3372 4542 Nam

1787 4574 2095 4642 Giezi,qui
2150 4574 2377 4643 gratiam
2438 4574 2680 4643 magistri
2734 4582 2984 4643 potuerat
3039 4578 3369 4652 promereri,

1788 4667 1929 4721 sicut
1960 4665 2209 4719 dominus
2240 4678 2367 4718 suus
2415 4674 2738 4719 consecutus
2775 4663 2951 4718 fuerat
2995 4665 3136 4719 beati
3185 4664 3367 4725 Heliae,

1788 4755 2081 4837 cupiditate
2114 4756 2288 4810 victus
2322 4756 2521 4809 meruit
2549 4756 2601 4810 in
2656 4765 2916 4811 azternum
2970 4756 3173 4811 crudeli
3224 4758 3371 4826 lepra

1787 4842 2033 4915 perfundi
2066 4862 2077 4896 :
2104 4842 2271 4897 Judas
2303 4858 2431 4903 vero
2456 4859 2554 4914 per
2588 4859 2825 4899 amorem
2855 4844 3118 4915 pecuniae,
3160 4854 3214 4900 et
3244 4861 3373 4923 apo-

1786 4935 2014 4992 stolatus
2036 4936 2265 5005 gratiam
2295 4936 2545 5005 perdidit,
2573 4944 2627 4991 et
2673 4934 2863 5004 laqueo
2919 4936 3081 4990 vitam
3134 4934 3307 4991 finivit
3354 4956 3368 4992 :

1783 5043 1845 5083 ac
1875 5028 1955 5082 sic
1980 5027 2329 5100 intelligimus
2356 5043 2545 5083 omnes
2580 5028 2751 5083 malos
2776 5028 3084 5083 sacerdotes
3106 5026 3245 5082 intra
3268 5028 3370 5083 Ec-

1781 5119 2003 5176 elesiam
2030 5120 2175 5194 intus
2202 5121 2256 5175 in
2285 5122 2465 5175 anima
2495 5122 2702 5191 peccati
2726 5121 2873 5192 lepra
2904 5120 3072 5176 fuisse
3094 5119 3365 5201 perfusos,

1781 5213 1872 5283 qui
1920 5220 2110 5267 contra
2162 5212 2431 5268 dominica
2478 5222 2745 5283 praecepta
2797 5212 3179 5282 ministerium,
3222 5216 3365 5289 quod

1855 5359 1876 5386 ο
1919 5346 2196 5401 Reversus.

1857 5417 1876 5456 ί
1922 5414 2117 5471 Homo.

1854 5488 1879 5527 ε
1921 5485 1988 5539 1η
2017 5503 2310 5541 occursum.
2514 5521 2521 5533 ι

1850 5557 1874 5596 ιι
1920 5556 2046 5611 ilzec
2072 5558 2266 5612 desunt
2288 5558 2337 5611 in
2371 5555 2550 5619 editis.

1856 5628 1871 5666 i
1912 5625 2067 5679 Deus.

1853 5695 1866 5746 ὁ
1906 5692 2184 5752 Poterunt.

2843 5787 2921 5852 25
