3906 6340
480 296 586 352 779

1562 300 1838 359 CLAUDII
1878 301 2342 360 TAURINENSIS
2380 303 2685 363 EPISCOPI
3663 319 3756 380 τω

482 424 651 486 gratis
684 422 1028 486 acceperunt,
1068 415 1239 486 gratis
1283 430 1391 470 non
1433 416 1817 472 administrant
1845 435 1858 471 :
1889 424 1943 472 et
1974 431 2074 487 pro
2102 422 2150 480 Α
2179 416 2287 483 ille,
2315 417 2407 473 ubi
2457 421 2667 475 securis
2716 422 2939 490 cecidit,
2970 424 3237 495 signiﬁcat
3288 427 3757 496 praeterﬂuentem.

481 510 629 565 omni
654 523 837 577 opere,
863 507 1006 577 quod
1039 510 1092 563 in
1134 507 1375 565 Ecclesia
1424 517 1654 581 gerunt,
1682 526 1789 565 non
1837 507 2074 563 futuram

480 600 813 665 mercedem.
842 603 937 657 sed
975 610 1299 673 prtesentcm
1346 612 1598 673 quaerunt
1635 601 2071 658 retributionem.

553 693 745 753 Potest
760 694 905 751 enim
928 693 1078 751 Giezi
1103 694 1413 750 Judaeorum
1440 696 1700 765 populum
1719 691 1965 763 ﬁgurari,
1980 690 2073 761 qui

480 802 547 846 eo
577 796 820 857 tempore
847 786 1055 857 peccati
1078 785 1227 856 lepra
1251 785 1575 856 percutitur,
1601 800 1710 856 quo
1736 783 1805 838 ab
1833 797 1899 839 eo
1944 797 2077 852 gen-

482 881 616 935 tium
647 877 877 948 populus
906 876 1193 941 liberatur.
1229 875 1473 948 Denique
1504 875 1585 933 sic
1629 864 1875 934 inﬁdeles
1903 875 2074 934 Judaei

485 970 538 1024 in
567 967 820 1040 passione
848 966 1063 1023 Domini
1115 966 1489 1025 clamaverunt
1515 985 1527 1020 :
1557 965 1786 1040 (Matth.
1833 966 1924 1031 27,
1965 963 2074 1038 25)

482 1059 713 1133 Sanguis
736 1060 852 1132 ejus
876 1076 1035 1131 super
1060 1076 1155 1115 nos
1197 1068 1247 1113 et
1282 1076 1441 1129 super
1465 1059 1608 1130 ﬁlios
1651 1069 1879 1114 nostros.
1920 1056 2074 1112 Tunc

480 1153 624 1207 enim
652 1150 859 1221 peccati
885 1149 1037 1221 lepra
1074 1148 1326 1223 perfundi
1361 1158 1698 1216 meruerunt,
1734 1148 1950 1221 quando
1985 1164 2077 1204 su-

478 1258 578 1316 per
596 1243 873 1300 coelestem
905 1244 1175 1299 medicum
1199 1260 1295 1301 ore
1324 1245 1590 1316 sacrilego
1638 1244 2013 1301 clamaverunt
2059 1263 2071 1298 :

480 1332 664 1404 (laau.
690 1333 782 1399 19,
817 1332 909 1407 15)
947 1332 1115 1397 Tolle,
1153 1332 1275 1389 tolle
1307 1348 1324 1385 :
1362 1334 1615 1408 cruci/Ege
1643 1352 1782 1390 eum.
1833 1336 1976 1408 Ergo
2008 1350 2075 1391 eo

476 1432 726 1496 tempore
752 1423 807 1497 in
832 1423 939 1480 illis
962 1425 1223 1481 remansit
1252 1423 1431 1493 lepra,
1460 1440 1571 1497 quo
1597 1426 1665 1482 ad
1712 1442 1815 1482 nos
1858 1427 2076 1483 transiit

478 1517 672 1588 gratia.
698 1516 943 1586 Denique
974 1518 1053 1573 sic
1076 1525 1133 1573 et
1159 1518 1453 1588 Apostolus
1486 1519 1686 1575 Paulus
1711 1520 1778 1577 ad
1807 1536 1905 1576 eos
1927 1520 2076 1577 locu-

480 1615 567 1662 tus
596 1614 697 1673 est,
723 1606 952 1663 dicens:
992 1606 1131 1679 (Act.
1165 1608 1253 1675 15,
1285 1608 1378 1678 46)
1416 1608 1596 1675 Vobis,
1619 1610 1811 1679 inquit,
1846 1610 2073 1682 oportuit

476 1697 705 1768 primum
737 1695 881 1770 loqui
900 1695 1117 1753 uerbum
1140 1698 1238 1753 Dei
1268 1712 1287 1751 :
1309 1698 1401 1754 sed
1424 1700 1547 1771 quia
1587 1715 1673 1755 vos
1716 1700 1958 1771 indignos
1980 1700 2074 1770 ju-

2177 516 2232 562 et
2264 505 2579 579 fugitivum,
2607 521 2661 565 et
2706 510 3121 570 descendentem
3179 517 3232 573 in
3283 517 3642 589 voluptatem,
3684 520 3761 577 vel

2176 598 2515 656 luxuriosum
2561 604 2744 659 saeculi
2797 605 2957 677 bujus
3010 622 3232 663 cursum
3268 625 3282 663 :
3316 606 3516 665 ﬂuvius
3564 612 3705 670 enim
3733 626 3762 667 s

2175 687 2390 749 ﬂuendo
2417 707 2616 749 nomen
2645 697 2873 767 accepit.
2922 697 2991 753 Et
3035 699 3163 769 quia
3211 714 3402 757 omnes
3448 714 3764 773 peccatores

2169 780 2509 839 rtransitoriis
2539 782 2907 854 voluptatibus
2936 788 3265 846 inhmrentes
3282 788 3453 849 ﬂuere
3475 793 3767 852 dicuntur:

2177 866 2299 924 ideo
2325 870 2533 927 securis
2568 872 2661 927 illa
2692 875 2747 929 in
2774 873 3013 932 ﬂuminis
3058 878 3188 933 limo
3225 880 3446 949 jacebat
3488 897 3769 952 oppressa.

2176 958 2416 1018 Veniens
2437 978 2569 1019 vero
2606 964 2836 1033 Eliseus,
2877 969 3028 1026 misit
3066 970 3291 1042 lignum,
3333 980 3389 1026 et
3423 975 3639 1033 natavit
3669 973 3770 1028 fer-

2174 1066 2318 1109 rum.
2346 1052 2375 1092 b
2404 1052 2549 1125 Quid
2570 1065 2673 1123 est,
2698 1057 2906 1128 lignum
2946 1060 3181 1125 mittere,
3202 1070 3255 1115 et
3286 1060 3495 1118 ferrum
3518 1064 3576 1118 in
3602 1064 3774 1125 lucem

2175 1142 2514 1212 producere?
2551 1146 2656 1201 nisi
2686 1149 2986 1218 patibulum
3013 1152 3193 1207 crucis
3244 1155 3567 1220 ascendere,
3613 1166 3668 1210 et
3710 1157 3771 1211 de

2176 1236 2445 1307 profundo
2470 1237 2668 1297 inferni
2697 1242 2992 1298 humanum
3016 1259 3186 1315 genus
3206 1245 3419 1316 eripere
3445 1265 3458 1302 :
3485 1262 3553 1303 ac
3576 1249 3643 1303 dc
3662 1264 3772 1303 om-

2178 1324 2326 1385 nium
2368 1336 2717 1400 peccatorum
2773 1332 2881 1386 imo
2926 1348 3024 1403 per
3067 1335 3245 1391 crucis
3286 1337 3613 1407 mysterium
3645 1338 3774 1394 libe-

2179 1432 2318 1475 rare.
2346 1418 2640 1490 Postquam
2668 1440 2798 1480 vero
2849 1428 3054 1481 natavit
3099 1426 3338 1493 ferrum,
3368 1429 3521 1484 misit
3557 1447 3773 1489 manum

2176 1506 2464 1578 Propheta,
2490 1520 2547 1568 et
2567 1516 2772 1584 recepit
2798 1516 2949 1583 illud,
2967 1526 3021 1572 et
3045 1519 3281 1575 reddidit
3301 1521 3371 1576 ad
3398 1522 3594 1578 utilem
3625 1539 3775 1578 usum

2177 1596 2381 1659 domini
2411 1601 2515 1656 sui.
2548 1602 2625 1657 Ita
2649 1614 2705 1660 et
2732 1607 2797 1661 de
2827 1608 2986 1663 nobis
3018 1608 3225 1664 factum
3257 1620 3361 1676 est,
3387 1613 3480 1682 qui
3517 1613 3589 1667 de
3615 1629 3775 1667 manu

2180 1689 2389 1748 Domini
2417 1695 2783 1766 superbiendo
2809 1699 3203 1767 cecideramus,
3231 1717 3329 1775 per
3357 1703 3543 1757 crucis
3574 1704 3773 1775 lignum

478 1788 694 1844 dicastis
742 1799 953 1846 (eterna:
999 1791 1144 1856 vitaz,
1196 1808 1311 1846 ecce
1354 1793 1707 1849 convertimur
1757 1793 1825 1845 ad
1875 1802 2067 1863 gentes.
2102 1763 2149 1822 Β
2176 1787 2245 1841 ad
2275 1803 2497 1844 manum
2544 1790 2629 1847 vel
2660 1800 2988 1862 potestatem
3034 1793 3251 1850 Domini
3294 1795 3600 1851 reddimur.
3649 1798 3773 1854 Item

477 1882 706 1951 Quando
727 1884 973 1939 doctrina
994 1884 1380 1955 Apostolorum
1396 1887 1465 1942 ad
1484 1895 1674 1958 gentes
1691 1888 1923 1945 transiit.
1948 1894 2074 1942 tunc

476 1975 532 2030 in
568 1975 783 2032 miseris
803 1973 1002 2031 Judreis
1028 1978 1237 2047 peccati
1262 1977 1410 2050 lepra
1441 1980 1723 2037 remansit.

547 2065 624 2138 (6,
639 2067 693 2133 ι,
711 2064 789 2139 5.)
808 2064 936 2125 Post
949 2072 1063 2124 haec
1078 2069 1243 2124 refert
1257 2070 1561 2141 Scriptura,
1575 2071 1719 2142 quod
1730 2080 1892 2127 eunte
1912 2072 2074 2128 beato

476 2156 657 2216 Eliseo
676 2172 801 2213 cum
831 2156 957 2213 ﬁliis
978 2158 1367 2230 prophetarum
1408 2160 1479 2217 ad
1502 2158 1797 2217 Iordanem
1824 2159 2069 2227 ﬂuvium,

477 2248 604 2307 dum
622 2249 725 2305 sibi
750 2248 893 2321 ligna
912 2250 1282 2318 conciderent,
1301 2252 1561 2308 ceciderit
1579 2253 1786 2312 securis
1803 2252 1859 2311 in
1888 2268 2029 2323 aqua
2056 2271 2067 2306 :

474 2349 531 2397 ct
554 2341 667 2408 ille,
694 2342 761 2398 de
789 2340 943 2410 cujus
969 2358 1133 2399 manu
1164 2344 1391 2409 corruit,
1414 2342 1734 2405 clamaverit
1753 2345 1821 2399 ad
1852 2343 2070 2400 beatum

474 2431 713 2491 Eliseum
748 2452 762 2489 :
794 2432 903 2502 (IV
943 2431 1075 2506 Reg.
1116 2433 1172 2500 6,
1213 2433 1269 2507 5)
1328 2432 1450 2489 Heu
1490 2435 1621 2500 heu,
1664 2444 1711 2489 et
1756 2435 1854 2489 hoc
1898 2435 2069 2505 ipsum

472 2534 658 2588 mutuo
690 2540 1015 2591 acceperam.
1045 2525 1178 2581 Post
1204 2527 1319 2583 haec
1345 2526 1401 2584 in
1442 2526 1584 2593 loco,
1614 2526 1709 2583 ubi
1737 2527 1950 2583 securis
1980 2527 2070 2583 illa

475 2616 772 2680 ceciderat,
816 2613 1016 2673 Beatus
1046 2615 1260 2673 Eliseus
1304 2617 1454 2673 misit
1483 2616 1711 2688 lignum,
1754 2627 1812 2675 et
1860 2621 2069 2678 natavit

473 2709 700 2763 ferrum.

546 2807 572 2839 ι
610 2816 627 2849 ι
663 2798 927 2856 Dominus
962 2796 1123 2856 Jesus
1161 2796 1426 2866 Christus,
1478 2799 1633 2868 cujus
1678 2799 1911 2870 ﬂguram
1961 2802 2073 2857 Eli-

470 2907 597 2948 seus
624 2892 876 2962 gestavit,
906 2906 1031 2950 cum
1056 2907 1155 2967 per
1175 2892 1527 2965 praesentiam
1563 2894 1809 2964 corporis
1852 2894 1937 2948 sui
1977 2891 2071 2948 Ju-

472 2982 711 3051 dazor'um
731 2984 1092 3056 impietatem,
1116 2993 1373 3059 tanquam
1398 2984 1792 3042 infructuosam
1816 2985 2069 3042 arborem

470 3075 753 3133 succidere
802 3076 983 3142 vellet,
1035 3076 1162 3147 quia
1222 3077 1288 3133 dc
1340 3076 1430 3133 illo
1485 3076 1722 3133 Joannes
1783 3076 1998 3134 dixerat
2050 3092 2064 3130 :

470 3164 689 3240 (Matth.
718 3168 774 3233 5,
806 3158 895 3239 10)
946 3165 1087 3222 Ecce
1102 3168 1301 3223 securis
1327 3168 1396 3222 ad
1426 3168 1657 3223 radicem
1678 3167 1928 3222 arborum
1970 3184 2065 3239 po-

469 3252 575 3312 sita
595 3265 689 3313 est.
711 3254 848 3313 Item
871 3257 1269 3314 interveniente
1288 3258 1561 3328 passione,
1590 3272 1788 3327 corpus
1825 3255 1957 3312 illud
1980 3270 2069 3312 ve-

471 3348 554 3405 lut
582 3348 927 3419 manubrium
959 3349 1220 3416 deseruit,
1251 3357 1306 3405 et
1338 3351 1393 3405 in
1424 3348 1626 3404 inferni
1655 3347 1924 3419 profunda
1973 3348 2067 3404 de-

471 3439 701 3509 scendit.
731 3438 887 3508 Quod
928 3440 986 3494 in
1031 3439 1309 3512 sepultura
1339 3439 1597 3510 positum,
1627 3439 1696 3494 ad
1722 3439 1914 3506 vitam,
1941 3447 2065 3494 tan-

473 3540 637 3605 quam
662 3531 732 3585 ad
773 3529 1119 3587 manubrium
1167 3544 1323 3585 suum
1366 3529 1562 3600 Spiritu
1622 3529 1885 3584 redeunte
1946 3544 2067 3583 sur-

472 3621 634 3680 rexit.
676 3641 695 3676 I
730 3620 858 3691 Sive
884 3621 1078 3678 aliter:
1102 3620 1312 3677 Eliseus
1340 3635 1575 3691 namque
1606 3628 1789 3690 typum
1811 3619 2070 3674 habuisse

473 3713 688 3772 Domini
735 3711 1038 3770 Salvatoris
1066 3711 1382 3782 frequenter
1443 3727 1604 3786 supra
1649 3712 1762 3781 jam
1810 3710 2063 3765 diximus.

472 3804 585 3861 Sed
617 3806 672 3861 in
702 3818 873 3876 puero
911 3803 1005 3859 illo
1047 3801 1161 3858 lilio
1196 3803 1497 3873 prophetae,
1544 3802 1700 3873 cujus
1744 3801 1953 3856 securis
2001 3800 2069 3856 de

469 3908 636 3951 manu
658 3876 809 3965 lapsa
836 3901 940 3961 est,
967 3907 1077 3949 non
1100 3893 1397 3961 incongrue
1422 3891 1671 3947 Christus
1698 3891 1961 3947 Dominus
1988 3892 2069 3947 in-

472 3982 735 4056 telligitur
764 3999 781 4037 :
804 3983 1012 4039 securis
1037 3982 1144 4047 illa,
1168 3998 1287 4056 quae
1310 3981 1525 4047 cecidit,
1545 3980 1740 4048 Adam,
1765 3982 1880 4037 sive
1896 3990 2068 4037 totum

472 4090 646 4149 genus
678 4075 980 4130 humanum
1008 4072 1344 4145 signiﬁcasse
1373 4072 1603 4128 videtur.
1657 4072 1899 4135 Tenebat
1938 4087 2069 4144 ergo

472 4166 618 4222 Illius
642 4164 919 4245 propheta:
964 4178 1213 4221 securem
1251 4164 1303 4219 in
1337 4179 1501 4219 manu
1532 4180 1628 4220 sua
1658 4183 1670 4217 :
1715 4172 1770 4219 et
1809 4163 2071 4219 Dominus

474 4273 538 4314 ac
568 4257 821 4314 Salvator
857 4266 1046 4315 noster
1064 4256 1361 4313 humanum
1391 4273 1583 4328 genus,
1612 4259 1755 4327 quod
1785 4263 2071 4317 creaverat

472 4346 527 4404 in
565 4347 728 4404 manu
756 4348 1015 4419 potentiae
1040 4362 1151 4403 sum
1181 4364 1195 4402 :
1231 4348 1325 4401 sed
1358 4348 1628 4417 quomodo
1654 4348 1862 4403 securis
1886 4347 1979 4402 illa
2000 4347 2068 4401 de

2050 3117 2064 3130 '
2095 3112 2142 3175 Ο

2177 1879 2494 1937 moraliter:
2521 1896 2544 1921 ι
2578 1900 2596 1934 ‹
2630 1883 2859 1941 Ferrum
2881 1884 2936 1939 in
2959 1886 3247 1957 manubrio
3282 1897 3368 1942 est
3387 1888 3596 1945 donum
3629 1889 3774 1945 intel-

2173 1970 2349 2026 lectus
2375 1972 2429 2025 in
2467 1973 2672 2027 corde:
2712 1973 2918 2045 lignum
2960 1989 3091 2029 vero
3136 1991 3235 2045 per
3278 1975 3384 2032 hoc
3434 1978 3673 2045 caedere,
3700 1986 3777 2035 est

2172 2076 2342 2131 prave
2399 2071 2621 2134 agentes
2670 2064 2974 2136 increpare.
3025 2063 3179 2133 Quod
3224 2081 3626 2138 nonnunquam
3653 2068 3775 2124 dum

2175 2149 2317 2207 ﬂuxe
2345 2152 2548 2223 agitur,
2575 2152 2701 2207 dum
2730 2153 2913 2227 lapsus
2946 2170 3100 2211 vanae
3129 2155 3317 2226 glorise
3338 2158 3394 2216 in
3432 2168 3665 2229 accepta
3687 2172 3777 2213 ea-

2174 2243 2297 2297 dem
2337 2243 2566 2299 scientia
2604 2259 2711 2300 non
2744 2242 2965 2313 vitatur,
2996 2245 3201 2302 ferrum
3239 2248 3294 2303 in
3328 2263 3472 2318 aqua
3506 2250 3774 2320 perditur,

2173 2333 2300 2402 quia
2323 2348 2397 2388 ex
2432 2332 2694 2390 dissoluto
2712 2349 2877 2405 opere
2906 2336 3260 2409 intelligentia
3286 2337 3552 2395 fatuatur.
3606 2342 3775 2410 Quam

2174 2425 2417 2499 profecto
2444 2426 2856 2499 intelligentiam
2881 2428 2949 2484 ad
2979 2430 3084 2485 hoc
3114 2432 3366 2488 novimus
3394 2434 3540 2499 dari,
3567 2444 3632 2489 ut
3655 2445 3778 2492 ante

2172 2514 2558 2571 dantisoculos
2599 2532 2667 2572 ex
2707 2517 2849 2573 bona
2884 2518 3080 2573 debeat
3106 2521 3318 2576 actione
3348 2524 3592 2578 restitui.
3632 2524 3779 2581 Unde

2173 2615 2223 2663 et
2251 2615 2399 2662 recte
2428 2607 2494 2675 is,
2512 2607 2605 2683 qui
2627 2607 2834 2664 lerrum
2860 2611 3140 2679 amiserat,
3159 2613 3460 2671 clamabat:
3483 2614 3633 2683 Heu,
3658 2620 3778 2685 heu,

2170 2697 2393 2753 Domine
2414 2699 2521 2765 mi,
2545 2697 2714 2753 ethoc
2747 2700 2918 2771 ipsum
2962 2712 3146 2757 mutuo
3177 2721 3486 2775 acceperam
3511 2721 3529 2758 :
3576 2708 3782 2765 habent

2171 2788 2314 2842 enim
2344 2789 2449 2844 hoc
2486 2789 2644 2846 electi
2683 2792 2986 2864 proprium,
3016 2801 3075 2847 ut
3103 2794 3149 2849 si
3191 2796 3406 2867 quando
3444 2798 3529 2853 eis
3572 2799 3634 2853 in
3690 2814 3779 2855 sua

2171 2880 2399 2935 scientia
2424 2880 2625 2936 furtiva
2654 2897 2805 2939 vana:
2825 2883 3010 2953 gloria:
3034 2884 3191 2958 culpa
3212 2886 3539 2959 subripitur,
3562 2890 3639 2945 ad
3690 2905 3783 2948 cor

2171 2969 2434 3026 velociter
2464 2972 2710 3039 redeant,
2739 2982 2793 3027 et
2852 2974 3115 3045 quidquid
3162 2977 3215 3033 in
3267 2993 3325 3033 se
3358 2989 3489 3034 ante
3540 2981 3782 3044 districti

2166 3061 2370 3131 judicis
2408 3064 2596 3121 oculos
2648 3066 2957 3123 damnabile
2992 3068 3298 3135 inveniunt,
3331 3069 3600 3142 lacrymis
3641 3074 3784 3133 inse-

2175 3162 2429 3223 quantur.
2492 3155 2596 3223 Qui
2648 3157 2837 3213 ﬂentes
2887 3176 2995 3215 non
3046 3160 3222 3217 solum
3270 3174 3429 3218 caute
3455 3165 3781 3235 inspiciunt,

2170 3260 2291 3315 qua:
2318 3246 2459 3301 mala
2485 3250 2893 3316 commiserunt,
2926 3248 3021 3307 sed
3051 3266 3120 3307 ex
3150 3261 3375 3324 accepto
3404 3271 3641 3313 munere
3664 3272 3783 3328 qua

2171 3342 2398 3400 reddere
2418 3340 2583 3397 etiam
2615 3342 2755 3397 bona
2786 3342 3092 3400 debuerunt
3120 3363 3133 3400 :
3162 3346 3290 3418 quia
3314 3347 3581 3403 nimirum
3631 3360 3783 3406 tanto

2171 3445 2230 3485 se
2258 3430 2494 3501 amplius
2515 3442 2835 3503 peccatores
2870 3435 3131 3502 sentiunt,
3163 3445 3370 3507 quanto
3405 3453 3475 3494 ex
3515 3439 3777 3512 neglectis

2171 3520 2348 3587 bonis,
2380 3537 2501 3593 qua:
2520 3536 2683 3595 agere
2707 3526 3270 3595 poterant,debitores
3294 3537 3571 3584 tenentur.
3610 3531 3781 3587 Recta

2171 3631 2321 3689 ergo,
2346 3618 2439 3687 qui
2467 3617 2675 3674 ferrum
2700 3619 2970 3689 perdidit,
2996 3619 3270 3677 clamabat
3295 3638 3309 3677 :
3330 3622 3471 3687 Heu,
3496 3623 3624 3690 heu,
3650 3626 3779 3693 lin,

2171 3719 2219 3762 et
2246 3709 2342 3763 hoc
2371 3710 2543 3780 ipsum
2573 3719 2755 3764 mutuo
2783 3727 3107 3781 acceperam,
3134 3727 3200 3768 ac
3225 3714 3270 3768 si
3296 3714 3440 3768 dicat
3472 3733 3484 3767 :
3517 3713 3657 3769 Illud
3679 3732 3780 3787 per

2174 3802 2579 3857 dissolutionem
2602 3801 2941 3873 negligentiae
2962 3804 3198 3873 perdidi,
3223 3805 3368 3877 quod
3397 3814 3459 3860 ut
3484 3821 3597 3876 per
3630 3808 3776 3863 bona

2172 3907 2336 3962 opera
2367 3892 2668 3957 redderem,
2700 3908 2767 3947 ex
2796 3893 2968 3965 gratia
3002 3892 3291 3949 creditoris
3317 3910 3661 3967 acceperam.
3706 3897 3776 3953 At

2174 4000 2448 4054 nunquam
2477 3984 2620 4038 Deus
2661 3993 2899 4039 mentem
2924 3984 3147 4052 deserit,
3176 4001 3297 4059 quae
3332 3986 3386 4041 in
3433 3989 3687 4056 peccatis
3718 4005 3779 4045 se

2174 4075 2444 4130 veraciter
2484 4074 2745 4144 agnoscit.
2780 4072 2934 4131 Unde
2978 4085 3034 4130 et
3089 4090 3217 4131 mox
3264 4076 3476 4133 Eliseus
3517 4078 3774 4144 veniens,

2174 4166 2376 4238 lignum
2400 4166 2653 4221 deorsum
2677 4166 2865 4233 mittit,
2889 4176 2945 4223 et
2972 4166 3177 4237 ferrum
3207 4170 3260 4224 in
3303 4168 3657 4239 superficiem
3693 4182 3779 4227 at-

2173 4259 2293 4313 tulit
2324 4276 2336 4310 :
2368 4259 2494 4328 quia
2542 4258 2796 4314 videlicet
2828 4258 3161 4331 Redemptor
3189 4270 3406 4327 noster,
3436 4261 3522 4331 pie
3550 4277 3663 4317 nos
3692 4278 3779 4318 ro-

2176 4353 2434 4422 spiciens,
2456 4368 2554 4407 cor
2582 4352 2887 4423 peccatoris
2924 4352 3195 4417 humiliat,
3224 4360 3279 4407 et
3305 4353 3353 4407 ei
3382 4352 3406 4391 ά
3440 4354 3529 4423 qui
3576 4356 3778 4412 amise-

472 4454 637 4495 manu
658 4437 957 4510 prophetae,
982 4444 1038 4492 et
1071 4437 1127 4492 in
1149 4436 1420 4508 profundo
1452 4438 1676 4502 corruit,
1707 4437 1781 4495 ita
1816 4446 1871 4492 ει
1897 4453 2068 4509 genus
2092 4460 2147 4523 D
2177 4450 2279 4506 rat,
2307 4442 2718 4513 intelligentiam
2766 4442 3049 4509 reformat,
3083 4443 3285 4514 lignum
3328 4445 3554 4515 mergit,
3580 4456 3641 4501 et
3674 4446 3778 4504 fer-

472 4533 771 4589 humanum
800 4546 924 4587 cum
962 4532 1029 4587 de
1052 4545 1224 4595 manu
1259 4530 1354 4585 Dei
1396 4530 1786 4603 omnipotentis
1832 4547 1930 4601 per
1975 4548 2068 4586 su-

470 4621 719 4693 perbiam
745 4636 805 4677 se
846 4621 1114 4686 excussit,
1146 4620 1340 4675 cecidit
1376 4620 1431 4675 in
1468 4618 1690 4679 ﬂuvium
1734 4621 1983 4686 luxuriae,
2018 4632 2074 4679 et

472 4717 717 4774 omnium
756 4722 1107 4788 peccatorum
1131 4715 1343 4785 gurgite
1372 4729 1431 4769 se
1478 4713 1791 4769 submersit.
1852 4715 2071 4771 Securis

470 4823 603 4880 ergo
638 4807 727 4863 illa
755 4808 811 4863 in
842 4796 1111 4879 profundo
1128 4804 1369 4877 jacebat,
1400 4805 1529 4876 quia
1555 4821 1727 4877 genus
1772 4807 2071 4862 humanum

470 4889 530 4955 in
549 4899 792 4956 omnium
818 4898 1110 4954 criminum
1148 4896 1365 4967 abysso,
1397 4894 1601 4951 infelici
1648 4896 1805 4951 ruina
1848 4912 2069 4952 corrue-

475 4999 580 5058 rat,
608 4991 749 5050 sicut
772 4990 1036 5059 scriptum
1061 4994 1145 5044 est
1175 5005 1187 5042 :
1226 4986 1453 5059 (Psalm.
1484 4986 1574 5053 68,
1598 4986 1654 5059 Ξ)
1711 4987 1920 5057 Inﬁxus
1952 5005 2069 5043 sum

472 5085 530 5140 in
567 5083 692 5142 limo
724 5081 998 5158 profundi.
1029 5081 1231 5137 Iterum
1262 5079 1413 5147 (ibid.
1446 5078 1502 5152 '5)
1526 5078 1720 5134 Devem‘
1746 5081 1801 5133 in
1831 5080 2073 5135 altitudi-

473 5191 591 5230 nem
614 5176 814 5241 maris,
843 5183 891 5229 et
919 5181 1196 5244 tempestas
1226 5170 1465 5225 dimersit
1511 5188 1611 5225 me.
1660 5171 1882 5228 Fluvius
1924 5179 2071 5233 enim

551 5324 575 5351 ι
615 5308 774 5364 Prior
815 5324 942 5379 pars
978 5307 1142 5377 hujus
1174 5308 1551 5378 explicationis
1580 5326 1647 5365 ex
1687 5312 1878 5369 lsidori
1922 5331 2070 5372 com-

476 5378 760 5449 mentariis
787 5378 840 5433 in
863 5379 928 5433 IV
954 5379 1160 5449 Regum
1190 5380 1474 5447 desumpta
1505 5389 1607 5434 est.

550 5451 578 5489 b
615 5448 1016 5529 §ubsequentia
1042 5448 1303 5529 :videntur
1332 5456 1600 5503 vetustam
1648 5452 2068 5521 explicationem

477 5537 544 5575 ex
560 5601 565 5602 γ
580 5520 700 5602 alio
714 5518 993 5602 Scriptore
1025 5519 1362 5602 desumptan
1391 5533 1713 5602 proponere.

552 5601 581 5661 εί
608 5588 1009 5661 Subsequentia
1030 5588 1253 5661 tradidit
1277 5588 1571 5661 Gregorius
1604 5591 1828 5661 Magnus
1852 5611 1999 5649 num.
2039 5598 2072 5651 9

478 5660 631 5739 et_lO
668 5659 800 5739 alias
830 5674 948 5739 cap.
982 5660 1015 5717 5
1044 5659 1165 5719 libri
1196 5675 1305 5717 χιιι
1338 5659 1637 5727 Moralium,
1680 5659 1853 5729 eaque
1880 5666 2075 5739 allegat

479 5730 646 5785 etiam
667 5728 941 5789 Paterius.

2177 4546 2299 4583 rum
2334 4541 2356 4569 θ
2387 4530 2550 4595 levat,
2582 4532 2711 4603 quia
2743 4547 2839 4587 cor
2865 4531 3068 4602 afﬂigit,
3095 4542 3149 4588 et
3195 4534 3476 4589 scientiam
3527 4547 3774 4607 reparat.

2178 4622 2332 4680 Unde
2358 4620 2494 4676 bene
2519 4621 2573 4675 in
2602 4622 2705 4677 alia
2731 4622 3087 4679 translatione
3107 4624 3309 4679 dicitur
3330 4624 3472 4696 quod
3510 4625 3527 4664 τ
3552 4627 3779 4699 infregit

2175 4712 2399 4782 lignum,
2424 4722 2580 4784 atque
2592 4713 2839 4782 jactavit,
2873 4724 2922 4768 et
2952 4716 3028 4769 sic
3056 4714 3255 4784 ferrum
3278 4718 3509 4772 sustulit.
3536 4718 3781 4792 Ligntun

2178 4818 2412 4874 namque
2443 4803 2790 4875 confringere
2815 4817 2918 4872 est,
2945 4821 3041 4861 cor
3062 4806 3297 4872 elatione
3329 4819 3643 4867 conterere.
3690 4812 3783 4870 Li-

2177 4910 2340 4965 gnum
2367 4895 2435 4950 ad
2466 4896 2574 4949 ima
2608 4894 2841 4963 jactare,
2870 4908 2953 4952 est
2987 4898 3014 4938 ι
3043 4897 3314 4954 elevatum
3344 4916 3441 4956 cor
3481 4902 3536 4960 iu
3562 4903 3588 4941 δ
3620 4905 3778 4977 cogi-

2183 4990 2405 5055 tatione,
2440 4997 2502 5042 ut
2543 4988 2781 5045 diximus
2810 4990 3047 5061 propria
3071 4989 3408 5047 inﬁrmitatis
3460 4992 3777 5061 humiliare,

2180 5090 2343 5152 atque
2372 5079 2516 5134 illico
2542 5077 2749 5133 ferrum
2777 5081 2792 5120 ί
2820 5080 2875 5134 in
2898 5077 3241 5149 superﬁciem
3266 5080 3429 5150 redit,
3462 5084 3589 5154 quia
3632 5084 3648 5137 i
3686 5086 3780 5143 ad-

2180 5189 2399 5235 versum
2434 5170 2841 5230 exercitationis
2870 5170 3161 5241 pristinum
3192 5170 3551 5247 intelligentia
3589 5191 3780 5237 recur-

2250 5315 2276 5355 ἀ
2304 5313 2495 5380 Quam.

2257 5398 2279 5426 ε
2314 5384 2543 5439 Relevat.

2257 5456 2272 5494 ί
2320 5452 2609 5527 gon/regit.

2257 5528 2281 5566 ⁸
2311 5524 2550 5579 Ειαιωὴ.

2253 5597 2278 5636 ιι
2314 5592 2645 5665 Cognitione.

2261 5668 2274 5707 ί
2315 5666 2416 5720 Ad.

2255 5746 2268 5797 ἱ
2320 5737 2395 5791 Ad
2421 5753 2574 5791 usum
2609 5736 2861 5808 pristiam.

3061 6327 3100 6332 _
3250 6330 3310 6336 κὴ
3422 6332 3464 6340 ___
3498 6328 3557 6335 της
3650 6330 3685 6337 --γ
3720 5994 3906 6340 r—j
