3906 6330
183 335 284 389 781

826 335 1284 404 QUIESTIONES
1323 336 1470 390 XXX
1510 337 1737 393 SUPER

1865 337 2024 392 BROS
2063 338 2324 393 [{EGUM.
2370 369 2437 378 —
2475 339 2677 393 LIBER
2718 340 2806 397 IV.

3338 344 3442 402 ’ἴδει

182 453 277 505 rit.
323 451 489 520 Igitur
524 453 774 520 quoniam
827 453 1024 506 donum
1070 452 1406 515 intellectus,
1437 452 1581 522 quod
1630 451 1766 508 acci-
1795 454 1843 512 Α
1869 449 1986 503 cabi
2021 450 2275 504 stercoris
2301 450 2693 516 columbarum,
2718 452 2861 520 quod
2896 452 3133 522 quinque
3171 452 3443 521 argenteis

176 542 352 610 pitur,
384 542 471 595 vix
507 557 628 595 cum
677 551 756 597 tot
793 541 1195 597 dillicultatibus
1223 542 1542 602 custoditur,
1570 557 1766 597 curan-

178 631 313 684 dum
343 629 498 684 valde
536 639 638 696 est,
677 647 747 687 ne
800 633 910 686 otio
966 640 1192 700 torpeat,
1235 633 1536 687 curandum
1599 647 1665 686 ne
1710 633 1766 686 in

175 723 569 778 exercitatione
597 725 778 794 operis
805 724 935 778 vitio
959 724 1206 778 elationis
1234 733 1519 778 evanescat
1549 739 1563 776 :
1595 724 1766 778 sancti

177 828 420 882 namque
448 814 548 868 viri
576 815 796 869 minime
829 814 1093 880 exultant,
1127 830 1248 869 cum
1272 822 1604 884 cognoscunt
1647 829 1766 884 qum

177 914 206 943 ι
239 901 446 962 faciunt
473 923 486 957 :
517 907 610 960 sed
659 921 780 961 cum
816 906 1021 960 faciunt
1062 921 1182 976 (piae
1214 904 1240 942 ι’
1272 915 1641 976 cognoverunt
1672 924 1685 958 :
1713 914 1768 960 et

176 993 224 1048 si
253 995 602 1067 intelligendo
630 997 893 1068 largiores
919 997 1262 1067 congaudent
1295 1010 1517 1051 munere
1547 995 1767 1066 largito-

176 1085 282 1151 ris,
307 1096 597 1141 mmrentes
627 1096 805 1142 tamen
853 1087 1199 1143 considerant
1241 1087 1482 1142 debitum
1519 1086 1698 1156 operis
1748 1103 1761 1138 :

176 1184 240 1230 ut
266 1176 520 1231 videlicet
564 1178 774 1232 actione
812 1178 1145 1247 persolvant,
1174 1176 1316 1246 quod
1341 1177 1421 1231 eis
1452 1187 1473 1215 ο
1507 1190 1766 1246 proroga-

177 1272 294 1320 tum
321 1273 402 1320 est
430 1266 484 1319 in
515 1266 541 1305 τι
570 1268 914 1337 cogitatione.
939 1265 1149 1321 Stultus
1169 1280 1401 1335 namque
1425 1274 1509 1320 est
1534 1264 1761 1325 debitor,

173 1356 270 1424 qui
295 1355 532 1426 gaudens
560 1358 815 1425 pecunias
845 1365 1060 1412 mutuas
1087 1356 1304 1426 accipit,
1327 1363 1382 1412 et
1420 1364 1631 1423 tempus
1661 1367 1766 1422 quo

175 1444 408 1499 reddere
439 1456 461 1484 ο
493 1445 678 1508 debet,
704 1461 808 1499 non
841 1445 1090 1499 attendit.
1131 1444 1438 1499 Moderatur
1468 1453 1645 1497 autem
1678 1441 1767 1495 la:-

176 1537 299 1590 titia
344 1537 682 1605 accipiendi,
712 1538 927 1606 quando
978 1536 1162 1590 solerti
1211 1535 1549 1606 providentia
1602 1533 1766 1590 etiam

173 1627 529 1681 constitutum
559 1635 768 1696 tempus
791 1627 1047 1682 reddendi
1072 1627 1357 1696 cogitatur.
1387 1645 1406 1678 ι

251 1720 271 1788 (
287 1716 432 1771 Vers.
451 1717 529 1788 8.)
555 1717 670 1772 Rea:
689 1728 864 1772 autem
890 1717 1056 1788 Syria:
1081 1717 1343 1788 pugnabat
1369 1727 1551 1772 contra
1573 1713 1764 1778 Israel,

1869 550 2129 611 emptum,
2149 543 2202 594 in
2225 541 2402 598 cibum
2426 542 2564 596 sumi
2581 544 2795 607 dicitur,
2813 544 2915 598 hoc
2938 543 3196 614 ﬁgurasse
3213 543 3446 607 videtur,

1868 631 2010 699 quod
2045 630 2272 701 populus
2318 631 2612 702 reprobus,
2645 632 2834 686 relicta
2875 633 3084 688 cultura
3133 632 3249 696 Dei,
3283 641 3441 700 atque

1868 720 2106 790 quinque
2151 721 2397 789 corporis
2453 723 2699 776 sensibus
2746 723 3011 788 subditus,
3043 739 3141 794 per
3177 723 3443 778 idolorum

1867 810 2154 873 culturam,
2180 820 2233 865 et
2260 811 2847 878 simulationem,velut
2873 816 3104 883 quodam
3135 816 3308 870 fetore
3329 831 3448 885 pec-

1867 907 2110 955 catorum
2162 902 2324 971 pasti.
2358 903 2570 958 diabolo
2602 903 3024 960 satisfaciebant.
3071 907 3199 960 Duae
3247 907 3443 961 mulie—

1866 1008 1976 1058 res,
2009 1008 2236 1061 quarum
2280 1010 2384 1048 una
2428 993 2584 1050 famis
2633 996 2810 1068 inopia
2843 1006 3052 1050 coctum
3082 998 3248 1052 ﬁlium
3290 1013 3446 1053 suum

1866 1085 2132 1148 comedit,
2161 1084 2444 1154 reprobam
2495 1085 2706 1154 plebem
2748 1102 2814 1141 ex
2862 1087 3064 1146 ludatis
3111 1089 3447 1160 significasse

1869 1191 1974 1229 non
2003 1175 2222 1231 dubium
2249 1186 2362 1239 est,
2387 1191 2506 1244 qum
2533 1190 2691 1232 mune
2737 1179 2958 1245 bonum,
2984 1179 3126 1249 quod
3163 1180 3216 1232 in
3247 1195 3304 1234 se
3335 1180 3446 1234 ori-

1867 1267 2116 1336 ginaliter
2146 1268 2346 1322 habere
2370 1269 2562 1337 potuit,
2596 1269 2771 1339 inopia
2801 1270 2923 1326 ﬁdei
2968 1278 3285 1339 consumpta
3316 1286 3446 1326 con-

1867 1354 2094 1424 sumpsit
2127 1375 2138 1408 :
2169 1356 2271 1410 alia
2299 1371 2450 1421 vero,
2483 1373 2602 1427 qua:
2631 1359 2684 1411 in
2733 1358 2834 1413 tale
2873 1357 3084 1415 facinus
3120 1371 3442 1414 consensum

1864 1447 2106 1516 prtebere
2122 1447 2314 1508 renuit,
2332 1446 2556 1502 electam
2573 1447 2782 1516 plebem
2797 1448 2983 1518 procul
2995 1449 3157 1504 dubio
3172 1451 3442 1520 ﬁguravit.

1939 1532 2090 1604 (Cap.
2125 1536 2176 1600 7,
2209 1535 2287 1606 5.)
2329 1535 2570 1601 Quatuor
2593 1553 2714 1606 ergo
2743 1539 2841 1592 viri
2867 1548 3018 1592 erant
3054 1539 3243 1610 leprosi
3283 1541 3443 1610 juxta

1867 1624 2137 1680 introitum
2165 1635 2349 1695 portte,
2375 1626 2463 1695 qui
2498 1627 2742 1679 dixerunt
2786 1629 2855 1680 ad
2887 1628 3126 1682 invicem.
3176 1629 3316 1698 Quid
3359 1631 3444 1685 Itis

1868 1731 1977 1770 esse
2006 1715 2239 1771 volumus
2274 1716 2437 1771 donec
2461 1717 2790 1772 moriamur?
2817 1727 2922 1774 etc.
2951 1720 3192 1787 Quatuor
3219 1722 3439 1791 leprosi,

173 1806 556 1877 consiliumque
584 1808 700 1860 iniit
721 1823 838 1860 cum
861 1809 1020 1861 servis
1043 1808 1150 1861 suis
1178 1807 1392 1862 dicens:
1415 1805 1482 1858 In
1507 1803 1619 1858 loco
1648 1803 1761 1867 illo,
1791 1806 1838 1866 B
1867 1808 1957 1878 qui
1984 1817 2136 1862 extra
2163 1809 2436 1864 civitatem
2462 1810 2620 1879 positi
2650 1810 2887 1866 futuram
2910 1813 3091 1868 lsraeli
3125 1817 3150 1855 ε
3171 1815 3442 1871 defensio—

172 1907 224 1951 et
255 1899 347 1951 illo
369 1916 624 1968 ponamus
649 1900 870 1963 insidias
901 1916 919 1952 :
949 1907 1002 1954 et
1035 1899 1261 1968 reliqua.
1289 1897 1404 1951 Rex
1454 1896 1626 1966 Syria:
1664 1892 1763 1954 Sa-

174 1989 406 2042 mariam
444 1989 698 2047 obsidens
725 2030 738 2053 ,
771 1989 968 2044 diaboli
1022 1989 1271 2059 gestabat
1388 1998 1573 2060 typum
1623 2025 1637 2043 .
1669 1983 1763 2055 qui

172 2089 306 2132 ante
337 2079 624 2133 adventum
677 2077 974 2134 Salvatoris
1009 2078 1314 2134 Iudaeorum
1360 2077 1616 2148 populum
1664 2089 1761 2137 sua

171 2169 462 2223 obsidione
497 2170 858 2234 concluserat,
910 2169 1063 2238 cuius
1098 2169 1319 2227 saavitiaa
1346 2177 1507 2238 atque
1538 2166 1764 2227 occultae

171 2258 421 2323 insidiae,
481 2274 618 2328 quas
665 2260 904 2314 humano
948 2260 1317 2330 przetendebat
1364 2259 1591 2330 generi,
1646 2256 1760 2319 veri

172 2349 374 2430 Elisei,‘
387 2351 490 2406 hoc
517 2360 600 2405 est
630 2350 841 2406 Domini
872 2351 1168 2406 Salvatoris
1207 2349 1572 2420 prtescientia,
1603 2357 1762 2416 atque

171 2438 378 2492 virtute
413 2437 684 2494 frustrata:
718 2448 862 2494 sunt.
905 2440 1188 2496 Exercitus
1225 2440 1368 2510 regis
1393 2439 1758 2510 Assyriorum,

170 2531 270 2600 qui
311 2532 376 2583 ad
417 2532 738 2600 capiendum
781 2533 1018 2588 Eliseum
1051 2532 1119 2586 ab
1147 2547 1212 2587 eo
1244 2533 1441 2586 missus
1491 2538 1594 2594 est,
1628 2530 1763 2585 scri-

167 2623 369 2677 barum
427 2629 483 2676 et
530 2623 920 2691 pharisaaorum
1003 2624 1312 2684 habuerunt
1385 2631 1610 2692 typum,
1669 2620 1759 2690 qui

169 2713 435 2767 instinctu
471 2713 667 2776 diaboli
711 2715 778 2768 ad
825 2714 1258 2783 persequendum
1307 2708 1760 2781 Deum'instigati

169 2812 344 2868 sunt,
396 2813 450 2857 et
521 2818 619 2872 per
671 2805 925 2865 virtutem
984 2802 1228 2876 ejusdem
1273 2803 1486 2858 Domini
1541 2810 1596 2857 et
1644 2801 1762 2856 Sal-

169 2894 384 2959 vatoris
415 2895 608 2959 nostri,
627 2893 774 2962 justo
801 2893 1004 2961 judicio
1032 2894 1288 2955 obcmcati
1321 2901 1448 2948 sunt
1492 2911 1504 2946 :
1544 2901 1598 2946 et
1639 2907 1760 2945 rur-

171 2997 298 3038 sum
329 3000 424 3054 per
449 2984 879 3040 misericordiam
918 2985 1080 3049 illius,
1109 2999 1248 3054 pane
1294 2984 1446 3041 vorbi
1488 2983 1582 3046 Dei
1633 2990 1761 3041 sunt

169 3076 335 3148 pasti,
375 3085 428 3130 et
459 3092 594 3146 aqua
624 3076 863 3130 scientia:
909 3074 1116 3131 refecti.
1163 3075 1355 3135 Merito
1388 3082 1606 3139 movet,.
1626 3088 1761 3144 quo-

170 3146 336 3221 modo
366 3168 640 3236 potuerint
685 3166 806 3236 Syri
853 3166 941 3220 isti
982 3166 1062 3219 ire
1112 3166 1165 3220 in
1204 3163 1526 3228 Samariam,
1562 3163 1608 3217 si
1666 3162 1760 3224 tali
1788 3146 1831 3209 Ο

171 3267 337 3314 erant
366 3259 608 3313 ctecitate
639 3258 903 3327 percussi,
946 3265 1003 3317 ut
1051 3257 1272 3311 omnino
1308 3255 1440 3314 nihil
1491 3255 1755 3308 viderent.

169 3349 293 3406 Hac
340 3350 554 3404 aurasia
603 3347 623 3387 ἲ
656 3356 711 3404 et
759 3348 835 3402 illi
862 3347 1105 3419 percussi
1132 3355 1277 3413 sunt,
1310 3347 1414 3416 qui.
1446 3347 1761 3416 quaerebant

167 3442 374 3497 ostium
403 3440 576 3496 Loth:
609 3441 713 3505 hoc
733 3439 878 3494 enim
909 3440 1067 3494 modo
1089 3453 1186 3493 sua
1208 3438 1517 3493 calamitate
1535 3438 1754 3502 turbati,

170 3538 422 3586 amentes
464 3529 590 3585 facti
617 3538 763 3594 sunt,
794 3543 965 3599 usque
992 3530 1117 3583 dum
1149 3530 1292 3583 irent
1322 3528 1374 3582 in
1430 3525 1755 3590 Samariam,

167 3631 229 3678 ct
258 3623 488 3677 ulterius
512 3621 838 3692 Prophetam
873 3619 964 3677 tali
993 3618 1625 3687 modocomprehendere
1647 3632 1753 3678 non

168 3715 559 3784 quasiverunt,

242 3826 338 3898 (V.
367 3827 459 3893 24,
483 3836 532 3881 et
559 3825 690 3898 seq.)
716 3825 940 3881 Factum
966 3833 1041 3878 est
1063 3833 1234 3878 autem
1262 3831 1376 3892 post
1402 3823 1514 3877 lues
1546 3838 1758 3893 congre-

166 3917 311 3987 gavit
341 3914 592 3970 Benadab
619 3932 709 3969 rex
745 3913 919 3984 Syria:
948 3915 1246 3968 universum
1271 3915 1556 3967 exercitum
1577 3929 1750 3978 suum,

165 4016 216 4061 et
239 4001 497 4070 ascendit,
516 4015 560 4058 et
583 4005 778 4058 obsedit
805 4002 1124 4058 Samariam.
1152 4002 1323 4056 Facta
1359 4011 1434 4060 est
1468 4011 1641 4063 autem
1674 4003 1755 4073 [a-

164 4112 279 4150 mes
303 4106 491 4166 magna
517 4098 570 4150 in
595 4094 863 4160 Samaria,
890 4104 939 4148 et
962 4094 1164 4147 tamdiu
1198 4095 1407 4149 obsessa
1446 4105 1521 4149 est
1549 4095 1751 4159 civitas,

164 4186 336 4241 donec
362 4185 751 4244 venundaretur
789 4193 944 4254 caput
990 4185 1126 4238 asini
1167 4185 1428 4252 octoginta
1460 4185 1749 4254 argenteis,

163 4284 214 4329 et
244 4285 435 4344 quarta
460 4290 584 4342 pars
618 4273 734 4336 cabi
755 4275 1001 4333 stercoris
1037 4271 1396 4324 columbarum
1423 4272 1650 4341 quinque
1666 4289 1753 4325 ar-

162 4366 389 4436 genteis,
419 4375 525 4418 etc.
552 4363 746 4424 Fames
770 4361 1030 4425 Samaria:
1059 4362 1202 4415 illata
1227 4362 1461 4430 inopiam
1484 4361 1754 4432 significat

162 4455 321 4509 verbi
360 4454 478 4518 Dei,
507 4455 621 4508 sive
664 4461 961 4522 egestatem
1010 4450 1153 4516 fidei,
1191 4467 1289 4520 per
1313 4467 1476 4520 quam
1508 4451 1751 4505 diabolus
1776 4483 1829 4541 Β

163 4555 298 4601 ante
327 4546 616 4599 adventum
658 4543 954 4601 Salvatoris
980 4543 1076 4597 Dei
1103 4543 1359 4620 populum
1385 4543 1746 4597 concluserat.

161 4638 344 4707 Caput
367 4635 503 4690 asini
544 4635 812 4704 octoginta
862 4633 1135 4704 argenteis
1174 4633 1536 4687 venundatum
1582 4633 1752 4704 signi-

163 4727 300 4781 flcat
330 4725 658 4794 superbiam,
682 4739 802 4794 quae
833 4725 1039 4776 initium
1063 4732 1138 4776 est
1173 4723 1341 4778 omnis
1384 4724 1599 4790 peccati.
1647 4723 1752 4777 Per

161 4818 381 4872 asinum
427 4816 592 4880 enim,
633 4815 777 4883 quod
825 4813 1161 4867 immundum
1206 4820 1292 4867 est
1319 4811 1539 4873 animal,
1569 4812 1750 4874 omnia

159 4909 302 4964 vitia
335 4906 536 4961 diaboli
565 4906 940 4976 praefigurasse
979 4919 1086 4967 non
1111 4904 1330 4958 dubium
1359 4913 1462 4969 est,
1493 4919 1747 4975 quorum,

159 5009 219 5054 ut
249 5000 456 5053 dictum
480 5007 584 5062 est,
607 5008 769 5067 caput
793 5006 876 5052 est
901 4997 1170 5065 superbia.
1207 4995 1358 5052 Hanc
1389 4997 1604 5065 reprobi
1635 5014 1750 5052 om-

159 5109 263 5149 nes
290 5093 535 5162 neglecto
565 5091 818 5162 decalogo
840 5090 994 5160 legis,
1024 5097 1185 5158 atque
1215 5089 1455 5157 ogdoada
1506 5089 1750 5159 Evange-

161 5187 243 5250 lii,
281 5185 334 5238 in
374 5200 478 5253 qua
510 5185 684 5253 imago
722 5192 805 5237 est
842 5182 958 5246 Dei,
990 5181 1044 5234 in
1074 5182 1253 5235 cibum
1300 5179 1403 5233 sibi
1444 5179 1750 5233 maluerunt

163 5275 400 5339 absumi,
433 5289 593 5343 quam
630 5287 825 5343 panem
863 5271 1013 5330 verbi
1066 5270 1181 5332 Dei.
1233 5268 1436 5339 Quarta
1460 5283 1590 5323 vero
1618 5283 1746 5338 pars

236 5405 262 5432 α
289 5389 540 5443 Faciant.

239 5462 267 5500 ι)
305 5457 687 5529 Cognoveram.

240 5542 262 5570 ε
309 5527 694 5598 Prterogatum.

239 5601 266 5641 ἀ
299 5598 628 5668 Cognitione.

245 5684 270 5710 ο
302 5669 520 5722 Debeat.

248 5743 264 5780 ί
299 5737 434 5792 Nmn
470 5749 754 5815 corruptus
785 5738 1026 5798 nonnihil
1058 5737 1129 5792 sit
1156 5736 1305 5791 locus
1334 5735 1458 5802 iste,
1484 5732 1573 5793 alii
1606 5729 1752 5789 vide,

1862 1914 1985 1954 nem
2016 1899 2396 1969 pronuntiant,
2446 1900 2564 1961 illos
2610 1901 2878 1966 indicasse
2927 1904 3199 1971 videntur,
3229 1907 3322 1978 qui
3368 1923 3437 1970 ex

1861 1986 2058 2058 populo
2084 1986 2390 2045 Judasorum
2421 1988 2817 2051 immunditiam
2856 2003 3201 2062 peccatorum
3218 2011 3440 2060 suorum

1861 2079 2014 2150 prius
2047 2079 2258 2133 caeteris
2285 2079 2518 2135 confessi
2548 2091 2691 2147 sunt,
2732 2091 2788 2138 et
2814 2085 2880 2138 ad
2924 2093 3128 2142 tantam
3155 2089 3444 2156 pervenire

1862 2179 2180 2222 meruerunt
2206 2170 2458 2239 gratiam,
2481 2178 2540 2230 ut
2559 2172 2761 2226 victum
2800 2180 2964 2243 atque
2990 2174 3228 2247 fugatum
3256 2177 3447 2235 diabo—

1861 2255 1970 2318 lum
2000 2274 2098 2328 per
2134 2260 2418 2325 victoriam
2462 2264 2639 2319 crucis
2679 2263 2881 2321 Christi
2908 2269 3119 2328 caeteris
3157 2272 3443 2330 annuntia-

1863 2357 2003 2402 rent.
2038 2349 2283 2420 Quinque
2305 2368 2490 2425 equos,
2523 2356 2613 2426 qui
2638 2356 2690 2410 in
2727 2357 2972 2424 Samaria
2999 2375 3108 2428 prae
3136 2360 3318 2435 inopia
3358 2362 3441 2419 fa-

1861 2438 1965 2499 mis
2019 2443 2389 2496 tantummodo
2449 2447 2774 2504 remansisse
2820 2449 3114 2518 dicuntur,
3161 2452 3438 2512 carnalem

1858 2526 2440 2601 Judzeorumpopuluni
2468 2536 2566 2590 sub
2595 2534 2832 2606 quinque
2870 2538 3021 2594 libris
3075 2540 3209 2611 legis
3245 2541 3445 2602 dereliq-

1862 2626 2007 2676 ctum
2043 2618 2303 2688 ﬁgurasse
2329 2632 2533 2676 certum
2582 2634 2683 2678 est.
2738 2626 2852 2680 Dux
2902 2628 3009 2692 ille,
3055 2631 3146 2699 qui
3203 2629 3443 2692 futuram

1860 2705 2116 2764 frumenti
2168 2709 2551 2768 abundantiam
2595 2729 2694 2785 per
2738 2715 2975 2772 Eliseum
3010 2729 3294 2780 venturam
3343 2737 3446 2778 τωρ

1861 2799 2034 2866 diens,
2057 2803 2279 2859 credere
2306 2804 2499 2871 noluit,
2541 2809 2841 2864 scribarum
2865 2820 3026 2882 atque
3051 2813 3442 2885 pharisaaorum

1861 2894 2091 2968 gestavit
2117 2894 2470 2973 figuram,qui
2502 2898 2834 2963 fertilitatem
2859 2902 2984 2957 fidei
3012 2903 3066 2957 in
3094 2904 3337 2964 Ecclesia
3363 2907 3447 2961 di.

1862 2980 2065 3034 vinitus
2093 2982 2340 3040 collatura
2373 2986 2599 3050 vidit,et
2634 2989 2760 3059 quia
2789 2990 3016 3051 credere
3045 2991 3323 3059 noluit,ob
3343 2993 3448 3056 hoc

1861 3071 1916 3128 in
1939 3071 2213 3148 impietate
2237 3091 2332 3130 sua
2358 3088 2622 3143 mortuus,
2643 3094 2671 3132 a
2699 3079 2948 3142 fidelibus
2972 3083 3318 3141 conculcatus
3337 3094 3440 3147 est.

1935 3164 2088 3236 (Cap.
2117 3165 2195 3237 8.)
2229 3166 2438 3224 Eliseus
2467 3180 2640 3230 autem
2674 3171 2878 3231 locutus
2916 3183 2992 3237 est
3029 3175 3100 3228 ad
3145 3177 3440 3245 mulierem,

1862 3257 2018 3326 cujus
2046 3260 2210 3314 vivere
2239 3258 2432 3328 fecerat
2455 3261 2627 3334 ﬁlium
2655 3263 2831 3321 dicens
2861 3280 2880 3321 .'
2911 3264 3110 3337 Surge,
3145 3269 3294 3334 vade,
3327 3279 3434 3327 etc.

1862 3349 2055 3406 Mulier
2081 3350 2398 3417 Sunamitis,
2431 3369 2551 3427 qua:
2587 3355 2657 3410 ob
2687 3355 2924 3426 inopiam
2969 3356 3160 3422 famis.
3187 3363 3436 3421 consultu

1860 3440 2020 3496 Elisei
2051 3442 2116 3498 de
2141 3441 2324 3499 ludam
2369 3446 2437 3500 ad
2469 3454 2669 3502 terram
2697 3446 2984 3505 Philistiim
3023 3451 3291 3518 transivit,
3319 3454 3434 3523 pri-

1859 3531 2101 3588 mitivam
2137 3533 2455 3599 Ecclesiam,
2487 3549 2606 3604 quae
2625 3550 2723 3604 per
2746 3535 3032 3606 Apostolos
3057 3553 3122 3593 ex
3153 3540 3440 3595 circumci.

1858 3619 2009 3675 sione
2038 3621 2092 3676 in
2129 3621 2343 3678 Christo
2370 3623 2619 3690 credidit,
2645 3625 3012 3698 prtesignavit.
3036 3626 3168 3694 Qum
3196 3628 3435 3692 Ecclesia

1855 3712 1927 3770 ob
1955 3711 2348 3770 inﬁdelitatem
2401 3714 2710 3772 Judaeorum
2782 3725 2943 3790 atque
3001 3719 3237 3789 inopiam
3285 3723 3438 3785 verbi

1855 3803 1975 3866 Dei,
1997 3819 2115 3872 quae
2147 3804 2265 3857 illos
2291 3800 2558 3868 obtinuit;
2573 3805 2850 3861 revelante
2871 3807 2971 3862 sibi
2999 3809 3182 3871 divino
3209 3810 3435 3882 Spiritu,

1856 3894 1924 3950 ad
1976 3893 2229 3966 populum
2287 3896 2524 3964 gentium
2575 3897 2981 3968 transmigravnt
3017 3917 3030 3953 :
3062 3900 3348 3958 hmcenim
3382 3904 3436 3965 in

1857 3988 1966 4044 line
1993 3988 2198 4051 mundi,
2229 3995 2512 4057 postquam
2542 3988 2818 4062 plenitudo
2849 3993 3089 4060 gentium
3143 3994 3434 4062 introierit,

1856 4076 1922 4135 ad
1975 4077 2209 4145 priorem
2253 4075 2505 4146 populum
2561 4087 2872 4144 revertens,
2919 4081 3246 4151 praedicante
3295 4083 3434 4150 Elia,

1855 4168 2056 4222 electos
2080 4183 2146 4223 ex
2174 4170 2363 4230 eadem
2392 4169 2547 4238 plebe
2574 4172 2727 4239 quasi
2762 4173 3049 4240 pristinam
3079 4181 3431 4248 patronorum

1855 4273 2072 4314 suorum
2093 4258 2490 4332 possessionem
2516 4260 2568 4313 in
2589 4263 2810 4332 proprio
2828 4261 2951 4333 iure
2974 4266 3218 4335 recipiet,
3234 4277 3286 4323 et
3310 4279 3436 4335 tunc

1854 4350 2032 4403 omnis
2060 4349 2223 4403 Israel
2248 4349 2429 4404 salvus
2461 4349 2570 4404 fiet.

1929 4438 2079 4510 (Cap.
2103 4440 2188 4504 Η,
2208 4438 2285 4510 4.)
2305 4439 2456 4493 Anno
2477 4443 2689 4511 septimo
2711 4444 2849 4498 misit
2873 4444 3067 4509 Joada,
3090 4455 3138 4500 et
3160 4465 3430 4505 assumens

1854 4532 2203 4594 centuriones,
2225 4540 2272 4583 et
2301 4529 2556 4584 milites...
2591 4535 2832 4602 prrecepit
2884 4533 3011 4600 illis,
3034 4536 3278 4591 dicens...
3315 4540 3433 4594 Ter-

1852 4626 1926 4678 tia
1952 4641 2074 4694 pars
2107 4633 2332 4677 vestrum
2356 4624 2579 4678 introeat
2621 4625 2858 4691 sabbato,
2887 4635 2990 4683 etc.
3031 4628 3055 4666 δ
3091 4646 3109 4678 ι
3163 4628 3315 4695 Quod
3358 4631 3436 4690 ait

1852 4715 2037 4770 Joiada
2075 4714 2316 4786 pontifex
2356 4716 2746 4780 sacerdotibus,
2778 4725 2832 4770 et
2877 4717 3053 4771 levitis
3107 4717 3159 4772 in
3211 4720 3431 4788 templo,

1853 4814 1905 4860 et
1936 4804 2216 4876 proferens
2243 4803 2369 4859 Joas
2417 4804 2583 4858 ﬁlium
2631 4805 2863 4869 Azariae,
2894 4820 3053 4874 quem
3104 4821 3200 4862 sex
3251 4809 3430 4872 annis,

1852 4900 2048 4968 quibus
2075 4898 2320 4967 regnavit
2349 4896 2583 4960 Athalia,
2609 4896 2747 4951 clam
2777 4897 3049 4952 nutriebat
3086 4898 3140 4951 in
3183 4899 3382 4970 templo
3416 4918 3427 4954 :

1857 4988 2031 5042 Tertia
2057 5005 2179 5058 pars
2226 4997 2446 5042 vestrum
2477 4987 2701 5041 introeat
2729 4987 2944 5042 sabbato
2967 5028 2980 5050 ,
3011 4996 3059 5041 et
3085 4987 3314 5042 observet
3344 5007 3436 5044 ex-

1853 5080 2083 5136 cubitum
2132 5080 2315 5131 domus
2357 5077 2522 5146 regis,
2553 5077 2707 5134 tertia
2740 5088 2913 5134 autem
2943 5094 3066 5146 pars
3103 5080 3169 5131 sit
3212 5078 3281 5131 ad
3312 5097 3434 5148 por.

1853 5183 1959 5232 tam
1990 5171 2126 5235 Seir,
2149 5179 2195 5222 et
2223 5169 2376 5220 tertia
2402 5184 2523 5238 pars
2552 5167 2619 5220 ad
2647 5178 2872 5237 portam,
2900 5186 3016 5242 qum
3039 5178 3112 5225 est
3143 5179 3255 5238 post
3286 5169 3434 5222 habi-

1853 5260 2085 5323 taculum
2125 5260 2496 5314 scutariorum.
2545 5257 2858 5314 Custodictis
2909 5261 3201 5312 excubitum
3243 5260 3428 5316 domus

1855 5385 1981 5437 rint.
2015 5377 2192 5433 Codex
2224 5374 2386 5427 habet
2418 5391 2430 5422 :
2460 5374 2554 5426 has
2594 5391 2772 5427 auras.

1929 5455 1951 5491 Β
1990 5449 2239 5503 Arbitror
2265 5443 2641 5497 liberationem.

1925 5523 1951 5561 ιι
1992 5516 2413 5586 Explicationem
2455 5512 2555 5586 loci
2587 5513 2747 5586 hujus
2769 5529 2992 5586 prorsus
3018 5513 3227 5586 ex_cepit
3271 5511 3430 5586 Clau-

1856 5593 1975 5646 dius
2005 5604 2034 5639 a
2065 5581 2204 5641 Beda
2244 5584 2330 5647 l8,
2368 5581 2723 5656 explicatione
2771 5581 2824 5637 in
2857 5584 3024 5642 libros
3063 5581 3271 5657 Regum
3310 5584 3426 5644 hac

1856 5662 2117 5718 tradente,
