3906 6308
433 291 530 347 ὶ83

1502 286 1782 343 CLAUDII
1822 284 2288 343 TAURINENSIS
2324 284 2629 341 EPISCOPI

3627 278 3723 336 πει

427 405 626 461 Hessa.
648 403 784 460 Duce
805 420 921 460 vero
945 414 1120 477 partes
1145 421 1172 459 e
1199 404 1337 459 vobis
1361 419 1539 458 omnes
1564 403 1884 473 egredientes
1903 403 2025 456 sab-
2052 412 2102 473 Α
2129 403 2445 474 dringentos
2470 400 2827 455 in'altitudine
2855 398 3068 454 eubitos
3094 397 3382 467 baberent,
3408 412 3514 454 nec
3548 407 3724 455 tamen

426 499 547 553 bato
576 496 877 552 custodiant
932 508 955 536 ι
1010 496 1313 550 excubitum
1345 494 1534 548 domus
1574 494 1789 548 Domini
1827 494 2025 547 circum

427 600 705 665 regem,et
744 587 1006 644 vallabitis
1038 602 1156 640 eum
1194 586 1440 639 habentes
1496 601 1647 639 arma
1693 586 1746 639 in
1784 584 2026 637 manibus

425 688 634 754 vestris,
658 692 767 741 etc.
807 681 938 750 Qua:
970 678 1171 732 ibidem
1203 678 1373 743 dicta,
1404 676 1485 731 vel
1510 676 1655 732 facta
1699 690 2027 731 commemo-

420 792 638 848 rantur,
664 777 860 835 melius
889 772 1285 844 intelliguntur,
1326 772 1373 828 si
1426 773 1493 827 de
1546 772 1680 827 locis
1730 770 1937 841 templi,
1969 770 2029 823 in

423 873 625 943 quibus
654 878 837 926 actum
869 873 973 927 est,
1010 863 1177 918 latius
1227 864 1410 934 aliqua
1462 864 1818 934 replicentur.
1871 863 2031 917 Tem—

426 964 573 1034 plum
599 963 818 1033 quidem
840 961 1037 1032 ipsum,
1053 958 1300 1027 exceptis
1320 957 1642 1027 porticibus,
1660 956 1858 1024 quibus
1881 955 2029 1010 omni

424 1070 491 1112 ex
526 1062 681 1125 parte
706 1053 809 1108 sibi
835 1051 1241 1107 adhaerentibus
1283 1046 1753 1111 circumdabatur,
1797 1045 2030 1100 habebat

419 1150 571 1203 intra
603 1146 842 1217 parietes
868 1144 1009 1215 (haec
1034 1153 1121 1199 est
1146 1142 1294 1199 enim
1331 1155 1593 1195 mensura
1638 1139 1836 1208 prima,
1865 1153 2029 1207 quam

425 1237 579 1292 verba
606 1236 813 1291 dierum
850 1231 1157 1305 nominant)
1208 1230 1489 1300 sexaginta
1539 1228 1752 1283 cubitos
1798 1227 2022 1298 longitu-

425 1329 590 1393 dinis,
614 1327 805 1397 viginti
834 1334 1015 1380 autem
1044 1322 1368 1378 latitudinis.
1398 1319 1563 1389 Cujus
1584 1319 1762 1373 omnis
1792 1319 2031 1397 ambitus

425 1418 568 1475 atrio
603 1404 949 1473 tres~cubitis
976 1415 1085 1469 alto
1107 1423 1222 1468 erat
1254 1412 1642 1473 circumdatus,
1675 1409 1909 1465 habente
1949 1411 2030 1464 ir.-

429 1509 651 1565 troitum
680 1516 890 1577 aparte
918 1505 1166 1566 orientis,
1193 1501 1349 1570 cujus
1401 1502 1454 1554 in
1500 1500 1640 1553 libro
1695 1498 1907 1569 Regum
1955 1500 2028 1553 ita

422 1597 677 1659 meminit
722 1595 1002 1666 Scriptura
1064 1612 1076 1645 :
1132 1591 1265 1663 (III
1335 1590 1466 1661 Reg.
1518 1589 1588 1660 6)
1629 1588 1690 1641 Et
1749 1588 2028 1657 cedi/ienuit

424 1690 623 1743 atrium
648 1686 896 1741 ‘inlerius
940 1684 1106 1738 tribus
1149 1682 1421 1738 ordinibus
1452 1680 1688 1751 lapidum
1720 1679 2026 1750 politorum,

2126 492 2403 562 aequandae
2430 492 2618 562 templi
2639 490 2913 545 altitudini
2960 488 3353 561 aliquantulum
3396 490 3725 562 pmpinqus-

2128 592 2267 638 teut.
2296 582 2536 651 Quorum
2562 582 2804 637 omnium
2835 582 2890 635 in
2931 581 3067 636 libro
3094 582 3553 652 Paralipomenon
3580 582 3729 655 (Pa-

2130 675 2229 728 ral.
2259 674 2349 747 28)
2403 675 2477 729 ita
2508 672 2779 745 generalis
2809 672 2870 727 tit
2892 674 3097 727 mentio
3120 684 3135 726 ‘:
3166 672 3325 727 Dedit
3354 684 3539 728 autem
3561 673 3727 727 Dauid

2130 764 2405 820 Salomoni
2449 782 2544 820 suo
2585 764 2988 835 descriptionem
3038 766 3304 835 porticus,
3336 775 3387 819 et
3438 766 3656 835 templi,
3682 776 3730 819 et

2130 857 2487 924 cellariorum,
2517 868 2563 913 et
2592 856 2869 921 casnaculi,
2897 867 2946 911 et
2974 856 3337 911 cubiculorum
3365 858 3423 911 in
3459 858 3646 921 aditis,
3683 866 3731 910 et

2130 952 2315 1005 domus
2344 952 2754 1022 propitiationis,
2782 966 2875 1005 nec
2906 966 3015 1011 non
3036 959 3085 1003 et
3116 951 3349 1003 omnium
3379 966 3501 1018 qua:
3531 949 3734 1020 cogita~

2131 1052 2292 1107 verat,
2316 1044 2575 1097 atriorum
2627 1052 2675 1096 et
2716 1042 3032 1097 exedraruns
3066 1058 3159 1111 per
3184 1042 3468 1095 circuitum
3515 1042 3572 1094 in
3622 1040 3731 1093 tlte-

2130 1150 2287 1187 saura
2310 1133 2495 1187 domus
2524 1132 2839 1213 DominL’ct
2865 1133 2921 1186 in
2959 1132 3222 1185 thesauris
3247 1129 3594 1185 Sanctorum.
3621 1129 3730 1185 Sed

2132 1234 2185 1278 et
2215 1222 2437 1293 Joscpbi
2482 1222 2783 1294 Scriptura,
2838 1223 3037 1295 (Antiq.
3061 1222 3113 1278 8.
3146 1222 3201 1294 5)
3260 1222 3348 1278 vel
3394 1223 3608 1291 pictura
3665 1222 3732 1274 ab

2132 1316 2369 1385 antiquis
2393 1314 2649 1381 formata,
2672 1316 2907 1387 plenius,
2934 1332 3048 1387 quo
3070 1316 3179 1371 sint
3199 1317 3317 1371 haec
3342 1316 3537 1370 ordine
3562 1313 3730 1379 facta,

2131 1409 2430 1479 distinguit.
2462 1408 2556 1464 llis
2585 1424 2713 1464 vero
2745 1411 2818 1463 ita
2866 1411 3203 1479 compositis,
3248 1410 3303 1464 in
3352 1408 3557 1464 Sancta
3596 1406 3734 1461 San-

2132 1508 2344 1555 ctorum
2375 1502 2574 1555 summi
2600 1509 2807 1555 tantum
2835 1500 3300 1557 Sacerdotiserat
3323 1500 3487 1556 semel
3515 1500 3573 1554 in
3589 1516 3735 1555 anno

2132 1608 2253 1646 cum
2283 1593 2545 1663 sanguine
2576 1594 2877 1647 hostiarum
2906 1594 3150 1664 ingredi;
3182 1596 3236 1648 in
3261 1595 3580 1649 sanctuario
3603 1604 3735 1648 ante

2131 1683 2407 1738 oraculum
2457 1684 2783 1739 Sacerdotes
2841 1694 3051 1740 tantum
3100 1684 3370 1755 puriﬁcati
3406 1686 3731 1739 introibant.

423 1792 473 1834 et
513 1797 618 1833 una
656 1778 840 1831 ordine
866 1776 1130 1847 lignorum
1156 1774 1319 1828 cedri.
1347 1772 1583 1827 Interius
1621 1771 1875 1825 videlicet
1925 1771 2027 1825 hoc
2057 1765 2100 1822 B
2130 1772 2188 1827 ιιι
2217 1774 2358 1828 atrio
2387 1774 2644 1829 interiore
2673 1774 2998 1830 Sacerdotes
3019 1792 3229 1841 omnes,
3245 1784 3301 1830 et
3322 1775 3546 1831 Levitee.
3576 1776 3735 1830 Circa

426 1872 703 1942 appellans
756 1870 978 1932 atrium,
1007 1884 1072 1922 eo
1119 1866 1262 1937 quod
1302 1866 1407 1919 alia
1438 1866 1584 1919 circa
1618 1866 1721 1919 hoc
1757 1864 2027 1918 exteriora

426 1964 536 2021 sint
561 1962 724 2017 facta.
758 1961 929 2014 Porro
969 1960 1023 2013 in
1055 1959 1219 2013 verbis
1246 1958 1455 2010 dierum
1490 1958 1563 2009 ita
1612 1974 1623 2007 :
1661 1955 1717 2024 (‘2
1750 1951 1938 2007 Paral.
1971 1952 2027 2023 4)

431 2052 579 2107 Fecit
635 2053 794 2107 etiam
844 2051 1039 2104 atrium
1076 2048 1447 2112 Sacerdotum,
1481 2058 1529 2099 et
1564 2045 1838 2099 basilicam
1864 2061 2027 2115 gran-

426 2147 565 2210 dem,
591 2154 639 2198 et
663 2144 797 2198 ostia
826 2143 880 2196 in
910 2142 1151 2205 basilica,
1172 2156 1287 2211 qua:
1324 2140 1451 2193 texit
1483 2156 1607 2193 a're.
1640 2137 1852 2193 Atrium
1881 2137 2029 2190 vide-

429 2239 554 2293 licet
584 2236 943 2292 Sacerdotum
974 2235 1077 2289 hoc
1104 2234 1394 2288 nominans
1427 2232 1478 2295 δ,
1511 2245 1638 2299 quia
1682 2229 1936 2283 nimirum
1963 2228 2031 2282 ad

429 2330 532 2384 hoc
558 2336 677 2382 erat
702 2326 923 2387 factum,
954 2334 1011 2378 ut
1035 2325 1103 2379 ab
1128 2325 1377 2395 ingressu
1417 2322 1604 2391 templi
1635 2330 1859 2375 creteros
1886 2335 2031 2375 arce-

431 2429 535 2482 ret,
568 2418 807 2487 solisque
856 2418 958 2471 boc
1027 2414 1418 2469 Sacerdotibus
1470 2412 1636 2467 licere
1695 2412 2025 2481 designaret.

429 2513 561 2566 Erat
585 2519 767 2565 autem
797 2510 901 2563 hoc
923 2508 1063 2562 idem
1095 2507 1296 2560 atrium
1320 2506 1387 2560 ab
1412 2504 1660 2568 australi,
1707 2504 2029 2558 occidentali

428 2613 483 2659 et
504 2600 914 2672 septentrionali
952 2607 1109 2667 parte
1145 2597 1374 2653 vicinius
1414 2612 1574 2651 muro
1626 2577 1830 2665 lem'pli.
1865 2594 2031 2650 Porro

426 2696 498 2750 ad
522 2703 702 2749 ortum
730 2690 881 2757 solis,
910 2691 1054 2745 unde
1080 2698 1139 2743 ct
1182 2689 1465 2746 introitum
1515 2702 1614 2756 per
1640 2687 1839 2757 gradus
1868 2686 2033 2741 babe—

429 2788 545 2851 bat,
583 2786 638 2838 in
672 2798 925 2853 magnam
954 2797 1013 2836 se
1034 2780 1408 2851 prolixitatem
1439 2794 1469 2832 a
1502 2778 1702 2847 templo
1746 2778 2032 2847 protende-

429 2879 544 2942 bat,
570 2884 757 2945 utpote
786 2874 930 2944 quod
958 2874 1010 2927 in
1041 2872 1129 2925 illa
1178 2871 1262 2926 sui
1303 2877 1458 2939 parte
1493 2869 1665 2925 altare
1705 2870 2030 2934 boloeausti,

431 2971 485 3023 in
515 2967 605 3022 illa
629 2969 833 3022 lateres
862 2967 944 3021 bis
967 2965 1184 3034 quinos,
1210 2964 1264 3017 in
1306 2962 1505 3032 quibus
1542 2963 1734 3017 hostire
1787 2962 2035 3017 lavaren-

433 3074 541 3127 tur,
574 3064 626 3117 in
679 3062 772 3116 illa
820 3077 973 3116 mare
1012 3075 1246 3125 mneum,
1273 3060 1326 3114 in
1353 3076 1460 3129 quo
1490 3059 1739 3122 intraturi
1770 3060 1837 3114 ad
1873 3060 2031 3114 mini—

432 3154 656 3209 iterium
687 3153 1001 3208 sacerdotes
1030 3150 1347 3204 lavarentur
1388 3169 1399 3202 :
1434 3151 1488 3204 in
1526 3149 1620 3203 illa
1672 3148 2028 3205 Sacerdotum
2060 3148 2100 3169 “

434 3247 853 3311 immolantium,
883 3254 937 3301 et
981 3244 1328 3315 psallentium
1360 3242 1591 3298 habebat
1621 3243 1818 3298 choros
1845 3243 2033 3298 levita-

433 3354 573 3392 rum.
638 3336 1092 3391 Circumdabatur
1138 3343 1319 3387 autem
1376 3334 1481 3387 hoc
1542 3334 1742 3387 atrium
1796 3335 2032 3403 undique

432 3445 647 3485 versum
671 3444 701 3481 a
731 3440 751 3466 ι·
786 3427 944 3496 longa
974 3427 1088 3481 aede
1117 3426 1465 3495 prtemaxima
1491 3426 1543 3480 in
1566 3426 1855 3495 quadrum,
1879 3424 2034 3493 cujus

433 3520 662 3575 interior
684 3518 866 3587 paries
888 3516 966 3589 (id
999 3526 1103 3580 est,
1129 3516 1220 3583 qui
1244 3515 1506 3585 templum
1529 3530 1559 3568 a
1592 3526 1827 3585 quatuor
1848 3518 2033 3570 mundi

433 3612 679 3683 partibus
708 3595 1054 3679 respiciebat)
1084 3606 1315 3662 inferius
1355 3616 1473 3661 erat
1500 3623 1596 3677 per
1621 3616 1795 3662 totum
1845 3610 1899 3662 in
1946 3625 2034 3661 ar-

434 3705 605 3760 cubus
674 3709 1042 3763 constructus,
1091 3698 1320 3752 ulterior
1366 3714 1497 3753 vero
1544 3698 1701 3752 ﬁrma
1762 3698 2033 3753 soliditate

436 3796 710 3850 fundatus.
745 3775 821 3846 Ἐι
856 3789 1053 3859 ianuas
1097 3788 1305 3842 habens
1366 3802 1555 3851 (creas,
1604 3795 1664 3841 ut
1725 3803 1885 3857 supra
1948 3788 2030 3844 di-

436 3897 606 3951 ctum,
647 3884 673 3925 d
706 3882 1166 3943 memoravimus;
1200 3888 1256 3934 et
1310 3880 1448 3933 ostia
1507 3880 1559 3934 in
1617 3879 1861 3944 basilica,
1916 3895 2034 3949 quae

438 3979 573 4031 texit
615 3991 754 4041 ρει-ιη
801 3989 921 4042 qua;
973 3973 1138 4026 etiam
1182 3970 1484 4040 porticibus
1534 3971 1868 4024 communita
1914 3986 2030 4023 ma-

440 4068 632 4130 ximis,
680 4076 733 4121 et
783 4064 1104 4135 opportunis
1149 4070 1268 4116 erat
1304 4062 1542 4116 discreta
1589 4061 1904 4116 cmuaculis.
1963 4062 2031 4114 Et

439 4174 657 4214 rursum
679 4166 833 4212 extra
861 4156 1183 4213 banc-.cdem
1206 4156 1264 4208 in
1290 4170 1422 4224 gyro
1450 4166 1471 4191 ε
1498 4154 1667 4209 altera
1692 4153 1852 4208 simili
1880 4154 2033 4208 sche-

436 4259 585 4305 mate
611 4249 750 4303 facta
792 4247 810 4286 ί
848 4267 859 4302 :
896 4248 991 4303 sed
1020 4256 1076 4301 et
1110 4247 1266 4299 tertia
1295 4246 1649 4299 nihilominus
1694 4245 1841 4299 circa
1888 4245 2032 4298 illam

440 4342 627 4395 eodem
646 4340 836 4393 ordine
859 4337 998 4392 facta
1022 4352 1120 4406 per
1142 4352 1357 4407 gyrum,
1376 4336 1635 4390 interiora
1652 4337 1832 4391 omnia
1856 4337 2029 4405 longe,

440 4433 655 4501 lateque
678 4430 944 4486 circuibat
970 4448 979 4482 :
1013 4429 1069 4483 In
1093 4430 1196 4484 hoc
1235 4438 1445 4484 tantum
1474 4446 1501 4482 a
1527 4430 1803 4499 prioribus
1825 4431 2033 4484 distans
2061 4459 2111 4516 D

439 4523 665 4585 (edibus,
698 4522 841 4592 quod
886 4521 1189 4581 orientalis,
1215 4530 1269 4573 et
1308 4518 1745 4588 septentrionalis
1779 4518 1895 4586 ejus
1944 4536 2034 4588 pa-

440 4615 549 4668 ries
580 4614 717 4667 ostia
765 4600 988 4665 minime
1040 4611 1288 4673 habebat,
1316 4625 1385 4663 eo
1411 4611 1553 4677 quod
1580 4618 1807 4678 uterque
1845 4624 2033 4663 eorum

441 4705 508 4758 ad
541 4718 724 4757 muros
752 4704 1051 4773 pertineret
1073 4701 1327 4753 civitatis.
1359 4700 1484 4753 "11:0
1515 4710 1693 4752 autem
1725 4702 2031 4765 suntatria,

442 4794 509 4847 de
551 4794 747 4862 quibus
796 4793 1009 4845 canitur
1044 4792 1095 4843 in
1129 4790 1397 4845 Psalmis:
1429 4788 1617 4858 (Psal.
1668 4790 1767 4843 135
1813 4801 1861 4843 et
1902 4791 2033 4861 154)

444 4882 548 4948 Qui
576 4891 726 4936 statis
774 4885 829 4936 in
873 4884 1029 4936 domo
1063 4882 1291 4944 Domini,
1325 4882 1379 4933 in
1413 4882 1563 4934 atriis
1595 4882 1779 4936 domus
1809 4882 1907 4935 Dei
1944 4902 2036 4937 no—

441 4977 539 5030 stri
565 4992 583 5029 :
608 4983 664 5029 et
696 4975 947 5043 quoniam
982 4974 1098 5042 ipsa
1120 4974 1311 5027 domus
1336 4972 1551 5026 Domini
1580 4974 1630 5026 in
1662 4973 1888 5028 editiore
1914 4974 2034 5029 loco

442 5071 753 5119 constructa
787 5071 925 5127 erat,
955 5061 1150 5125 ﬁebat,
1205 5071 1265 5115 ut
1308 5063 1467 5127 atria,
1514 5070 1716 5131 quanto
1761 5064 2032 5117 exteriora

448 5158 472 5192 ⁸
506 5154 726 5216 fuerint,
758 5161 907 5206 tanto
964 5151 1183 5206 altiores
1232 5151 1496 5205 haberent
1544 5153 1802 5221 parietes,
1848 5160 2033 5222 utpote

446 5244 675 5301 inferius
698 5245 1044 5299 fundamenta
1075 5246 1360 5310 habentes,
1384 5248 1519 5302 adeo
1568 5257 1627 5302 ut
1665 5248 1853 5303 ultima
1898 5264 2033 5317 qua-

519 5373 544 5399 ι
581 5359 865 5413 Excubias.

523 5430 718 5503 b‘Edit.
755 5432 912 5503 :_hoc
944 5438 1150 5503 tantum
1202 5433 1403 5503 habent
1435 5448 1446 5483 :
1477 5433 1615 5503 quod
1671 5433 1873 5503 ingredi
1931 5433 2033 5487 Sa-

446 5499 741 5620 ferdotibus
782 5501 936 5553 licere
980 5502 1296 5573 designaret.
1332 5499 1563 5556 Pt'restat
1606 5499 1778 5557 nostri
1829 5504 2032 5558 codicis

468 5578 628 5624 ectio.

520 5609 770 5710 ε”ὶὶηρα

517 5709 541 5749 ιι
571 5708 1104 5767 (ἱοηιήιειιιοναιυίιιιιιδ
1123 5752 1134 5763 .

2134 1865 2236 1919 hoc
2259 1866 2457 1919 atrium
2484 1865 2582 1919 sub
2615 1866 2744 1938 (dio)
2774 1867 2918 1929 divo,
2948 1867 3031 1919 vel
3058 1868 3102 1921 si
3139 1874 3431 1937 tempestas
3483 1868 3732 1929 arcebat,

2133 1953 2187 2012 in
2207 1955 2411 2009 uadibus
2442 1956 2841 2025 circumpositis
2874 1956 2974 2009 viri
3024 1956 3281 2011 Israelitte
3329 1957 3396 2011 ad
3439 1957 3733 2017 orandum.

2132 2045 2247 2100 sive
2275 2045 2341 2100 ad
2373 2046 2700 2100 audiendum
2722 2048 2965 2101 ~verbum
3005 2047 3098 2101 Dei
3131 2048 3160 2087 h
3208 2048 3629 2101 conveniebant.
3682 2048 3737 2101 in

2134 2138 2294 2191 tertio
2319 2139 2510 2193 ordine
2546 2139 2810 2193 atriorum
2840 2142 3059 2195 stabant
3091 2141 3157 2195 ad
3188 2140 3454 2195 orandum
3477 2142 3739 2197 mulieres

2134 2230 2442 2285 Israelitica:
2478 2232 2578 2286 sub
2611 2231 2742 2302 (dio)
2776 2232 2940 2286 divo:
2973 2231 3055 2286 vel
3077 2232 3133 2285 tsi
3166 2239 3464 2302 tempestas
3498 2248 3610 2287 non
3660 2235 3737 2289 si-

2134 2321 2319 2386 nebat,
2343 2323 2590 2391 proxima
2618 2324 3129 2392 circumpositarum
3159 2324 3355 2378 mdium
3409 2332 3556 2379 tecta
3588 2326 3738 2380 subi-

2134 2414 2283 2468 bant.
2308 2413 2481 2468 Porro
2510 2414 2564 2467 in
2587 2414 2779 2469 ultimo
2809 2416 2999 2469 ordine
3049 2416 3313 2470 atriorum
3349 2417 3610 2486 gentiles,
3645 2422 3738 2487 qui

2134 2504 2202 2559 ad
2234 2505 2499 2560 orandum
2527 2504 2665 2561 forte
2694 2515 3079 2572 convenerant,
3107 2508 3400 2562 intrabant.
3438 2509 3540 2563 Ubi
3570 2513 3739 2567 etiam

2134 2606 2255 2668 post
2303 2607 2548 2668 tempora
2598 2598 2952 2668 dispersionis
2984 2601 3041 2665 ii,
3068 2602 3159 2670 qui
3188 2602 3253 2656 de
3279 2604 3537 2672 gentibus
3568 2620 3742 2675 nuper

2134 2688 2468 2743 advenerant
2496 2689 2773 2756 Israelitae,
2812 2692 2829 2731 ί
2862 2692 3054 2747 diebus
3082 2702 3287 2762 septem
3313 2694 3590 2762 purificati
3612 2736 3626 2759 ,
3659 2697 3740 2751 sic

2138 2782 2376 2847 tandem,
2410 2783 2665 2839 interiora
2718 2794 3033 2840 sanctorum
3081 2789 3355 2857 petebant.
3390 2787 3523 2854 Quae
3555 2801 3740 2845 autem

2137 2874 2279 2929 intra
2310 2876 2467 2938 atria,
2497 2876 2581 2930 vel
2613 2876 2668 2931 in
2698 2878 2855 2933 atriis
2874 2889 3031 2934 erant
3058 2882 3387 2950 pavimenta,
3423 2882 3610 2953 lapide
3650 2901 3742 2938 va-

2135 2965 2219 3020 rio
2244 2974 2370 3021 sunt
2393 2968 2574 3023 omnia
2603 2976 2794 3023 strata.
2824 2969 2901 3025 lta
2934 2986 3065 3026 vero
3094 2974 3234 3027 ostia
3261 2974 3315 3027 in
3351 2974 3567 3029 (edibus
3610 2991 3741 3030 con-

2138 3066 2220 3111 tra
2250 3058 2484 3113 invicem
2517 3061 2693 3129 posita
2730 3071 2907 3127 erant,
2936 3072 2996 3116 ut
3032 3064 3067 3116 ii
3100 3064 3286 3129 etiam,
3311 3066 3405 3135 qui
3440 3066 3495 3120 in
3527 3067 3741 3124 ultimis

2134 3150 2521 3216 consistebant,
2554 3152 2810 3223 templum
2840 3163 3062 3223 possent
3094 3156 3313 3211 intueri.
3349 3158 3519 3212 Erant
3549 3169 3740 3225 autem

2134 3249 2309 3294 sortes
2340 3241 2527 3311 viginti
2553 3252 2808 3312 quatuor,
2837 3244 3293 3313 et‘Sacerdotum,
3320 3258 3376 3302 et
3396 3248 3739 3319 Levitarum,

2134 3340 2188 3385 et
2216 3330 2543 3396 Janitorum,
2564 3335 2655 3403 qui
2685 3351 2783 3405 per
2811 3338 3030 3392 totidem
3057 3340 3388 3412 septimanas
3414 3341 3519 3395 sibi
3548 3356 3623 3397 ex
3652 3359 3744 3397 or-

2135 3422 2261 3475 dine
2290 3423 2663 3490 succederent,
2698 3425 2923 3480 sabbato
2974 3443 3113 3481 nova
3156 3437 3334 3483 turma
3372 3431 3616 3486 intrante
3672 3433 3742 3489 ad

2132 3514 2389 3577 ollicium,
2422 3526 2476 3569 et
2515 3526 2637 3586 post
2669 3516 2966 3573 Sabbatum
3007 3535 3092 3584 ea,
3126 3537 3247 3591 quae
3279 3523 3529 3591 proxima
3564 3528 3740 3595 septi-

2136 3622 2294 3660 mana
2327 3607 2752 3673 ministraverat,
2789 3611 3007 3664 domum
3032 3613 3308 3667 redeunte.
3340 3614 3445 3669 Sed
3485 3615 3577 3669 hic
3604 3632 3742 3685 pon-

2138 3696 2268 3750 til'ex
2291 3699 2547 3767 preponit
2572 3701 2951 3755 necessitatem
2975 3704 3205 3772 augendi
3236 3704 3380 3759 circa
3416 3721 3619 3760 novum
3654 3722 3741 3760 re-

2136 3801 2257 3856 gem
2296 3788 2589 3853 exercitus,
2617 3800 2669 3844 et
2698 3807 2812 3855 eos,
2840 3792 2930 3860 qui
2959 3793 3199 3847 intrandi
3244 3796 3606 3863 septimanam
3640 3799 3742 3851 ha-

2136 3879 2336 3933 bebant
2368 3878 2638 3944 ordinem,
2670 3884 2934 3950 suscepit,
2973 3890 3028 3936 et
3082 3883 3221 3946 illos,
3272 3886 3361 3954 qui
3410 3885 3523 3953 jam
3572 3902 3741 3942 suam

2137 3969 2899 4037 septimanam-ministrando
2953 3972 3328 4042 impleverant,
3379 3991 3445 4029 ne
3487 3976 3741 4043 abirent,

2141 4062 2381 4114 retinuit.
2427 4060 2528 4126 Qui
2576 4062 2709 4115 alios
2737 4078 2979 4132 quosque
3005 4064 3221 4119 Levitas
3246 4068 3311 4119 de
3340 4067 3544 4132 cunctis
3580 4069 3744 4123 urbi—

2139 4152 2239 4205 bus
2252 4149 2387 4205 Juda
2413 4152 2591 4217 simul,
2618 4160 2670 4204 et
2690 4153 2964 4221 principes
2987 4153 3313 4213 familiarum
3337 4156 3515 4218 Israel,
3540 4160 3743 4215 missis

2139 4242 2192 4294 in
2223 4242 2325 4295 hoc
2354 4243 2764 4299 centurionibus
2794 4242 3245 4315 Hierosolymam,
3281 4261 3741 4318 congregaverat,

2140 4343 2197 4386 ut.
2233 4335 2402 4390 Verba
2429 4336 2633 4389 dierum
2678 4345 2933 4402 narrant,
2972 4339 2989 4409 (
3016 4340 3037 4392 ίι
3072 4336 3256 4393 Paral.
3289 4340 3393 4409 25)
3429 4355 3566 4410 quos
3603 4344 3745 4396 edu-

2140 4436 2328 4480 cturus
2357 4426 2525 4479 ﬁlium
2551 4428 2694 4497 regis
2727 4427 2815 4480 tali
2849 4429 3055 4482 ratione
3096 4430 3360 4494 distinxit,
3405 4440 3463 4483 ut
3510 4446 3742 4496 omnes,

2140 4519 2231 4585 qui
2290 4518 2645 4587 impleverant
2695 4520 3001 4583 sabbatum,
3030 4528 3083 4573 et
3118 4520 3387 4589 egressuri
3436 4530 3625 4586 erant,
3689 4526 3745 4579 in

2141 4612 2275 4664 duas
2304 4610 2461 4663 divisi
2489 4617 2671 4678 partes
2702 4624 2880 4679 regem
2912 4611 2967 4663 i-n
3024 4611 3370 4665 interioribus
3423 4613 3547 4667 atrii
3596 4615 3747 4670 locis

2140 4703 2334 4754 armati
2395 4702 2816 4755 circumstarent
2849 4720 2859 4753 :
2891 4701 3099 4770 reliqua
3139 4717 3269 4756 vero
3318 4702 3635 4769 multitudo,
3688 4707 3745 4760 id

2139 4805 2221 4848 est
2251 4796 2340 4864 qui
2381 4809 2488 4848 non
2518 4803 2674 4849 erant
2706 4795 2771 4848 de
2804 4796 2972 4863 stirpe
3025 4795 3175 4860 Levi,
3206 4798 3506 4851 exteriores
3559 4801 3745 4855 atrio-

2141 4903 2257 4941 rum
2284 4886 2481 4957 januas
2512 4896 2701 4941 contra
2728 4886 2967 4941 furorem
2999 4888 3220 4957 reginte,
3246 4889 3291 4943 si
3317 4890 3442 4957 quid
3476 4888 3624 4944 forte
3649 4891 3746 4945 ad-

2141 4978 2284 5033 versi
2340 4978 2639 5042 moliretur,
2675 4978 3033 5032 custodirent.
3085 4979 3255 5033 Porro
3292 4980 3381 5033 hic
3420 4980 3511 5049 qui
3553 4996 3743 5052 nuper

2141 5071 2207 5123 ad
2235 5070 2517 5124 sabbatum
2548 5078 2811 5125 venerant
2862 5069 3214 5133 Sacerdotes,
3246 5071 3466 5137 Levitze,
3500 5081 3555 5127 et
3578 5071 3741 5131 Iani-

2141 5171 2287 5216 tores
2313 5162 2367 5215 in
2403 5169 2513 5215 tres
2538 5160 2693 5215 divisi
2716 5169 2915 5229 partes,
2949 5161 3170 5214 domum
3207 5161 3368 5230 regis,
3404 5162 3454 5215 id
3476 5172 3563 5215 est
3579 5163 3738 5233 pala-

2143 5254 2297 5315 tium,
2330 5251 2722 5308 observarent:
2755 5268 2823 5307 ne
2852 5252 2934 5305 vel
2960 5252 3061 5306 hoc
3086 5251 3274 5320 regina
3316 5252 3543 5310 colleCto
3576 5272 3743 5316 exep.

2217 5377 2240 5405 ε
2267 5365 2473 5424 ΑΙιανε.

2220 5435 2238 5474 f
2280 5435 2524 5489 Factum.

2216 5508 2240 5546 8
2271 5503 2486 5559 Fserent
2518 5545 2532 5557 .
2578 5505 2669 5559 sed
2700 5504 2918 5559 fallitur.

2214 5576 2239 5615 ιι
2276 5574 2561 5629 Convenire
2586 5574 2842 5630 solebant.

2222 5648 2238 5687 ί
2272 5645 2432 5700 Deest
2458 5646 2509 5699 in
2539 5646 2696 5701 editis
2717 5646 2892 5699 diebus
2913 5653 3120 5715 septem.
