3906 6370
226 478 335 536 735

877 476 1342 547 QUA‘JSTIONES
1381 478 1526 534 XXX
1569 478 1798 534 SUPER
1835 481 2084 538 LIBROS
2123 481 2386 539 REGUM.
2425 512 2495 522 —-
2534 481 2737 538 LIBER
2775 483 2857 539 Ν.

3407 479 3509 540 786

226 595 345 648 citu
371 600 559 648 contra
589 608 790 665 regem,
822 594 1133 650 defenderet
1162 610 1176 650 :
1211 595 1503 651 Servarent
1528 606 1579 652 et
1606 606 1816 669 portam
1847 608 1892 665 Α
1922 599 1979 650 in
2010 597 2247 667 sepulcra
2288 597 2477 662 Elisei,
2517 599 2654 668 quod
2698 615 2816 652 cum
2860 599 3107 668 tetigisset
3139 615 3254 652 ossa
3291 597 3456 654 Elisei
3489 613 3510 654 :

227 686 530 743 habitaculi
555 690 940 755 scutariorum,
972 706 1070 760 per
1094 706 1254 760 quam
1287 692 1352 746 de
1385 693 1582 762 templo
1615 694 1680 748 ad
1724 709 1820 761 pa-

231 780 427 833 latium
478 779 929 842 descendebatur,
958 780 1099 835 sicut
1145 780 1285 834 infra
1314 793 1335 820 ο
1379 781 1576 836 dicitur
1607 798 1620 836 :
1657 784 1824 838 duxe-

230 877 470 939 runtque
495 884 677 940 regem
711 869 776 924 de
819 871 978 925 domo
1019 869 1257 934 Domini,
1309 877 1365 924 et
1411 880 1674 926 venerunt
1727 887 1825 942 per

231 960 380 1014 viam
409 969 576 1030 portat
599 945 960 1014 scutariorum
993 960 1047 1014 in
1077 961 1336 1030 palatium
1360 1003 1374 1025 ,
1403 970 1456 1016 et
1495 962 1636 1017 sedit
1664 977 1825 1031 super

233 1053 491 1107 thronum
521 1068 728 1124 regum,
759 1053 850 1106 ubi
897 1053 1062 1108 etiam
1090 1062 1245 1122 porta
1273 1055 1301 1092 ιι
1350 1053 1513 1118 Siref,
1539 1062 1593 1109 et
1636 1055 1827 1109 domus

236 1144 437 1210 Messa,
464 1159 581 1213 qua:
611 1161 732 1199 cum
772 1153 924 1214 porta
959 1146 1320 1200 scutariorum
1357 1147 1682 1210 nominatur,
1709 1160 1833 1201 esse

232 1235 509 1289 videntur.
534 1233 812 1290 Scutarios
843 1245 1023 1290 autem
1055 1244 1262 1290 tutores
1287 1247 1308 1275 ο
1336 1236 1542 1307 Regum
1570 1236 1825 1305 appellat,

235 1331 473 1379 testante.
516 1325 654 1380 libro
688 1325 1137 1394 Paralipomenon
1186 1346 1198 1380 :
1240 1327 1294 1397 (2
1332 1326 1518 1380 I’aral.
1561 1328 1647 1398 l2)
1703 1328 1826 1396 quia

233 1428 362 1468 cum
400 1414 640 1469 lloboam
671 1424 822 1469 scuta
853 1432 993 1471 aerea
1031 1431 1129 1486 pro
1162 1418 1341 1471 aureis
1372 1417 1566 1472 fecisse
1590 1434 1832 1474 comme-

236 1513 528 1569 morasset,
559 1503 757 1572 adjecit
785 1527 796 1560 :
836 1508 899 1560 Et
933 1508 1152 1561 tradidit
1182 1509 1275 1562 illa
1305 1509 1627 1579 principibus
1655 1519 1830 1562 scuta-

236 1595 439 1648 riorum
460 1637 473 1658 ,
501 1599 592 1666 qui
649 1598 1009 1651 custodiebant
1040 1599 1339 1653 vestibulum
1367 1599 1594 1669 palatii:
1628 1601 1680 1654 in
1723 1615 1832 1669 quo

238 1686 493 1741 videlicet
528 1687 666 1742 libro
708 1688 1018 1743 distinctius
1060 1690 1174 1744 lucc
1204 1698 1398 1744 cuncta
1431 1690 1766 1759 replicantur
1815 1710 1826 1744 :

239 1775 420 1833 Tertia
456 1797 578 1849 pars
608 1791 852 1846 uestrum,
878 1783 967 1852 qui
996 1783 1206 1835 veniunt
1237 1783 1304 1835 ad
1335 1782 1607 1836 sabbatum
1642 1781 1831 1837 Sacer;

228 1869 442 1934 datum,
473 1869 790 1935 Leuitarum,
823 1879 871 1925 et
898 1870 1203 1925 Janitorum
1233 1875 1333 1926 erit
1359 1873 1413 1925 in
1445 1875 1644 1942 portis;
1677 1874 1830 1926 tertia

231 1977 360 2014 vero
390 1979 512 2031 pars
545 1958 613 2015 ad
640 1963 851 2016 domum
875 1964 1030 2032 regis,
1057 1973 1103 2016 et
1131 1965 1285 2016 tertia
1309 1965 1360 2016 in
1383 1974 1559 2033 porta,
1593 1979 1709 2034 qua:
1732 1981 1830 2032 ap-

230 2052 468 2118 pellatur
497 2051 852 2108 Fundamenti
867 2072 885 2119 ;
917 2071 1069 2108 omne
1109 2070 1224 2108 vero
1271 2054 1526 2119 reliquum
1553 2053 1740 2124 vulgus
1762 2055 1831 2107 sit

231 2144 292 2196 in
323 2145 473 2196 atriis
496 2144 681 2198 domus
708 2145 942 2210 Domini,
977 2163 1067 2199 nec
1088 2147 1365 2216 quisquam
1404 2145 1540 2199 alius
1563 2146 1832 2214 ingredia-

233 2246 332 2287 tur
354 2234 568 2288 domum
592 2235 824 2300 Domini,
859 2238 957 2290 nisi
991 2236 1318 2299 Sacerdotes,
1345 2245 1393 2289 et
1419 2238 1507 2306 qui
1535 2238 1833 2290 ministrant

232 2326 305 2379 de
361 2325 549 2381 Levitis
609 2341 626 2378 :
681 2330 781 2397 ipsi
831 2329 1192 2382 tantummodo
1252 2329 1650 2397 ingrediantur,
1692 2330 1836 2401 dqui

234 2418 558 2486 sanctiﬁcati
583 2427 728 2482 sunt,
751 2427 797 2472 et
827 2435 978 2472 omne
1006 2419 1260 2487 reliquum
1288 2417 1469 2488 uulgus
1492 2419 1719 2473 observet
1742 2437 1836 2473 cu-

233 2509 446 2562 stodias
478 2507 711 2561 Domini.
750 2508 944 2561 Levita:
973 2518 1146 2562 autem
1174 2508 1496 2562 circumdcnt
1525 2525 1716 2579 regem,
1743 2510 1836 2562 ha-

237 2603 420 2656 bentes
443 2601 640 2672 singuli
670 2618 819 2654 arma
855 2619 975 2666 sua,
1004 2611 1110 2656 etc.

321 2689 498 2763 (Vere.
528 2691 638 2763 l2.)
659 2711 676 2742 ‹
701 2692 853 2758 Quod
884 2693 1128 2762 sequitur
1157 2693 1222 2747 de
1248 2691 1436 2748 eodem
1465 2713 1475 2747 :
1506 2705 1526 2732 θ
1553 2693 1840 2748 Produxit-

237 2801 348 2855 que
372 2784 543 2853 ﬁlium
574 2786 730 2855 regis,
756 2796 805 2838 et
827 2787 1001 2856 posuit
1029 2803 1184 2856 super
1219 2803 1336 2840 eum
1375 2787 1620 2841 diadema
1639 2828 1652 2850 ,
1685 2801 1730 2840 et
1763 2798 1840 2841 te-

237 2874 649 2939 stimonium,in
676 2877 1216 2948 diademate'insigne
1246 2878 1440 2946 capitis
1478 2879 1683 2948 regium
1731 2897 1742 2933 :
1787 2881 1839 2934 in

240 2967 560 3021 teStimonio
592 2967 837 3041 designat
865 2969 1081 3034 decreta
1124 2969 1257 3039 legis
1312 2969 1430 3035 Dei,
1460 2971 1656 3040 quibus
1708 2972 1840 3041 quid

242 3073 415 3129 agere
467 3074 559 3114 rex
613 3037 838 3122 debeat,
871 3067 925 3113 et
972 3037 1207 3129 qualiter
1261 3060 1464 3125 vivere,
1507 3062 1838 3132 prtecipitur.

244 3150 496 3220 Denique
545 3150 600 3204 in
641 3149 779 3204 libro
827 3152 1114 3206 verborum
1161 3152 1371 3206 dierum
1419 3155 1657 3222 apertius
1710 3173 1723 3208 :
1771 3154 1843 3223 (2

247 3236 439 3293 Paral.
467 3239 557 3305 23,
586 3241 670 3312 ll)
720 3240 782 3293 Et
844 3241 1201 3312 imposuerunt
1221 3283 1234 3307 ,
1257 3242 1462 3312 inquit,
1495 3244 1544 3297 ei
1573 3244 1840 3310 diadema,

1927 691 2173 746 continuo
2195 691 2380 744 revixit
2404 695 2576 755 homo,
2602 701 2648 744 et
2685 693 2819 744 stetit
2852 707 3008 761 super
3042 691 3195 762 pedes
3224 707 3364 747 suos.

1997 779 2312 833 Latrunculi
2345 779 2488 833 enim
2517 777 2672 833 Moab
2706 779 3003 850 figuraliter
3029 781 3302 836 daemones
3350 783 3514 836 intet-

1928 871 2126 941 ligendi
2162 877 2308 935 sunt,
2334 870 2426 940 qui
2462 869 2532 924 ad
2567 871 2831 924 incestum
2860 878 2914 924 et
2937 885 3097 925 omne
3123 886 3259 941 opus
3291 884 3514 928 execra-

1928 962 2036 1016 bile
2065 962 2318 1016 vitiorum
2353 962 2587 1016 stimulis
2616 971 2911 1033 perurgent
2946 962 3241 1018 infelicium
3281 973 3510 1021 mentes.

1930 1052 2031 1120 Qui
2063 1068 2192 1106 vero
2226 1062 2498 1107 mortuum
2531 1055 2885 1122 sepeliebaut,
2935 1055 2970 1108 ii
3020 1055 3319 1123 accipiendi
3364 1068 3515 1121 sunt,

1931 1143 2044 1212 qui,
2075 1153 2133 1197 ut
2159 1144 2447 1212 Apostolus
2485 1144 2720 1200 Jacobus
2762 1145 2838 1199 ait
2889 1164 2901 1198 ε
2959 1144 3034 1215 (5,
3088 1145 3173 1218 19)
3232 1145 3432 1216 Impias
3471 1158 3514 1202 et

1932 1245 2228 1304 peccatores
2283 1236 2347 1288 ab
2401 1252 2576 1289 errore
2620 1239 2718 1290 vice
2760 1253 2872 1290 sua:
2909 1237 3126 1290 assidua
3157 1236 3523 1293 exhortatione

1932 1335 2234 1379 convertunt
2263 1325 2333 1378 ad
2359 1327 2618 1379 tramitem
2645 1328 2869 1396 pietatis,
2904 1337 2951 1381 et
2977 1328 3261 1391 castitatis,
3285 1329 3514 1381 animas-

1931 1431 2030 1486 que
2075 1433 2253 1470 eorum
2303 1415 2565 1470 saluantcs
2615 1435 2645 1470 a
2701 1427 2944 1488 perpetua
2995 1427 3191 1483 morte,
3220 1419 3520 1488 cooperiunt

1935 1503 2321 1559 multitudinem
2350 1517 2702 1577 peccatorum.

2008 1595 2135 1650 Sive
2163 1595 2341 1648 aliter.
2369 1595 2704 1664 Sepelientes
2732 1605 3005 1650 mortuum
3025 1639 3038 1663 ,
3071 1611 3136 1652 ac
3188 1597 3520 1652 latrunculos

1935 1683 2204 1753 fugientes
2229 1685 2302 1739 illi
2331 1687 2523 1741 merito
2547 1686 2847 1756 appellandi
2893 1697 3036 1752 sunt,
3072 1687 3162 1756 qui
3204 1689 3292 1758 pie
3340 1689 3522 1743 vivere

1937 1773 2178 1828 volentes
2221 1775 2276 1828 in
2325 1774 2561 1840 Christo,
2590 1775 2820 1846 fugiunt,
2855 1793 2918 1830 ac
2947 1777 3218 1831 declinant
3246 1777 3375 1831 vitia
3403 1778 3524 1831 uni-

1937 1877 2113 1926 versa,
2137 1871 2299 1932 atque
2321 1852 2564 1933 peccata,
2590 1881 2711 1934 quur
2737 1876 2966 1921 mortem
2997 1867 3249 1922 videlicet
3291 1883 3522 1938 operan-

1861 1969 1906 2026 Β
1938 1964 2044 2020 tur,
2071 1971 2408 2027 corporaque
2460 1959 2513 2011 in
2572 1956 2775 2011 fontem
2829 1957 3119 2028 projiciunt
3160 1959 3434 2024 baptismi,
3469 1961 3524 2014 in

1936 2061 2042 2116 quo
2069 2048 2362 2101 secundum
2388 2047 2705 2117 Apostolum
2737 2051 3021 2103 credentes
3046 2048 3367 2118 sepeliuntur
3403 2067 3522 2104 cum

1935 2136 2144 2190 Christo
2208 2135 2379 2208 (Rom.
2410 2136 2462 2202 6,
2498 2138 2550 2191 4.
2583 2135 2785 2192 Coloss.
2826 2139 2880 2204 2,
2916 2139 3037 2210 i2),
3063 2149 3121 2193 ut
3155 2153 3251 2209 per
3281 2156 3523 2196 commu-

1936 2227 2154 2282 nionem
2195 2229 2461 2298 corporis,
2491 2237 2544 2283 et
2585 2231 2865 2300 sanguinis
2887 2229 3004 2300 ejus
3034 2232 3290 2303 deinceps
3318 2235 3524 2303 possint

1935 2319 2119 2373 vivere
2139 2335 2263 2374 cum
2292 2319 2528 2374 Christo.

2009 2409 2119 2482 (li,
2147 2410 2225 2482 7.)
2275 2411 2396 2481 Ipse
2430 2410 2704 2482 (\idelicet
2753 2413 3025 2487 Aniasias)
3063 2417 3316 2486 percussit
3354 2416 3524 2471 Edoni

1939 2506 1992 2557 in
2042 2503 2176 2558 ralle
2218 2503 2528 2560 Salinarum
2572 2505 2747 2562 decem
2813 2506 3020 2571 millia,
3078 2516 3183 2562 etc.
3235 2507 3387 2575 Quod
3443 2509 3521 2562 di-

1941 2593 2081 2647 citur
2131 2593 2198 2646 de
2245 2593 2464 2648 Amasia
2510 2609 2634 2666 rege
2660 2594 2798 2649 Juda
2836 2614 2848 2649 :
2889 2595 3009 2668 Ipse
3059 2599 3315 2668 percussit
3351 2597 3521 2652 Edam

1938 2684 1992 2737 in
2048 2683 2178 2738 ualle
2224 2684 2530 2740 Salinarum
2571 2687 2745 2741 decem
2789 2687 2956 2744 millia
2993 2698 3039 2742 et
3073 2691 3414 2760 apprehendit
3439 2705 3527 2760 pe-

1941 2785 2077 2830 tram
2123 2778 2177 2830 in
2234 2776 2438 2847 pra’lio,
2500 2779 2800 2850 vocaritque
2858 2796 3046 2834 nomen
3098 2780 3213 2850 ejus
3257 2779 3284 2820 ιι
3329 2779 3522 2835 Jethel.

1949 2867 1962 2906 i
2017 2885 2040 2918 ι·
2075 2868 2243 2923 Vallis
2283 2867 2590 2923 Salinarum
2621 2877 2762 2936 erat,
2797 2870 2886 2925 ubi
2928 2871 3070 2926 sales
3117 2871 3408 2938 faciebant,
3440 2872 3525 2928 vel

1942 2959 2092 3015 fmno
2129 2962 2379 3016 videlicet
2407 2962 2715 3033 salsuginis,
2741 2972 2802 3018 ut
2826 2963 3009 3018 multis
3039 2965 3092 3019 in
3139 2963 3272 3019 locis
3321 2964 3523 3029 deciso,

1942 3051 2219 3106 exsiccato
2249 3060 2304 3106 et
2350 3051 2595 3118 incenso,
2628 3052 2709 3106 vel
2746 3054 2902 3122 aquis
2929 3063 3213 3124 puteorum
3263 3055 3375 3110 sale
3423 3055 3530 3110 fer—

1942 3141 2186 3208 vefactis,
2209 3152 2264 3197 et
2289 3158 2461 3214 usque
2490 3143 2557 3198 ad
2588 3143 2716 3200 salis
2745 3144 3057 3201 firmitatem
3093 3145 3375 3216 coquendo
3401 3161 3527 3218 per-

1945 3237 2140 3299 ductis,
2177 3236 2262 3292 vel
2289 3237 2394 3291 alio
2421 3236 2662 3307 quolibet
2689 3238 2896 3302 ordine,
2927 3253 3034 3307 quo
3055 3237 3133 3294 sal
3159 3238 3276 3293 fieri
3301 3253 3527 3294 consue-

242 3329 608 3402 dederuntque
627 3333 680 3386 ἱη
708 3349 868 3386 manu
891 3333 1006 3403 ejus
1037 3334 1314 3388 tenendam
1339 3333 1521 3405 legem,
1550 3336 1615 3390 Ει
1635 3352 1843 3407 magna}
1873 3326 1916 3387 (Σ
1948 3328 2046 3391 \‘ll,
2081 3327 2133 3380 lll
2166 3342 2274 3398 quo
2314 3328 2478 3382 etiam
2517 3328 2636 3383 lOCO
2663 3326 2798 3382 1031)
2843 3328 3122 3386 duodecim
3189 3329 3357 3384 millia
3407 3329 3531 3384 ldu-

246 3423 441 3491 utique
460 3431 598 3489 erat,
616 3424 979 3493 salutarisque
998 3425 1316 3495 prudentim,
1334 3435 1392 3480 ut
1411 3443 1507 3496 per
1526 3429 1840 3498 tyrannicm,

248 3512 539 3583 impizeque
572 3515 776 3584 reginae
815 3530 1026 3579 necem,
1055 3516 1376 3570 succedente
1398 3517 1453 3570 in
1480 3532 1704 3588 regnum
1733 3518 1843 3572 ﬁlio

245 3606 402 3673 regis
423 3604 668 3676 legitimi,
695 3621 816 3661 cum
846 3607 963 3677 ipso
991 3606 1011 3646 ί
1040 3623 1225 3679 regum
1251 3609 1460 3674 habitu,
1493 3609 1654 3663 simul
1677 3609 1842 3665 disci-

246 3694 398 3765 plina
422 3695 553 3766 legis
580 3696 674 3750 Dei
703 3699 966 3752 servanda
999 3699 1389 3764 committetur,
1412 3708 1468 3754 et
1494 3701 1585 3770 qui
1613 3715 1672 3756 se
1707 3716 1845 3771 prac-
1878 3695 1885 3700 ’

244 3787 424 3841 latum
465 3788 664 3857 populo
693 3789 930 3860 regendo
961 3790 1185 3855 videret,
1213 3791 1326 3860 ipse
1354 3806 1416 3845 se
1443 3791 1738 3862 regendum
1767 3792 1847 3847 di-

247 3878 396 3932 vinis
421 3877 628 3949 legibus
663 3879 815 3934 subdi
849 3879 1045 3935 debere
1068 3881 1423 3936 meminisset.
1464 3901 1482 3935 ι

329 3966 481 4039 (Cap.
514 3969 731 4040 12,15.)
759 3969 828 4023 Et
852 3987 954 4024 non
979 3971 1134 4037 [iebat
1159 3974 1294 4025 ratio
1324 3972 1405 4026 his
1425 3973 1859 4040 hominibus,qui'

247 4057 575 4127 accipiebant
617 4061 912 4128 pecuniam,
939 4069 1043 4112 etc.
1094 4061 1119 4099 8
1171 4078 1188 4108 ι
1223 4059 1375 4125 Quod
1418 4060 1845 4116 instaurantibus

249 4147 514 4217 templum
536 4148 746 4203 Domini
775 4158 1014 4219 tempore
1040 4149 1249 4220 praefati
1281 4151 1423 4221 regis
1449 4150 1576 4206 Joas
1603 4152 1803 4207 dicitur
1827 4171 1840 4206 :

253 4237 326 4291 Et
350 4254 450 4292 non
470 4237 627 4306 ﬁebat
644 4240 778 4293 ratio
796 4241 876 4293 his
899 4240 1215 4304 hominibus,
1230 4242 1319 4311 qui
1342 4242 1667 4312 accipiebant
1684 4260 1846 4322 pecus

250 4328 422 4392 niam,
445 4336 504 4380 ut
530 4327 901 4382 distribuerent
924 4345 1039 4382 eam
1065 4329 1378 4398 artiﬁcibus,
1403 4330 1493 4383 sed
1519 4331 1572 4383 in
1603 4331 1710 4398 [ide
1732 4340 1840 4383 tra-

242 4417 467 4472 ctabant
507 4433 646 4483 eam,
677 4419 1020 4473 devotionem
1048 4419 1285 4474 ostendit
1313 4435 1519 4485 eorum,
1553 4421 1618 4474 de
1648 4421 1842 4490 quibus

249 4525 437 4566 sermo
460 4512 676 4579 est,.qni
711 4518 918 4564 tantum
949 4511 1110 4565 studii
1144 4512 1199 4565 in
1232 4511 1491 4582 religione
1529 4513 1840 4578 habuerint,

249 4605 318 4652 ut
358 4597 536 4652 nullus
565 4598 914 4664 dubitaverit,
950 4599 1078 4669 quin
1129 4600 1411 4668 pecuniam
1462 4600 1674 4656 Domini
1726 4602 1843 4656 sine

1944 3434 2203 3472 nurerum
2264 3419 2600 3488 percussisse
2656 3418 2871 3489 legitur.
2931 3419 3040 3474 Nec
3093 3421 3527 3489 praetereundum

1943 3510 2086 3577 quod
2118 3525 2217 3577 pro
2241 3510 2378 3589 valle
2407 3508 2716 3566 Salinarum
2751 3519 2910 3566 vetus
2944 3512 3112 3566 editio
3147 3513 3302 3586 quasi
3334 3527 3528 3568 nomen

1945 3601 2180 3670 regionis
2214 3600 2226 3649 i
2267 3600 2489 3656 Gemela
2529 3603 2728 3671 posuit.
2776 3601 2934 3659 Petra
2987 3613 3166 3660 autem
3208 3607 3398 3661 civitas
3445 3613 3531 3662 est

1943 3692 2157 3746 Arabia:
2181 3692 2377 3749 nobilis
2403 3693 2456 3748 in
2484 3694 2670 3749 eadem
2711 3703 2852 3749 terra
2896 3697 3082 3761 Edom,
3115 3714 3234 3768 qua:
3281 3699 3336 3753 in
3389 3698 3531 3756 libro

1943 3783 2303 3839 Numerorum
2365 3785 2564 3840 Itecem
2611 3785 2830 3853 dicitur,
2877 3797 2932 3843 et
2980 3789 3061 3844 ab
3095 3789 3333 3860 Assyriis
3371 3791 3533 3847 hodie

1944 3891 2117 3944 usque
2148 3877 2227 3930 sic
2253 3876 2576 3946 appellatur.
2613 3878 2637 3916 Ιι
2674 3870 2917 3934 Jecefliel
2945 3894 3092 3946 vero,
3115 3881 3257 3951 quod
3285 3881 3533 3938 Amasias

1944 3967 2118 4021 victor
2149 3967 2198 4021 ei
2227 3982 2422 4021 nomen
2450 3968 2726 4038 imposuit,
2756 3970 3146 4041 interpretatur
3195 3982 3369 4029 cintus
3413 3975 3529 4040 Dei,

1945 4056 2028 4110 vel
2059 4057 2318 4112 auxilium
2343 4057 2464 4123 Dei,
2488 4066 2680 4128 agente
2711 4075 2776 4115 eo
2806 4061 3054 4127 fideliter,
3090 4071 3146 4116 ut
3175 4063 3404 4132 perenni
3450 4065 3533 4119 in-

1947 4147 2166 4201 deretur
2197 4148 2492 4212 memoriae,
2517 4148 2658 4216 quod
2689 4149 3144 4215 hanc,vel‘cmtus
3184 4152 3363 4222 populi
3412 4153 3530 4220 Dei,

1946 4241 2034 4294 vel
2059 4241 2166 4295 Deo
2195 4242 2505 4312 adiuvante,
2522 4243 2746 4312 ceperit.
2789 4265 2806 4296 ι

2018 4330 2124 4400 (l4,
2152 4331 2266 4402 25.)
2312 4332 2433 4402 Ipse
2468 4334 2691 4386 restituit
2719 4335 2968 4389 terminos
3005 4334 3175 4390 Israel
3201 4337 3265 4390 ab
3311 4338 3529 4392 introitu

1946 4423 2139 4476 Emath
2189 4433 2293 4478 etc.
2346 4424 2414 4474 lt
2469 4425 2620 4492 Quod
2660 4427 2861 4482 dicitur
2911 4427 2976 4482 de
3030 4427 3354 4483 Hieroboam
3404 4445 3531 4501 rege

1945 4512 2106 4568 Israel
2154 4528 2168 4567 :
2204 4512 2326 4584 Ipse
2357 4517 2582 4570 restituit
2636 4518 2886 4571 terminos
2931 4517 3150 4572 Israelis
3193 4519 3256 4573 ab
3311 4522 3532 4577 introitu

1948 4603 2162 4670 Emath,
2188 4621 2350 4677 usque
2374 4607 2443 4660 ad
2473 4624 2619 4662 mare
2638 4607 2956 4672 solitudinis,
2989 4609 3206 4672 Emath,
3236 4626 3358 4680 qua:
3387 4628 3532 4670 nunc

247 4685 486 4756 alicujus
539 4686 744 4742 fraudis
789 4689 1096 4757 suspicione
1147 4698 1446 4746 tractarent
1478 4711 1489 4745 :
1521 4699 1574 4747 et
1599 4693 1739 4748 hanc
1777 4694 1843 4749 de
1869 4670 1923 4730 Ῑ)
1949 4670 2272 4766 Epiphania
2307 4697 2505 4752 dicitur
2529 4739 2544 4764 ,
2599 4670 3038 4768 septentrionalis
3089 4670 3209 4756 erat
3254 4670 3531 4760 terminus

247 4775 451 4831 aerario
476 4775 743 4830 sublatnn
781 4776 1015 4832 fideliter
1041 4779 1444 4835 artificibusad
1492 4781 1842 4837 muniendam

248 4867 497 4930 domum,
520 4876 680 4934 prout
704 4867 929 4937 singulis
956 4883 1093 4937 opus
1117 4879 1278 4935 esset,
1303 4869 1577 4926 offerrent.

329 4954 437 5026 (l3,
477 4954 594 5026 20.)
621 4955 747 5010 Post
773 4957 882 5011 haec
915 4967 1151 5012 mortuus
1178 4969 1276 5022 est,
1308 4960 1504 5029 inquit,
1535 4959 1767 5026 Eliseus,
1795 4971 1843 5014 et

247 5047 564 5120 sepelierunt
588 5065 724 5102 eum.
751 5049 1064 5104 Latrunculi
1093 5067 1208 5105 vero
1237 5052 1300 5105 de
1322 5046 1479 5105 Moab
1510 5063 1758 5106 venerunt
1788 5054 1842 5107 in

248 5151 452 5196 terram
480 5140 592 5210 ipso
614 5139 846 5194 videlicet
876 5148 1059 5195 anno.’
1080 5142 1310 5207 Quidam
1341 5152 1513 5196 autem
1536 5142 1838 5212 sepelientes

215 5219 220 5223 ’
248 5231 518 5286 hominem
544 5231 781 5286 viderunt
813 5233 1160 5301 latrunculos,
1188 5245 1234 5290 et
1256 5236 1584 5306 projecerunt
1614 5237 1839 5292 cadaver

327 5373 353 5401 ι
383 5361 616 5418 Dicetur.

327 5432 355 5471 ιν
383 5431 522 5487 Seir.
588 5441 604 5485 ὲ

325 5511 350 5574 ’ξ
388 5501 560 5574 (legis.
593 5496 599 5510 ’

322 5572 350 5612 ἀ
383 5571 542 5636 Quia.

329 5654 359 5718 °_
393 5643 565 5718 Hujus
594 5660 830 5718 quoque,
853 5650 1308 5718 et'subscqueutis
1334 5649 1434 5703 loci
1458 5648 1748 5718 explicatio
1771 5664 1836 5704 ex

248 5712 741 5836 “93;??1lllil-lllllll‘:
768 5717 990 5783 Ibidem,
1015 5712 1160 5773 num.
1193 5720 1280 5785 20,
1300 5728 1353 5775 et
1388 5720 1477 5774 2i.

444 5801 582 5854 egm.

326 5855 351 5932 ξε
389 5853 518 5932 [huc
537 5858 757 5932 pariter
781 5876 847 5915 ex
875 5859 1017 5916 Beda
1054 5861 1350 5932 desumpsit
1381 5861 1650 5917 Rabanus.

318 5922 352 5967 ι
377 5922 630 5981 lecte/iet.

1947 4786 2159 4843 lsraelis
2192 4807 2203 4842 :
2232 4788 2377 4844 Mare
2401 4799 2580 4845 autem
2620 4791 2953 4857 solitudinis,
2975 4793 3121 4863 quod
3143 4793 3395 4851 bebraice
3445 4799 3531 4852 di-

1947 4879 2090 4934 citur
2115 4880 2312 4946 .1raba,
2351 4896 2501 4936 mare
2546 4891 2818 4936 mortuum
2864 4883 3129 4955 designat,
3155 4887 3297 4954 quod
3329 4887 3382 4941 in
3415 4887 3532 4942 lon-

1946 4972 2189 5040 gitudine
2217 4988 2315 5043 per
2339 4974 2512 5030 stadia
2537 4991 2714 5030 anxx
2738 4991 2908 5046 usque
2932 4977 2999 5031 ad
3025 4989 3063 5015 ω
3088 4977 3288 5033 Zoaras
3337 4978 3531 5034 Araba:

1948 5061 2001 5114 iu
2027 5061 2312 5118 latitudine
2339 5078 2437 5134 per
2462 5073 2679 5119 centum
2713 5066 3101 5137 quinquaginta
3128 5082 3302 5138 usque
3343 5069 3411 5124 ad
3447 5069 3529 5123 vi-

1947 5154 2064 5208 cina
2098 5155 2454 5211 Sodomorum
2487 5167 2512 5194 η
2541 5157 2910 5225 praetenditur.
2935 5178 2953 5211 ο

2021 5255 2044 5280 υ
2078 5245 2140 5299 Et
2165 5264 2490 5318 unaqua’quc
2514 5264 2638 5319 gens
2662 5248 2920 5316 fabricata
2943 5260 3016 5304 est
3040 5251 3209 5304 Deum
3228 5268 3401 5317 suum,
3419 5261 3526 5308 etc.

2022 5383 2033 5420 ί
2074 5380 2198 5458 Haec
2242 5382 2403 5458 habet
2444 5381 2586 5458 Deda
2629 5384 2922 5452 quaestione
2965 5384 3054 5450 2|,
3100 5385 3241 5441 inter
3273 5386 3343 5442 50
3377 5404 3525 5458 qua:-

1941 5451 2143 5523 stiones
2170 5451 2419 5523 inlibros
2443 5451 2666 5523 Regum.

2017 5521 2028 5569 i
2066 5519 2361 5574 Gemelach.

1933 5626 1936 5630 -
2017 5592 2038 5628 ¹ε
2081 5590 2300 5644 Jecthel.

2022 5660 2032 5698 ¹
2078 5660 2192 5781 l/loe
2224 5663 2448 5730 pariter,
2477 5671 2530 5717 et
2556 5663 2890 5732 subsequens
2913 5665 3051 5720 Beda
3075 5674 3369 5741 desumpta
3390 5689 3541 5726 sum.

2022 5739 2050 5760 "
2093 5729 2304 5781 'Joaros.

2014 5739 2050 5760 "
2084 5729 2304 5785 Zoaros.

2017 5811 2042 5837 η
2089 5799 2446 5869 Progreditur.

2018 5880 2040 5906 °
2081 5871 2164 5938 l7,
2198 5872 2285 5927 ‘29.
