3906 6314
445 350 546 410 787

1488 331 1786 412 cuum
1824 352 2286 412 TAURINENSiS
2322 353 2628 411 EPISCOPI

3611 365 3709 422 788

446 480 470 519 ε
501 465 656 536 Quod
679 465 878 522 dicitur
903 468 970 522 de
991 466 1100 531 his,
1128 481 1247 535 quae
1272 468 1326 521 in
1359 466 1662 522 Samariam
1690 484 1721 523 a
1753 481 1881 539 rege
1927 468 2028 522 As—
2056 494 2105 553 Α
2133 471 2390 532 rusalem,
2420 469 2513 522 ubi
2557 475 2675 521 erat
2704 467 2962 538 templum
3002 468 3136 538 ejus.
3170 470 3433 542 Quodque
3460 475 3710 546 paucita-

445 560 715 632 syriorum
757 559 1004 615 adductae
1050 571 1195 624 sunt,
1240 558 1567 616 nationibus.
1600 571 1650 615 et
1700 577 2025 632 unaqua’que
2132 564 2238 610 tem
2265 557 2609 612 obsessorum
2640 555 2828 612 volens
2872 560 3180 626 ostendere,
3207 562 3361 632 (vers.
3392 564 3490 636 23)
3534 581 3708 636 equo-

443 662 569 722 gens
605 651 866 722 fabricata
897 660 974 706 est
1002 650 1170 706 Deum
1210 667 1385 714 suum,
1410 663 1795 724 posueruntque
1828 670 1945 707 eum
1971 656 2025 708 in

446 742 586 812 {anis
618 742 855 809 excelsis,
881 758 999 814 qua:
1030 744 1264 813 fecerant
1297 757 1322 785 ι
1351 741 1612 802 Samaria:
1643 758 1767 815 gens
1788 785 1803 812 ,
1830 754 1879 800 et
1904 762 2026 816 gens

445 834 502 888 in
527 835 741 889 urbibus
760 836 892 898 suis,
916 837 972 890 in
996 835 1182 907 quibus
1205 837 1533 890 habitabant.
1552 835 1665 892 Viri
1691 838 1836 892 enim
1856 837 2030 910 Baby-

446 921 578 978 lonii
607 925 854 980 fecerunt
891 924 1123 983 Sochotlt
1148 924 1395 981 Benoth:
1430 928 1546 981 Viri
1581 936 1761 982 autem
1798 926 2029 985 Cutheni

445 1013 692 1070 fecerunt
713 1014 929 1087 Nergel.
953 1016 1022 1072 Et
1039 1018 1138 1072 viri
1163 1017 1230 1072 de
1257 1017 1283 1057 δ
1305 1018 1533 1073 Emetha
1556 1017 1802 1074 fecerunt
1820 1018 2024 1074 Asima.

445 1098 617 1159 Porro
645 1103 827 1168 Hermi
850 1106 1099 1162 fecerunt
1117 1118 1141 1146 ε
1169 1106 1410 1172 Nebaas,
1435 1115 1489 1162 et
1519 1107 1772 1162 Thartlta.
1800 1107 1857 1161 in
1889 1107 2029 1162 libro

443 1196 664 1266 quidem
709 1197 955 1254 locorum
994 1197 1215 1270 legitur,
1262 1201 1407 1269 quod
1449 1200 1657 1255 Benotb
1685 1239 1702 1268 ,
1740 1208 1805 1256 et
1836 1199 2030 1271 Nergel

441 1286 664 1344 fuerunt
709 1290 998 1356 civitates,
1043 1306 1180 1362 quas
1233 1300 1654 1347 construxerunt
1707 1293 1762 1347 in
1809 1293 2031 1362 regione

441 1372 644 1435 Judaeze
678 1379 1040 1446 Samaritani,
1081 1383 1170 1452 qui
1224 1384 1291 1444 de
1334 1381 1627 1453 Babylonia
1678 1384 2027 1439 transierant.

442 1467 629 1528 Asima
653 1485 867 1540 quoque
893 1471 1147 1542 Oppidum
1179 1473 1323 1540 quod
1367 1471 1794 1537 zediilcaverunt,
1820 1472 1915 1543 qui
1961 1469 2030 1527 ad

441 1576 564 1625 eam
592 1570 859 1618 venerant
885 1563 953 1619 de
975 1559 1190 1620 Emath.
1223 1563 1440 1619 Nebaaz
1462 1565 1651 1630 etiam,
1675 1576 1731 1622 et
1760 1562 1788 1605 δ
1827 1565 2028 1620 Tartha

441 1650 712 1715 civitates,
737 1668 874 1723 qttas
903 1650 1087 1711 Hevzei
1111 1654 1168 1708 in
1205 1655 1394 1709 eadem
1429 1653 1630 1712 Iudam
1662 1663 1805 1714 terra
1853 1658 2033 1713 condi-

440 1745 659 1801 derunt.
684 1743 917 1803 Videtur
943 1755 1124 1803 autem
1147 1747 1304 1816 juxta
1339 1750 1784 1820 consequentiam
1826 1759 2032 1806 sermo-

2129 658 2249 701 rum
2283 648 2388 702 duo
2418 645 2584 701 millia
2621 646 2926 716 pollicetur,
2970 665 3199 719 quorum
3226 651 3492 708 Ezechias
3520 671 3714 710 ascen—

2130 750 2282 792 sores
2308 736 2547 806 praebere
2573 752 2679 791 non
2707 748 2907 808 posset,
2939 755 3048 796 non
3071 741 3137 794 de
3160 741 3533 798 imbecillitate
3562 747 3712 800 venit

2129 826 2311 898 populi
2345 825 2675 892 Iudaeorum,
2711 827 2724 878 i
2763 829 2852 897 qui
2893 830 3172 900 equitandi
3202 834 3423 887 carebat
3453 835 3711 900 scientia,

2131 918 2225 972 sed
2287 918 2353 980 de
2407 918 2789 973 observatione
2838 921 3218 976 mandatorum
3276 924 3412 988 Dei,
3470 928 3563 994 qui
3619 943 3716 996 per

2133 1006 2348 1079 Moysen
2374 1021 2539 1076 super
2571 1023 2752 1078 regem
2777 1018 3109 1079 praeceperat
3135 1009 3330 1066 Israel:
3353 1012 3594 1084 (Deuter.
3629 1017 3712 1079 17,

2133 1099 2222 1174 16,
2263 1110 2310 1152 et
2354 1097 2440 1170 1“ῑ)
2485 1098 2607 1153 Non
2651 1099 3020 1170 multiplicabit
3055 1102 3151 1155 sibi
3195 1120 3386 1173 equos,
3434 1117 3485 1160 et
3524 1125 3717 1161 uxores

2130 1189 2385 1260 plurimas
2437 1207 2542 1244 non
2579 1189 2807 1264 liabebit.
2856 1191 2937 1245 Ad
2965 1191 3017 1245 id
3049 1200 3248 1256 autem,
3288 1194 3433 1264 quod
3457 1195 3713 1251 dixerat:

2134 1283 2295 1354 (vers.
2344 1281 2446 1353 22)
2493 1279 2551 1336 Si
2597 1261 2932 1352 responderis
2979 1283 3151 1348 mihi,
3206 1284 3262 1338 in
3308 1261 3546 1339 Domino
3607 1287 3717 1340 Deo

2133 1372 2464 1440 conﬁdimus,
2491 1380 2624 1437 etc.,
2646 1371 2861 1433 callide,
2899 1373 3298 1442 prudenterque
3320 1378 3628 1445 respondit,
3661 1394 3719 1433 se

2133 1478 2238 1518 non
2265 1477 2362 1516 sua
2391 1461 2689 1522 voluntate.
2717 1463 2812 1516 sed
2846 1458 3060 1517 Doluini
3098 1465 3312 1520 venisse
3347 1471 3638 1537 praeceptis
3669 1471 3714 1522 ιι.

2206 1598 2224 1631 ι
2254 1579 2322 1634 Ει
2371 1580 2509 1635 dixit
2550 1578 2872 1644 Heliacbim,
2926 1579 2982 1636 et
3028 1582 3213 1636 caeteri
3267 1582 3334 1636 ad
3378 1583 3714 1642 Rabsacen:

2137 1664 2156 1710 ι
2185 1668 2418 1740 Loquere
2444 1670 2514 1727 ad
2540 1676 2713 1724 Servos
2737 1679 2853 1723 tuos
2877 1668 3015 1739 Syra
3043 1669 3245 1742 lingua,
3272 1673 3534 1743 siquidm
3563 1677 3720 1728 intel-

2132 1760 2344 1832 ligimus
2373 1779 2512 1826 eam,
2542 1770 2648 1817 etc.
2679 1762 2971 1818 Accus'atio
2998 1763 3258 1818 Rabsacis
3285 1766 3536 1822 Electria:
3568 1771 3720 1824 testi-

439 1837 542 1898 nis,
577 1837 743 1892 etiam
781 1837 1072 1904 idolorum,
1099 1837 1297 1908 quibus
1345 1850 1370 1878 ο
1417 1839 1503 1896 lue
1545 1849 1734 1912 gentes
1784 1841 1935 1912 prius
1966 1839 2020 1924 in

2126 1854 2364 1908 monium
2385 1862 2488 1918 est,
2506 1854 2651 1923 quod
2680 1855 2852 1924 captis
2875 1855 3088 1909 cunctis
3101 1853 3298 1911 ludam
3319 1857 3574 1922 urbibus,
3589 1875 3721 1914 con-

440 1933 586 1982 terra
633 1943 731 1984 sua
773 1929 1100 1993 servierunt,
1129 1929 1221 1984 hic
1262 1941 1422 1999 posse
1466 1930 1730 1985 vocabula
1776 1921 2026 2002 intelligi,

445 2015 464 2054 ί
499 2017 624 2086 quia
651 2033 776 2074 cum
802 2018 1006 2074 dictum
1048 2030 1212 2084 esset,
1257 2029 1307 2074 et
1358 2027 1685 2093 unaquaque
1713 2039 1838 2092 gens
1865 2023 2030 2093 fabri-

438 2115 558 2160 cata
595 2115 670 2160 est
709 2105 881 2161 Deum
936 2120 1114 2175 suum,
1170 2110 1325 2178 quasi
1379 2109 1447 2165 ad
1492 2108 1852 2181 expletionem
1905 2125 2030 2166 sen-

440 2195 624 2251 tentiae
648 2195 993 2265 subiunctum
1018 2207 1140 2253 est:
1179 2197 1294 2253 Viri
1316 2201 1455 2254 enim
1481 2190 1764 2271 Babylonii
1793 2201 2027 2271 fecerunt

441 2284 672 2340 Sochoth
696 2286 918 2352 Benoth,
937 2288 992 2343 id
1012 2297 1097 2345 est
1116 2289 1468 2345 tabernacula
1483 2289 1706 2346 Benolls.
1731 2292 1798 2346 Et
1813 2292 2022 2359 melius,

441 2377 494 2430 ni
514 2374 691 2442 fallor,
721 2374 925 2433 iaceret
944 2378 1234 2448 interpres,
1259 2380 1304 2434 si
1329 2379 1571 2435 Socbotb
1597 2380 1761 2436 latine
1782 2381 1835 2435 in
1860 2379 2029 2435 taber-

440 2465 632 2520 nacula
659 2474 917 2531 verteret,
941 2468 997 2522 et
1021 2481 1216 2522 nomen
1244 2469 1370 2523 idoli
1407 2468 1611 2524 Benotlt
1651 2470 1897 2525 absolute
1929 2481 2026 2540 po-

438 2562 592 2609 neret
624 2572 638 2607 :
666 2563 724 2610 et
742 2556 884 2611 sicut
920 2554 973 2610 in
1007 2559 1360 2628 sequentibus
1415 2559 1703 2615 manifeste
1752 2561 1952 2615 dicitur
2007 2580 2020 2614 :

438 2645 545 2716 (l7,
574 2645 664 2719 5i)
695 2644 768 2699 Hi
803 2655 1002 2712 autem,
1031 2649 1122 2719 qui
1151 2659 1299 2703 erant
1329 2649 1392 2703 de
1413 2647 1777 2721 Sephafoaim,
1808 2646 2021 2706 combu-

435 2737 618 2790 rebant
644 2736 786 2807 ﬁlios
814 2753 942 2792 suos
964 2737 1076 2810 igni
1110 2738 1479 2805 Adramelech,
1505 2751 1554 2794 et
1579 2740 1894 2795 Anamelech
1921 2743 2024 2796 diis

435 2822 778 2895 Sepharvaim
803 2840 822 2878 :
851 2826 946 2882 ubi
975 2827 1282 2882 ostenditur
1305 2829 1684 2897 Adramelecb,
1714 2840 1767 2886 et
1792 2831 2024 2887 AnameL

435 2916 554 2971 icch
571 2916 713 2972 idola
735 2916 902 2974 fuisse
919 2917 1072 2973 urbis
1091 2916 1446 2988 Sepharvaim
1464 2937 1477 2972 :
1498 2921 1572 2974 ita
1597 2920 1814 2975 videtur
1833 2936 2024 2975 conse-

436 3022 632 3077 quens,
651 3015 713 3062 ut
737 3009 904 3064 etiam
930 3008 1124 3080 Nergel
1145 3009 1538 3076 Cuthenorum,
1557 3011 1740 3067 Asima
1774 3013 2024 3068 Emathe-

434 3113 651 3164 norum,
666 3098 943 3167 Nebahaz,
962 3109 1013 3156 et
1034 3101 1313 3157 Tharthac
1327 3101 1466 3158 idola
1484 3101 1704 3157 fuerunt
1717 3104 2017 3160 Evazorumi

505 3191 617 3264 (18,
648 3192 760 3266 15.)
782 3193 935 3248 Anno
959 3195 1353 3265 quartodecimo
1403 3197 1539 3266 regis
1571 3195 1814 3250 Euthia:
1842 3213 2023 3250 ascen-

441 3284 510 3336 dit
536 3283 892 3339 Sennacherib
924 3302 1016 3340 rex
1043 3286 1382 3356 Assyriorum
1407 3305 1565 3358 super
1585 3305 1762 3342 omnes
1786 3290 2017 3343 civitates

444 3374 590 3429 Iuda
636 3377 888 3442 munitas,
933 3386 982 3430 et
1025 3378 1158 3448 cepit
1188 3394 1298 3444 eas,
1330 3387 1435 3434 etc.
1469 3378 1705 3434 Historia
1731 3379 2019 3434 manifesta

447 3473 540 3529 :st,
575 3474 631 3520 et
651 3465 1100 3535 interpretatione
1122 3483 1229 3523 non
1254 3469 1475 3538 indiget.
1502 3469 1528 3507 ⁸
1547 3468 1604 3522 In
1635 3470 1813 3524 verbis
1837 3479 2018 3525 autem

442 3555 698 3613 Rabsacis
744 3559 1057 3628 arrogantia
1107 3559 1506 3614 consideranda
1552 3568 1659 3624 est,
1705 3575 1826 3629 qua:
1871 3561 2020 3614 velut

434 3645 678 3715 quaedam
709 3646 984 3703 contraria
1007 3645 1271 3703 fortitudo
1299 3648 1544 3702 imitatur
1572 3651 2017 3705 consuetudinem

430 3735 844 3805 prophetarum,
876 3744 935 3790 ut
965 3738 1113 3806 quod
1133 3736 1206 3791 illi
1230 3739 1406 3793 solent
1432 3740 1486 3793 in
1514 3740 1752 3810 prologis
1775 3755 1975 3810 ponere
1999 3758 2013 3806 ;

429 3825 544 3879 ha'c
579 3822 711 3878 dicit
733 3823 1014 3888 Dominus,
1047 3841 1153 3895 quo
1178 3827 1558 3882 auctoritatem
1602 3838 1658 3882 et
1685 3830 2014 3899 magnitudi-

429 3928 556 3966 nem
601 3913 874 3982 loquentis
921 3916 1231 3979 ostendant,
1279 3917 1383 3971 iste
1420 3934 1565 3973 nunc
1613 3919 1849 3974 dixerit:
1885 3920 2015 3976 lla'c

429 4005 558 4059 dicit
611 4022 704 4060 rea:
755 4023 999 4078 magnus,
1046 4024 1140 4062 res:
1181 4009 1538 4079 Assyriorum.
1595 4009 2016 4068 Consideremus

430 4101 596 4155 verba
629 4101 914 4168 llabsacis,
945 4103 974 4143 Β
1005 4122 1023 4154 ‹
1054 4120 1116 4158 ac
1145 4106 1378 4175 primum
1423 4108 1568 4177 quod
1617 4108 1751 4164 dicit
1780 4125 1794 4162 :
1829 4111 1841 4149 ί
1877 4109 2014 4164 Con-

428 4188 550 4257 ﬁdis
608 4207 765 4260 super
803 4191 1050 4246 baculum
1091 4194 1440 4249 arundineum
1474 4197 1805 4266 confractum
1833 4199 2009 4263 istum,

428 4298 587 4351 super
603 4281 914 4353 Egyptu‘m,
941 4282 1134 4339 falsum
1161 4293 1273 4340 est:
1294 4286 1439 4340 nulla
1462 4289 1608 4341 enim
1635 4298 1822 4343 narrat
1849 4290 2017 4344 histo-

430 4373 531 4438 ria,
564 4375 707 4443 quod
741 4375 1004 4430 Ezechias
1027 4376 1095 4431 ad
1126 4376 1413 4449 Egyptios
1443 4379 1677 4448 miserit,
1700 4390 1754 4434 et
1775 4382 2014 4435 Pharao-

438 4465 523 4520 nis
553 4464 812 4522 auxilium
848 4467 1160 4536 postularit,
1192 4470 1444 4540 quodque
1485 4471 1650 4526 infert
1687 4481 1701 4525 ξ
1736 4472 1888 4545 (vers.
1918 4475 2009 4546 επὶ)

431 4554 490 4611 Si
517 4555 846 4627 responderis
892 4558 1038 4623 mihi,
1072 4560 1129 4613 in
1171 4559 1393 4616 Domino
1431 4561 1540 4615 Deo
1574 4543 1753 4616 nostro
1782 4543 2009 4632 conﬁdi;
2036 4543 2090 4602 D

428 4659 568 4711 mus,
597 4659 784 4699 verum
816 4654 900 4700 est
930 4664 942 4698 :
978 4646 1074 4701 sed
1102 4660 1318 4704 rursum
1344 4649 1524 4720 jungit
1553 4653 1891 4706 mendacium
1924 4670 2015 4708 ve-

430 4733 602 4798 ritati,
674 4735 817 4802 quod
890 4735 1098 4808 (Ibid.)
1145 4738 1419 4792 abstulerit
1486 4739 1743 4795 Ezechias
1808 4744 2012 4797 excelsa

425 4826 593 4891 illius,
639 4837 688 4880 ct
732 4826 925 4881 altaria
951 4843 970 4880 :
1002 4830 1103 4884 hoc
1145 4832 1290 4885 enim
1331 4847 1439 4886 non
1481 4841 1670 4888 contra
1701 4836 2008 4900 Dominum,

427 4917 521 4970 sed
551 4932 650 4987 pro
680 4917 910 4973 Domino
940 4918 1162 4987 fecerat,
1195 4931 1253 4976 ut
1279 4923 1602 4991 idololatria,
1634 4934 1689 4982 et
1719 4929 1884 4981 veteri
1920 4945 2009 4982 er-

428 5021 552 5061 rore
597 5008 895 5076 destructo,
939 5009 1161 5078 iuberet
1190 5014 1477 5070 Dominum
1528 5018 1742 5073 adorari
1781 5021 1834 5074 in
1885 5021 2009 5076 [lie-

498 5172 525 5201 ι
564 5158 881 5214 Samaritas.

499 5230 529 5268 δ
555 5227 806 5283 Hemath.

499 5307 524 5336 ο
569 5297 841 5362 Nebaltas,
872 5309 920 5354 et
956 5300 1237 5359 Thartltac.

495 5367 525 5408 εἰ
555 5367 837 5422 Tharthac.

504 5451 527 5478 ι
569 5436 720 5490 Ha'c.

504 5508 523 5547 τ
568 5506 721 5572 Quod
749 5525 888 5563 cum.

502 5580 528 5663 ξ
557 5577 706 5663 Kers.
735 5578 818 5632 19.
845 5578 972 5663 Ηςῑτ
1130 5583 1241 5663 lies:
1259 5586 1315 5663 ᾗ(
1317 5604 1505 5663 agnus,
1521 5589 1628 5663 Rex
1646 5592 2001 5663 Assyriorum.

501 5649 527 5687 ιι
564 5647 710 5722 Hmc,
751 5663 870 5717 qua:
903 5653 1124 5722 tradidit
1149 5647 1424 5713 Claudius.
1456 5647 1710 5716 [tabanus
1741 5647 1792 5718 in

425 5715 570 5774 hunc
594 5715 800 5787 pariter
831 5721 1073 5775 tradidit.

2129 1945 2260 2002 ﬁsus
2276 1946 2328 1999 in
2344 1940 2576 2000 Domino
2591 1947 2662 2002 sit
2674 1956 2733 2009 ιι,
2751 1946 3056 2016 dixeritque
3082 1947 3148 2002 ad
3165 1948 3423 2018 populum
3445 1967 3458 2003 :
3477 1949 3570 2021 (II
3585 1950 3715 2005 Par.

2128 2051 2301 2100 xxxu,
2320 2035 2395 2106 7).
2414 2034 2594 2092 Nolite
2607 2038 2808 2102 timere,
2825 2055 2917 2091 nec
2928 2039 3158 2107 parcatis
3172 2046 3340 2108 regem
3353 2040 3718 2110 Assyriorum,

2128 2137 2177 2182 et
2207 2128 2501 2182 universam
2527 2127 2914 2182 niultitudinem
2938 2147 2962 2195 ,'
2996 2146 3113 2199 qua:
3141 2139 3218 2183 est
3247 2147 3366 2183 cum
3417 2147 3479 2184 eo
3505 2147 3524 2184 :
3553 2130 3721 2184 multo

2127 2219 2266 2272 enim
2291 2216 2466 2288 plures
2503 2218 2774 2273 nobiscum
2802 2229 2945 2286 sunt,
2991 2231 3152 2290 quam
3175 2230 3294 2272 cum
3321 2220 3414 2274 illo
3430 2238 3450 2286 ,°
3482 2238 3608 2274 cunt
3627 2220 3722 2274 illo

2127 2309 2265 2374 enim
2290 2316 2365 2362 est
2393 2308 2663 2365 brachium
2685 2326 2932 2364 corneum
2953 2324 2972 2363 :
3000 2312 3270 2365 nobiscum
3292 2311 3556 2366 Dominus
3578 2312 3724 2367 Deus

2127 2411 2322 2466 noster,
2364 2403 2454 2472 qui
2495 2404 2785 2457 aumiliator
2826 2413 2899 2458 est
2929 2406 3118 2471 nostri,
3154 2413 3456 2476 pugnatque
3492 2422 3594 2476 pro
3623 2423 3721 2459 no-

2126 2483 2225 2546 bis.
2268 2491 2335 2545 Et
2374 2492 2701 2561 confortatus
2733 2503 2828 2560 est,
2859 2495 3058 2566 inquit,
3091 2496 3313 2567 populus
3345 2497 3721 2566 hujuscemodi

2125 2584 2292 2639 verbis
2323 2585 2589 2640 Ezechiae.
2627 2585 2778 2643 Unde
2821 2589 3097 2645 Rabsaces
3120 2580 3398 2648 destruere
3425 2594 3545 2646 wit
3571 2594 3722 2663 quod

2124 2667 2214 2729 ille
2244 2683 2647 2741 construxerat,
2675 2684 2730 2732 et
2756 2678 2998 2746 loquitur
3020 2681 3088 2733 ad
3111 2681 3368 2751 populum
3394 2700 3406 2734 :
3438 2680 3549 2745 (ιγ
3581 2680 3715 2752 Reg.

2127 2759 2217 2830 i8,
2245 2765 2335 2837 29)
2385 2765 2510 2820 Non
2550 2767 2766 2822 seducat
2808 2781 2896 2823 vos
2925 2769 3205 2837 Ezechias,
3246 2782 3294 2826 et
3323 2789 3427 2827 non
3455 2772 3601 2827 vobis
3623 2764 3721 2826 tri—

2126 2856 2249 2912 buat
2283 2856 2537 2924 ﬁduciam
2576 2874 2742 2929 super
2762 2858 2990 2914 Damino
3020 2862 3151 2916 Deo.
3185 2863 3534 2936 Rursumque
3583 2857 3721 2935 adii;

2126 2946 2277 3000 ciens
2330 2946 2833 3014 comminationem,
2883 2960 2940 3005 et
2986 2960 3274 3018 terrorem,
3313 2962 3376 3007 ut
3415 2952 3574 3024 (vers.
3623 2955 3718 3028 27)

2125 3038 2419 3102 comedant,
2450 3038 2644 3108 inquit,
2678 3050 2908 3095 stercora
2941 3059 3059 3106 sua,
3091 3053 3139 3097 et
3171 3044 3348 3100 bibant
3379 3046 3596 3100 urinam
3627 3063 3721 3117 po-

2126 3129 2320 3185 cudum
2368 3147 2586 3185 suorum
2611 3142 2636 3168 ιι
2667 3133 2952 3189 vobiscum.
3002 3123 3107 3189 Per
3143 3150 3264 3204 quae
3302 3137 3544 3191 ostendit
3571 3135 3720 3194 fame

2050 3203 2094 3264 C
2125 3234 2239 3284 eos,
2285 3228 2340 3274 et
2373 3221 2622 3290 penuria,
2676 3222 2873 3290 sitique
2914 3237 3033 3278 esse
3079 3203 3392 3294 capiendos,
3443 3226 3720 3297 simulque

2123 3310 2409 3367 illecebras
2446 3305 2624 3383 jungit
2663 3311 2962 3379 formidini,
3003 3324 3062 3368 ut
3101 3330 3239 3385 quos
3270 3319 3718 3373 terrorenonvi-

2122 3409 2294 3465 cerat,
2345 3403 2859 3472 repromissionibus
2893 3412 2948 3459 et
2990 3407 3342 3474 persuasione
3370 3408 3613 3479 decipiat
3633 3409 3718 3463 di-

2121 3508 2289 3548 cens:
2322 3492 2477 3562 (vers.
2506 3493 2595 3566 51)
2642 3493 2823 3550 Facite
2861 3513 3063 3550 mecum
3110 3499 3249 3568 quod
3281 3509 3356 3555 est
3390 3500 3537 3555 utile.
3563 3502 3716 3573 Ergo

2121 3598 2315 3638 sensus
2342 3592 2423 3638 est
2453 3603 2464 3637 :
2495 3584 2681 3639 Facite
2705 3586 2924 3659 (inquit)
2970 3591 3114 3658 quod
3159 3592 3312 3648 vobis
3341 3594 3535 3662 prosit,
3570 3603 3631 3648 et
3656 3597 3715 3650 in

2122 3673 2558 3730 benedictionem
2609 3677 2857 3745 proﬁciat
2898 3688 3155 3735 vestram.
3208 3681 3333 3738 Sive
3383 3684 3486 3738 hoc
3527 3685 3710 3740 dicit:

2119 3764 2431 3820 Benedicite
2481 3767 2595 3837 regi
2630 3766 3016 3838 Assyriorum,
3067 3780 3123 3825 et
3175 3772 3392 3828 laudate
3441 3790 3566 3830 eum
3600 3795 3615 3830 ς
3652 3788 3714 3831 ut

2118 3853 2407 3909 Dominum
2459 3856 2810 3924 confitemini,
2839 3869 2897 3913 ut
2923 3862 3146 3929 praemia
3171 3866 3578 3934 consequamini
3611 3884 3625 3919 :
3655 3877 3714 3922 ot

2118 3947 2289 4002 donec
2318 3959 2562 4004 revertar
2596 3951 2663 4004 de
2710 3949 2966 4022 IEgypto,
3017 3953 3133 4008 sive
3170 3963 3324 4024 capta
3367 3954 3572 4010 Lomna
3622 3971 3713 4011 re-

2118 4037 2296 4102 deam,
2322 4039 2562 4102 habitate
2589 4040 2644 4093 in
2669 4042 2804 4101 urbe
2833 4051 3036 4108 vestra,
3067 4053 3124 4098 et
3151 4045 3312 4100 rebus
3341 4047 3533 4100 vestris
3566 4046 3713 4102 frui-

2117 4128 2246 4181 mini
2279 4147 2292 4180 :
2317 4138 2505 4198 postea
2531 4139 2711 4184 autem
2740 4151 2753 4185 :
2784 4131 2940 4204 (vers.
2980 4133 3071 4205 32)
3122 4133 3340 4190 Veniam
3366 4147 3413 4190 et
3461 4140 3707 4208 transfe~

2116 4233 2230 4270 ram
2263 4234 2347 4271 vos
2365 4219 2417 4272 in
2447 4227 2661 4287 terram,
2689 4237 2808 4291 qua:
2836 4223 3025 4277 similis
3051 4234 3124 4279 est
3149 4233 3303 4279 terra
3334 4237 3534 4281 vestrae.
3572 4227 3712 4295 Qni-

2114 4306 2237 4361 dam
2282 4319 2473 4378 putant
2525 4320 2732 4366 terram
2761 4314 2842 4368 eis
2871 4314 3057 4370 Medio:
3079 4319 3402 4385 repromitti,
3436 4335 3554 4388 qua:
3598 4322 3707 4376 ha—

2113 4399 2276 4452 bebat
2318 4410 2477 4456 terra;
2510 4401 2664 4458 Iuda
2688 4405 3117 4473 similitudinem,
3149 4417 3260 4462 tam
3291 4411 3346 4466 in
3373 4414 3497 4475 situ,
3527 4429 3707 4482 quam

2117 4487 2172 4540 in
2199 4487 2461 4557 frugibus.
2496 4501 2521 4526 ο
2551 4493 2813 4563 Quodque
2859 4496 3052 4551 infert:
3085 4496 3184 4552 Ubi
3204 4511 3278 4554 est
3307 4501 3445 4556 Deus
3479 4502 3704 4570 Emistin,

2114 4586 2161 4666 et
2191 4577 2427 4646 Arphad,
2473 4590 2521 4634 et
2568 4581 2933 4653 Sepharvaim,
2986 4585 3124 4653 Ana,
3166 4600 3214 4643 et
3249 4590 3400 4645 Aea?
3437 4592 3706 4666 Nunquid

2113 4665 2461 4723 liberaverunt
2492 4670 2792 4727 Samariam
2833 4675 2898 4729 de
2942 4693 3102 4730 manu
3130 4682 3286 4735 mea?
3327 4665 3706 4742 Ostenditrha-

2112 4773 2232 4809 rum
2279 4759 2520 4814 omnium
2567 4761 2870 4831 civitatum,
2916 4767 3030 4821 sive
3065 4771 3303 4839 gentium
3332 4775 3435 4830 diis
3461 4779 3706 4837 servisse

2114 4847 2436 4914 Samaritas,
2482 4860 2538 4905 et
2577 4853 2703 4922 quia
2743 4869 2849 4909 non
2872 4866 3029 4911 erant
3050 4859 3151 4930 dii,
3179 4862 3273 4916 sed
3306 4863 3467 4930 idola,
3497 4871 3702 4926 merito

2113 4940 2350 4995 cultores
2381 4943 2662 5012 vanitatis,
2694 4954 2753 5000 ut
2779 4946 3004 5003 decebat
3031 4929 3155 5005 esse
3178 4963 3205 5001 Ρ
3229 4929 3555 5013 submersos.
3594 4961 3700 5018 Est

2114 5039 2294 5084 autem
2341 5032 2535 5086 Ematb
2553 5034 2683 5092 urbs
2708 5034 3038 5104 leesyriae,
3070 5056 3190 5110 qua:
3213 5059 3355 5100 nunc
3389 5046 3696 5116 Epiphania

2191 5188 2207 5259 ξ
2235 5189 2316 5259 An
2343 5206 2519 5259 speras
2546 5191 2597 5245 in
2622 5192 2827 5258 baculo,
2859 5203 2966 5250 etc.

2187 5255 2200 5332 ξ
2242 5255 2407 5332 Quasi
2435 5261 2701 5332 equitandi
2729 5255 2924 5332 ignavi.

2556 5328 2811 5399 Nunquid
2851 5336 2963 5389 sine
3008 5335 3220 5390 Domini
3255 5339 3533 5406 voluntate,
3572 5351 3688 5401 etc.

2288 5411 2393 5451 ers.
2425 5411 2513 5452 26.

2186 5478 2222 5505 ω
2257 5468 2391 5521 Vers
2417 5469 2503 5523 15.

2185 5546 2211 5574 ιι
2238 5537 2461 5606 Vulgata
2494 5538 2657 5606 legit:
2689 5539 2909 5595 Urinam
2935 5560 3106 5599 suam.

2187 5614 2211 5639 ο
2245 5605 2814 5682 113ς“ι.ριιμε]ᾆθι)εῃυε
2843 5631 2855 5665 :
2886 5615 3264 5682 subsequentia

2111 5685 2302 5752 quiest.
2328 5677 2417 5752 ξιι,
2450 5679 2502 5731 in
2532 5679 2697 5735 libros
2726 5681 2950 5752 Regum.
2983 5693 3036 5737 et
3066 5677 3256 5740 rursus

2186 5755 2211 5794 Ρ
2241 5743 2544 5802 Subversos.

3345 5619 3510 5673 raebet
3536 5619 3688 5677 Beda

3335 5687 3557 5746 abantis.
