3906 6330
156 395 267 452 789

811 396 1271 464 QUJESTIONES
1311 396 1456 451 XXX
1493 394 1719 451 SUPER
1758 391 2002 448 LIBROS
2045 392 2306 448 ιικοωι.
2350 422 2417 433 —-
2455 393 2657 447 LIBER
2698 392 2776 450 IV.

3317 398 3418 452 7510

155 510 364 565 dicitur
393 526 403 559 ;
428 506 581 575 juxta
612 518 636 545 ι
663 506 916 573 Emesan,
940 517 1002 563 ut
1042 524 1205 578 supra
1233 508 1561 564 monuimus.
1589 506 1616 547 ιι
1642 506 1743 560 Ar—
1772 508 1821 565 Α
1846 523 1962 560 eum
1992 508 2206 576 spiritus
2254 508 2480 571 consilii,
2526 518 2573 561 et
2621 508 2942 573 fortitudinis
2962 549 2975 573 ,
3023 525 3142 577 qua:
3192 519 3418 582 utraque

156 599 295 668 pltat
327 598 459 651 urbs
492 595 759 661 Damasci,
787 612 949 666 quam
981 608 1346 669 expugnatam
1373 614 1403 653 a
1431 613 1557 669 rege
1582 598 1737 668 ASsy-

154 690 371 744 riorum
410 689 573 744 etiam
625 688 925 743 Hieremias
962 689 1187 744 scribit:
1219 688 1393 761 (Hier.
1421 688 1478 753 4,
1508 688 1598 760 47)
1648 686 1744 743 Se-

152 777 469 849 pbarvaim,
520 779 662 849 quod
708 794 932 834 numero
965 780 1160 849 plurali
1208 780 1388 845 libros,
1414 779 1498 834 vel
1543 778 1743 833 litteras

155 879 343 935 sonat,
392 886 583 927 nomen
612 879 697 926 est
720 870 981 938 locorum,
1024 873 1092 927 de
1115 873 1313 943 quibus
1334 871 1543 943 Assyrii
1570 881 1745 927 trans-

156 962 465 1033 tnigrantcs
511 962 893 1017 habitaverunt
936 963 990 1016 in
1040 963 1306 1029 Samaria,
1342 965 1477 1019 utin
1505 964 1744 1019 locorum

154 1050 315 1107 libris
358 1052 678 1106 invenimus.
718 1052 914 1107 Verum
950 1053 1003 1107 in
1042 1052 1180 1108 Isaia
1212 1054 1315 1109 hoc
1344 1070 1557 1125 quoque
1586 1069 1745 1108 voca-

154 1140 347 1196 bulum
389 1159 509 1197 essc
555 1144 791 1198 civitatis
838 1155 1081 1215 apparet,
1133 1146 1221 1201 ubi
1275 1157 1460 1217 aperte
1495 1148 1740 1202 dicitur:

152 1230 319 1303 (Isai.
345 1234 434 1297 36,
470 1235 553 1301 I‘J)
606 1232 706 1289 Ubi
741 1245 816 1290 est
860 1236 1003 1291 Deus
1051 1238 1193 1291 urbis
1238 1237 1618 1309 Seplmrvaim?
1669 1248 1745 1292 ta-

152 1326 321 1380 metsi
369 1327 652 1397 pluraliter
677 1329 901 1395 dictum,
933 1340 992 1384 ut
1020 1330 1346 1394 Thebarum,
1380 1331 1739 1385 Athenarum.

151 1410 263 1469 Pro
291 1415 428 1482 Ana,
464 1427 518 1471 et
541 1418 654 1473 Ava
685 1427 840 1475 vetus
868 1420 1034 1475 editio
1068 1421 1222 1489 quasi
1264 1421 1425 1475 unius
1455 1420 1603 1475 urbis
1645 1436 1744 1475 uo-

151 1520 282 1560 men
316 1518 337 1545 ε
368 1507 508 1571 Ana,
534 1516 589 1563 et
616 1508 729 1563 Ava
760 1510 957 1579 posuit.
993 1510 1060 1564 Et
1087 1511 1306 1581 quidem
1334 1512 1385 1564 in
1414 1508 1640 1565 Ileln'mo
1672 1512 1745 1564 ita

152 1597 418 1667 scriptum
462 1607 582 1654 est:
609 1615 799 1654 verum
845 1601 970 1671 quia
1018 1600 1225 1673 syllaba
1254 1619 1308 1667 u,
1337 1618 1457 1673 qua:
1486 1602 1537 1655 in
1570 1602 1746 1656 medio

156 1688 394 1743 nominis
432 1691 608 1759 posita
645 1699 747 1757 est,
785 1689 1220 1760 eonjunetinnem
1251 1694 1392 1762 apud
1422 1710 1516 1747 eos
1544 1693 1745 1761 signiti-

150 1785 263 1841 cat,
277 1785 457 1846 potest
474 1779 637 1833 etiam
660 1781 734 1834 ita
757 1780 1009 1852 distingui
1029 1790 1090 1836 ut
1113 1782 1365 1838 dicantur
1379 1783 1493 1838 Anc
1510 1795 1563 1838 et
1576 1782 1650 1838 Ga
1660 1799 1741 1847 ve,

1845 595 1947 650 sibi
1984 596 2491 665 necessariojuncta
2531 608 2674 663 sunt,
2714 600 2841 669 quia
2879 616 3052 669 neque
3094 602 3268 657 virtus
3302 605 3419 661 sino

1844 688 2069 743 consilio
2108 703 2227 743 esse
2274 690 2419 743 utilis
2471 689 2635 754 valet,
2664 705 2835 760 neque
2862 691 3143 746 consilium
3173 693 3289 749 sine
3317 695 3420 749 vir-

1848 788 1977 833 tute.
2004 777 2143 847 Quid
2170 780 2333 850 igitur
2356 791 2580 851 prosunt
2614 782 2705 850 qui
2745 795 2840 850 per
2882 780 3170 837 consilium
3206 798 3418 853 praepa-

1848 880 2057 936 rantur,
2106 871 2232 925 dum
2270 872 2335 925 ad
2371 872 2612 941 praelium
2638 886 2734 942 per
2764 870 3132 927 fortitudinem
3160 889 3266 928 non
3297 889 3420 944 pro-

1844 964 2076 1018 cedunt?
2100 963 2341 1018 Alllictus
2370 980 2518 1035 ergo,
2547 974 2708 1035 atque
2736 964 2981 1019 turbatus
3023 965 3283 1021 Ezechias
3326 980 3419 1022 res

1846 1055 2087 1124 loquitur
2139 1056 2363 1111 dicens:
2395 1056 2517 1109 Dies
2573 1055 2946 1120 tribulationis,
2986 1064 3034 1110 et
3082 1055 3417 1127 blasphemia

1845 1150 1953 1203 dies
1997 1149 2113 1209 iste,
2166 1157 2413 1201 venerunt
2453 1146 2553 1215 ﬁlii
2599 1163 2758 1217 usque
2805 1147 2874 1200 ad
2913 1156 3145 1217 partum,
3196 1156 3242 1200 et
3288 1146 3419 1200 uires

1847 1257 1947 1293 non
1989 1239 2139 1293 habet
2182 1238 2503 1306 parturiens.
2535 1237 2656 1291 Filii
2689 1237 2887 1307 quippe
2919 1253 3088 1307 usque
3113 1238 3177 1292 ad
3206 1246 3418 1308 partum
3492 1242 3497 1251 ‘

1846 1331 2084 1394 veniunt,
2124 1328 2340 1398 quando
2371 1338 2495 1397 apta
2527 1327 2751 1383 consilia
2785 1342 2956 1396 usque
2984 1328 3053 1383 ad
3092 1328 3419 1384 desiderium

1845 1418 2107 1474 ciliciendi
2144 1420 2325 1488 operis
2361 1420 2676 1489 procedunt,
2724 1420 2817 1473 sed
2867 1402 3121 1473 virtutem
3170 1434 3279 1475 ncn
3330 1418 3416 1471 ha-

1846 1512 1937 1566 bet
1976 1510 2302 1578 parturiens,
2333 1509 2456 1579 quia
2496 1511 2621 1563 dum
2666 1508 2909 1564 infirmus
2936 1508 3163 1578 quisque
3187 1507 3417 1577 concipit

1844 1599 2092 1660 consilia,
2122 1600 2236 1653 time
2263 1600 2329 1654 ad
2361 1599 2648 1653 utilitatem
2672 1598 2904 1669 aliquam
2934 1615 3031 1670 per
3056 1607 3270 1670 partum
3293 1614 3421 1668 ope-

1848 1695 1922 1748 ris
1948 1709 2053 1746 non
2078 1693 2345 1763 producit.
2376 1713 2392 1744 ι
2430 1692 2687 1762 Sequitur
2714 1710 2726 1745 :

1916 1783 2094 1856 (γεγε.
2124 1784 2200 1856 ι.)
2232 1784 2291 1839 Si
2319 1784 2452 1853 forte
2476 1784 2659 1837 audiat
2697 1784 2950 1838 Dominus
2977 1783 3119 1838 Deus
3148 1792 3268 1837 tuus
3300 1784 3407 1837 uni-

148 1873 212 1921 ut
233 1867 429 1937 Aquila
468 1872 760 1937 transtulit,
805 1872 920 1928 sive
956 1874 1112 1928 Anna
1148 1884 1203 1929 ct
1241 1875 1413 1943 Avua,
1463 1884 1520 1930 ut
1557 1884 1739 1931 noster
1770 1860 1815 1919 Β
1845 1892 1991 1929 versa
2037 1874 2189 1929 verba
2232 1874 2505 1940 Rabsucis,
2558 1891 2708 1945 quem
2758 1874 2900 1928 misit
2950 1890 3040 1929 rex
3080 1874 3417 1944 Assyriorum

146 1961 317 2015 vertit
348 1962 634 2032 interpres.
658 1983 676 2016 ι

223 2051 404 2123 (Vers.
435 2052 549 2125 56.)
591 2054 876 2129 Tacuitque
918 2059 1086 2112 omnis
1124 2057 1369 2129 papulas,
1421 2068 1469 2111 et
1510 2074 1613 2112 non
1661 2073 1741 2111 re-

142 2144 362 2215 spondit
384 2144 432 2198 ei
452 2145 758 2216 quidquam.
796 2145 1066 2214 Siquidem
1094 2160 1406 2219 prteceptmn
1430 2152 1563 2220 regis
1588 2167 1738 2205 acce-

136 2248 357 2309 perant,
384 2250 564 2293 utnon
593 2242 981 2312 responderent.
1008 2242 1034 2283 ά
1065 2262 1082 2293 ι
1115 2244 1253 2297 \‘erc
1275 2242 1455 2311 justus
1478 2245 1739 2304 Ezechias

145 2328 349 2400 agebat
388 2339 585 2384 cuncta
618 2329 865 2396 fideliter,
900 2340 956 2387 et
984 2333 1235 2389 universa
1284 2350 1407 2389 cum
1462 2336 1691 2392 consilio
1720 2358 1733 2393 :

139 2417 273 2477 ideo
312 2422 455 2477 enim
496 2422 738 2491 jusserat
780 2423 1172 2495 blasphemanti
1216 2426 1442 2499 Assyrio
1487 2443 1596 2484 non
1651 2444 1737 2485 re-

141 2514 446 2583 spondere.
481 2530 549 2568 ne
577 2530 699 2570 eum
733 2514 800 2569 ad
829 2515 1063 2584 majores
1088 2516 1453 2588 blasphemias
1474 2534 1737 2589 provoca-

142 2613 252 2661 ret.
286 2626 301 2659 t

218 2694 398 2767 (Vers.
422 2698 539 2769 57.)
556 2698 622 2753 Et
645 2701 906 2770 ingressus
924 2712 995 2756 est
1017 2700 1333 2770 Heliae/tim,
1357 2715 1403 2759 et
1418 2716 1589 2760 crater:
1612 2724 1728 2761 cum

137 2801 206 2841 eo
231 2787 303 2840 ad
337 2787 618 2843 Ezechiam
663 2792 839 2845 scissis
882 2792 1124 2846 restibus.
1180 2794 1515 2864 «Perspicua
1571 2796 1733 2851 relin-

138 2885 393 2945 quentes,
428 2894 491 2933 ea
536 2887 765 2945 tantum,
816 2881 870 2936 in
922 2882 1118 2950 quibus
1163 2882 1337 2937 latens
1386 2898 1579 2939 sensus
1622 2895 1728 2950 est,

136 2968 499 3027 disseramus.
544 2972 755 3029 Scindit
796 2983 997 3041 vestes,
1044 2976 1169 3046 quia
1213 2977 1495 3034 Rabsacen
1546 2981 1731 3034 audie-

136 3069 269 3114 rant
316 3061 797 3131 blaspbemantem.
845 3065 998 3136 (Cap.
1049 3067 1135 3131 I9,
1168 3066 1219 3131 I)
1273 3068 1481 3125 Sciudit
1521 3082 1574 3125 ct
1616 3074 1729 3143 ipse

136 3162 241 3202 rex
286 3150 607 3207 vestimenta
653 3169 772 3219 sua,
822 3156 951 3225 quia
998 3167 1348 3225 peceatorqu
1400 3174 1641 3225 suorum,
1674 3169 1729 3216 et

133 3238 323 3306 populi
352 3253 475 3295 esse
496 3242 768 3308 credebat,
799 3249 941 3313 quod
964 3246 1238 3302 Rabsaees
1264 3264 1433 3319 usque
1454 3250 1519 3303 ad
1543 3260 1730 3319 portas

137 3326 485 3386 Hierusalem
529 3335 773 3396 venerit,
827 3343 882 3390 et
926 3345 1116 3391 contra
1156 3336 1443 3393 Dominum
1492 3341 1618 3396 talia
1661 3344 1732 3398 sit

137 3417 377 3472 locutus.
416 3418 522 3475 Pro
555 3422 704 3492 regio
751 3437 880 3495 ergo
922 3424 1066 3479 cultu
1111 3426 1401 3483 obvolutus
1434 3438 1515 3483 est
1547 3446 1728 3497 sacco,

135 3510 285 3564 etde
305 3509 503 3579 palatio
522 3512 589 3565 ad
614 3514 867 3583 templum
891 3515 1163 3586 gradiens,
1198 3516 1494 3571 lleliacltitn
1517 3520 1732 3588 pontifi-

132 3614 286 3665 cem,
314 3610 369 3656 et
402 3613 423 3641 ο
458 3602 693 3659 Sobnam
727 3607 984 3673 scribam;
1018 3618 1073 3663 et
1101 3608 1256 3680 (vers.
1286 3609 1344 3675 2)
1393 3612 1638 3667 seniores
1665 3614 1731 3667 de

140 3693 533 3750 Sacerdotibus
581 3698 730 3753 misit
756 3700 824 3754 ad
854 3699 1045 3756 Isaiam
1100 3702 1267 3757 lilium
1305 3704 1471 3759 Amos
1500 3705 1732 3776 Prophe

140 3795 276 3837 tam.
306 3783 364 3837 In
394 3801 499 3854 quo
526 3788 668 3859 regis
702 3790 1093 3847 consideranda
1123 3801 1209 3848 est
1236 3794 1514 3849 humilitas
1567 3806 1730 3867 atque

135 3877 451 3944 prudentia.
492 3878 611 3948 Ipse
656 3883 830 3949 pergit
855 3884 921 3936 ad
970 3884 1265 3953 templum,
1313 3887 1585 3957 principes
1635 3904 1731 3959 po-

138 3967 279 4037 puli,
308 3977 364 4022 et
392 3985 551 4025 senes
576 3975 919 4028 sacerdotum
948 3991 1053 4030 non
1082 3978 1237 4032 stolis
1268 3977 1727 4046 Sacerdotalibus,

138 4063 241 4118 sed
292 4062 485 4118 ciliciis
535 4075 820 4135 coopertos
868 4068 1037 4123 mittit
1072 4070 1140 4125 ad
1178 4070 1372 4125 Isaiam
1406 4071 1728 4143 Prophetam

139 4151 317 4206 filium
348 4152 534 4208 Amos.

212 4242 399 4316 (Vers.
424 4245 502 4316 5.)
525 4245 804 4313 Dixerunt,
824 4248 1019 4317 inquit,
1050 4250 1119 4302 ad
1140 4266 1255 4303 eum
1273 4264 1291 4301 .'
1313 4252 1424 4303 ha’c
1444 4251 1566 4305 dicit
1596 4251 1731 4305 Eze-

137 4335 321 4389 chias.
355 4334 481 4390 Dies
531 4338 907 4403 tribulationis,
947 4348 997 4392 et
1035 4340 1395 4409 correptionis,
1417 4350 1465 4393 et
1494 4340 1730 4410 blasphe-

137 4426 264 4480 mia:
286 4425 399 4480 dies
424 4428 555 4481 Iiwc.
577 4428 963 4483 Tribulatiouis
984 4438 1205 4495 nostrae,
1231 4432 1589 4501 correptionis
1609 4429 1725 4497 Dei,

1844 1965 2100 2020 Dominus
2123 1982 2266 2019 suus.
2290 1964 2403 2020 Non
2427 1966 2570 2020 cnim
2591 1966 2849 2022 audemus
2870 1965 3151 2021 Dominum
3173 1967 3417 2021 omnium

1843 2064 2087 2111 nostrum
2136 2056 2422 2109 Dominum
2463 2056 2662 2119 dicere,
2696 2072 2804 2126 quo
2834 2058 3105 2113 irascente
3140 2063 3287 2111 tanta
3323 2072 3421 2127 pa-

1845 2148 2010 2201 timur
2038 2166 2049 2201 :
2080 2148 2174 2203 sed
2206 2158 2351 2201 tuum
2398 2148 2632 2203 dicimus
2662 2149 2971 2214 Dominum,
3014 2158 3069 2202 et
3097 2149 3235 2203 hanc
3256 2149 3417 2203 habe-

1842 2252 1961 2292 mus
2002 2236 2220 2292 ultionis
2263 2236 2513 2291 tlduciam
2561 2256 2574 2291 :
2619 2238 2870 2307 quoniam
2907 2240 3092 2294 vivens
3127 2239 3267 2295 Deus
3304 2238 3417 2293 bla-

1840 2327 2158 2397 sphematur
2184 2343 2212 2381 a
2241 2328 2448 2382 cultore
2480 2328 2746 2383 idolorum
2777 2336 3130 2383 mortuorum.

1908 2419 2150 2489 Cumque
2191 2421 2467 2475 venissent
2499 2420 2641 2475 servi
2668 2421 2811 2492 regis
2832 2420 3077 2475 Ezechiae
3102 2420 3167 2474 ad
3199 2419 3415 2484 Isaiam,

1839 2512 2099 2582 pratvcnit
2146 2527 2241 2567 cos
2284 2512 2489 2567 Isaias:
2519 2512 2706 2567 eodem
2738 2511 2883 2565 enim
2920 2510 3135 2579 spiritu,
3190 2525 3297 2579 quo
3336 2509 3418 2564 fn-

1842 2614 1963 2661 tura
2011 2607 2287 2669 noscebat,
2338 2606 2501 2661 etiam
2541 2605 2821 2659 absentem
2852 2618 3033 2674 regem
3065 2602 3329 2667 audierat,
3363 2614 3417 2657 et

1841 2697 1973 2752 dicit
2001 2697 2127 2765 quid
2159 2697 2487 2765 respondere
2527 2694 2787 2750 deberent
2822 2694 3040 2748 donnno
3075 2708 3172 2748 suo
3203 2693 3417 2748 humili-

1840 2797 1948 2843 tate
1974 2790 2142 2843 mixta
2177 2788 2373 2843 fiducia
2415 2788 2781 2842 conscientiae.
2830 2786 3017 2852 Dicite,
3064 2787 3257 2857 inquit,
3310 2786 3417 2842 Do-

1833 2882 1975 2933 mino
2019 2889 2201 2941 vestio,
2254 2879 2344 2948 qui
2376 2888 2557 2934 vester
2590 2887 2673 2933 est
2706 2878 2964 2933 Dominus
2994 2894 3147 2934 meus
3172 2895 3185 2931 :
3215 2880 3415 2933 etenim

1835 2966 1964 3022 [hec
1996 2968 2121 3021 dicit
2168 2967 2422 3021 Dominus
2447 2985 2465 3021 :
2495 2966 2647 3037 (vers.
2679 2966 2731 3031 6,
2766 2967 2819 3037 7)
2867 2966 2995 3021 Noli
3026 2968 3207 3021 timere
3226 2968 3412 3033 verba,

1833 3057 2029 3125 quibus
2050 3071 2155 3110 non
2186 3064 2261 3119 tu,
2290 3056 2384 3110 sed
2406 3071 2508 3126 ego
2536 3072 2653 3111 sum
2685 3056 3087 3126 blasphematur
3118 3075 3129 3110 :
3163 3056 3299 3111 Ecce
3322 3074 3415 3128 ego

1834 3149 2112 3201 immittam
2142 3148 2189 3201 ei
2217 3147 2478 3217 spiritum,
2520 3157 2568 3201 et
2599 3147 2774 3201 audiet
2814 3148 3075 3213 nuntium,
3115 3158 3162 3202 et
3194 3156 3412 3202 rct'erte-

1836 3248 1924 3291 tur
1950 3238 2003 3290 in
2030 3246 2224 3290 terram
2250 3254 2422 3302 suam,
2471 3247 2517 3291 et
2564 3237 2808 3307 dejiciam
2839 3252 2956 3291 eum
2985 3235 3161 3307 gladio
3186 3238 3240 3291 in
3274 3245 3414 3291 terra

1835 3346 1955 3383 sua.
1994 3329 2063 3383 Ut
2093 3330 2202 3383 duo
2237 3330 2449 3400 pariter
2489 3330 2766 3395 Ezechias,
2811 3346 2930 3399 qua:
2972 3331 3213 3402 optabat,
3260 3332 3411 3386 audi-

1834 3430 1950 3485 ret;
1976 3436 2034 3475 se
2066 3420 2131 3475 de
2154 3422 2452 3485 obsidione,
2480 3418 2794 3493 etpericulo
2822 3421 3157 3477 liberandum
3191 3442 3203 3476 :
3233 3432 3289 3477 et
3312 3424 3412 3478 ini-

1835 3512 2053 3575 micum,
2089 3511 2391 3581 iratumqne
2421 3528 2601 3583 regem
2641 3513 2693 3567 in
2735 3529 2830 3568 sua
2867 3521 3010 3567 terra
3037 3528 3158 3569 esse
3184 3514 3410 3569 moritu-

1837 3615 1953 3652 rum
1962 3639 1974 3653 .

1906 3689 2066 3761 (l’ers
2117 3690 2196 3763 8.)
2238 3690 2490 3745 Reuersus
2519 3702 2593 3745 est
2624 3703 2797 3745 autem
2830 3690 3107 3755 Rabsaces,
3143 3700 3190 3745 et
3219 3691 3409 3746 int-cuit

1835 3798 2004 3853 regem
2060 3782 2400 3852 Assyriorum
2447 3790 2830 3851 expugnantem
2878 3781 2906 3820 δ
2952 3780 3195 3843 Lomua,
3246 3781 3405 3835 etc.i

1839 3892 1857 3924 ι
1888 3874 2164 3944 Pugnasse
2202 3880 2383 3927 autem
2417 3870 2791 3927 Sennacberib
2838 3885 3018 3942 regem
3063 3872 3409 3942 Assyriorum

1833 3976 2027 4019 contra
2083 3964 2389 4035 IEgyptios,
2439 3972 2495 4016 et
2545 3962 2821 4018 obsedisse
2870 3961 3165 4026 Pelusium,
3190 3961 3412 4031 jamque

1832 4058 2102 4113 extructis
2122 4056 2407 4127 aggeribus
2429 4057 2561 4110 urbe
2588 4055 2870 4125 capienda,
2901 4055 3114 4108 venisse
3142 4054 3409 4109 Thracam

1834 4163 2014 4219 regem
2046 4146 2364 4216 EtbiOpum
2411 4146 2466 4199 in
2510 4144 2768 4198 auxilium
2801 4163 2812 4196 :
2844 4152 2899 4198 et
2930 4158 3037 4197 una
3070 4153 3226 4198 nocte
3254 4142 3408 4210 juxta

1832 4238 2168 4294 Hierusalem
2195 4245 2412 4291 centum
2446 4235 2719 4305 octoginta
2750 4234 2987 4303 quinque
3012 4232 3178 4287 millia
3202 4234 3411 4287 excrci-

1832 4338 1919 4387 tus
1940 4331 2171 4401 Assyrii,
2199 4328 2506 4399 pestilentia
2533 4328 2835 4393 corruisse;
2872 4335 3056 4381 narrat
3082 4326 3404 4388 Herodotus,

1834 4423 1847 4475 i
1902 4432 1960 4480 et
2004 4423 2317 4494 plenissime
2352 4422 2375 4460 ¹ί
2406 4421 2636 4475 Berosus
2695 4418 2998 4473 Chaldaica:
3044 4418 3278 4487 scriptor
3324 4416 3406 4471 IlI-

137 4520 493 4590 blaspbemia:
527 4520 784 4585 hostium,
822 4522 1080 4592 ponitque
1108 4522 1515 4578 similitudinem
1544 4534 1728 4593 partu-
1753 4546 1807 4608 Β
1833 4515 2035 4572 similli-

138 4611 332 4667 rientis
367 4611 633 4678 mulieris,
681 4620 736 4667 et
760 4611 1017 4677 dolentis,
1049 4614 1191 4683 quod
1222 4614 1472 4669 venerint
1505 4614 1600 4669 lilii
1632 4632 1724 4671 us-

132 4715 244 4770 que
290 4700 358 4754 ad
398 4709 635 4770 partum,
692 4709 749 4755 et
801 4701 943 4756 vires
997 4717 1103 4757 non
1160 4701 1323 4756 habet
1365 4703 1720 4771 parturiendi.

142 4792 155 4828 ¹
202 4808 222 4842 ι
249 4788 376 4843 Haec
391 4787 545 4856 juxta
572 4788 807 4843 litteram
831 4790 1071 4859 peccatis
1102 4789 1425 4845 facientibus
1458 4790 1721 4857 videmus,

132 4883 264 4953 quia
314 4896 439 4936 cum
486 4882 669 4936 hostes
715 4881 949 4946 irruunt,
986 4881 1299 4937 defensores
1326 4885 1351 4923 ⁸
1383 4882 1555 4937 nostri
1588 4898 1724 4951 pne-

134 4982 428 5046 parantur,
457 4973 549 5030 sed
574 4974 879 5039 nullatenus
902 4975 968 5028 ad
994 4984 1295 5043 praeparata
1318 4974 1719 5029 convalescunt.

135 5068 416 5138 Scriptum
444 5082 676 5138 namque
697 5074 784 5121 est
810 5081 824 5120 :
856 5065 1011 5137 (Isai.
1041 5067 1126 5130 ll,
1154 5066 1209 5136 2)
1240 5066 1541 5134 Requiescet
1567 5083 1722 5137 super

212 5239 239 5267 ι
270 5225 563 5279 Aemesant.

211 5296 241 5336 ι»
276 5293 513 5364 Arpltad.

217 5376 242 5407 ο
276 5365 611 5433 Aneumgaea

208 5436 239 5478 ἀ
275 5427 553 5497 Babantis,
607 5440 661 5487 et
707 5431 1087 5500 subsequentia
1144 5430 1311 5487 tradit
1364 5428 1430 5485 ad
1485 5427 1724 5484 litteram

140 5508 277 5564 fere.

217 5591 241 5618 ο
279 5573 530 5630 Soboam.

220 5647 237 5684 τ
278 5644 554 5698 Hactenus
606 5642 860 5697 Rabanus
910 5658 922 5692 :
974 5640 1357 5709 subsequentia
1404 5656 1433 5692 a
1486 5638 1721 5709 Paterio,

139 5718 423 5785 tdeoquca
453 5712 718 5784 Gregorio
760 5712 948 5785 .‘slagno
992 5708 1272 5785 desumpta
1317 5718 1479 5785 sunt:
1507 5708 1599 5785 sed
1647 5709 1723 5762 lo-

139 5800 266 5843 cum
288 5779 757 5855 Cregoriifquem
795 5779 1008 5853 allegat,
1038 5782 1282 5837 I'aterius
1306 5795 1410 5837 non
1446 5779 1662 5834 indicat.

1904 4604 2082 4678 (Vere.
2120 4604 2201 4667 14,
2232 4603 2341 4673 I5.)
2382 4602 2568 4672 Itaque
2594 4618 2712 4654 cum
2732 4616 2885 4669 accep
2907 4607 3007 4653 sset
3038 4597 3291 4652 Ezechias
3321 4597 3407 4649 lit-

1830 4710 1967 4752 teras
1992 4697 2055 4751 de
2084 4713 2243 4749 manu
2279 4695 2603 4755 nuntiorum,
2651 4702 2697 4745 et
2722 4691 2923 4761 legisset
2951 4707 3060 4753 cas,
3091 4688 3322 4742 ascendit
3350 4690 3403 4739 in

1827 4788 2038 4841 domum
2070 4784 2299 4845 Domini,
2344 4794 2389 4837 et
2428 4782 2675 4853 expandit
2705 4799 2793 4835 eas
2826 4796 3002 4835 coram
3023 4779 3272 4842 Domino,
3296 4786 3400 4833 ere.

1828 4879 2027 4935 Contra
2055 4875 2426 4931 Sennacherib
2469 4873 2609 4943 regis
2650 4872 3031 4941 blasphemias,
3073 4870 3231 4925 solita
3273 4869 3405 4922 Eze-

1828 4972 1980 5027 cbias
2028 4984 2179 5023 arma
2224 4967 2508 5035 corripuit,
2562 4979 2882 5033 rursumque
2925 4964 3101 5034 pergit
3148 4964 3214 5017 ad
3270 4973 3405 5017 tctu—

1826 5062 1997 5133 plum,
2028 5068 2083 5115 et
2108 5056 2364 5127 epistolas
2384 5056 2503 5126 ejus
2530 5056 2789 5125 expandit
2819 5070 3001 5109 coram
3027 5054 3275 5116 Domino,
3310 5070 3404 5105 au-

1906 5218 1933 5256 δ
1960 5212 2125 5276 Edit.,
2153 5211 2326 5266 vestri.

1904 5286 1931 5325 ιι
1961 5282 2213 5337 Lobnam.
2312 5316 2315 5321 ι

1910 5368 1922 5395 ι
1956 5354 2162 5407 Rursus
2186 5349 2442 5404 Rabanus
2468 5348 2582 5417 haec
2616 5348 2727 5417 ipsa
2764 5362 2861 5399 nos
2882 5350 3065 5417 docet,
3091 5344 3182 5413 qui
3221 5353 3397 5417 tamen

1831 5426 1947 5479 haec
1994 5430 2203 5477 tantum
2249 5420 2448 5475 tradit:
2486 5413 2643 5471 Urbe'
2672 5416 2922 5485 capienda
2971 5414 3224 5485 [fortasse
3268 5413 3396 5469 Urbi

1828 5490 2145 5564 capiendae).
2186 5488 2395 5564 Venisse
2427 5483 2945 5564 Tharucam'ltegcm
2973 5483 3293 5552 Ilii/riemes
3341 5488 3397 5537 in

1828 5557 2087 5619 auitilium
2107 5557 2305 5614 'narrat
2339 5557 2655 5610 Herodotus.

1901 5632 1914 5682 ἱ
1955 5631 2067 5685 Lib.
2102 5648 2161 5693 tt,
2194 5646 2309 5698 cap.
2348 5628 2464 5681 I-II.
2499 5626 2603 5681 Sed
2630 5626 2953 5698 intermixtis
2988 5624 3201 5678 fabulis.

1900 5704 1924 5743 ιι
1955 5695 2309 5758 Destituimur
2337 5714 2556 5769 prorsus
2585 5698 2667 5752 his
2694 5695 2861 5750 libris.
