3906 6320
485 413 580 473 791

1561 417 1836 474 CLAUDII
1877 417 2341 476 TAURINENSIS
2380 418 2687 474 EPISCOPI

3667 423 3771 480 792

486 529 673 583 dacter
705 528 993 584 Dominum
1036 528 1377 597 deprecatus,
1424 539 1480 583 et
1516 530 1689 584 solum
1721 531 1891 586 Deum
1923 546 2072 606 asse-
2100 535 2149 594 Α
2177 539 2236 585 ut
2275 530 2464 595 colles,
2504 529 2577 602 (id
2606 540 2689 586 est
2717 531 3015 602 principes)
3045 532 3135 601 qui
3177 533 3324 589 inter
3345 549 3407 588 se
3436 535 3767 605 pugtiabant,

487 620 556 673 rit
586 632 709 674 esse
732 618 1027 683 viventem,
1063 634 1163 689 per
1192 634 1353 689 quem
1388 620 1527 675 idola
1563 621 1911 693 intelligimus
1939 623 2075 677 ima-

484 708 637 780 gines
664 716 1027 763 mortuorum.

536 798 701 863 ,Misit
730 798 884 863 (vers.
909 798 1005 871 20)
1036 808 1214 854 autem
1248 800 1419 857 Isaias
1435 803 1501 857 ad
1522 802 1811 860 Ezechiam
1839 803 2031 859 dicens
2059 818 2071 856 :

442 960 445 963 _
485 891 613 947 Πωε
644 892 770 947 dicit
799 893 1057 947 Dominus
1089 892 1232 947 Deus
1274 892 1483 948 Israel:
1510 894 1642 960 Qua:
1672 896 1979 969 deprecatus
2022 915 2074 953 es

481 1000 563 1037 me
594 1000 752 1055 super
778 984 1136 1039 Sennacherib
1176 1002 1291 1055 rege
1331 988 1701 1056 Assyriorum,
1734 988 1933 1043 audivi.
1965 989 2076 1043 Iste

481 1082 555 1127 est
584 1089 780 1139 sermo,
828 1091 983 1145 quem
1017 1074 1223 1129 locutus
1269 1086 1345 1130 est
1386 1075 1645 1131 Dominus
1668 1078 1731 1131 de
1759 1091 1860 1134 eo:
1883 1080 2073 1150 sprevit

482 1175 551 1229 te,
602 1173 650 1218 et
691 1165 1030 1220 subsaanavit
1074 1177 1143 1232 te,
1188 1169 1331 1238 virgo
1372 1167 1488 1237 ﬁlia
1532 1167 1702 1224 Sion:
1727 1180 1841 1240 post
1872 1180 2072 1241 tergum

483 1270 630 1311 tuum
678 1268 834 1329 caput
880 1261 1060 1323 movit,
1103 1258 1217 1328 ﬁlia
1267 1258 1629 1316 Hierusalem.
1666 1269 1688 1297 ³³
1736 1280 1754 1312 ‹
1784 1261 1919 1329 Quia
1962 1270 2071 1317 tam

482 1348 740 1403 audacter
781 1349 1048 1405 Ezechias
1094 1350 1382 1407 Dominum
1440 1353 1767 1423 deprecatus
1812 1362 1914 1417 est,
1969 1370 2070 1409 nec

480 1439 633 1493 misit
682 1440 750 1495 ad
799 1441 1017 1507 Isaiam;
1058 1450 1118 1497 ut
1145 1444 1301 1513 prius
1341 1444 1589 1511 miserat,
1630 1460 1736 1500 non
1783 1445 1898 1515 ipse
1943 1460 2071 1515 pro-

479 1532 639 1601 pheta
664 1534 840 1604 pergit
866 1535 933 1589 ad
957 1551 1101 1600 eum,
1132 1537 1227 1591 sed
1258 1538 1424 1591 mittit
1452 1538 1697 1604 nuntios,
1723 1539 1815 1609 qui
1839 1539 1888 1593 ei
1922 1540 2070 1594 dice-

483 1630 603 1675 rent
646 1624 872 1678 verbum
906 1625 1002 1680 Dei
1045 1641 1210 1695 super
1246 1625 1618 1683 Sennacherib
1667 1637 1856 1684 contra
1910 1644 2071 1698 quem

480 1730 660 1785 rogas,
714 1716 929 1771 Domini
964 1718 1066 1773 ista
1118 1721 1387 1775 sententia
1424 1728 1527 1776 est.
1582 1719 1741 1792 Virgo
1768 1722 1882 1791 ﬁlia
1918 1721 2068 1787 Sion,

478 1816 525 1859 et
558 1808 672 1875 ﬁlia
704 1807 1061 1877 Hierusalem,
1114 1828 1235 1882 qua:
1284 1813 1405 1867 ideo
1451 1814 1602 1885 virgo
1652 1814 1974 1885 appellatur,
2016 1824 2071 1871 et

2175 632 2229 679 et
2274 623 2523 679 civitates
2569 624 2945 679 munitissima
2996 640 3081 679 me
3135 627 3508 683 contrahente
3553 644 3768 683 manum

2177 730 2377 780 meam,
2418 726 2518 769 nec
2559 714 2776 769 solitum
2823 714 3083 769 auxilium
3114 716 3398 786 prebente
3425 718 3773 774 eradicares-

2176 814 2286 871 tur,
2314 814 2371 861 et
2398 805 2911 869 contremiscercnt,
2965 821 3029 861 ac
3070 808 3332 878 perirent,
3390 818 3445 863 et
3491 825 3773 879 compara—

2178 907 2367 953 rentur
2392 912 2498 951 non
2527 896 2701 962 olivae,
2726 904 2781 949 et
2811 897 2995 960 vineae,
3031 895 3435 967 fructuosisque
3462 901 3770 965 arboribus,

2175 992 2271 1047 sed
2298 990 2445 1056 feno,
2487 998 2541 1046 et
2569 990 2820 1061 gramini,
2858 991 3149 1060 herbisque
3179 992 3479 1055 domatum,
3516 1007 3639 1061 qua:
3667 991 3775 1045 fru-

2174 1085 2332 1153 gibus
2358 1083 2740 1154 impedimenta
2774 1091 2918 1146 sunt,
2947 1090 3003 1136 et
3033 1092 3159 1135 ante
3204 1092 3574 1147 marcescunt,
3608 1098 3771 1153 quam

2175 1175 2243 1229 ad
2284 1174 2655 1229 maturitatem
2704 1172 3039 1242 perveniant.
3091 1170 3281 1241 Itaque
3327 1172 3657 1235 sessionem,
3724 1184 3776 1228 et

2174 1278 2475 1335 egressum,
2514 1270 2570 1317 et
2601 1262 2885 1316 introitum
2930 1270 3082 1315 tuum
3112 1270 3237 1315 ante
3273 1263 3527 1332 Cognovi,
3551 1272 3605 1317 ct
3633 1264 3775 1317 insa-

2174 1355 2339 1416 niam,
2371 1368 2475 1422 qua
2505 1360 2695 1407 contra
2729 1367 2814 1405 me
2840 1353 3277 1408 debaccliaturus
3308 1370 3451 1419 eras,
3489 1356 3773 1426 prophetis

2175 1442 2596 1505 vaticinantibus
2624 1457 2746 1496 sum
2778 1443 3013 1507 locutus;
3048 1458 3146 1512 per
3176 1458 3313 1513 quos
3334 1442 3465 1497 olim
3497 1444 3772 1499 dicturum

2174 1549 2293 1589 esse
2324 1542 2375 1588 te
2405 1548 2683 1587 noveram.
2713 1533 2868 1603 (Isai.
2896 1549 3006 1597 λιν,
3042 1533 3126 1604 li)
3157 1532 3224 1587 In
3250 1531 3439 1587 caelum
3485 1534 3794 1588 ascendam.

2168 1640 2328 1692 super
2361 1622 2537 1677 sidera
2561 1622 2675 1676 caeli
2694 1640 2887 1693 ponam
2907 1623 3151 1675 thronum
3188 1639 3381 1688 meum,
3408 1640 3601 1694 eraque
3627 1624 3773 1677 simi-

2172 1713 2235 1769 lis
2265 1714 2555 1767 Altissimo.
2598 1712 2784 1782 itaque
2811 1712 2963 1767 furor
2992 1720 3137 1779 tuus,
3167 1722 3222 1769 et
3249 1715 3505 1785 superbia
3533 1723 3625 1769 tua
3658 1730 3775 1786 per-

2171 1806 2323 1861 venit
2354 1806 2406 1859 in
2451 1820 2613 1860 aures
2661 1820 2831 1872 meas;
2876 1815 2931 1861 et
2976 1822 3319 1880 nequaquam
3352 1817 3407 1862 te
3447 1807 3597 1863 ultra
3646 1825 3773 1878 por-

482 1898 607 1963 tilia,
638 1901 765 1969 quia
806 1916 871 1956 ex
903 1903 1115 1957 cunctis
1166 1900 1419 1973 gentibus
1465 1883 1755 1972 simulacra
1793 1905 2071 1960 adoranti-
2099 1883 2145 1943 Β
2175 1899 2322 1964 tabo,
2348 1908 2407 1954 ut
2436 1899 2705 1969 intelligas
2728 1900 2871 1969 quod
2898 1900 3143 1970 potuisti,
3176 1916 3287 1955 non
3314 1900 3423 1956 tuis
3448 1902 3699 1970 potuisse
3726 1912 3774 1977 te

477 1991 597 2057 bus,
631 1992 745 2047 haec
775 1992 890 2048 sola
931 2003 1222 2049 conservat
1260 1998 1571 2053 castitatem
1621 1997 1898 2069 religionis
1946 1998 2066 2064 Dei,

478 2090 533 2136 et
581 2083 744 2138 unius
798 2084 1102 2140 divinitatis
1151 2086 1376 2141 cultum.
1430 2086 1781 2143 Subsannavit
1825 2097 1877 2143 te
1913 2099 2070 2160 atque

476 2174 729 2245 despexit.
746 2175 823 2230 Et
851 2191 994 2245 quae,
1020 2193 1087 2232 ne
1111 2187 1162 2232 te
1186 2178 1254 2233 ad
1284 2177 1521 2247 majores
1550 2180 1917 2250 blasphemias
1940 2196 2071 2235 con-

476 2266 694 2331 citaret,
723 2270 971 2337 pra'senti
998 2284 1105 2323 non
1143 2271 1524 2340 respondebat.
1555 2270 1703 2336 Post,
1736 2281 1785 2326 te
1812 2271 2066 2339 abeunte,

477 2358 696 2411 movebit
748 2368 905 2429 caput
956 2376 1134 2414 suum.
1189 2360 1348 2416 Certa
1398 2362 1465 2416 de
1507 2362 1731 2427 ultione,
1779 2378 1972 2417 secura
2004 2363 2069 2418 de

478 2461 663 2516 poena,
694 2456 750 2504 ct
772 2450 888 2506 haec
915 2450 1129 2506 locutus
1181 2460 1263 2507 est
1292 2472 1304 2505 :
1332 2468 1439 2508 non
1464 2462 1655 2507 contra
1690 2468 1794 2517 me,
1826 2454 1921 2508 sed
1948 2470 2071 2509 con-

478 2548 559 2593 tra
600 2540 891 2597 Dominum
937 2546 1245 2613 snperbisti,
1298 2561 1399 2600 nec
1445 2546 1558 2615 ipse
1604 2561 1701 2614 per
1741 2556 1813 2611 te,
1848 2548 1941 2601 sed
1972 2561 2071 2616 per

476 2645 664 2687 servos
710 2641 869 2700 tuos,
920 2643 981 2688 ut
1023 2634 1199 2704 major
1249 2644 1397 2691 esset
1446 2637 1759 2707 arrogantia
1812 2637 2064 2707 blasphe-

474 2722 696 2777 tuantis.
732 2722 759 2761 ι)
787 2722 987 2779 Dixisti
1015 2726 1151 2780 enim
1176 2726 1315 2796 quod
1353 2727 1409 2779 in
1442 2726 1824 2797 quadrigarum
1855 2736 2069 2780 tuarum

476 2815 814 2869 multitudine
867 2817 1168 2871 ascenderis
1215 2819 1269 2871 in
1323 2817 1657 2873 altitudinem
1705 2818 1986 2885 montium,
2020 2827 2067 2872 et

466 2904 601 2974 juga
628 2903 817 2960 Libani
855 2907 1061 2962 excelsa
1087 2909 1393 2963 succideris.
1424 2908 1629 2965 Cedros
1674 2918 1836 2979 atque
1862 2910 2071 2965 abietes

478 2995 639 3061 illius,
662 3013 781 3066 quae
816 2999 899 3054 vel
928 3001 995 3055 de
1023 3002 1234 3057 cunctis
1284 3002 1535 3071 gentibus
1582 3003 1954 3073 metaphorice
2004 3003 2070 3059 de

481 3087 814 3158 principibus
863 3106 1053 3145 earum
1082 3092 1343 3148 debemus
1371 3094 1656 3165 accipere:
1691 3093 1772 3148 ve!
1805 3092 2068 3148 Hierusa-

476 3179 601 3245 lem,
620 3195 742 3250 qua:
766 3181 1158 3251 interpretatur
1170 3182 1434 3249 Libanus;
1458 3194 1517 3239 ut
1540 3186 1730 3241 cedros
1750 3184 1887 3253 ejus,
1907 3194 2068 3255 atque

474 3270 682 3326 abietes
726 3273 793 3327 ad
833 3283 1084 3343 potentes
1126 3292 1362 3347 quoque,
1395 3287 1451 3332 et
1478 3278 1792 3348 optimates,
1825 3277 2069 3333 altitudi-

476 3379 600 3419 nem
636 3373 770 3421 vero
799 3370 1146 3424 summitates
1191 3370 1354 3435 illius,
1388 3370 1696 3441 saltumqin
1722 3369 1956 3426 Carmeli
1985 3386 2070 3425 re—

475 3454 714 3511 feramus
738 3460 804 3513 ad
827 3459 1105 3529 templum.
1126 3448 1389 3531 Quodque
1406 3460 1598 3516 infert:
1616 3461 1729 3531 Ego
1752 3460 1887 3529 fodi,
1903 3469 1949 3514 et
1965 3460 2068 3513 bibi

475 3562 690 3617 aquam,
723 3558 771 3601 et
800 3551 1059 3605 exsiccavi
1089 3552 1300 3621 vestigio
1336 3551 1481 3623 pedis
1529 3553 1652 3616 mei,
1699 3568 1874 3606 omnes
1932 3553 2069 3606 rivos

475 3654 723 3708 aggerum
747 3656 765 3694 :
794 3639 907 3697 Hoc
936 3642 1161 3714 intelligi
1193 3651 1371 3714 potest
1396 3641 1554 3711 juxta
1576 3644 1896 3710 historiam,
1926 3644 2070 3715 quod

476 3744 575 3798 pro
620 3730 963 3788 multitudine
1002 3736 1282 3790 exercitus
1312 3737 1494 3791 omnia
1522 3734 1724 3791 ﬂuenta
1758 3736 2067 3800 siccaverit,

454 3820 535 3875 \ut
578 3831 771 3891 puteos
800 3825 903 3877 sibi
932 3824 1120 3879 fodere
1169 3827 1239 3880 sit
1281 3828 1593 3897 compulsus
1619 3841 1632 3879 :
1654 3827 1810 3896 juxta
1839 3828 2071 3883 transla-

477 3912 741 3976 tionem”
771 3915 916 3984 quod
953 3929 1145 3970 omnes
1191 3917 1451 3985 pepulos,
1506 3917 1600 3987 qui
1654 3918 1754 3972 sub
1807 3933 2069 3987 aquarum

476 4002 698 4058 nomine
752 4004 1023 4061 interdum
1076 4008 1441 4063 scribuntur;
1474 4022 1573 4062 suo
1629 4016 1870 4064 vastaret
1912 4024 2070 4065 exer-

475 4096 608 4150 citu.

552 4188 571 4260 (
586 4186 736 4243 Vers.
764 4189 879 4261 25.)
925 4209 941 4241 ε
976 4190 1233 4263 Nunquid
1276 4205 1379 4248 nan
1406 4190 1601 4249 audisti
1628 4212 1745 4267 qua:
1786 4195 1910 4249 olim
1937 4196 2072 4265 [ece-

476 4280 622 4333 rim?
649 4296 713 4335 ea:
753 4279 937 4335 diebus
978 4284 1209 4353 antiquis
1246 4301 1338 4355 ego
1368 4286 1627 4356 plasmavi
1664 4286 1818 4352 illud,
1850 4297 1897 4341 et
1933 4304 2070 4341 nunc

476 4375 681 4429 adduxi
703 4389 721 4427 :
764 4387 1018 4447 eruntque
1058 4379 1113 4431 in
1141 4377 1460 4443 columnam,
1487 4378 1699 4432 collium
1725 4380 2070 4449 pugnantium

476 4468 710 4521 civitates
738 4469 977 4522 munitm;
1007 4467 1075 4521 Et
1105 4470 1194 4539 qui
1224 4469 1403 4523 sedent
1435 4469 1488 4523 in
1515 4469 1611 4533 eis,
1640 4468 1861 4522 humiles
1883 4485 2067 4543 manu,

476 4567 927 4623 contremuerunt,
972 4568 1019 4613 et
1061 4558 1266 4629 confusi
1296 4569 1416 4614 sunt
1446 4560 1599 4629 quasi
1640 4558 1821 4629 fenum
1848 4560 1982 4629 agri,
2024 4569 2071 4612 et

476 4651 647 4705 virens
674 4646 835 4704 herba
874 4660 1151 4718 tectorum,
1178 4669 1298 4723 quae
1344 4655 1581 4722 arefacta
1625 4662 1735 4718 est,
1788 4663 2069 4723 antequam

479 4742 671 4796 veniret
702 4742 774 4796 ad
805 4744 1181 4799 maturitatem.
1227 4744 1607 4799 Habitaculum
1632 4754 1803 4810 tuum,
1831 4756 1877 4798 et
1900 4762 2070 4816 egres-

478 4846 596 4887 suvn
625 4843 795 4900 tuum,
827 4845 875 4889 et
900 4836 1173 4891 introitum
1197 4847 1366 4903 tuum,
1396 4847 1442 4891 et
1477 4839 1615 4891 viam
1645 4849 1791 4892 tuam
1821 4856 1914 4909 ego
1933 4856 2069 4909 pra:-

478 4924 621 4989 scivi,
650 4934 699 4979 et
729 4924 964 4994 furorem
1001 4937 1151 4982 tuum
1182 4938 1368 4982 contra
1399 4946 1498 4994 me,
1530 4929 1776 4983 insanisti
1806 4930 1859 4983 in
1891 4947 1989 4994 me,
2021 4939 2071 4983 et

478 5016 721 5086 superbia
745 5025 837 5070 tua
860 5020 1093 5074 ascendit
1121 5020 1177 5073 in
1209 5038 1363 5074 aures
1395 5038 1557 5075 meas.

556 5125 573 5156 ι
605 5105 731 5161 Haec
770 5122 841 5163 cx
864 5122 1097 5177 persona
1142 5110 1365 5165 Domini
1411 5119 1600 5165 contra
1647 5110 1810 5165 verba
1856 5109 2063 5180 Assyrii

478 5197 763 5253 sentienda
812 5207 958 5264 sunt,
1006 5201 1149 5269 quod
1188 5200 1254 5255 ad
1285 5201 1677 5273 blasphemiam
1710 5202 1827 5272 ejus
1864 5200 1943 5255 sic
1978 5215 2064 5254 rc-

480 5290 760 5361 sponderit
805 5292 1090 5349 Dominus.
1132 5294 1272 5349 Num
1306 5295 1548 5366 ignoras,
1596 5295 1739 5363 quod
1784 5295 1913 5359 haec,
1949 5306 2068 5363 quae

482 5382 679 5450 fecisti,
727 5401 850 5441 mea
904 5386 1104 5443 feceris
1144 5390 1443 5455 voluntate,
1488 5398 1543 5445 et
1594 5405 1693 5460 ego
1732 5391 1847 5443 lucc
1887 5388 2066 5443 futura

479 5478 848 5549 przedixerim,
881 5494 946 5535 ac
971 5496 1070 5550 per
1096 5490 1145 5536 te
1167 5480 1413 5537 facienda
1448 5480 2068 5549 mandaverimﬂtaque

478 5572 623 5640 quod
647 5571 775 5627 olim
804 5571 1169 5637 decreveram,
1226 5574 1329 5628 hoc
1370 5581 1455 5628 est
1492 5572 1761 5642 expletum
1802 5581 2064 5641 tempore,

553 5695 577 5721 ιι
612 5680 1010 5739 Subseuucntia
1044 5685 1158 5739 fere
1187 5683 1345 5739 docet
1378 5685 1542 5738 etiam
1574 5684 1848 5738 natantis.

555 5752 578 5823 'f
611 5753 766 5808 Vcrs.
793 5752 880 5807 23.
916 5758 1005 5808 seti
1038 5755 1145 5819 hic,
1182 5763 1236 5809 et
1256 5755 1513 5823 deinceps
1541 5755 1785 5810 nonnihil
1812 5754 2067 5809 ditierens

482 5838 511 5876 a
538 5822 765 5950 Vulgata
800 5824 1175 5892 interpretatio
1202 5822 1543 5896 proponitur.

559 5896 582 5933 ε
664 5895 763 5950 dit.
799 5895 1099 5950 lructuosm.
1131 5898 1223 5950 sed
1249 5911 1543 5950 pernetam.

559 5896 582 5933 ³⁵
617 5895 763 5950 ﬁdit.
799 5895 1099 5963 (ructuosa',
1131 5898 1223 5950 sed
1249 5895 1553 5967 perperam.

2172 1992 2401 2057 viribus,
2435 1991 2529 2045 sed
2558 2007 2679 2046 meo
2718 1991 2968 2046 arbitrio.
3018 1990 3362 2045 Merebantur
3404 1992 3557 2045 enim
3596 1993 3774 2061 impia:

2171 2091 2382 2153 gentes;
2434 2092 2490 2137 et
2537 2090 2565 2121 ο·
2605 2081 2959 2155 infructuosae
3004 2084 3245 2149 arbores,
3294 2092 3354 2138 ut
3402 2100 3504 2155 per
3534 2093 3589 2139 te
3619 2092 3772 2155 quasi

2172 2172 2430 2237 securim,
2481 2181 2537 2228 et
2574 2188 2781 2228 serram
2820 2168 2999 2229 meam
3048 2175 3463 2230 succiderentur
3506 2186 3566 2231 et
3613 2178 3775 2233 cade-

2173 2269 2314 2316 rent.

2244 2349 2425 2424 (Vers.
2441 2351 2557 2423 28.)
2582 2371 2598 2403 ι
2614 2350 2819 2407 Ponam
2842 2354 3020 2425 itaque
3042 2353 3297 2409 circulum
3320 2356 3374 2409 in
3399 2357 3623 2409 naribus
3645 2358 3772 2422 tuis,

2171 2454 2220 2499 et
2251 2462 2459 2499 camum
2482 2446 2537 2499 in
2565 2444 2718 2499 labiis
2742 2448 2866 2511 tuis,
2906 2456 2967 2500 ut
2995 2446 3486 2518 blasphemandum
3518 2465 3616 2503 ora
3656 2466 3775 2505 con—

2172 2536 2461 2607 stringam,
2511 2544 2566 2591 et
2595 2552 2938 2607 nequaquam
2988 2539 3133 2594 ultra
3174 2540 3307 2596 talia
3349 2540 3501 2610 loqui
3548 2543 3770 2605 audeas.

2172 2628 2494 2698 frenumque
2536 2628 2776 2698 iujiciam
2812 2630 2973 2686 labiis
3002 2632 3127 2699 tuis,
3154 2632 3299 2703 quod
3326 2642 3475 2687 tuam
3509 2632 3772 2689 ferociam

2174 2720 2379 2785 domet,
2413 2728 2467 2775 et
2499 2728 2552 2775 te
2582 2722 2805 2787 reducat
2835 2722 2891 2777 in
2914 2722 3186 2795 Assyrios.

2250 2831 2267 2863 ι
2284 2812 2397 2865 Tibi
2423 2822 2599 2867 autem
2622 2812 2896 2883 (Ezecliia)
2914 2815 3012 2868 hoc
3032 2816 3129 2869 erit
3151 2817 3380 2887 signum.
3421 2817 3658 2871 Comede
3678 2819 3771 2870 hoc

2173 2920 2311 2957 anno
2340 2919 2458 2974 qua:
2500 2905 2774 2975 repereris,
2816 2914 2863 2959 et
2906 2906 2959 2959 in
3002 2923 3141 2961 anno
3170 2907 3400 2961 secundo
3442 2925 3567 2979 quc
3593 2918 3774 2979 sponte

2175 3003 2483 3047 nascuntur.
2528 2992 2698 3047 Porro
2724 2995 2779 3048 in
2810 3011 2948 3048 anno
2978 2996 3132 3050 tertio
3167 2997 3447 3063 seminate,
3479 3008 3530 3051 et
3559 3000 3769 3052 metite:

2172 3086 2405 3157 plantate
2436 3088 2631 3152 vineas,
2665 3096 2710 3142 et
2743 3089 2994 3144 comedite
3017 3090 3247 3160 fructum
3273 3109 3479 3147 earum.

2252 3198 2268 3229 ι
2299 3179 2491 3234 Omnia
2536 3179 2652 3235 hzec
2693 3178 2963 3251 Pmpheta
2990 3196 3088 3251 per
3114 3183 3334 3238 nuntios
3374 3184 3444 3239 ad
3478 3185 3769 3241 Ezechiam

2174 3271 2435 3342 loquitur,
2462 3272 2593 3342 quid
2618 3271 2987 3328 Sennacherib
3019 3275 3239 3340 dixerit,
3269 3275 3400 3344 quid
3426 3277 3479 3330 ei
3509 3275 3771 3332 Dominus

2173 3354 2517 3434 responderit
2548 3379 2561 3418 :
2594 3381 2701 3419 non
2733 3366 2799 3419 ad
2829 3365 3005 3435 ipsum
3037 3380 3348 3421 sermonem
3380 3365 3533 3431 facit,
3569 3383 3640 3423 ne
3664 3367 3770 3423 for-

2172 3455 2314 3510 sitan
2343 3455 2549 3511 dubitet
2592 3464 2844 3521 ventura,
2895 3472 3015 3526 quae
3062 3457 3205 3511 dicta
3254 3467 3401 3513 sunt.
3453 3460 3517 3513 Et
3564 3460 3769 3515 idcirco

2158 3548 2249 3602 illi
2281 3548 2520 3603 maxime
2551 3550 2829 3620 prephetas
2854 3550 2994 3620 apud
3021 3550 3278 3620 populum
3309 3566 3630 3606 sermonum
3654 3567 3771 3607 suo-

2172 3655 2293 3693 rum
2339 3639 2611 3695 habebant
2659 3639 2843 3706 fidem,
2894 3640 3022 3709 quia
3063 3657 3171 3697 non
3199 3641 3376 3697 solum
3410 3642 3481 3697 de
3505 3640 3615 3708 his,
3653 3657 3771 3712 qua

2172 3729 2341 3784 multa
2376 3738 2499 3800 post
2534 3730 2730 3785 saecula
2778 3730 2959 3785 futura
3005 3738 3182 3796 erant,
3230 3731 3326 3787 sed
3372 3731 3542 3786 etiam
3569 3747 3695 3801 qua
3716 3733 3767 3786 in

2171 3819 2491 3883 continenti,
2536 3830 2593 3874 et
2638 3827 2761 3890 post
2809 3835 2915 3874 non
2964 3822 3168 3891 grande
3212 3822 3481 3892 temporis
3528 3822 3767 3891 Spatium

2171 3920 2355 3966 essent
2388 3910 2681 3983 implenda,
2729 3912 3128 3977 memorabant,
3176 3920 3231 3967 et
3259 3912 3405 3982 quod
3434 3913 3582 3967 intra
3619 3912 3769 3967 bien-

2172 4003 2345 4068 nium,
2374 4011 2428 4058 et
2465 4018 2561 4057 rex
2584 4003 2931 4075 Assyriorum
2955 4006 3227 4072 interiret,
3258 4013 3313 4059 et
3353 4006 3474 4060 urbi
3510 4006 3769 4061 llierusn-

2172 4095 2277 4150 1cm
2316 4095 2579 4152 securitas
2608 4097 2959 4163 redderetur;
3005 4098 3102 4151 hoc
3139 4098 3259 4163 erit,
3308 4098 3503 4167 inquit,
3552 4099 3765 4167 signant

2170 4202 2375 4251 eorum,
2415 4201 2533 4255 qua:
2576 4184 2759 4255 futura
2801 4187 3115 4257 pronuntio,
3169 4166 3468 4255 quod‘boc
3514 4201 3666 4240 anno
3707 4202 3766 4239 ea

2171 4275 2427 4331 comedas
2458 4289 2579 4344 qum
2606 4275 2873 4345 rcpereris
2905 4293 2916 4329 :
2951 4290 3093 4330 anno
3138 4285 3315 4331 autem
3360 4277 3604 4331 secundo
3647 4291 3767 4345 qua:

2172 4374 2363 4436 sponte
2392 4374 2692 4421 nascuntur
2721 4384 2732 4417 :
2762 4367 2820 4435 in
2844 4381 2988 4421 anno
3017 4372 3198 4422 autem
3230 4367 3410 4429 tertio,
3436 4366 3630 4435 fugato
3653 4365 3766 4434 jam

2172 4459 2416 4530 Assyrio,
2459 4466 2515 4514 et
2570 4458 2852 4514 obsidione
2904 4460 3106 4525 laxata,
3152 4460 3427 4539 seminate’
3454 4470 3502 4513 et
3552 4461 3767 4514 metite:

2174 4550 2407 4622 plantate
2433 4550 2628 4616 vineas,
2662 4560 2708 4606 et
2739 4551 2943 4621 fructus
2969 4568 3152 4606 earum
3175 4552 3444 4606 comedite.
3479 4550 3765 4621 Siquidem

2174 4643 2199 4682 δ
2232 4643 2381 4699 urbis
2413 4642 2578 4713 hujus
2604 4644 2866 4715 reliquiae,
2902 4660 3022 4715 quae
3068 4661 3210 4700 nunc
3259 4645 3439 4700 hostili
3484 4644 3768 4700 vallantur

2175 4734 2439 4799 exercitu,
2471 4743 2527 4790 et
2550 4749 2811 4791 evasuras
2841 4748 2963 4791 esse
3004 4750 3112 4790 non
3142 4735 3386 4799 credunt,
3429 4743 3646 4790 tantam
3682 4752 3767 4791 re-

2174 4826 2376 4897 cipient
2403 4840 2586 4881 rerum
2620 4825 2860 4879 omnium
2902 4824 3287 4880 abundantiam
3329 4839 3393 4879 ac
3418 4822 3763 4890 felicitatem,

2174 4927 2235 4973 ut
2265 4919 2436 4973 instar
2460 4917 2671 4972 arboris
2700 4916 2809 4971 alta
2837 4918 3019 4973 radice
3049 4916 3305 4983 fundata,
3338 4918 3511 4987 pomis
3542 4918 3764 4974 densis-

2175 5008 2331 5062 simis
2366 5006 2713 5076 impleantur.

2254 5120 2275 5147 ε
2308 5107 2406 5161 «Et
2443 5107 2789 5178 quodcunque
2826 5107 3085 5178 reliquum
3112 5107 3269 5176 fuerit
3299 5107 3362 5160 de
3396 5106 3547 5159 domo
3586 5106 3759 5171 Iuda,

2176 5199 2339 5252 mittet
2388 5198 2618 5252 radicem
2656 5198 2921 5261 deorsum,
2973 5208 3019 5251 et
3054 5198 3210 5267 faciet
3250 5198 3477 5266 fructum
3518 5213 3740 5251 sursum

2175 5291 2312 5357 Quid
2346 5291 2447 5345 huc
2476 5292 2594 5345 loco
2623 5291 2865 5345 radicum
2898 5292 3139 5355 nomine,
3164 5291 3269 5345 nisi
3297 5291 3525 5346 latentes
3548 5291 3759 5360 cogita-

2176 5383 2352 5449 tiones
2394 5382 2710 5451 accipimus,
2758 5395 2877 5450 qua:
2908 5381 2960 5434 in
2989 5380 3202 5436 occulto
3239 5381 3523 5451 prodeunt,
3562 5382 3668 5435 sed
3710 5382 3756 5433 in

2173 5476 2539 5531 ostentatione
2578 5475 2759 5544 operis
2792 5488 2888 5542 per
2916 5482 3159 5542 apertum
3194 5475 3457 5544 surgunt?
3492 5473 3755 5528 Radicem

2175 5583 2302 5637 ergo
2358 5566 2611 5622 deorsum
2656 5565 2891 5628 mittere,
2931 5572 3014 5618 est
3048 5565 3429 5636 cogitationem
3469 5565 3674 5620 bonam
3704 5565 3755 5619 in

2240 5678 2264 5717 ὀ
2298 5675 2482 5730 Parere
2508 5678 2649 5728 urbis
2688 5674 2938 5744 reliquiae.

2246 5761 2267 5787 ο
2314 5749 2467 5801 Vers.
2498 5746 2587 5798 50.
2622 5742 2895 5799 Hactenus
2930 5744 3094 5798 etiam
3123 5742 3378 5796 Rabanus
3423 5762 3432 5795 :
3462 5743 3753 5812 desumpta

2170 5828 2293 5873 sunt
2325 5815 2709 5886 subsequentia
2738 5830 2807 5868 ex
2837 5813 3075 5886 Paterio,
3108 5814 3429 5886 ideoqueex
3449 5812 3749 5886 prosario.

2172 5890 2302 5944 Vide
2328 5904 2380 5941 η.
2416 5882 2521 5954 81,’
2544 5885 2675 5939 alias
2703 5892 2863 5954 caput
2890 5883 2977 5951 48,
3012 5884 3133 5938 libri
3172 5898 3265 5937 vni
3300 5882 3602 5937 Moralium.
