3906 6378
226 470 339 530 798

223 588 432 644 abditis
476 588 855 659 multiplicare,
904 588 1133 643 fructum
1183 604 1311 644 vero
1343 604 1554 644 sursum
1606 588 1805 654 facere,
1838 593 1885 652 Α

220 689 316 738 est
344 679 577 736 efﬁcacia
628 680 806 749 operis
850 689 1015 742 recta,
1048 695 1166 749 qua:
1188 680 1466 749 cogitavit,
1500 678 1805 734 ostendere.

222 772 395 828 Hittit
434 790 555 843 ergo
592 772 821 825 radicem
850 772 1113 832 deorsum,
1146 779 1199 822 ut
1236 769 1397 837 faciat
1432 770 1660 839 fructum
1690 785 1810 821 sur-

217 884 363 921 sum.
387 864 464 920 Ac
489 866 533 919 si
568 873 748 934 aperte
778 865 1051 919 diceretur
1075 880 1086 915 :
1118 864 1171 916 in
1202 862 1323 915 imis
1352 861 1608 930 cogitatio
1633 860 1805 915 nasci-

217 964 335 1023 tur,
369 963 428 1011 ut
450 956 503 1009 in
533 956 757 1010 summis
782 954 1063 1008 retributio
1092 953 1367 1006 reddatur.

298 1062 324 1090 ι
355 1049 461 1103 «De
490 1047 823 1103 Hierusalem
850 1050 1009 1112 enim,
1035 1057 1081 1101 et
1109 1049 1173 1101 de
1195 1059 1366 1102 monte
1394 1046 1523 1103 Sion
1546 1048 1805 1118 egredien-

210 1149 311 1193 τιδι’
341 1138 595 1210 reliquiae,
626 1150 681 1195 et
707 1140 1004 1209 implebunt
1036 1147 1237 1193 terram
1266 1138 1524 1204 Judteam,
1560 1154 1665 1193 non
1707 1154 1805 1193 suo

209 1230 441 1295 merito,
486 1231 578 1285 sed
613 1231 706 1285 Dei
756 1229 1150 1292 misericordia,
1206 1229 1313 1282 imo
1361 1228 1476 1284 zelo
1518 1229 1659 1297 quod
1710 1227 1805 1282 ad-

210 1328 411 1374 versus
452 1320 645 1390 impios
679 1320 882 1374 zelatus
909 1328 991 1374 est
1016 1319 1269 1389 populum
1303 1336 1478 1373 suum.
1511 1319 1663 1386 Quod
1700 1335 1799 1373 au-

211 1416 329 1465 tem
358 1411 425 1465 ad
448 1416 747 1465 extremum
794 1410 957 1465 infert
986 1426 999 1463 :
1036 1409 1213 1481 (Vers.
1246 1410 1336 1480 ’54)
1393 1408 1672 1480 Protegam
1717 1428 1801 1463 ur-

209 1501 333 1557 bem
369 1502 525 1567 hanc,
548 1513 596 1557 et
622 1492 832 1557 salvalto
862 1520 974 1556 eam
999 1513 1208 1572 propter
1236 1520 1336 1567 me,
1368 1512 1416 1555 et
1441 1513 1652 1573 propter
1687 1502 1797 1557 Da-

208 1592 301 1646 uid
324 1606 528 1647 servum
569 1601 741 1647 meum
764 1606 781 1643 :
806 1593 932 1647 illud
974 1593 1264 1662 signiﬁcat,
1294 1594 1436 1661 quod
1466 1608 1572 1648 non
1605 1593 1799 1647 merito

205 1690 337 1745 suo,
390 1682 483 1736 sed
537 1683 631 1736 Dei
678 1682 967 1737 clementia
1012 1691 1423 1747 conserventur,
1484 1683 1591 1737 imo
1628 1683 1797 1752 patris

203 1780 405 1824 eorum
430 1771 598 1824 David
629 1772 909 1838 memoria,
947 1773 999 1825 in
1032 1788 1138 1841 quo
1175 1772 1550 1837 admonentur,
1592 1782 1647 1827 et
1684 1789 1794 1827 sua:

202 1860 573 1932 negligentiae,
616 1872 673 1917 et
717 1863 861 1918 illius
909 1865 1053 1927 ﬁdei,
1100 1874 1261 1934 atque
1285 1863 1533 1931 justitiaz,
1565 1873 1619 1919 et
1648 1864 1789 1933 quod

896 469 1353 542 QUJESTIONES
1394 474 1539 531 XXX
1590 474 1815 529 SUPER
1854 467 2108 530 LIBROS
2146 469 2408 531 REGUM.
2452 507 2518 516 —-
2553 476 2750 530 LIBER
2792 468 2874 530 IV.

3394 474 3495 537 794

1984 590 2161 661 (νει-ε.
2190 592 2301 662 35.)
2344 592 2573 663 Cumque
2613 594 2846 648 diluculo
2869 598 3203 660 surrexisset,
3237 599 3356 652 rldit
3385 616 3496 655 om-

1913 683 1999 735 nia
2038 698 2258 753 corpora
2304 693 2656 746 mortuorum,
2708 686 2726 723 τ
2769 695 2815 738 et
2866 686 3113 754 frendens
3162 689 3312 753 abiit,
3342 701 3389 743 et
3418 707 3497 745 re-

1909 787 2086 825 versus
2144 782 2217 825 est
2268 771 2624 827 Sennucherib
2674 790 2763 827 rex
2808 774 3167 845 Assyriorum,
3209 789 3255 832 et
3298 783 3495 835 mansit

1908 862 1962 913 in
2000 860 2209 915 Ninive.
2248 862 2481 931 Cumque
2534 863 2779 916 adoraret
2825 865 2878 917 in
2920 868 3104 936 templo
3156 872 3180 909 ε
3224 869 3491 925 Neesrach

1912 951 2076 1005 Deunt
2120 969 2295 1016 suum,
2321 953 2665 1007 Adramelech
2715 965 2761 1007 et
2793 953 3047 1021 Sarasar,
3085 958 3184 1025 filii
3213 960 3347 1028 ejus,
3376 978 3495 1030 per-

1906 1052 2178 1096 cusserunt
2251 1060 2367 1097 eum
2443 1043 2623 1113 gladio
2686 1058 2703 1095 :
2766 1046 3111 1117 fugeruntque
3170 1051 3226 1102 in
3294 1060 3492 1104 terram

1905 1132 2300 1200 Armeniorum,
2338 1145 2385 1188 et
2426 1138 2656 1206 regnavit
2690 1154 2784 1207 pro
2841 1156 2899 1191 eo
2940 1141 2965 1179 ιι
3007 1140 3303 1195 Asorathan
3344 1143 3489 1211 ﬁlius

1904 1239 2042 1293 ejus.-

1981 1317 1995 1355 i
2040 1334 2055 1364 ι
2078 1314 2209 1370 Cum
2252 1319 2395 1370 enim
2425 1324 2519 1371 rex
2550 1319 2652 1373 istc
2695 1335 2947 1374 reversus
2972 1330 3117 1375 esset
3140 1320 3365 1376 Niniven
3396 1339 3487 1377 ur-

1902 1405 2024 1459 bem
2078 1405 2090 1455 i
2131 1408 2310 1461 sedem
2359 1409 2509 1479 regni
2552 1410 2655 1474 sui,
2688 1418 2741 1463 et
2769 1410 3021 1465 adoraret
3062 1412 3113 1465 in
3148 1412 3347 1480 templo
3378 1412 3486 1467 Ne-

1902 1496 2061 1549 srach
2107 1494 2275 1549 Deum
2325 1512 2523 1562 suum,
2590 1499 2744 1566 quasi
2797 1499 3074 1553 victoriam
3126 1502 3189 1555 de
3240 1502 3488 1556 hostibus

1900 1594 2223 1653 reportaret,
2241 1596 2296 1640 et
2320 1586 2601 1641 delubrum
2630 1588 2757 1643 idoli
2786 1590 2866 1643 sui
2892 1591 3249 1659 triumphans,
3282 1604 3337 1646 et
3364 1608 3485 1662 gra-

1900 1675 2225 1731 tulabundus
2269 1678 2665 1749 ingrederetur,
2716 1689 3057 1750 contemptor
3106 1684 3218 1737 veri
3264 1686 3378 1747 Dei,
3427 1686 3481 1738 in

1898 1766 2025 1821 fano
2077 1766 2197 1821 falsi
2240 1769 2477 1823 numinis
2529 1771 2850 1827 trucidatur.
2903 1772 3010 1826 Nec
3052 1774 3295 1843 angelico
3327 1776 3483 1843 periit

1900 1858 2101 1929 gladio,
2143 1860 2285 1928 quod
2314 1870 2433 1915 erat
2472 1876 2758 1916 commune
2790 1880 2909 1916 cum
2940 1864 3204 1933 pluribus,
3234 1867 3329 1919 sed
3360 1882 3483 1934 par-

202 1951 265 2005 in
308 1960 516 2006 tantum
546 1952 812 2022 justitiam
850 1954 1038 2023 diligat
1067 1955 1227 2017 Deus,
1262 1954 1511 2010 utetiam
1543 1964 1790 2022 posteros
1826 1964 1871 2024 Β
1902 1949 2097 2004 ricidio
2145 1949 2400 2014 ﬁliorum,
2436 1951 2527 2019 qui
2580 1950 2833 2022 fugerunt
2862 1953 2913 2006 in
2966 1962 3167 2008 terram
3213 1955 3478 2019 Ararath,

201 2050 526 2095 sanctorum
570 2036 848 2096 hominum
881 2056 984 2097 non
1018 2058 1117 2097 suo
1148 2043 1362 2105 merito,
1397 2043 1488 2097 sed
1526 2043 1791 2112 majorum

202 2130 413 2186 virtute
435 2140 669 2187 tueatur.
768 2196 769 2199 η

278 2222 461 2294 (Vere.
503 2224 619 2294 55.)
671 2242 688 2274 ι
718 2221 944 2276 Factum
984 2234 1055 2277 est
1087 2238 1207 2294 ergo
1236 2240 1287 2275 ιη
1324 2233 1470 2276 nocte
1501 2223 1616 2287 illa,
1658 2226 1793 2276 venit

196 2312 436 2384 Angelus
479 2312 714 2378 Domini,
770 2324 816 2366 et
866 2313 1120 2383 percussit
1170 2314 1196 2352 ι)
1230 2324 1402 2366 castra
1454 2312 1790 2382 Assyriorum

193 2414 411 2459 centum
449 2404 710 2473 octoginta
754 2404 979 2473 quinque
1023 2403 1295 2457 millia.De
1344 2405 1445 2457 hoc
1481 2418 1694 2473 quoque
1734 2403 1786 2456 in

193 2494 649 2564 Paralipomenon
682 2494 876 2565 legitur
912 2514 921 2547 :
965 2494 1049 2565 (II
1091 2494 1221 2551 Par.
1276 2496 1364 2559 52,
1414 2495 1505 2565 21)
1545 2495 1611 2548 Et
1652 2497 1767 2548 mist

194 2582 463 2638 Dominus
504 2584 778 2654 Angelum,
822 2586 909 2655 qui
936 2586 1189 2654 percussit
1239 2603 1442 2639 omnem
1492 2587 1661 2639 virum
1708 2603 1788 2639 ro-

194 2674 431 2738 bustum,
478 2686 526 2729 et
563 2675 884 2739 bellatorem,
932 2685 979 2728 et
1022 2677 1307 2746 principem
1354 2680 1611 2731 exercitus
1656 2679 1787 2746 regis

194 2764 537 2834 Assyriorum
575 2781 909 2844 reversusque
937 2774 1010 2818 est
1042 2782 1158 2818 cum
1187 2767 1477 2835 ignominia
1510 2768 1563 2819 in
1590 2776 1786 2819 terram

193 2872 377 2909 suam.
420 2855 646 2910 Centum
673 2856 946 2923 octoginta
980 2857 1219 2927 quinque
1254 2858 1421 2911 millia
1458 2857 1785 2913 fortissimo-

190 2956 321 2998 rum
352 2944 591 2998 virorum
614 2944 683 2998 ab
708 2959 816 2998 uno
844 2944 1051 3014 Angelo
1083 2962 1189 2999 una
1217 2955 1372 3001 nocte
1400 2947 1701 3013 eteduntur,
1731 2956 1785 3001 et

190 3030 405 3100 absque
430 3032 740 3089 vulneribus
771 3035 1079 3089 occisorum
1120 3051 1269 3090 mors
1322 3052 1462 3091 sazva
1503 3038 1777 3101 discurrit,

188 3124 491 3180 excludens
521 3141 551 3179 a
576 3127 895 3196 corporibus
942 3128 1155 3182 animas
1200 3128 1411 3183 Domini
1460 3130 1732 3185 voluntate
1767 3150 1776 3182 :

189 3225 252 3270 et
306 3217 418 3286 ipse
470 3232 567 3270 rex
615 3217 961 3287 Assyriorum
1012 3218 1506 3273 idcircoserVatus
1548 3227 1667 3284 est,
1720 3228 1779 3273 ut

189 3306 362 3361 sciret
386 3308 680 3375 potentiam
704 3308 797 3362 Dei
826 3308 1251 3377 blasphemantia
1278 3326 1373 3363 ora
1398 3314 1775 3379 comprimere,
1808 3313 1853 3375 Β

190 3394 459 3465 fieretque
505 3398 659 3453 testis
701 3398 844 3454 illius
891 3400 1214 3469 majestatis,
1273 3415 1430 3469 quem
1460 3402 1620 3469 paulo
1655 3410 1779 3456 ante

188 3496 616 3559 contempserat.
654 3500 675 3528 ε
709 3491 785 3545 De
827 3490 1025 3546 talibus
1060 3503 1239 3546 autem
1272 3494 1433 3547 rebus
1472 3495 1577 3561 agit
1608 3494 1781 3547 omni-

193 3588 395 3647 potens
433 3580 575 3635 Deus
614 3582 779 3635 multa
822 3598 919 3652 per
962 3584 1199 3653 angelos,
1243 3601 1347 3639 non
1382 3595 1439 3639 ut
1464 3586 1576 3653 ipse
1608 3586 1675 3639 ab
1701 3586 1779 3639 eis

191 3670 394 3733 discat,
437 3672 531 3726 sed
560 3680 617 3725 ut
654 3672 844 3727 abillo
880 3674 980 3743 ipsi
1026 3689 1123 3743 per
1165 3676 1389 3729 verbum
1436 3674 1552 3743 ejus
1591 3684 1771 3745 agant,

189 3771 294 3817 aut
325 3764 574 3817 nuntient
622 3765 738 3818 sine
779 3766 1047 3834 corporali
1075 3781 1209 3820 sono
1238 3767 1402 3822 etiam
1430 3767 1572 3836 quod
1596 3766 1776 3821 volue-

187 3854 289 3919 rit,
322 3854 389 3908 ab
416 3869 481 3909 eo
519 3855 692 3919 missi,
726 3856 793 3909 ad
824 3872 960 3925 quos
988 3857 1237 3923 voluerit,
1271 3866 1441 3913 totum
1469 3860 1537 3914 ab
1567 3858 1658 3911 illo
1678 3873 1774 3928 per

188 3945 328 3999 illud
359 3947 579 4001 verbum
611 3948 729 4018 ejus
766 3950 1069 4015 audientes,
1111 3951 1162 4005 id
1193 3959 1277 4006 est
1308 3952 1359 4005 in
1393 3950 1510 4020 ejus
1545 3953 1773 4007 Veritate

188 4035 564 4103 invenientes,
626 4037 751 4107 quid
803 4039 903 4093 sibi
955 4039 1289 4107 faciendum,
1343 4043 1503 4111 quid,
1554 4044 1771 4113 quibus,

186 4126 409 4195 quando
443 4128 797 4183 nuntiandum
839 4130 929 4183 sit.
961 4130 987 4168 ιι
1018 4128 1120 4185 Sed
1154 4140 1328 4186 tamen
1352 4150 1455 4186 non
1484 4150 1549 4187 ex
1572 4134 1772 4204 angelis

186 4220 429 4272 homines
481 4219 764 4288 beatiﬁcat,
811 4220 902 4275 sed
940 4237 1005 4274 ex
1050 4238 1104 4275 se
1158 4223 1293 4292 ipso,
1353 4224 1486 4277 sicut
1538 4225 1767 4294 angelos.

191 4320 216 4348 °
249 4307 361 4363 Nec
389 4309 567 4379 aliqua
610 4325 674 4365 ex
711 4311 890 4381 aliquo
931 4321 1170 4381 tempore
1200 4314 1305 4383 (vel
1334 4314 1401 4367 ab
1429 4314 1655 4383 angelis,
1688 4314 1771 4369 vel

187 4398 262 4452 ab
310 4399 641 4471 hominibus)
674 4401 947 4471 cognovit,
984 4411 1043 4454 ut
1074 4410 1276 4466 nosset,
1320 4402 1415 4455 sed
1444 4401 1623 4455 futura
1654 4417 1770 4457 om-

188 4488 283 4541 nia
314 4488 649 4556 temporalia,
684 4496 846 4557 atque
879 4489 932 4543 in
964 4490 1043 4543 eis
1073 4491 1258 4555 etiam,
1289 4490 1438 4559 quid,
1470 4498 1523 4544 et
1551 4492 1767 4560 quando

186 4577 260 4631 ab
290 4570 381 4631 illo
416 4577 637 4645 petituri
685 4576 976 4642 fueramus,
1017 4587 1072 4634 et
1097 4595 1251 4648 quos,
1284 4589 1338 4633 et
1376 4580 1440 4634 de
1467 4581 1662 4648 quibus
1688 4596 1770 4635 re-

1900 2039 1954 2093 in
1984 2054 2088 2109 qua
2114 2038 2393 2110 Scriptura
2416 2029 2721 2096 Asorathan
2749 2042 2917 2097 lilium
2944 2042 3078 2111 ejus,
3114 2044 3203 2113 qui
3234 2045 3483 2115 regnavit

1899 2146 1996 2199 pro
2037 2145 2102 2185 eo
2143 2140 2374 2187 testatur
2416 2134 2629 2188 misisse
2676 2133 3009 2190 habitatores
3052 2136 3314 2189 Samaria:
3341 2177 3355 2199 ,
3414 2153 3482 2190 ne

1898 2231 2042 2277 terra
2095 2233 2403 2278 remaneret
2447 2225 2671 2279 inculta.
2716 2226 2950 2281 Ararath
2988 2235 3168 2281 autem
3204 2230 3353 2297 regio
3382 2229 3482 2282 Ar—

1898 2314 2202 2369 meniorum
2268 2317 2590 2385 campestris
2654 2332 2750 2387 per
2807 2333 2970 2387 quam
3034 2316 3233 2372 Araxis
3288 2319 3479 2373 ﬂuvius

1896 2403 2048 2469 ﬂuit,
2105 2404 2437 2460 incredibilis
2475 2415 2557 2461 est
2608 2408 2892 2472 ubertatis,
2941 2408 3007 2462 ad
3058 2410 3264 2465 radices
3313 2408 3476 2463 Tauri

1896 2496 2119 2561 montis,
2152 2498 2242 2565 qui
2271 2513 2441 2566 usque
2468 2499 2594 2554 illuc
2620 2501 2949 2554 extenditur.
2988 2502 3129 2571 Ergo
3160 2512 3211 2557 et
3242 2517 3391 2566 area,
3422 2503 3473 2555 in

1893 2605 2000 2657 qua
2026 2589 2286 2645 liberatus
2324 2602 2407 2644 est
2450 2591 2582 2656 Noe,
2638 2609 2758 2646 eum
2805 2593 2991 2648 liberis
3045 2595 3179 2657 suis,
3226 2604 3475 2648 cessante

1892 2679 2115 2743 diluvio,
2160 2697 2266 2735 non
2304 2682 2370 2734 ad
2402 2691 2614 2737 montes
2643 2684 2971 2752 generaliter
3001 2686 3269 2738 Armeniae
3297 2684 3473 2737 delata

1890 2777 1997 2834 est,
2026 2785 2145 2838 qua:
2175 2770 2475 2840 appellatur
2516 2771 2773 2835 Araratlt,
2822 2775 2914 2828 sed
2961 2775 3026 2828 ad
3069 2783 3281 2828 montes
3311 2774 3471 2827 Tauri

1890 2858 2205 2924 altissimos,
2236 2860 2325 2927 qui
2354 2860 2585 2913 Ararth
2610 2860 2892 2915 imminent
2922 2863 3147 2931 campis.

1961 2948 2113 3021 (Cap.
2140 2950 2255 3020 20.)
2287 2949 2353 3003 In
2383 2950 2563 3003 diebus
2596 2950 2701 3004 illis
2728 2954 2998 3019 argrotavit
3027 2952 3280 3006 Ezechias
3312 2970 3473 3024 usque

1887 3039 1955 3092 ad
1978 3050 2193 3093 mortem
2216 3050 2261 3093 et
2289 3042 2417 3093 venit
2436 3040 2503 3092 ad
2520 3058 2633 3093 eum
2653 3038 2823 3094 Isaias
2846 3042 2987 3110 [ilius
3003 3043 3184 3107 Amos,
3200 3045 3469 3113 propheta,

1885 3128 2119 3199 dixitque
2144 3131 2214 3194 ei,
2239 3130 2349 3183 ha’c
2376 3130 2502 3183 dicit
2529 3116 2785 3184 Dominus
2817 3145 2832 3182 :
2857 3130 3091 3202 Pra‘cipe
3124 3132 3303 3184 domui
3334 3142 3467 3186 ture:

1885 3220 2125 3273 morieris
2165 3221 2301 3273 enim
2326 3230 2402 3283 tu,
2438 3229 2484 3272 et
2511 3237 2611 3272 non
2639 3222 2798 3274 vives.

1961 3326 1981 3359 ι
2008 3308 2173 3373 Quem
2208 3308 2389 3377 (Prov.
2420 3325 2503 3372 tu,
2537 3310 2623 3377 12)
2672 3310 2841 3379 diligit
2865 3310 3125 3363 Dominus
3157 3310 3394 3378 corripit,
3419 3322 3465 3364 et

1883 3399 2106 3468 castigat
2142 3416 2344 3453 ontnem
2382 3399 2572 3467 ﬁlium,
2613 3418 2762 3470 quem
2808 3403 3005 3471 recipit.
3053 3401 3130 3456 Ne
3165 3402 3467 3456 elevaretur

1883 3507 1977 3546 cor
2010 3492 2256 3545 Ezechiae
2285 3500 2406 3560 post
2435 3493 2780 3547 incredibiles
2817 3493 3140 3561 triumphos,
3170 3501 3225 3545 et
3251 3493 3317 3546 de
3351 3507 3465 3548 me—

1881 3582 1968 3636 dia
2005 3583 2320 3651 captivitate
2358 3582 2666 3647 victoriam,
2711 3582 3028 3637 infirmitate
3059 3585 3305 3653 corporis
3336 3583 3465 3638 visi-

1882 3683 2048 3738 tatur,
2082 3683 2137 3728 ct
2164 3675 2316 3729 audit
2346 3689 2403 3728 se
2435 3689 2556 3729 esse
2601 3675 2943 3739 moriturum,
2988 3684 3047 3728 ut
3075 3689 3368 3729 conversus
3396 3675 3462 3730 ad

1882 3764 2166 3819 Dominum
2204 3762 2385 3818 ﬂectat
2425 3765 2749 3818 sententiam
2786 3763 2923 3832 ejus.
2956 3765 2981 3803 κ
3014 3764 3119 3817 Sed
3147 3764 3311 3827 nulla,
3343 3779 3464 3832 qua:

1877 3856 1930 3909 in
1960 3856 2062 3910 hoc
2084 3856 2288 3911 mundo
2320 3856 2629 3910 hominibus
2660 3856 2934 3919 eveniunt,
2977 3855 3179 3922 absque
3215 3854 3463 3922 omnipo-

1877 3948 2042 4002 tentis
2086 3947 2180 4001 Dei
2221 3946 2435 4001 oceulto
2464 3946 2692 4001 consilio
2720 3945 2874 3999 ﬁunt.
2913 3945 3047 3999 Nam
3086 3952 3279 3999 cuneta
3319 3944 3461 3999 Deus

1884 4035 1899 4074 ι
1928 4036 2110 4091 futura
2133 4036 2447 4106 przesciens,
2472 4045 2597 4090 ante
2616 4037 2808 4091 saecula
2841 4037 3080 4091 decrevit
3107 4036 3339 4105 qualiter
3361 4051 3459 4105 per

1876 4127 2069 4182 saecula
2099 4128 2470 4197 disponantur.
2530 4126 2801 4182 Statutum
2855 4128 3052 4196 quippe
3092 4126 3204 4194 jam
3252 4127 3455 4181 homini

1874 4228 1973 4282 est,
2008 4219 2091 4272 vel
2125 4227 2384 4287 quantum
2418 4220 2562 4273 hunc
2596 4219 2782 4273 mundi
2812 4219 3144 4286 prosperitas
3174 4226 3452 4286 sequatur,

1876 4310 1957 4364 vel
1981 4318 2241 4378 quantum
2268 4320 2705 4378 unumquemque
2726 4310 3026 4363 adversitas
3053 4307 3230 4373 feriat,
3250 4324 3315 4363 ue
3344 4309 3454 4361 cln-

1871 4409 1989 4455 ctos
2038 4399 2154 4477 ejus
2206 4408 2301 4454 aut
2346 4401 2700 4456 immoderata
2752 4402 3083 4471 prosperitas
3132 4402 3323 4465 elevet,
3362 4410 3454 4455 aut

1872 4493 2036 4547 nimia
2080 4494 2381 4548 adversitas
2421 4499 2605 4563 gravet
2635 4512 2646 4546 :
2674 4502 2934 4548 statutum
2980 4508 3192 4561 quoque
3220 4502 3305 4547 est
3334 4504 3373 4531 ω
3397 4494 3450 4547 in

1872 4592 2071 4637 interna
2119 4583 2379 4645 veritate,
2434 4590 2692 4650 quantum
2749 4582 2803 4635 in
2858 4591 2883 4618 η
2936 4582 3037 4635 ista
3078 4583 3186 4635 vita
3237 4581 3450 4635 mortali

186 4666 315 4732 bus,
367 4666 451 4721 vel
493 4668 865 4735 exauditurus,
920 4669 1005 4723 vel
1049 4685 1154 4723 non
1203 4671 1553 4725 exauditurus
1597 4680 1762 4736 esset,
1792 4659 1844 4728 D
1874 4685 1897 4712 ο
1922 4676 2299 4745 unusquisque
2327 4676 2697 4747 temporaliter
2723 4678 2903 4731 vivat:
2934 4689 2959 4727 P
2984 4678 3108 4747 quia
3140 4677 3243 4731 etsi
3277 4688 3450 4729 annos

187 4756 310 4813 sine
358 4757 513 4812 initio
560 4760 849 4829 prarscivit.
904 4759 1197 4816 Universas
1246 4770 1427 4817 autem
1485 4772 1765 4818 creaturas

184 4863 340 4913 suas,
371 4857 426 4904 et
464 4850 792 4919 spirituales,
829 4859 883 4905 et
915 4852 1250 4921 corporales,
1298 4869 1405 4908 non
1453 4855 1579 4924 quia
1615 4864 1761 4921 sunt,

188 4939 312 4995 ideo
335 4940 505 5007 novit,
533 4941 628 4995 sed
654 4942 774 4997 ideo
795 4950 941 5007 sunt,
972 4942 1096 5012 quia
1128 4944 1296 4998 novit;
1679 4962 1683 4966 -

267 5110 295 5139 ι
316 5102 474 5153 Vers.
498 5100 588 5153 '51.
621 5098 700 5153 En
728 5097 923 5153 iterum
953 5112 1051 5152 nos
1080 5097 1236 5152 docet
1266 5096 1543 5152 Rabanus.

264 5166 295 5211 ι’
320 5167 388 5221 In
413 5168 619 5223 castris.

268 5242 294 5278 δ
326 5238 599 5292 llaetenus
633 5254 847 5309 quoque
885 5238 1173 5309 Rabanus;
1216 5252 1335 5304 qua:
1360 5246 1668 5309 sequuntur
1696 5239 1763 5293 ad

186 5318 437 5380 magnam
468 5306 677 5380 partem
706 5306 1007 5380 exicepitrab
1030 5306 1329 5380 Augustino
1350 5306 1641 5371 Claudius;
1672 5309 1763 5377 qui

188 5377 369 5435 tanien
393 5377 643 5432 nonnulla
668 5377 993 5442 immutavit,
1020 5388 1076 5431 ut
1106 5379 1157 5430 in
1186 5391 1299 5429 rem
1326 5392 1476 5429 suam
1506 5388 1759 5433 verteret.

185 5449 443 5510 Consule,
482 5448 727 5513 obsecro,
773 5464 891 5517 qua:
923 5449 1085 5503 tradit
1125 5447 1457 5517 Augustinus
1501 5463 1650 5501 num.
1693 5449 1764 5501 ‘22

186 5519 330 5626 [eadp.
362 5517 449 5589 15]
476 5517 594 5600 lib.’
618 5534 685 5572 xv
708 5518 780 5585 tle
812 5518 1005 5571 Trinit.

313 5589 343 5626 '7
392 5589 460 5626 do
482 5586 619 5626 Cum:
670 5605 764 5626 rnn
808 5588 877 5626 an

313 5589 367 5641 7.
392 5586 460 5643 de
482 5586 639 5643 Civit.
669 5605 782 5657 cap.
808 5588 895 5643 30.

260 5670 283 5697 ι’
318 5657 443 5712 llmc
488 5656 961 5727 prorsusiexcepit
1003 5672 1068 5712 cx
1109 5658 1230 5714 loco
1258 5658 1487 5727 allegato
1517 5656 1638 5711 libri
1696 5674 1761 5710 xv

182 5730 245 5784 de
281 5727 555 5781 Trinitate.

258 5796 279 5837 τ
320 5795 603 5851 Recedens.

259 5871 283 5907 ε
321 5865 432 5920 Nos
441 5865 581 5920 roclt.

1872 4767 2178 4839 quindecim
2222 4768 2469 4823 Ezechiae
2506 4770 2619 4839 regi
2663 4771 2728 4823 ad
2763 4769 2929 4823 vitam
2961 4769 3166 4823 addidit
3205 4765 3451 4835 omnipo-

1872 4868 1991 4914 tens
2016 4859 2179 4923 Deus,
2216 4866 2397 4913 tamen
2424 4874 2545 4913 cum
2571 4875 2694 4913 eum
2719 4860 2854 4914 mori
2879 4860 3145 4930 permisit,
3174 4866 3299 4913 tunc
3323 4871 3447 4912 eum

1866 4950 2140 5022 ιιι-ωερὶνίι
2164 4964 2285 5005 esse
2308 4950 2652 5004 moriturum.
2680 4952 2795 5018 Qua
2824 4952 2877 5007 in
2908 4966 2965 5006 te
2989 4952 3217 5021 qutestio
3246 4950 3443 5015 oritur,

1941 5101 1965 5140 ιι
1996 5100 2362 5153 Asarltaddon.

1949 5171 1962 5210 ί
2003 5170 2159 5223 Redit
2186 5170 2457 5223 Rabanus.

1944 5238 1957 5289 l
2000 5239 2255 5292 Primam.

1941 5311 1967 5349 ιι
2006 5310 2277 5363 Hactenus
2318 5307 2573 5363 Rabanus
2601 5327 2612 5362 :
2645 5308 3023 5379 subsequentia
3052 5310 3261 5379 excepit
3288 5310 3441 5363 Clau-

1868 5379 1988 5433 dius
2016 5396 2044 5432 a
2079 5379 2321 5442 Paterio,
2374 5380 2600 5448 ideoque
2648 5396 2677 5433 a
2728 5378 2989 5449 Gregorio
3033 5380 3149 5434 luce
3195 5378 3441 5434 tradente

1868 5466 1921 5502 ιι.
1952 5450 1985 5502 Ε).
2016 5449 2105 5501 lib.
2132 5464 2227 5501 xu.
2263 5449 2448 5502 Moral.

1945 5520 1958 5557 ¹
1997 5520 2275 5573 Secutum.

1939 5602 1977 5627 ιη
2016 5591 2215 5642 Desunt
2249 5588 2413 5641 verba
2443 5588 2557 5642 haec
2597 5590 2649 5641 in
2693 5597 2887 5643 wterna
2926 5587 3159 5653 veritate,
3242 5603 3358 5654 qtm-
3385 5602 3447 5639 cx

1866 5670 2052 5781 nostrlo
2082 5658 2375 5727 exemplari
2406 5659 2527 5713 addi
2559 5658 2774 5714 debent.

1943 5741 1967 5767 η
2036 5746 2147 5781 nsa.

1943 5741 1967 5767 η
2003 5741 2147 5797 Ipsa.

1942 5807 1965 5834 ο
1994 5799 2153 5852 Deest
2173 5798 2557 5868 unusquisque.

1942 5879 1966 5920 r
2002 5867 2158 5921 Nam.

1941 5879 1966 5920 Ρ
2002 5879 2158 5923 Nam.
