3906 6326
439 383 545 446 795

1518 382 1792 443 CLAUDII
1830 376 2292 436 TAURINENSIS
2332 377 2638 436 EPlSCOPl

3612 381 3711 435 796

435 499 709 572 quomodo
731 499 780 554 ei
804 512 901 568 per
935 495 1261 567 Prophetam
1296 496 1546 550 dicatur:
1584 494 1809 564 Dispone
1839 486 2019 545 domui
2049 490 2099 549 Α
2117 486 2324 555 justum
2356 503 2415 542 se
2445 490 2679 544 asseruit
2701 491 2865 545 etiam
2898 492 2950 546 iu
2974 492 3325 563 cogitatione,
3374 498 3544 561 atque
3573 493 3715 547 unde

435 600 562 654 tua',
609 590 735 660 quia
775 588 1016 641 morieris
1042 597 1098 640 tu
1132 596 1180 640 et
1216 603 1317 641 non
1353 587 1486 640 vires
1510 598 1528 637 :
1554 585 1640 640 cui
1673 581 1869 638 mortui
1901 595 2023 635 sen-

438 680 611 736 tentia
640 679 784 733 dicta
821 684 926 740 est,
953 677 1044 731 sed
1078 676 1328 747 protinus
1375 675 1442 730 ad
1471 672 1588 742 ejus
1635 673 1905 742 lacrymas
1942 676 2026 725 est

436 769 621 826 addita
652 769 783 829 vita,
828 768 922 823 sed
952 781 1049 835 per
1078 767 1408 837 Prophetam
1437 764 1700 820 Dominus
1728 762 1885 825 dixit,
1917 775 2025 829 quo

440 869 683 928 tempore
725 857 864 911 mori
912 856 1028 926 ipse
1060 856 1391 910 merebatur.
1425 854 1531 909 Per
1552 854 1860 924 largitatem
1897 866 2026 905 vero

437 949 850 1012 misericordiae,
899 949 991 1004 illo
1034 963 1159 1003 eum
1209 957 1453 1018 tempore
1502 962 1534 1001 a
1583 954 1756 1001 morte
1793 943 2025 1006 distulit,

437 1055 543 1110 quo
569 1048 697 1095 ante
723 1040 919 1096 sarcula
945 1040 1058 1110 ipse
1083 1040 1357 1110 pnescivit
1390 1053 1404 1093 :
1437 1054 1539 1093 nec
1564 1038 1827 1108 propheta
1858 1036 2027 1105 igitur

437 1130 624 1197 fallax,
671 1131 800 1200 quia
852 1139 1064 1199 tempus
1110 1132 1302 1185 mortis
1348 1128 1611 1193 innotuit,
1664 1142 1771 1195 quo
1817 1126 1901 1179 vir
1937 1125 2029 1179 ille

439 1224 577 1278 mori
620 1224 957 1287 merebatur,
996 1237 1096 1277 nec
1133 1221 1407 1277 dominica
1436 1234 1460 1261 ι
1495 1220 1743 1275 instituta
1774 1218 2030 1274 convulsa

440 1322 586 1377 sunt,
621 1312 747 1382 quia
787 1319 846 1365 ut
888 1329 955 1366 ex
994 1310 1247 1382 largitate
1277 1311 1371 1366 Dei
1397 1312 1522 1365 anni
1548 1311 1671 1365 vitae
1697 1316 2030 1373 crescerent,

439 1404 546 1459 hoc
570 1417 787 1473 quoque
816 1411 940 1458 ante
965 1402 1161 1458 saecula
1213 1401 1497 1472 praeﬁxum
1537 1399 1656 1464 fuit,
1708 1409 1869 1471 atque
1902 1416 2031 1471 spa-

442 1492 577 1547 tium
612 1492 755 1557 vitae,
811 1492 957 1561 quod
1003 1491 1281 1561 inopinate
1333 1489 1467 1546 foris
1509 1497 1594 1546 est
1630 1490 1870 1545 additum
1914 1489 2033 1546 sine

440 1588 731 1652 augmento
752 1580 1112 1650 praescientia:
1139 1578 1236 1634 fuit
1260 1580 1407 1635 intus
1441 1587 1724 1635 statutum.
1750 1596 1768 1631 ι

516 1670 697 1743 (Vers.
732 1670 811 1742 2.)
845 1669 1213 1743 Convenitque
1246 1670 1504 1726 Ezechias
1543 1670 1732 1740 [aciem
1772 1680 1924 1724 suam
1964 1666 2034 1723 ad

443 1763 720 1833 parietem.
751 1763 777 1802 δ
811 1780 829 1812 ι
852 1760 986 1829 Quia
1014 1762 1083 1816 ad
1119 1760 1380 1832 templum
1407 1760 1487 1815 ire
1514 1775 1623 1816 non
1667 1767 1919 1831 poterat,
1966 1759 2034 1813 ad

2126 577 2215 634 ille
2260 577 2504 645 offendit,
2546 580 2671 634 inde
2696 581 2797 637 iste
2826 581 2844 621 ί
2877 582 3105 638 Domino
3133 581 3355 651 placuit.
3386 580 3506 635 Cur
3528 581 3716 651 itaque

2126 668 2260 723 hoe?
2291 668 2402 724 Nisi
2430 671 2554 740 quia
2588 671 2933 742 omnipotens
2974 672 3117 727 Deus
3160 670 3501 742 singulorum
3546 671 3714 725 verba

2131 763 2156 801 ⁸
2199 777 2264 817 ac
2312 763 2673 834 cogitationes
2716 773 2946 835 pensat,
2992 774 3047 820 et
3076 765 3130 819 in
3183 764 3299 833 ejus
3346 763 3578 817 auribus
3632 779 3717 817 su-

2127 851 2294 919 perba
2343 867 2450 906 non
2501 863 2645 917 sunt,
2697 868 2818 923 quae
2864 854 3055 909 humili
3093 856 3256 910 corde
3285 852 3670 924 proferuntur.
3698 876 3716 905 ο

2198 938 2378 1012 (Vera.
2402 941 2458 1007 4,
2486 952 2534 996 et
2555 942 2634 1013 5.)
2680 942 2752 997 Et
2786 943 2985 1012 factum
3027 953 3103 999 est
3145 944 3357 999 verbum
3391 944 3614 999 Domini
3655 947 3722 999 ad

2129 1030 2328 1088 Isaiam
2353 1034 2530 1090 dicens
2551 1049 2570 1087 .'
2599 1035 2892 1104 Revertere,
2921 1048 2967 1093 et
2991 1038 3076 1092 dic
3108 1037 3352 1093 Esechia:
3386 1039 3513 1093 duci
3540 1039 3722 1109 populi

2129 1125 2271 1178 mei:
2293 1124 2486 1179 Audivi
2512 1126 2803 1181 orationem
2835 1138 2981 1182 luam
3008 1141 3027 1180 :
3052 1139 3101 1183 et
3128 1128 3237 1182 vidi
3276 1126 3544 1199 lacrgmas
3578 1138 3722 1181 tuas.

2133 1214 2269 1269 Ecce
2295 1232 2388 1287 ego
2422 1217 2607 1272 sanari
2627 1225 2698 1283 te,
2740 1218 2826 1273 die
2855 1219 3008 1274 tertio
3039 1218 3287 1273 ascendes
3320 1217 3575 1289 templum
3614 1216 3727 1271 Do-

2130 1309 2281 1363 mini.
2318 1309 2665 1380 Vocatusque
2696 1319 2783 1366 est
2808 1311 3072 1367 Ezechias
3095 1312 3203 1367 dux
3225 1309 3431 1381 populi,
3466 1316 3525 1364 et
3545 1308 3728 1363 Filius

2132 1399 2317 1464 David,
2361 1400 2515 1471 cujus
2557 1411 2720 1471 opera
2770 1406 3103 1468 sectabatur,
3133 1402 3329 1473 fecerat
3359 1402 3499 1455 enim
3524 1407 3727 1454 rectum

2125 1489 2287 1559 juxta
2315 1492 2516 1557 omnia,
2548 1508 2666 1563 qua:
2705 1492 2827 1562 fecit
2853 1491 3026 1546 David
3055 1501 3206 1563 pater
3243 1491 3381 1560 ejus,
3420 1497 3476 1545 et
3506 1490 3732 1544 auditur

2131 1580 2249 1650 ejus
2273 1581 2447 1637 oratio
2476 1599 2489 1635 :
2516 1581 2876 1652 videnturque
2904 1581 3180 1653 lacrymtr,
3205 1581 3457 1650 quoniam
3479 1576 3729 1633 ambula.

2134 1681 2275 1726 verat
2300 1688 2478 1726 coram
2504 1672 2754 1739 Domino,
2791 1673 2848 1728 in
2879 1674 3092 1728 veritate
3120 1681 3169 1727 et
3197 1672 3353 1725 corde
3389 1669 3650 1740 perfecto,
3679 1675 3732 1723 et

2136 1763 2360 1821 ﬂeverat
2396 1766 2526 1823 ﬂetu
2562 1782 2777 1837 magno,
2808 1774 2864 1823 et
2896 1767 3039 1836 quod
3071 1764 3330 1836 placitum
3357 1772 3445 1818 est
3471 1761 3531 1816 in
3556 1760 3733 1815 oculis

445 1852 711 1922 parietem
740 1851 946 1921 templi,
980 1849 1140 1918 juxta
1169 1849 1322 1921 quod
1355 1849 1608 1905 Salomon
1657 1848 1919 1919 palatium
1946 1861 2036 1901 ex-
2060 1842 2110 1904 Β
2137 1858 2255 1929 ejus
2283 1857 2506 1915 fecerat.

447 1950 694 1997 traxerat
723 1960 736 1996 :
764 1942 851 1998 vel
901 1942 1149 1997 absolute
1195 1943 1265 1997 ad
1313 1942 1597 2012 parietem,
1654 1956 1722 1996 ne
1767 1940 2037 2012 lacrymas

447 2051 576 2092 suas
604 2036 968 2091 assidentibus
1012 2035 1116 2091 sibi
1144 2044 1425 2091 ostentare
1442 2035 1721 2091 videretur
1747 2054 1759 2088 :
1794 2044 1814 2071 ε
1841 2043 1896 2087 et
1919 2032 1996 2086 ait
2021 2050 2034 2085 :

451 2125 703 2191 Obsecro,
725 2124 972 2191 Domine,
989 2135 1270 2191 memento,
1293 2140 1493 2196 quaso,
1514 2123 1775 2193 quomodo
1800 2122 2040 2178 ambula-

447 2217 610 2271 uerim
630 2216 685 2269 in
709 2224 989 2285 conspectu
1013 2224 1104 2270 tuo
1128 2216 1185 2271 in
1205 2217 1443 2283 veritate,
1468 2225 1516 2270 et
1536 2215 1594 2269 in
1614 2214 1769 2269 corde
1786 2214 2051 2285 perfecto:

449 2316 499 2362 et
526 2306 666 2377 quod
687 2304 942 2376 placitum
972 2319 1265 2371 est_coram
1292 2318 1358 2371 te,
1386 2308 1618 2377 fecerim.
1645 2304 2044 2361 Perfectionetn

451 2396 634 2453 cordis
658 2396 711 2450 in
738 2411 804 2451 eo
832 2414 979 2454 nunc
1000 2398 1150 2462 dicit,
1181 2398 1326 2468 quod
1355 2397 1496 2453 idola
1527 2397 1879 2462 destruxerit,
1908 2405 2044 2453 tem-

450 2486 526 2557 pli
552 2486 739 2541 valvas
769 2487 1070 2555 aperuerit,
1116 2496 1424 2556 serpentem
1469 2502 1678 2542 teneam
1709 2488 2042 2542 comminue-

452 2582 545 2646 rit,
570 2589 626 2637 et
651 2589 845 2637 caetera
886 2580 1096 2647 fecerit,
1130 2596 1253 2652 qute
1279 2580 1563 2650 Scriptura
1614 2578 1736 2636 libri
1764 2580 1967 2651 Regum
1991 2587 2045 2635 et

455 2670 903 2742 Paralipomenon
937 2679 1346 2728 commemorat.
1405 2670 1677 2742 Flevitque
1704 2672 1829 2741 ﬂetu
1856 2686 2046 2741 magno

457 2771 682 2832 propter
702 2763 1121 2832 promissionem
1146 2762 1361 2817 Domini
1390 2761 1460 2817 ad
1484 2761 1672 2827 David,
1704 2775 1868 2830 quam
1894 2759 2044 2813 vitle-

459 2854 553 2909 bat
578 2856 634 2909 in
662 2869 763 2909 sua
797 2858 974 2911 marte
1002 2856 1323 2924 perituram.
1355 2854 1433 2910 Eo
1456 2854 1601 2909 enim
1633 2863 1876 2924 tempore
1912 2852 2048 2907 Eze-

451 2945 609 2999 chias
639 2943 777 3000 filios
811 2960 919 2999 non
954 2946 1190 3001 habebat
1215 2962 1229 2998 :
1254 2953 1379 3015 post
1410 2944 1632 2999 tertium
1662 2944 1807 2998 enim
1836 2958 2037 2997 annum

459 3049 730 3091 concessa:
765 3036 891 3091 vita:
938 3034 1240 3089 Manassem
1281 3035 1486 3104 genuit.
1537 3034 1678 3104 Ergo
1720 3034 1822 3089 iste
1869 3033 2047 3088 omnis

453 3132 547 3179 est
573 3124 762 3191 ﬂetus,
799 3126 925 3195 quia
973 3125 1353 3195 desperaverat
1399 3124 1678 3180 Christum
1718 3124 1784 3180 de
1825 3138 1924 3179 suo
1964 3139 2049 3179 se-

2210 1949 2390 2023 (Vers.
2412 1949 2490 2022 6.)
2528 1949 2598 2004 Et
2626 1950 2822 2004 addam
2860 1949 3041 2004 diebus
3068 1949 3172 2002 tuis
3199 1944 3503 2019 quindecim
3524 1952 3733 1997 annos:

2138 2040 2228 2095 sed
2252 2048 2300 2094 et
2322 2040 2386 2094 de
2407 2056 2567 2094 manu
2593 2042 2728 2111 regis
2756 2040 3095 2111 Assyriorum
3128 2037 3358 2092 liberabo
3383 2043 3454 2100 te,
3475 2043 3530 2088 et
3552 2032 3737 2087 eicite—

2140 2140 2243 2184 tem
2284 2130 2441 2195 hanc,
2482 2138 2530 2184 et
2556 2139 2824 2201 protegam
2862 2129 3045 2183 urbem
3084 2129 3242 2182 istam
3285 2134 3500 2196 propter
3541 2137 3648 2187 me,
3688 2130 3737 2174 et

2140 2230 2350 2291 propter
2378 2219 2550 2274 Dauid
2574 2237 2781 2275 servum
2806 2236 2998 2273 meum.
3027 2220 3055 2259 ιι
3085 2236 3103 2269 ι
3130 2216 3440 2272 Secundum
3468 2212 3736 2284 quasdam

2143 2325 2339 2367 causas
2365 2310 2667 2368 futurorum
2692 2312 2990 2367 moriturus
3014 2318 3133 2366 erat
3162 2304 3447 2371 Ezechias,
3473 2308 3565 2361 cui
3593 2306 3739 2359 Deus

2144 2401 2355 2457 addidit
2376 2400 2682 2471 quindecim
2712 2416 2883 2456 annos
2903 2401 2969 2455 ad
2993 2401 3183 2464 vitam,
3207 2395 3261 2453 ld
3284 2398 3473 2466 utique
3498 2394 3737 2456 faciens,

2144 2488 2289 2558 Quod
2321 2498 2449 2545 ante
2492 2489 2937 2546 constitutionem
2977 2487 3163 2545 mundi
3208 2502 3273 2546 se
3304 2486 3581 2543 facturum
3617 2500 3738 2541 esse

2145 2582 2484 2651 prtesciebat,
2515 2590 2573 2638 et
2601 2583 2655 2637 in
2685 2597 2783 2637 sua
2809 2582 3089 2638 voluntate
3126 2581 3395 2636 servabat.
3441 2578 3565 2634 Non
3608 2593 3739 2649 ergo

2147 2670 2200 2727 id
2230 2671 2377 2737 fecit,
2410 2673 2551 2743 quod
2581 2672 2821 2728 futuram
2845 2688 2952 2729 non
2977 2681 3114 2734 erat,
3142 2674 3249 2728 hoc
3269 2673 3415 2727 enim
3445 2672 3627 2742 magis
3660 2671 3740 2724 fu-

2149 2772 2331 2818 turum
2375 2773 2518 2830 erat,
2554 2765 2697 2833 quod
2724 2774 2775 2818 te
2801 2763 3073 2819 facturum
3098 2778 3220 2819 esse
3259 2762 3591 2834 presciebat
3618 2776 3631 2812 :
3662 2769 3743 2813 ta-

2147 2871 2270 2909 men
2313 2856 2388 2910 illi
2436 2858 2559 2912 anni
2601 2857 2770 2912 additi
2817 2873 2924 2912 non
2975 2865 3123 2913 recte
3165 2857 3502 2917 dicerentur,
3534 2854 3645 2909 nisi
3676 2854 3741 2908 ad

2149 2948 2350 3018 aliquid
2379 2949 2728 3013 adderentur,
2759 2949 2902 3020 quod
2931 2965 2990 3004 se
3014 2948 3173 3003 aliter
3201 2949 3255 3002 in
3278 2948 3401 3002 aliis
3427 2947 3618 3001 causis
3644 2946 3743 2999 ha-

2150 3041 2358 3096 buerat.
2394 3039 2701 3097 Secundum
2743 3040 2952 3110 aliquas
2999 3041 3164 3110 igitur
3204 3053 3399 3095 causas
3447 3036 3743 3092 inferiores

2143 3132 2256 3203 jam
2285 3132 2455 3187 vitam
2481 3130 2711 3195 finierat,
2750 3131 3048 3186 secundum
3077 3129 3197 3184 illas
3228 3136 3431 3190 autem,
3467 3141 3595 3196 qua:
3618 3132 3744 3179 sunt

462 3215 606 3269 mine
636 3215 993 3279 nasciturum.
1024 3215 1051 3255 εἰ
1081 3215 1407 3285 Plerumque
1436 3215 1580 3270 enim
1606 3214 1742 3284 justi
1776 3215 2049 3286 aliquibus
2075 3208 2121 3272 C
2153 3224 2207 3278 in
2249 3221 2548 3286 voluntate,
2584 3229 2640 3277 et
2674 3220 3018 3290 praascientia
3055 3219 3173 3284 Dei,
3214 3218 3306 3289 qui
3334 3232 3400 3272 ex
3433 3216 3745 3271 aeternitate

459 3306 873 3363 necessitatibus
910 3306 1094 3363 aﬂlicti
1120 3323 1217 3363 sua
1242 3322 1409 3377 opera
1437 3317 1705 3377 coguntur
1728 3306 1887 3362 fateri
1910 3324 1925 3361 :
1952 3306 2048 3362 sed
2148 3321 2390 3376 noverat,
2415 3312 2561 3383 quod
2584 3310 2675 3366 illo
2700 3320 2945 3381 tempore
2968 3309 3210 3366 facturus
3221 3315 3363 3373 erat,
3386 3316 3444 3363 et
3471 3308 3584 3362 hoc
3614 3321 3744 3362 vere

462 3414 586 3454 cum
609 3413 798 3455 eorum
831 3400 975 3455 dicta
1006 3399 1190 3469 injusti
1216 3398 1463 3463 audiunt,
1494 3399 1610 3453 haec
1637 3414 1733 3469 per
1761 3398 2049 3461 elationem
2150 3401 2395 3457 futurum
2415 3409 2553 3465 erat,
2592 3408 2721 3455 tunc
2740 3409 2860 3454 erat
2891 3399 3143 3453 finiturus
3164 3398 3353 3461 vitam,
3381 3396 3605 3466 quando
3626 3393 3747 3449 lini~

460 3491 662 3559 potius,
693 3504 854 3559 quam
887 3504 985 3560 per
1010 3492 1293 3544 veritatem
1330 3488 1644 3543 existimant
1687 3488 1916 3557 prolata.
1969 3488 2042 3542 Ex

2152 3491 2227 3549 vit
2253 3495 2439 3549 vitam.
2470 3492 2606 3561 Quia
2636 3494 2737 3548 etsi
2768 3492 2945 3547 oranti
2986 3505 3305 3547 concessum
3330 3497 3435 3551 est,
3468 3489 3642 3542 etiam
3668 3486 3746 3542 sic

461 3580 584 3635 suis
610 3581 755 3635 enim
801 3580 1058 3635 cordibus
1088 3580 1251 3634 verba
1277 3578 1548 3647 justorum
1575 3586 1826 3649 pensant,
1857 3587 1912 3633 et
1946 3580 2051 3635 dici
2147 3600 2275 3641 cum
2295 3593 2597 3649 oraturum,
2620 3591 2680 3639 ut
2698 3583 2791 3638 tali
2812 3582 3045 3639 orationi
3070 3580 3292 3637 concedi
3313 3587 3620 3649 oporteret,
3654 3576 3741 3631 ille

468 3672 745 3727 humiliter
773 3685 932 3740 posse
973 3686 1101 3725 vera
1151 3672 1292 3725 bona
1333 3686 1440 3724 non
1476 3681 1500 3709 ε
1527 3671 1858 3725 existimant.
1901 3670 2055 3725 Sicut

465 3761 609 3815 enim
652 3760 831 3829 gravis
868 3759 1025 3829 culpa
1064 3769 1169 3824 est,
1202 3760 1303 3814 sibi
1328 3760 1432 3815 hoc
1465 3761 1739 3815 hominem
1772 3776 2051 3831 arrogare,

467 3851 608 3920 quod
632 3865 737 3903 non
767 3857 870 3914 est,
900 3849 978 3904 sic
1008 3848 1324 3918 plerumque
1365 3850 1521 3919 culpa
1557 3850 1703 3905 nulla
1741 3859 1844 3916 est,
1875 3852 1918 3906 si
1949 3851 2050 3906 hu-
2086 3904 2089 3907 Α

471 3940 671 3994 militer
700 3940 900 3994 bonum
926 3940 1091 4003 dicat,
1122 3941 1265 4009 quod
1290 3950 1393 3996 est.
1419 3938 1573 3997 Unde
1601 3957 1741 4011 sa‘pe
1767 3944 2050 4014 contingit,

470 4039 529 4086 ut
545 4030 677 4099 justi
707 4039 763 4085 et
814 4030 999 4100 injusti
1028 4030 1266 4085 habeant
1287 4032 1451 4085 verba
1482 4031 1677 4086 similia
1705 4046 1719 4085 :
1751 4034 1844 4087 sed
1876 4041 2053 4089 tamen

470 4138 566 4178 cor
601 4137 815 4192 semper
844 4122 1000 4193 longe
1028 4122 1309 4178 dissimile.
1340 4123 1407 4177 Et
1440 4139 1508 4178 ex
1537 4125 1733 4193 quibus
1764 4125 1923 4180 dictis
1952 4127 2055 4181 Do-

471 4215 651 4269 minus
675 4210 986 4284 abinjustis
1022 4216 1332 4279 oﬂ'enditur,
1387 4216 1442 4270 in
1495 4218 1700 4272 eisdem
1749 4234 1961 4289 quoque
2022 4235 2053 4273 a

466 4301 627 4371 jnstis
655 4304 920 4372 placatur.
957 4302 1092 4358 Nam
1128 4304 1435 4360 Pharisteus
1472 4302 1748 4374 ingressus
1797 4309 2055 4378 templum

467 4397 687 4451 dicebat
711 4414 723 4449 :
752 4395 905 4466 (Luc.
930 4412 1085 4459 xvut,
1121 4394 1209 4466 ΡΞ)
1232 4396 1429 4465 Jejuno
1457 4397 1534 4451 bis
1555 4398 1609 4450 in
1636 4398 1851 4452 sabbato
1876 4413 1893 4449 :
1915 4400 2054 4455 deci-

469 4504 584 4541 mas
610 4487 677 4541 ilo
707 4488 939 4541 omnium
966 4504 1082 4557 qute
1106 4484 1363 4556 possideo.
1391 4488 1495 4542 Sed
1532 4488 1861 4558 justiﬁcatus
1883 4491 2055 4561 magis

470 4577 811 4647 publicanus,
862 4592 1025 4647 quam
1065 4577 1154 4631 ille
1189 4578 1341 4632 exiit.
1391 4578 1651 4633 Ezechias
1698 4594 1911 4649 quoque
1960 4563 2132 4634 rexD

472 4682 597 4723 cum
654 4666 901 4721 molestia
954 4668 1201 4737 corporis
1257 4666 1489 4722 alliictus
1536 4669 1603 4722 ad
1653 4669 2055 4724 extremitatem

469 4758 807 4828 pervenisset
861 4758 1007 4823 Viue,
1062 4759 1115 4812 in
1169 4760 1414 4814 oratione
1463 4769 1819 4829 compunctus
1874 4760 2053 4815 dixit:

472 4846 725 4911 Obsecro,
776 4847 1000 4901 Domine
1032 4860 1050 4899 :
1086 4858 1343 4903 memento
1389 4849 1651 4920 quomodo
1683 4849 2055 4905 ambulaverint

468 4953 651 4989 (oram
685 4946 733 4991 te
788 4938 843 4990 in
880 4939 1096 4992 veritate
1142 4949 1191 4993 et
1230 4940 1385 4993 corde
1428 4940 1679 5010 perfecto.
1721 4941 1831 4996 Nec
1877 4950 2055 4997 tamen

473 5024 736 5080 Dominus
760 5026 901 5081 hanc
930 5026 1323 5083 confessionem
1348 5014 1696 5097 perfectionis
1723 5029 1839 5099 ejus
1863 5030 2053 5100 despe-

473 5116 575 5179 xit,
618 5126 711 5171 aut
750 5118 952 5183 renuit,
991 5134 1150 5187 quem
1179 5136 1303 5174 mox
1332 5120 1387 5173 in
1413 5120 1527 5175 suis
1552 5122 1804 5190 precibus
1828 5122 2052 5177 exaudi-

471 5206 571 5259 vit.
599 5206 738 5262 Ecce
762 5208 1067 5264 Pharismus
1093 5224 1151 5264 se
1172 5209 1489 5279 justiﬁcavit
1512 5210 1565 5264 in
1584 5225 1764 5281 opere.
1792 5211 2052 5267 Ezechias

551 5397 573 5422 α
612 5384 840 5438 Staluta.

554 5454 684 5507 l"lin
717 5455 909 5508 iterum
943 5454 1220 5510 Rabamls.

551 5536 571 5561 ε
608 5524 756 5578 Vers.
784 5526 837 5578 ⁸5.
865 5524 1152 5579 Atltiuutur
1189 5527 1303 5579 huic
1338 5527 1390 5578 in
1421 5523 1635 5593 vulgato
1671 5526 1891 5578 llabano
1917 5544 1928 5578 :
1959 5537 2050 5579 aut

480 5602 616 5645 recte
649 5594 805 5661 jua‘ta
831 5593 1140 5656 Jeremiam,
1191 5596 1258 5647 ad
1286 5612 1375 5648 cor
1408 5611 1581 5659 suum,
1633 5597 1715 5664 qrti
1757 5596 1973 5657 circum,
2002 5596 2054 5648 id

479 5670 553 5715 cst
596 5663 843 5730 parietem
884 5680 973 5716 cor
1022 5664 1271 5733 appellat,
1319 5674 1375 5717 ut
1416 5673 1523 5717 tota
1562 5663 1730 5718 mente
1772 5664 2053 5719 Dominum

478 5740 795 5797 precaretur.
833 5733 951 5786 Alia
996 5735 1249 5787 nommlla
1298 5744 1482 5802 postea
1522 5734 1684 5788 etiam
1733 5734 2020 5797 adduntur,

477 5816 602 5866 qua:
623 5816 650 5853 a
682 5811 864 5856 nostro
888 5804 1180 5873 exemplari
1210 5806 1421 5859 al'sunt.

2154 3675 2340 3745 utique
2384 3674 2723 3746 praesciehat,
2751 3674 2907 3743 cujus
2942 3672 3285 3744 ptaescientia
3334 3669 3449 3725 falli
3500 3686 3611 3725 non
3649 3684 3745 3740 po—

2153 3773 2314 3832 terat,
2348 3774 2404 3822 et
2439 3766 2559 3820 ideo
2592 3766 2735 3835 quod
2778 3766 3115 3835 praesciebat,
3155 3763 3465 3819 necessario
3496 3760 3741 3817 futurum

2152 3865 2292 3914 erat.
2317 3879 2335 3911 ι
2363 3858 2679 3925 Quindecim
2706 3857 2856 3921 anni,
2881 3856 2972 3926 qui
3001 3856 3069 3910 ab
3090 3855 3465 3926 aegrotatione,
3495 3853 3743 3908 Ezechiae

2156 3952 2291 4021 regi,
2345 3950 2639 4006 miserante
2687 3950 2817 4014 Deo,
2869 3949 2936 4003 ad
2977 3948 3141 4003 vitam
3188 3948 3239 4002 ei
3282 3945 3543 4017 protelati
3593 3952 3739 4007 sunt,

2156 4042 2383 4113 mystice
2429 4042 2694 4112 figurant,
2731 4045 2856 4109 quia
2902 4040 3207 4109 quicunque
3244 4038 3535 4107 utriusque
3581 4045 3744 4091 testa-

2156 4130 2323 4186 menti
2358 4129 2748 4199 plenitudinem
2776 4128 3106 4191 custodiunt,
3144 4135 3361 4181 :cternze
3388 4126 3586 4180 salutis
3609 4141 3746 4195 prte—

2158 4222 2326 4275 mium
2366 4225 2789 4289 consequuntur,
2826 4233 2891 4273 ac
2910 4233 3009 4288 per
3032 4217 3165 4288 legis
3190 4217 3743 4279 consummationem,

2155 4319 2213 4364 et
2240 4309 2514 4381 Evangelii
2543 4308 2931 4380 plenitudinem
2961 4309 3029 4364 ad
3054 4309 3176 4361 vita!
3211 4316 3429 4362 mtemar.
3457 4315 3743 4363 transeunt

2156 4401 2562 4455 beatitudinem.

2231 4487 2407 4560 (Vers.
2435 4491 2511 4560 '7.)
2561 4492 2807 4561 Dixitque
2851 4491 3025 4546 Isaias
3056 4506 3074 4545 :
3104 4490 3300 4561 Aﬂ'erte
3338 4493 3467 4545 mihi
3513 4508 3737 4546 massam

2156 4580 2397 4650 ﬁcorum.
2442 4579 2615 4645 Quam
2648 4596 2769 4633 cum
2810 4579 3126 4642 attulissent,
3169 4587 3218 4632 et
3254 4581 3551 4649 posuissent
3586 4594 3745 4647 super

2157 4669 2307 4723 ulcus
2329 4670 2462 4739 ejus,
2502 4678 2717 4723 curatus
2746 4678 2844 4723 est.
2887 4668 2966 4723 Ac
2992 4682 3091 4737 per
3115 4669 3217 4722 hoc
3245 4682 3353 4722 non
3379 4667 3740 4737 spernendam

2156 4775 2277 4816 esse
2320 4762 2664 4823 medicinam,
2706 4775 2825 4830 qua:
2860 4775 2956 4815 usu
2996 4767 3228 4822 constet,
3256 4768 3313 4813 ct
3343 4759 3740 4829 experimento.

2159 4852 2285 4921 quia
2315 4859 2369 4903 et
2407 4851 2549 4904 hanc
2593 4848 2783 4904 fecerit
2833 4851 2996 4905 Deus.
3056 4848 3187 4903 Post
3234 4848 3350 4904 haec
3398 4848 3476 4902 ait
3522 4848 3738 4903 Isaias:

2159 4939 2316 5013 (vers.
2348 4940 2404 5009 9)
2456 4937 2571 4992 Hoc
2604 4941 2703 4993 erit
2733 4940 2940 5009 signum
2974 4956 3006 4992 a
3048 4936 3299 5002 Domino,
3328 4937 3471 5008 quod
3496 4940 3741 5006 [acturus

2158 5033 2226 5086 sit
2269 5030 2527 5084 Dominus
2574 5045 2886 5093 sermonem,
2937 5044 3088 5100 quem
3138 5026 3345 5081 locutus
3392 5035 3489 5081 est.
3544 5024 3640 5079 Vis
3686 5036 3741 5078 ut

2158 5120 2407 5175 ascendat
2442 5119 2629 5173 umbra
2664 5118 2838 5171 decem
2879 5117 3052 5181 lineis,
3092 5132 3161 5169 an
3192 5125 3250 5169 ut
3293 5124 3582 5170 reuertatur
3616 5116 3741 5167 toti.

2155 5211 2273 5265 dem
2305 5209 2593 5280 gradibus?
2625 5207 2692 5262 Et
2720 5209 2795 5262 ait
2830 5205 3085 5261 Ezechias
3116 5219 3134 5257 :
3168 5203 3350 5261 Facile
3377 5215 3455 5262 est
3497 5204 3741 5259 umbram

2234 5386 2252 5425 ¹
2287 5385 2684 5457 Subsequentia
2711 5385 2893 5439 docuit
2922 5398 2986 5437 ex
3016 5383 3279 5454 Gregorio
3310 5384 3404 5438 lib.
3431 5398 3508 5438 xu
3548 5382 3735 5438 Morel.

2158 5475 2212 5511 ιι.
2240 5456 2307 5509 56
2333 5455 2597 5509 Paterius.

2236 5540 2255 5557 '
2284 5524 2592 5579 AEstimant.

2239 5596 2255 5633 τ
2286 5595 2562 5647 hominum
2593 5594 2837 5663 placarit.

2232 5667 2257 5704 ε
2284 5664 2326 5716 Α
2349 5664 2765 5731 cogitationibus.

2228 5734 2251 5772 ιι
2287 5732 2410 5786 Hmc
2439 5748 2504 5784 ex
2552 5736 2848 5802 Augustino
2892 5732 3175 5802 desumpta
3222 5742 3369 5802 sunt,
3405 5748 3468 5788 ca
3501 5735 3733 5788 docente

2163 5820 2306 5857 num.
2337 5802 2427 5865 ‘23,
2464 5818 2582 5872 cap.
2630 5797 2709 5865 l7,
2745 5801 2834 5855 lih.
2868 5818 2917 5855 vt
2950 5803 3011 5855 de
3039 5797 3224 5857 «eum
3255 5803 3322 5855 ad
3349 5801 3595 5856 litteram.
