3906 6332
125 383 244 440 797

787 381 1244 449 ΟυᾸΞΒΤΙΟΝΕΞ
1283 381 1431 437 XXX
1471 379 1696 436 SUPER

1815 380 1980 436 BROS
2016 379 2276 440 REGUM.
2317 412 2387 422 —
2426 372 2628 436 LIBER
2667 380 2744 436 ιγ.

3292 376 3396 438 ’198

126 515 367 553 crescere
406 507 578 552 decem
623 499 792 564 lineis,
827 517 917 554 nec
969 505 1064 552 hoc
1097 505 1234 565 volo,
1286 509 1342 552 ut
1379 499 1496 567 ﬁat,
1541 496 1632 552 sed
1662 507 1715 550 ut
1745 502 1796 560 Α
1820 495 1985 551 Jacob
2029 497 2108 551 sic
2157 497 2412 566 loquitur.
2449 497 2518 550 Et
2547 497 2703 560 dixit,
2743 495 2939 565 inquit,
2981 486 3207 566 Angelus
3255 496 3400 553 Dei:

127 596 429 646 revertatur
457 598 739 641 retrorsum
774 590 948 642 decem
984 589 1254 659 gradibus.
1305 587 1571 642 Invocavit
1612 588 1721 640 ita-

128 692 232 746 que
251 674 426 730 Isaias
448 680 698 747 propheta
719 677 1022 743 Dominum,
1059 687 1105 731 et
1131 677 1336 732 reduxit
1361 678 1597 731 umbram
1629 693 1717 747 per

127 764 326 831 lineas,
366 766 554 837 quibus
586 767 706 837 jam
742 767 1080 822 descenderat
1115 770 1170 822 in
1207 767 1476 839 horologia
1516 769 1714 833 Achaz,

129 845 424 911 retrorsum
448 858 624 913 decem
658 859 925 929 gradibus.

209 957 235 984 ι·
272 964 288 994 ι
316 945 459 1002 ldem
473 962 667 1004 nomen
684 950 972 1019 graduum,
994 951 1137 1019 quod
1157 958 1213 1006 et
1230 949 1495 1006 linearum
1519 951 1721 1021 signili«

131 1043 249 1097 cat,
283 1035 332 1089 id
357 1043 441 1090 est
482 1037 880 1093 distinctionem
917 1039 1205 1104 horarum,
1251 1055 1387 1109 quas
1437 1041 1716 1094 duodecim

132 1140 236 1192 per
271 1126 410 1179 diem
452 1127 506 1180 in
548 1127 827 1197 horologio
849 1138 1039 1184 notare
1066 1129 1319 1185 solemus.
1352 1128 1477 1184 Sive
1504 1139 1564 1183 ut
1591 1129 1716 1182 Ilie-

133 1231 400 1286 rouymus
423 1219 572 1284 dicit,
600 1219 674 1272 ita
716 1228 872 1274 erant
911 1222 1174 1276 exstructi
1213 1222 1414 1292 gradus
1443 1229 1561 1275 arte
1605 1235 1719 1273 me-

133 1310 386 1372 chanica,
435 1317 495 1363 ut
520 1325 622 1379 per
651 1310 891 1381 singulos
930 1312 1122 1366 umbra
1164 1312 1512 1376 descendens,
1558 1310 1718 1366 hura-

134 1415 258 1454 rum
319 1399 491 1469 spatia
543 1399 878 1455 terminaret.
931 1399 1063 1454 Erat
1087 1410 1266 1455 autem
1317 1402 1450 1456 hora
1487 1402 1595 1456 diei
1627 1403 1717 1455 de-

133 1490 299 1553 cima,
325 1489 540 1558 quando
567 1489 682 1543 haec
707 1490 819 1560 regi
843 1490 1184 1560 loquebatur.
1215 1490 1310 1546 Vis
1339 1506 1486 1560 ergo,
1519 1491 1712 1560 inquit,

134 1575 208 1651 u't,
239 1579 498 1634 ascendat
537 1579 727 1634 umbra
783 1580 970 1636 decem
1022 1581 1178 1637 lineis
1237 1583 1567 1653 procedente
1606 1584 1716 1637 sole

134 1682 301 1737 super
325 1676 526 1722 terram
549 1682 647 1738 per
668 1669 911 1724 boreales
931 1670 1118 1741 plagas
1137 1687 1306 1741 usque
1333 1673 1402 1726 ad
1424 1673 1716 1737 orientem,

135 1758 166 1798 δ
197 1756 339 1827 quod
367 1759 467 1813 sub
493 1765 698 1812 terram
743 1761 1057 1828 quotidiana
1100 1763 1489 1818 consuetudine
1523 1778 1717 1818 cursus

1827 585 1936 656 Ego
1963 602 2080 639 sum
2107 586 2248 641 Deus
2289 587 2371 640 cui
2399 586 2598 639 tinxisti
2626 584 2857 650 titulum,
2888 596 2936 639 et
2986 586 3163 641 vovisti
3203 596 3394 642 votum.

1820 684 1880 728 ut
1903 683 1957 728 et
1981 673 2513 745 Angelum,etDeum
2536 675 2865 729 ostenderet.
2890 675 3171 730 Secundus
3195 677 3394 746 gratim.

1819 765 2188 820 descensiOuis
2218 765 2272 818 in
2320 763 2652 818 Patriarchis
2695 761 2817 830 fuit,
2857 766 2982 834 quia
3037 766 3091 819 in
3134 766 3394 843 omnibus,

1818 863 1879 906 ut
1909 855 1985 909 ait
2008 854 2319 924 Apostolus,
2359 851 2468 924 ipse
2514 863 2590 908 est
2632 864 2891 922 operatus.
2922 854 3138 910 Tertius
3175 855 3230 910 ln
3261 855 3392 927 legis

1816 944 2035 1000 datione
2068 963 2080 998 :
2116 946 2241 1015 quia
2274 955 2329 999 et
2357 947 2410 1000 in
2464 945 2581 1017 lege
2611 946 2725 1016 ipse
2755 945 2964 1003 locutus
3007 957 3109 1002 est.
3159 948 3389 1016 Quartus

1818 1035 2015 1107 gradus
2045 1035 2100 1088 in
2133 1033 2260 1089 Jesu
2293 1035 2458 1100 Nave,
2491 1037 2580 1104 qui
2618 1036 2874 1105 populum
2902 1037 2957 1091 in
2983 1047 3182 1090 terram
3214 1053 3389 1109 repro-
3430 1047 3432 1049 ’

1819 1125 2092 1181 missionis
2151 1125 2469 1180 introduxit.
2521 1127 2752 1192 Quintus
2799 1127 2854 1180 in
2915 1124 3212 1193 Judicibus,
3266 1128 3391 1197 quia

1817 1215 2063 1269 eumdem
2101 1214 2357 1284 populum
2410 1231 2508 1284 per
2541 1230 2633 1270 eos
2664 1217 2778 1283 ipse
2829 1217 3066 1284 regebat.
3106 1215 3300 1272 Sextus
3339 1217 3393 1271 in

1817 1307 2038 1377 regibus
2065 1305 2392 1373 Iudaeorum,
2424 1309 2552 1378 quia
2584 1309 2637 1362 in
2666 1309 2744 1363 eis
2768 1310 2882 1378 ipse
2913 1311 3189 1381 regnabat.
3217 1310 3391 1380 Septi-

1819 1412 1939 1453 mus
1963 1399 2016 1453 in
2049 1399 2352 1470 Prophetis,
2384 1401 2508 1469 quia
2535 1415 2634 1471 per
2666 1416 2759 1455 eos
2788 1409 2869 1455 est
2899 1401 3195 1455 nuntiatus.
3229 1398 3394 1454 Octa-

1818 1505 1917 1544 vus
1961 1491 2014 1544 in
2040 1490 2410 1555 Pontiﬁcibus,
2442 1492 2566 1562 quia
2609 1492 2722 1562 ipse
2747 1507 2989 1547 summus
3021 1490 3286 1546 Sacerdos
3312 1498 3397 1546 est

1818 1577 2015 1634 Patris.
2049 1579 2231 1635 Nonus
2257 1580 2311 1633 in
2342 1581 2578 1634 homine.
2627 1581 2877 1635 Decimus
2905 1581 2957 1634 in
2986 1580 3256 1652 passione.
3291 1578 3397 1634 Per

1817 1669 1917 1723 hos
1938 1669 2084 1722 enim
2114 1669 2298 1723 decem
2330 1669 2552 1739 gradus,
2578 1685 2714 1738 quos
2750 1670 2866 1739 ipse
2910 1685 3008 1742 per
3040 1670 3290 1724 umbram
3317 1667 3394 1722 le-

1818 1759 1900 1830 gis
1929 1759 2120 1828 priscae
2143 1758 2395 1815 Christus
2418 1760 2713 1826 descendit,
2743 1777 2808 1816 ac
2835 1777 3024 1816 rursus
3052 1769 3175 1831 post
3209 1777 3396 1815 resur-

134 1848 221 1901 sui
244 1856 360 1902 erat
385 1846 669 1902 facturus:
700 1863 791 1914 an,
834 1858 894 1902 ut
930 1857 1232 1905 revertatur
1273 1851 1467 1904 umbra
1493 1851 1713 1905 totidem
1745 1851 1791 1912 B
1821 1851 2115 1906 rectionem
2162 1866 2316 1905 suam
2363 1850 2454 1908 Sol
2490 1850 2716 1920 justitize
2751 1851 3000 1907 Christus
3047 1867 3144 1922 per
3174 1851 3393 1907 eosdem

132 1937 413 2007 gradibus,
452 1953 712 1994 conversa
763 1947 1059 1994 retrorsum
1107 1939 1245 1996 facie
1292 1941 1442 2006 solis,
1487 1943 1713 2012 ipsoque

129 2039 232 2096 per
254 2027 545 2084 australem
569 2028 778 2100 plagam
802 2030 870 2084 ad
890 2031 1156 2086 orientem
1183 2033 1469 2104 regresso?
1487 2031 1558 2086 At
1583 2049 1675 2088 rex
1694 2046 1709 2085 ε

132 2117 320 2174 Facile
345 2130 441 2185 est,
473 2121 669 2190 inquit,
702 2123 940 2176 umbram
964 2141 1192 2180 crescere
1217 2126 1390 2180 decem
1416 2125 1588 2190 lineis,
1621 2142 1712 2179 nec

128 2211 234 2264 hoc
278 2209 390 2265 volo
431 2221 486 2264 ut
526 2212 644 2280 ﬁat,
690 2213 779 2266 sed
807 2225 864 2266 ut
897 2226 1180 2268 revertatur
1211 2226 1493 2270 retrorsum
1539 2217 1712 2269 decem

127 2301 404 2373 gradibus.
441 2303 584 2357 Vidit
613 2319 865 2372 namque,
902 2305 1028 2374 quia
1060 2304 1280 2374 majoris
1316 2306 1562 2360 miraculi
1591 2321 1714 2360 esse

129 2403 351 2464 poterat
373 2394 416 2448 si
459 2395 540 2450 sol
576 2395 911 2449 contrarium
953 2412 1050 2451 suo
1079 2398 1217 2451 mori
1252 2413 1472 2452 cursum
1505 2406 1708 2468 ageret,

133 2499 302 2555 quam
331 2485 376 2541 si
404 2487 665 2542 consueto
691 2503 949 2557 processu
991 2490 1267 2554 incedens,
1307 2491 1520 2544 tametsi
1550 2490 1715 2544 multo

128 2577 318 2642 altius,
350 2577 403 2632 id
425 2586 509 2632 est
536 2593 700 2648 super
729 2591 750 2618 ο
786 2580 1080 2635 translatus
1115 2582 1181 2635 ad
1228 2582 1520 2648 orientem,
1558 2581 1712 2652 quasi

132 2667 360 2721 secundi
392 2668 498 2722 diei
524 2682 705 2734 mane,
748 2669 894 2725 nulla
932 2671 1322 2727 interveniente
1351 2681 1508 2727 nocte
1533 2671 1710 2726 factu-

131 2773 229 2812 rus
254 2758 549 2814 advolaret.
576 2758 711 2813 Nam
732 2769 786 2814 et
815 2761 918 2816 hoc
946 2763 1038 2831 qui
1069 2762 1124 2816 in
1160 2763 1334 2818 insula
1369 2764 1560 2836 Thyle,
1593 2781 1713 2834 qua:

129 2849 276 2904 ultra
302 2849 660 2907 Brittanniam
687 2861 788 2920 est,
824 2855 906 2909 vel
931 2856 983 2908 in
1004 2856 1210 2910 ultimis
1243 2856 1569 2927 Scytharum
1593 2858 1713 2912 lini-

127 2943 235 2998 bus
263 2943 483 3014 degunt,
521 2944 669 2998 omni
696 2952 882 3000 aestate
911 2946 1098 3001 diebus
1121 2947 1324 3017 aliquot
1353 2947 1467 3002 lleri
1493 2949 1708 3013 vident;

127 3036 256 3103 quia
291 3035 369 3090 sol
393 3044 591 3091 ctetero
615 3036 736 3091 orbi
767 3037 822 3090 in
850 3052 1069 3102 occasu,
1098 3046 1152 3092 et
1181 3038 1280 3092 sub
1311 3047 1453 3092 terra
1481 3039 1705 3108 positus,

127 3125 483 3180 nihilominus
529 3135 641 3181 tota
679 3134 839 3181 nocte
879 3142 1042 3196 supra
1081 3135 1283 3182 terram
1325 3137 1601 3198 appareat.
1644 3128 1711 3181 Et

1818 1939 2017 2009 gradus
2042 1940 2068 1979 ιι
2099 1953 2312 1996 rursum
2339 1941 2580 1995 ascendit
2606 1941 2657 1994 in
2681 1941 2900 2005 caelum,
2930 1945 2984 1994 et
3013 1955 3226 1995 omnem
3247 1940 3393 1994 illam

1816 2031 2063 2085 umbram
2114 2030 2248 2100 legis
2301 2032 2547 2087 veritatis
2600 2032 2767 2088 radiis
2805 2031 3114 2096 illustravit,
3162 2032 3394 2086 obscura

1815 2119 2084 2184 revelans,
2139 2120 2323 2175 clausa
2374 2136 2641 2184 reserans,
2688 2129 2744 2175 et
2801 2122 2983 2175 omnia
3038 2128 3182 2175 tecta
3228 2120 3397 2176 denu-

1814 2209 1968 2264 dans.
2017 2229 2036 2261 ι

1886 2299 2000 2371 (20,
2033 2299 2144 2371 ﬁ.)
2171 2299 2241 2354 In
2274 2310 2502 2372 tenipore
2548 2299 2640 2355 illo
2669 2300 2809 2356 misit
2848 2302 2862 2342 ί
2917 2300 3203 2356 Merodach
3230 2299 3397 2354 Bala-

1812 2389 1920 2443 dan
1947 2385 2039 2443 r'ea:
2062 2389 2349 2462 Babylonis
2371 2389 2598 2455 litteras,
2624 2399 2674 2444 et
2715 2377 2937 2444 munera
2964 2390 3033 2444 ad
3059 2389 3344 2445 Ezechiam
3378 2408 3390 2443 :

1813 2478 2059 2531 audierat
2085 2479 2222 2531 enim
2250 2479 2392 2548 quod
2419 2489 2720 2550 (egrotasset
2770 2479 3044 2546 Ezechias,
3075 2488 3181 2534 etc.
3217 2479 3246 2529 i.
3269 2499 3288 2531 ι
3324 2478 3394 2534 In

1813 2577 2041 2638 tempore
2065 2568 2191 2631 illo;
2221 2569 2324 2624 hoc
2349 2576 2432 2625 est
2467 2569 2522 2624 in
2553 2571 2744 2624 eodem
2779 2585 2940 2634 anno,
2976 2585 3082 2640 quo
3108 2570 3222 2624 hac
3243 2577 3392 2641 gesta

1812 2666 1958 2722 sunt,
1993 2674 2112 2729 qua:
2141 2661 2390 2729 superius
2419 2670 2734 2726 narrantur,
2763 2662 2912 2716 misit
2941 2660 3226 2721 Merodacb
3252 2660 3395 2717 ﬁlius

1812 2749 2049 2803 Baladan
2083 2767 2176 2806 rex
2209 2750 2499 2822 Babylonis
2531 2752 2765 2820 litteras,
2813 2762 2868 2808 et
2896 2769 3121 2810 munera
3148 2737 3233 2808 ad.
3257 2752 3394 2809 Eze-

1812 2842 2014 2906 chiam,
2039 2843 2164 2911 quia
2190 2843 2329 2912 apud
2354 2857 2446 2898 eos
2468 2851 2738 2899 astrorum
2759 2843 3108 2899 observantia
3139 2852 3243 2909 est,
3266 2843 3396 2899 stel-

1811 2929 2096 3002 larumque
2121 2948 2314 2988 cursus
2337 2933 2499 3005 longo
2543 2950 2666 3000 usu,
2712 2943 2768 2990 et
2793 2935 3183 2991 exercitatione
3211 2935 3394 3007 cogni-

1814 3033 1920 3087 tus,
1953 3023 2096 3092 quod
2127 3031 2183 3078 et
2207 3024 2261 3077 in
2293 3025 2502 3080 Domini
2531 3027 2812 3081 nativitate
2842 3035 3196 3082 monstratur.
3231 3025 3391 3081 Intel-

1811 3113 2060 3168 lexerunt
2110 3105 2299 3171 'Solem
2363 3131 2640 3172 reversum
2693 3117 2801 3174 diei
2869 3118 3043 3187 spatia
3091 3115 3387 3187 duplicata,

125 3215 400 3286 quomodo
454 3230 485 3268 δ
525 3224 683 3285 ραι-ιε
735 3216 1031 3270 occidentis
1078 3217 1145 3271 ad
1189 3217 1450 3271 orientem
1490 3217 1709 3271 humum
1735 3200 1779 3260 C
1811 3207 2018 3261 servire
2070 3207 2122 3260 ei
2160 3222 2320 3276 quem
2351 3207 2516 3261 Deum
2565 3207 2738 3262 solum
2770 3209 2794 3248 ¹ι
2827 3208 3088 3278 putabant
3120 3225 3133 3259 :
3163 3221 3392 3276 cumque

124 3305 156 3345 ά
185 3307 342 3370 redit,
385 3308 673 3362 manifeste
725 3308 992 3373 videatur,
1047 3319 1069 3346 ο
1118 3309 1288 3363 donec
1334 3316 1575 3378 tempore
1613 3325 1710 3378 op-

126 3405 366 3467 portuno
395 3397 570 3452 denuo
600 3398 694 3452 toti
722 3397 840 3452 orbi
884 3400 1156 3452 communi
1196 3406 1387 3452 exortu
1411 3399 1669 3452 reddatur
1695 3418 1706 3450 :

123 3486 270 3540 sicut
301 3495 358 3539 et
397 3493 643 3540 veterum
684 3487 947 3552 historias,
1000 3494 1054 3540 et
1095 3488 1266 3541 nostri
1308 3488 1554 3542 homines
1587 3488 1706 3552 aevi,

125 3577 223 3647 qui
265 3576 370 3631 illis
404 3577 492 3632 .de
544 3577 789 3646 partibus
839 3577 1176 3642 adveniunt,
1250 3577 1712 3632 abundantissime

124 3667 385 3738 produnt.
428 3666 712 3736 Nunquam
766 3675 946 3722 autem
997 3667 1052 3730 ii,
1099 3667 1190 3736 qui
1239 3666 1498 3720 interiora
1537 3667 1707 3720 austri

123 3756 389 3821 incolunt,
435 3757 618 3811 vident
668 3756 834 3811 solem
879 3772 975 3826 per
1022 3757 1351 3810 meridianas
1399 3755 1586 3826 plagas
1642 3757 1710 3811 ad

119 3846 389 3900 orientem
417 3846 485 3900 ab
517 3861 714 3902 occasu
744 3846 941 3901 redire.

201 3934 270 3990 Ut
301 3934 727 3991 manifestiorem
773 3938 917 3992 enim
953 3953 1171 3992 sensum
1216 3937 1517 4008 legentibus
1558 3937 1708 3994 lace-

121 4034 230 4089 ret,
258 4024 400 4095 quod
432 4026 664 4095 signum,
695 4034 749 4080 et
789 4029 1070 4096 praesentis
1104 4029 1391 4097 temporis,
1441 4038 1497 4083 et
1540 4028 1707 4083 futuri

119 4126 284 4188 typus
315 4126 454 4182 erat,
483 4127 540 4171 ut
569 4119 839 4187 quomodo
892 4119 985 4174 Sol
1021 4121 1397 4175 revertebatur
1427 4119 1492 4174 ad
1546 4137 1706 4175 exor-

119 4208 272 4261 dium
304 4215 482 4273 suum,
519 4209 595 4261 ita
622 4217 679 4262 et
717 4209 963 4265 Eaechia:
1001 4210 1114 4264 vita
1150 4210 1332 4264 addita
1362 4225 1531 4264 annos
1580 4211 1706 4264 red-

116 4297 297 4363 deret,
327 4299 483 4353 nobis
511 4314 726 4368 quoque
759 4300 812 4353 in
859 4300 1213 4363 hebdomade,
1244 4309 1300 4352 et
1339 4300 1580 4368 ogdoade
1627 4300 1706 4352 vi-

118 4387 392 4452 ventibus,
448 4403 545 4458 per
599 4388 1052 4442 resurrectionem
1099 4388 1300 4442 Christi
1352 4389 1476 4442 vitae
1533 4390 1703 4456 spatia

115 4477 477 4545 protelcntur.
518 4477 536 4515 ί
575 4496 592 4528 ι
633 4479 729 4531 Vel
751 4487 900 4532 certe
926 4479 1112 4533 decem
1138 4480 1336 4549 gradus
1361 4481 1414 4532 in
1443 4481 1701 4534 descensu

113 4567 273 4632 solis,
337 4575 638 4638 temporum
701 4570 917 4624 ordines
976 4579 1132 4636 sunt,
1173 4586 1270 4640 per
1324 4587 1460 4640 quos
1512 4573 1699 4625 umbra
1730 4553 1780 4610 Ῑ)

115 4658 416 4728 ﬁgurarum
458 4657 660 4713 Christi
684 4659 1057 4725 descenderat,
1108 4669 1162 4714 et
1190 4676 1286 4730 per
1317 4676 1453 4730 quos
1505 4661 1702 4714 iterum

114 4747 211 4804 Sol
255 4746 480 4815 iustitiae
507 4747 756 4803 Christus
784 4757 908 4819 post
941 4751 1397 4806 resurrectionem
1433 4752 1698 4805 ascendit.

112 4837 334 4892 Primus
352 4838 548 4907 itaque
576 4837 774 4906 gradus
805 4837 1176 4894 descensionis
1198 4839 1264 4894 de
1295 4839 1404 4895 Deo
1430 4841 1482 4894 in
1511 4839 1700 4910 angelo

111 4929 218 4982 fuit
248 4947 262 4982 :
294 4931 318 4969 ε
350 4929 402 4982 in
426 4943 532 4998 quo
573 4928 641 4982 ad
671 4929 920 5000 antiquos
949 4938 1134 5000 patres
1161 4945 1424 5002 apparere
1450 4932 1703 5004 dignatus

109 5029 216 5084 cst,
249 5018 374 5089 quia
407 5019 582 5092 magni
611 5019 820 5075 consilii
858 5022 1071 5075 nuntius
1100 5031 1232 5076 erat.
1270 5022 1516 5092 Denique
1548 5032 1605 5078 et
1633 5025 1700 5078 ad

181 5243 210 5279 ί
236 5237 382 5310 Qua;
402 5247 705 5310 sequuntur
724 5240 793 5294 ad
818 5239 978 5309 hujus
1011 5240 1114 5294 loci
1158 5239 1574 5310 explicationem
1601 5256 1696 5310 po-

105 5312 144 5365 si
161 5320 211 5364 ta
249 5308 412 5362 tradit
441 5309 605 5362 Beda.
633 5309 855 5380 marest.
879 5308 948 5364 25
976 5311 1028 5365 in
1051 5308 1494 5382 librosRegum.]

183 5383 207 5418 ι)
242 5378 376 5444 Qua:
396 5377 600 5432 subtus.

292 5393 376 5432 ιω
396 5393 600 5432 εαοιω.

181 5462 205 5488 ε
251 5450 440 5502 Terras
468 5447 654 5503 elatus.

176 5520 204 5559 ά
243 5519 463 5572 Redeat.

183 5606 205 5630 οε
241 5591 416 5644 Verba
447 5590 562 5661 haec
588 5603 602 5642 :
633 5589 796 5643 donec
822 5600 1048 5661 tempore
1072 5604 1360 5661 opportuno
1384 5591 1556 5645 denuo
1595 5593 1690 5645 toti

111 5663 221 5716 orbi
243 5658 508 5714 communi
537 5669 719 5712 exortu
744 5658 997 5714 reddatur
1024 5658 1218 5715 desunt
1246 5662 1296 5714 in
1328 5663 1504 5716 editis.

186 5734 203 5772 ί
235 5733 367 5799 Quae
401 5729 657 5800 deinceps
685 5729 836 5801 legis,
877 5733 947 5786 ab
976 5732 1179 5788 Isidoro
1209 5747 1325 5801 cap.
1364 5731 1394 5785 6
1437 5733 1489 5786 in
1523 5732 1686 5786 libros

117 5797 315 5872 Regum
345 5797 620 5855 mutuatus
647 5807 730 5854 est
749 5797 1029 5858 Claudius.

1811 3317 2002 3357 causas
2043 3300 2204 3369 hujus
2259 3301 2524 3366 miraculi,
2575 3302 2949 3370 rationemque
2993 3301 3389 3370 perquirerent,

1812 3393 1956 3447 lania
1983 3407 2078 3462 per
2103 3408 2294 3447 omnes
2326 3402 2513 3463 gentes
2536 3393 2819 3456 volitante,
2843 3391 3147 3447 didicerunt
3168 3400 3390 3462 propter

1811 3483 2216 3553 aegrotationem
2243 3482 2386 3551 regis
2408 3479 2558 3536 Juda:
2583 3482 2745 3536 etiam
2783 3497 2998 3536 cursum
3033 3483 3171 3551 signi
3201 3481 3390 3536 claris-

1811 3573 1934 3628 simi
1961 3582 2351 3627 commutatum
2380 3591 2394 3625 :
2425 3573 2568 3642 quod
2592 3575 2756 3627 etiam
2782 3574 2918 3628 liber
2941 3573 3390 3642 Paralipomenon

1807 3663 2120 3734 plenissime
2189 3670 2421 3717 testatur
2484 3665 2670 3718 dicens
2723 3679 2734 3717 :
2783 3663 2870 3734 (11
2921 3663 3105 3717 Paral.
3152 3664 3241 3729 32,
3297 3664 3388 3734 50)

1810 3754 1929 3824 Ipse
1966 3763 2040 3807 est
2072 3751 2352 3817 Ezechias,
2375 3754 2463 3823 qui
2491 3753 2610 3822 fecit
2642 3755 2697 3808 in
2738 3754 2976 3807 omnibus
3008 3755 3118 3806 suis
3146 3770 3390 3824 prospere

1807 3863 1925 3916 qua:
1957 3843 2138 3899 voluit.
2185 3845 2428 3898 Attamen
2466 3845 2522 3896 in
2555 3844 2812 3915 legatione
2837 3845 3131 3914 principum
3161 3842 3392 3914 Babylo-

1810 3937 1912 4000 nis,
1945 3936 2033 4007 qui
2065 3936 2211 3990 missi
2257 3937 2470 4006 fuerunt
2518 3936 2588 3989 ad
2637 3953 2775 4001 eum,
2811 3946 2866 3988 ut
2901 3937 3280 4005 interrogarent
3327 3935 3392 3990 de

1807 4037 2068 4097 portento,
2113 4027 2252 4098 quod
2288 4027 2552 4081 acciderat
2576 4044 2734 4097 super
2777 4038 2996 4090 terram,
3038 4026 3242 4096 reliquit
3270 4041 3388 4078 eum

1808 4119 1974 4184 Deus,
2001 4128 2056 4172 ut
2088 4127 2396 4182 tentaretur,
2425 4127 2474 4172 et
2504 4128 2628 4172 nota
2667 4119 2853 4186 fierent
2880 4117 3076 4182 omnia,
3098 4133 3216 4187 qute
3237 4123 3388 4170 erant

1808 4210 1862 4263 in
1889 4209 2044 4264 corde
2072 4210 2206 4279 ejus.
2261 4209 2468 4264 Idcirco
2500 4218 2678 4262 autem
2704 4208 2989 4264 tentationi
3032 4207 3254 4263 relictus
3281 4213 3386 4271 est,

1808 4302 1936 4371 quia
1968 4311 2089 4370 post
2126 4309 2332 4354 tantam
2365 4301 2666 4365 victoriam,
2701 4309 2757 4354 et
2798 4299 2939 4355 Solis
2976 4314 3304 4367 regressum,
3334 4307 3390 4352 et

1809 4389 2329 4461 congratulatiOnem
2360 4390 2508 4460 regni
2554 4389 2938 4459 potentissimi,
2983 4403 3078 4442 cor
3107 4387 3251 4442 illius
3277 4386 3390 4440 ela-

1810 4490 1925 4534 tum
1977 4490 2081 4535 est.
2135 4481 2377 4549 Denique
2425 4482 2477 4534 in
2524 4481 2711 4535 eodem
2763 4481 3035 4535 volumine
3082 4480 3383 4536 scribitur:

1791 4571 1972 4641 .(Ibid.
2001 4589 2131 4625 vers.
2165 4571 2257 4641 33)
2304 4570 2458 4623 Multi
2503 4570 2802 4640 deferebant
2847 4571 3068 4634 hostias,
3120 4580 3168 4624 et
3219 4573 3386 4624 sacri—

1804 4662 1927 4730 ﬁcia
1954 4661 2181 4715 Domino
2217 4663 2270 4714 in
2294 4660 2650 4724 Hierusalem,
2671 4672 2718 4714 et
2749 4678 2966 4715 munera
3007 4661 3248 4714 Ezechia:
3278 4662 3386 4730 regi

1802 4751 1962 4805 .ludaa
1991 4769 2008 4805 :
2038 4762 2088 4805 et
2113 4751 2377 4806 exaltatus
2414 4763 2490 4805 est
2523 4761 2636 4821 post
2659 4752 2769 4805 lucc
2791 4768 2968 4806 coram
2995 4753 3196 4805 cunctis
3217 4753 3386 4821 genti-

1803 4844 1918 4896 bus.
1952 4841 2130 4913 (Vers.
2162 4842 2277 4914 25.)
2320 4841 2386 4897 In
2424 4843 2603 4896 diebus
2649 4842 2752 4896 illis
2791 4842 3056 4911 a’grotarit
3101 4858 3262 4912 usque
3313 4842 3384 4894 ad

1804 4944 2019 4987 mortem
2075 4950 2093 4987 :
2142 4943 2190 4987 et
2227 4933 2391 4986 orarit
2431 4933 2731 4996 Dominum,
2763 4941 2809 4985 et
2847 4933 3113 4985 exaudivit
3141 4947 3282 4996 eum,
3333 4941 3382 4984 et

1802 5023 1944 5076 dedit
1970 5025 2018 5077 ei
2045 5024 2273 5093 signum.
2317 5023 2422 5078 Sed
2449 5006 2552 5077 non
2593 5025 2742 5082 iuxta
2774 5023 3049 5088 beneﬁcia,
3089 5039 3207 5084 aute
3236 5040 3385 5076 accc-

1875 5241 1904 5282 ἓ
1935 5243 2106 5297 Verba
2142 5242 2255 5296 litec
2281 5257 2293 5295 :
2320 5243 2374 5298 in
2399 5259 2501 5313 quo
2534 5243 2602 5297 ad
2631 5243 2871 5312 antiquos
2911 5249 3083 5310 patres
3128 5257 3382 5313 apparere

1797 5313 2043 5382 dignatus
2068 5323 2142 5366 est
2178 5313 2229 5365 in
2271 5311 2431 5368 editis
2470 5314 2702 5369 desunt:
2732 5327 2828 5381 per
2879 5326 3118 5382 errorem
3167 5311 3375 5380 utique.

1869 5379 1894 5422 δ
1929 5381 2173 5445 Sursum,
2215 5394 2472 5452 praestare
2495 5385 2705 5438 videtur
2733 5379 2916 5435 nostra
2945 5379 3124 5435 lectio.

1876 5456 1889 5492 ί
1921 5452 2218 5506 Berodach.

1868 5521 1880 5571 i
1930 5523 2194 5590 Pleraque
2244 5523 2296 5576 in
2349 5522 2571 5576 Babano
2619 5528 2854 5576 exstant.
2889 5518 3374 5590 Claudiusrtameu

1795 5593 2048 5649 nonnulla
2110 5589 2148 5644 ’a
2218 5592 2440 5646 Rabano
2498 5591 2670 5646 fusius
2727 5591 2972 5661 exposita
3026 5589 3376 5659 paucioribus

1799 5665 2034 5718 tradidit.

1870 5734 1893 5772 Ιι
1930 5734 2176 5798 Additur,
2206 5733 2258 5786 id
2295 5742 2368 5787 est
2396 5731 2589 5787 Solem.
