3906 6326
496 423 598 480 793

1572 412 1848 479 ULAL‘Dll
1884 408 2349 476 TAURINENSIS
2388 412 2695 474 EPISCOP]

3684 405 3781 461 800

494 545 660 603 perat,
684 534 946 600 retribuit,
975 536 1100 606 quia
1120 534 1409 589 exaltatum
1437 546 1513 588 est
1537 552 1627 588 cor
1652 536 1796 605 ejus,
1813 543 1861 587 et
1890 532 2087 601 factum
2118 532 2169 590 Α
2192 527 2323 582 braei
2347 528 2533 582 volunt
2558 528 2857 593 Danielem,
2879 528 3162 591 Ananiam,
3194 520 3543 584 Misabelem,
3570 530 3625 575 et
3648 522 3783 574 Aza-

495 628 570 679 ést
592 623 775 679 contra
815 643 932 679 eum
982 628 1086 692 ira,
1131 638 1178 681 et
1217 637 1397 681 contra
1427 626 1595 692 Iuda,
1636 637 1680 681 et
1734 625 2087 681 Hierusalem.

498 706 844 785 Rursumque
881 714 1162 786 Scriptura
1212 728 1398 773 sancta
1430 719 1719 773 elationem
1744 719 1924 773 cordis
1971 716 2091 785 ejus

498 803 630 859 dicit
659 807 980 875 pmnitentia
1026 800 1351 879 mitigatam,
1384 807 1621 863 inferens
1651 826 1662 860 :
1694 819 1741 862 et
1778 808 2089 861 humiliatus

497 903 572 948 est
601 905 804 965 postea,
833 914 891 950 eo
913 890 1053 967 quod
1082 898 1370 951 exaltatum
1404 909 1477 952 est
1522 916 1611 952 cor
1640 903 1775 969 ejus,
1814 909 1921 951 tam
1960 892 2086 967 ipse,

498 996 655 1055 quam
680 983 1001 1041 habitatores
1028 986 1363 1043 Hierusalem
1378 1006 1397 1054 ;
1426 999 1472 1043 et
1496 989 1691 1043 idcirco
1717 1006 1818 1044 non
1849 986 1981 1043 venit
2008 986 2091 1043 ira

502 1064 713 1129 Domini
742 1086 900 1145 super
929 1093 1015 1130 eos
1048 1078 1102 1130 in
1124 1077 1305 1132 diebus
1336 1078 1601 1133 Ezechirc.

577 1186 594 1217 ι
640 1166 749 1237 (IV
773 1168 903 1239 Reg.
930 1186 1021 1235 xx,
1052 1164 1139 1236 l3,
1172 1171 1302 1242 etc.)
1330 1171 1395 1225 In
1441 1172 1623 1226 diebus
1669 1166 1775 1226 illis
1827 1172 2092 1227 Ezechias

500 1254 709 1312 lit-tatus
739 1267 812 1312 est
836 1259 890 1312 in
920 1260 1145 1314 adventu
1174 1261 1464 1331 legatorum
1489 1251 1772 1316 Merodach
1798 1260 2043 1315 Baladan
2074 1282 2090 1319 :

500 1362 662 1416 quem
709 1356 921 1425 patrem
960 1348 1131 1405 fuisse
1159 1350 1656 1407 Nabuchodonosor
1689 1352 1901 1408 Hebrazi
1936 1362 2093 1408 autu-

502 1444 671 1502 mant,
704 1447 759 1492 et
787 1440 841 1492 in
872 1439 1147 1496 oblatione
1174 1457 1481 1508 munerum,
1540 1451 1593 1498 et
1624 1442 2094 1515 cengratulatione

500 1529 749 1583 sanitatis
768 1544 899 1584 sua}.
928 1527 1272 1602 Ostenditque
1296 1526 1370 1585 eis
1400 1533 1617 1586 domum
1642 1543 1941 1587 aromatum
1971 1550 2094 1589 suo—

497 1625 639 1686 i‘um,
668 1632 713 1675 et
741 1624 1016 1677 thesauros
1040 1618 1263 1694 argenti,
1290 1635 1337 1678 et
1365 1627 1505 1690 auri,
1533 1635 1581 1679 et
1608 1624 2095 1691 oderamentorum,

499 1720 547 1763 et
573 1714 823 1780 unguenti
845 1713 1047 1783 optimi,
1081 1723 1129 1767 et
1160 1732 1337 1769 omnes
1370 1715 1641 1769 thesauros
1689 1733 1935 1771 vasorum
1965 1735 2092 1772 suo-

502 1818 619 1856 rum
642 1804 662 1854 .‘
695 1820 795 1857 non
826 1803 927 1874 fuit
972 1822 1053 1860 res
1071 1842 1088 1877 ,
1108 1824 1267 1876 quam
1294 1824 1397 1861 non
1425 1807 1707 1862 ostenderit
1735 1809 1807 1862 eis
1854 1810 1909 1863 in
1937 1811 2092 1865 domo

500 1907 597 1945 sua
649 1902 696 1946 et
740 1894 792 1947 in
824 1896 966 1948 omni
1000 1906 1256 1965 potestate
1304 1914 1403 1951 sua
1437 1912 1454 1949 :
1490 1896 1643 1953 Unde
1694 1900 1829 1953 iram
1859 1900 1953 1955 Dei
1971 1899 2091 1968 jus-
2122 1878 2169 1937 Β

502 1981 711 2038 tissime
750 1986 1084 2052 merebatur,
1116 1987 1261 2057 quod
1293 2003 1399 2043 non
1427 1988 1599 2043 solum
1636 1990 1919 2045 thesauros
1940 2006 2089 2056 suos,

492 2083 665 2149 atque
712 2074 922 2145 palatii,
948 2077 1041 2132 sed
1090 2086 1145 2133 et
1172 2079 1354 2149 templi
1387 2079 1721 2146 ostenderet,
1764 2081 1905 2148 quod
1946 2090 2094 2137 certe

502 2155 605 2218 fuit
646 2168 934 2235 potestatis
973 2169 1113 2238 ejus.
1150 2170 1214 2225 de
1248 2168 1403 2241 cujus
1426 2171 1595 2226 valvis
1638 2188 1834 2227 aureas
1863 2168 2093 2227 laminas

507 2264 631 2311 ante
653 2254 765 2324 jam
799 2258 1015 2314 tulerat.

582 2364 599 2395 ‹
638 2345 815 2416 (Vers.
840 2349 948 2419 14.)
976 2350 1199 2405 Intravit
1226 2363 1402 2407 autem
1425 2344 1598 2408 Isaias
1626 2348 1887 2423 Propheta
1911 2356 1978 2407 ad
1998 2346 2096 2408 Re-

504 2442 617 2504 gem
644 2436 955 2493 Ezechiam.
985 2439 1330 2510 Rursumque
1359 2451 1481 2511 post
1511 2444 1753 2511 corporis
1781 2443 2094 2508 sanitatem,

506 2534 560 2580 et
591 2526 728 2596 signi
775 2530 1225 2599 magnitudinem,
1255 2532 1436 2587 oll‘erri
1467 2533 1712 2588 videmus
1753 2534 1915 2588 aliam
1941 2550 2097 2590 occa-

509 2617 719 2671 sionem
776 2620 1063 2688 superbiae,
1102 2637 1262 2690 quam
1304 2631 1363 2675 ut
1417 2621 1674 2691 prudens,
1709 2632 1763 2678 et
1792 2623 1888 2677 Dei
1923 2623 2099 2679 cultor

506 2708 681 2763 vitare
730 2709 1008 2771 debuerat.
1061 2728 1160 2766 nec
1194 2720 1499 2767 monstrare
1539 2714 1855 2784 alienigenis
1885 2716 2100 2770 divitias

507 2806 654 2865 suas,
702 2816 840 2870 quas
872 2800 982 2857 Deo
1016 2802 1288 2879 tribuente
1327 2806 1657 2874 possederat,
1697 2822 1764 2860 ex
1795 2822 1902 2877 quo
1943 2807 2099 2876 juxta

508 2890 651 2962 leges
706 2907 919 2960 quoque
966 2893 1277 2965 tmpologiae
1325 2896 1608 2962 discimus,
1662 2912 1763 2951 non
1815 2901 2097 2954 mittendas

506 2985 823 3053 margaritas
854 2995 974 3039 ante
999 3001 1209 3054 porcos,
1259 3004 1351 3041 nec
1395 2987 1629 3042 dandum
1685 3000 1923 3043 sanctum
1954 2993 2100 3046 cani-

507 3075 623 3128 bus.
659 3074 875 3146 (Matth.
910 3092 1005 3142 vn,
1039 3076 1091 3149 6)
1150 3078 1249 3151 Qui
1274 3080 1417 3133 enim
1446 3079 1618 3135 ﬁdelis
1642 3090 1743 3145 est,
1780 3081 1973 3151 spiritu
2003 3084 2097 3138 ab-

505 3170 721 3223 scondit
764 3171 1003 3243 negotia,
1065 3181 1119 3226 et
1177 3174 1487 3244 quicunque
1548 3175 1653 3229 hoc
1719 3190 1826 3229 non
1885 3175 2095 3241 fecerit,

2196 619 2352 682 riam,
2382 620 2474 690 qui
2504 618 2723 674 fuerunt
2769 620 2836 675 de
2867 622 3014 691 regio
3042 619 3271 682 semine,
3303 616 3487 672 factos
3531 631 3655 670 esse
3697 631 3786 669 eu-

2194 711 2420 775 nuchos,
2453 727 2587 780 quos
2638 712 2691 765 in
2729 712 3029 767 ministerio
3086 709 3599 765 Nabuchodonosor
3625 706 3787 760 fuisse

2194 816 2300 854 non
2330 803 2554 857 dubium
2584 810 2683 857 est.
2718 803 2879 873 (Dan.
2913 820 2954 867 1,
2999 802 3051 868 6,
3085 803 3136 856 '7.
3174 800 3448 855 Hactenus
3478 800 3643 852 etiam
3683 796 3787 849 Ra-

2194 890 2380 945 banus.
2432 888 2653 961 Reliqua
2709 892 2856 945 docet
2912 890 3216 961 Claudius.)
3264 889 3565 943 Eunuchos
3619 887 3783 945 enim.

2194 979 2244 1033 id
2266 989 2349 1036 est
2368 983 2661 1048 abscissos,
2687 998 2794 1036 non
2820 992 3077 1053 netgamus
3106 981 3318 1050 aliquos
3340 978 3513 1033 fuisse
3538 977 3609 1032 de
3633 979 3787 1031 semi-

2194 1086 2262 1127 ne
2306 1075 2454 1144 regio
2493 1076 2547 1129 in
2596 1075 2795 1145 palatio
2825 1076 2971 1147 regis
3003 1074 3314 1144 Babylonis,
3346 1064 3508 1141 juxta
3552 1073 3790 1141 prophe-

2195 1166 2325 1220 tiam
2354 1168 2499 1222 beati
2528 1168 2700 1234 Isaia),
2733 1169 2827 1224 sed
2879 1169 2946 1223 de
2976 1168 3159 1222 Daniel
3198 1177 3252 1221 et
3292 1166 3483 1220 sociis'
3506 1163 3629 1231 ejus
3676 1180 3790 1215 cre-

2195 1259 2426 1313 dendum
2480 1261 2625 1315 nullo
2677 1262 2837 1316 modo
2874 1271 2959 1317 est
3013 1279 3025 1314 :
3060 1261 3186 1329 quia
3238 1260 3283 1313 si
3313 1266 3519 1319 essent,
3563 1256 3636 1310 de
3676 1257 3791 1324 pul-

2195 1351 2500 1405 chritudine
2536 1367 2781 1420 corporis
2826 1361 2881 1406 ct
2934 1362 3150 1421 aspectu
3190 1349 3402 1403 illorum
3435 1364 3545 1401 non
3571 1347 3787 1400 timeret

2196 1441 2302 1495 dux
2356 1441 2463 1505 ille,
2515 1439 2680 1513 (Ibid.
2738 1442 2886 1496 l'ers.
2947 1442 3033 1513 lO)
3078 1442 3167 1508 qui
3220 1454 3314 1494 eos
3352 1437 3534 1492 adhuc
3588 1449 3792 1505 pueros

2195 1531 2496 1596 erudiebat,
2523 1535 2647 1601 quia
2681 1533 2889 1602 species
2912 1532 3067 1586 faciei
3092 1531 3227 1585 solet
3248 1530 3496 1599 deperire
3524 1528 3575 1580 in
3603 1527 3792 1596 pueris

2196 1622 2468 1678 abscissis.
2524 1618 2646 1678 Fuit
2706 1634 2887 1678 autem
2955 1621 3289 1679 consuetudo
3340 1619 3479 1689 apud
3534 1619 3793 1687 antiquos

2196 1716 2458 1770 eunuchos
2482 1732 2674 1771 vocare
2700 1708 3061 1770 cubicularios
3097 1723 3151 1780 et
3177 1702 3430 1768 custodes
3458 1706 3680 1781 palatii,
3706 1710 3792 1776 qui

2200 1821 2399 1861 uxores
2432 1807 2722 1871 habebant,
2752 1815 2807 1860 et
2828 1805 3055 1859 ahscissi
3084 1819 3313 1874 corpore
3339 1818 3445 1857 non
3472 1801 3723 1855 fuerunt.

2269 1895 2449 1966 (νει-δ.
2503 1899 2611 1969 19.)
2652 1898 2904 1967 Dixitque
2938 1885 3204 1950 Ezechias
3251 1914 3262 1948 :
3318 1894 3529 1948 Bonum
3580 1894 3792 1947 verbum

2195 1984 2429 2051 Domini,
2475 1990 2615 2057 quod
2646 1988 2849 2041 locutus
2892 1998 2965 2041 est
2996 2006 3011 2041 .'
3041 1988 3135 2055 ﬁat
3164 1997 3366 2039 tantum
3397 2001 3504 2055 ραι
3534 1986 3589 2037 in
3611 1984 3794 2036 diebus

2194 2076 2341 2129 meis.
2393 2089 2418 2117 II
2468 2078 2523 2131 In
2558 2093 2666 2146 quo
2694 2080 2761 2131 ab
2792 2077 3035 2131 llebra-is
3084 2074 3524 2146 reprehenditur,
3564 2090 3668 2127 cur
3692 2088 3793 2126 non

2196 2168 2267 2222 sit
2308 2169 2551 2224 imitatus
2583 2170 2881 2223 bonitatem
2930 2166 3151 2237 Moysis,
3199 2166 3290 2235 qui
3342 2165 3563 2219 locutus
3605 2172 3691 2217 est
3733 2165 3795 2215 ad

2197 2242 2368 2315 Deum
2409 2278 2420 2314 :
2454 2262 2557 2315 Aut
2600 2264 2801 2315 dimitte
2844 2264 2917 2315 eis
2948 2264 3084 2315 hanc
3116 2276 3332 2324 noxam,
3363 2268 3455 2311 aut
3488 2261 3534 2311 si
3582 2275 3689 2311 non
3721 2258 3797 2325 fa-

2197 2352 2319 2417 cies,
2354 2349 2467 2405 dele
2518 2366 2599 2404 me
2622 2352 2684 2405 de
2723 2352 2853 2405 libro
2882 2367 3035 2421 quem
3074 2348 3346 2419 scripsisti.
3388 2368 3405 2399 ι
3443 2348 3470 2387 ι)
3506 2347 3653 2414 Quid
3698 2346 3797 2400 hoc

2198 2440 2315 2496 loco
2368 2442 2651 2510 Propheta:
2698 2443 2967 2497 sententia
3008 2450 3196 2497 contra
3231 2434 3526 2494 Ezechiam
3588 2454 3792 2507 regem.

2198 2530 2303 2585 nisi
2327 2534 2695 2602 arrogantium
2744 2532 3149 2602 hypocritarum
3186 2518 3550 2600 cogitationes
3587 2542 3720 2580 suas
3746 2526 3794 2579 in

2200 2621 2536 2690 exquirenda
2594 2622 2875 2676 hominum
2934 2620 3290 2675 admiratione
3335 2618 3650 2689 signiﬁcat?
3700 2614 3798 2669 Per

2200 2729 2360 2769 onme
2417 2714 2560 2769 enim
2615 2716 2757 2785 quod
2789 2714 3085 2785 hypocrita:
3116 2712 3346 2775 faciunt,
3384 2711 3512 2781 quia
3573 2709 3797 2764 occultis

2202 2804 2622 2874 cogitationibus
2653 2804 2840 2858 laudes
2882 2806 3158 2859 hominum
3188 2803 3499 2873 requirunt,
3533 2804 3693 2870 quasi
3718 2818 3797 2853 ra-

2204 2895 2353 2949 dices
2381 2895 2544 2965 scirpi
2568 2896 2622 2949 in
2652 2910 2904 2949 acervum
2929 2902 3205 2964 petrarum
3231 2895 3453 2947 mittunt
3482 2911 3493 2945 :
3520 2892 3795 2962 operaturi

2203 2985 2403 3054 quippe
2443 2986 2629 3039 laudes
2658 3001 2785 3039 suas
2811 2987 3052 3056 cogitant
3086 3003 3096 3037 :
3131 2984 3333 3038 laudati
3370 2993 3557 3037 autem
3589 2985 3689 3040 has
3715 2996 3795 3034 εει

2204 3090 2324 3131 cum
2368 3077 2517 3131 taciti
2563 3076 2618 3131 in
2663 3077 3079 3147 cogitationibus
3117 3087 3336 3130 versant
3392 3092 3405 3125 :
3466 3077 3706 3145 gaudent
3746 3088 3797 3126 se.

2205 3178 2503 3242 praecipuos
2526 3174 2578 3227 in
2603 3174 2837 3227 humana
2861 3172 3217 3226 restimationc
3240 3170 3525 3224 claruisse.
3553 3168 3795 3234 Cumque

507 3262 686 3315 omnis
718 3262 890 3317 virtus
917 3264 1059 3318 illius
1084 3277 1400 3331 enervatur,
1427 3267 1716 3340 (peritque)
1749 3283 1845 3337 per
1874 3269 1927 3324 id
1954 3269 2099 3339 quod
2126 3237 2171 3300 Ε
2204 3261 2374 3318 inﬂati
2406 3264 2682 3319 favoribus
2710 3264 2847 3333 apud
2883 3264 3203 3333 semetipsos
3236 3264 3633 3316 intumescunt.
3664 3274 3796 3329 sa-pe

506 3352 820 3419 posteritas,
848 3355 1050 3410 amisso
1076 3356 1211 3410 virili
1245 3358 1441 3411 robore
1465 3360 1517 3413 in
1546 3358 1867 3414 muliebrem
1900 3361 2097 3430 redigi-

512 3450 598 3495 tur
646 3443 1063 3499 mollitudinem.
1092 3446 1401 3523 lngreditur
1428 3464 1556 3520 ergo
1583 3448 1750 3503 Isaias
1794 3450 1860 3502 ad
1892 3463 2105 3519 regem,

507 3540 563 3585 ct
592 3534 745 3601 quasi
787 3536 1001 3590 nescius
1055 3537 1367 3591 sciscitatur
1393 3540 1518 3609 quid
1566 3532 1811 3593 dixerunt
1842 3540 1940 3594 viri
1966 3542 2053 3595 isti
2080 3540 2106 3595 ?

504 3633 557 3677 et
579 3623 717 3677 unde
745 3627 1036 3679 venerunt?
1066 3626 1180 3681 Duo
1210 3628 1529 3700 interrogat,
1563 3630 1694 3700 quid
1738 3630 1904 3685 locuti
1952 3640 2097 3697 sunt,

508 3722 564 3766 et
606 3713 747 3767 unde
782 3726 1046 3770 venerunt
1090 3735 1100 3769 :
1150 3717 1239 3772 ille
1269 3719 1336 3773 ad
1380 3736 1547 3775 unum
1596 3722 1892 3791 respondit,
1925 3722 2099 3778 altero

507 3806 896 3875 prmtermisso.
932 3806 1111 3875 (νει-δ.
1140 3809 1225 3882 ll)
1255 3811 1331 3865 De
1363 3822 1502 3865 terra
1532 3812 1817 3883 longinqua
1848 3827 2096 3870 venerunt

508 3899 576 3951 ad
610 3916 710 3963 me,
738 3899 822 3966 de.
851 3898 1139 3970 Babylone.
1174 3902 1327 3968 Quod
1357 3913 1559 3973 quanto
1593 3914 1733 3958 terra
1773 3900 1985 3973 longior
2029 3908 2100 3961 sit

510 3989 650 4043 unde
700 4000 984 4053 venerunt,
1027 4000 1177 4045 tanto
1227 3994 1329 4047 iste
1389 4009 1485 4049 rex
1531 3989 1834 4065 gloriosior,
1876 4006 2099 4067 propter

509 4094 670 4146 quem
716 4088 1026 4135 venerunt:
1068 4082 1138 4136 Et
1188 4094 1455 4149 venerunt,
1511 4086 1702 4155 inquit,
1756 4087 1826 4139 ad
1854 4101 1955 4151 me,
2000 4088 2093 4157 qui

511 4170 777 4225 debuerat
821 4172 1007 4227 dicere
1036 4192 1047 4226 :
1082 4185 1333 4230 venerunt
1358 4176 1428 4229 ad
1468 4175 1873 4247 gloriﬁcandum
1906 4174 2097 4241 Deum,

509 4274 609 4328 pro
637 4259 776 4332 signi
808 4264 1180 4334 magnitudine
1200 4266 1263 4319 de
1290 4266 1581 4337 Babylone,
1610 4282 1729 4336 qua:
1750 4266 1879 4322 urbs
1909 4267 1961 4321 in
1990 4276 2102 4322 toto

508 4351 642 4406 orbe
692 4354 1069 4421 potentissima
1116 4364 1217 4412 est.
1267 4356 1611 4428 Rursumque
1655 4358 1822 4413 lsaias
1875 4373 1888 4409 :
1939 4359 2097 4425 Quid,

510 4446 711 4516 inquit,
762 4446 1004 4500 uiderunt
1046 4447 1101 4499 in
1128 4447 1284 4501 domo
1313 4450 1443 4502 tua?
1472 4449 1539 4502 Et
1580 4449 1669 4503 ille
1719 4450 2000 4519 respondit
2033 4465 2100 4505 ex

512 4546 667 4605 parte
721 4553 929 4603 verum,
962 4538 1103 4607 quod
1145 4539 1323 4593 omnia
1376 4540 1600 4593 viderint
1651 4540 1707 4595 in
1733 4537 1889 4593 domo
1934 4540 2099 4605 illius,

511 4644 604 4681 nec
644 4627 803 4696 fuerit
844 4645 945 4694 res,
976 4646 1135 4699 quam
1164 4646 1266 4683 non
1310 4632 1592 4685 ostenderit
1628 4633 1702 4686 eis
1739 4632 1794 4685 in
1838 4629 2103 4687 thesauris

510 4720 644 4785 suis,
676 4721 770 4776 sed
816 4721 1044 4777 alterum
1094 4724 1282 4787 tacuit,
1336 4726 1401 4779 de
1447 4739 1554 4795 quo
1605 4721 1894 4778 verebatur
1933 4718 2102 4779 offen-

512 4828 630 4866 sam
661 4830 673 4865 :
702 4810 845 4883 quod
874 4810 1157 4867 ostenderit
1187 4814 1259 4867 eis
1295 4824 1505 4879 cuncta,
1536 4831 1654 4885 qua:
1684 4809 1892 4868 haberet
1922 4814 1977 4867 in
2006 4831 2103 4884 po-

500 4910 695 4955 ’testate
721 4900 819 4956 sua
844 4921 861 4956 :
893 4903 1033 4957 haud
1062 4903 1286 4958 dubium
1318 4904 1572 4973 quoniam
1607 4912 1662 4957 et
1696 4903 1878 4973 templi
1925 4902 2105 4973 supel—

514 4993 746 5048 lectilem
776 4995 1080 5049 ostenderit
1104 5012 1116 5047 :
1146 5003 1366 5064 propter
1388 5010 1508 5063 qua:
1539 4994 1705 5049 Isaias
1733 4992 1828 5047 Dei
1855 5009 2105 5049 sermone

515 5084 725 5156 profert
755 5087 1079 5139 sententiam
1114 5104 1125 5136 :
1162 5083 1340 5156 (Vers.
1377 5083 1464 5154 16)
1497 5084 1638 5137 Audi
1682 5082 1894 5136 verbum
1923 5080 2104 5137 Domi-

515 5178 568 5231 ni
594 5177 936 5231 exercituum.
980 5175 1173 5230 Veniet
1216 5185 1459 5242 tempus,
1496 5174 1710 5243 quando
1746 5174 1931 5228 omnia
1964 5174 2098 5237 haec,

514 5285 635 5341 qua:
679 5268 731 5321 in
779 5269 938 5323 domo
969 5276 1058 5321 tua
1090 5276 1238 5331 sunt,
1264 5275 1445 5321 etnon
1471 5276 1580 5331 tuo,
1627 5268 1718 5321 sed
1744 5276 1958 5335 patrum
1985 5276 2103 5321 tuo‘

516 5375 636 5413 rum
665 5359 849 5413 labore
876 5361 1123 5428 qtncsita,
1153 5360 1205 5412 in
1244 5358 1573 5428 Babylonem
1599 5358 2016 5422 transferantur,
2048 5362 2103 5413 et

515 5455 582 5509 de
605 5455 811 5508 semine
842 5462 933 5507 tuo
956 5452 1332 5506 lianteunuchi
1358 5451 1410 5504 in
1433 5448 1553 5502 aula
1584 5451 1742 5519 regis.
1762 5450 1840 5505 Ex
1864 5465 1972 5518 quo
1999 5450 2103 5503 lle;

586 5578 611 5606 ι
644 5566 821 5622 PauCa
851 5568 965 5621 lucc
994 5582 1183 5621 rursus
1216 5565 1470 5619 Rabanus
1500 5562 1682 5615 tradit.

589 5638 616 5675 ι’
646 5638 775 5703 Quae
812 5646 1126 5709 sequuntur
1156 5629 2102 5709 omniaPaterius,‘idcoque._Clau‘

517 5708 638 5762 dius
658 5700 739 5761 rex
795 5700 1057 5777 Gregorio
1087 5706 1385 5776 desumpsit
1412 5720 1560 5759 num.
1600 5702 1661 5759 8i
1697 5711 1749 5757 et
1783 5700 1850 5755 82
1881 5700 1973 5756 lib.
2004 5716 2097 5754 vin

516 5778 796 5834 Moralium
839 5780 953 5832 hanc.
983 5778 1245 5831 tradente.

590 5861 611 5887 ε
644 5848 1049 5901 lntentionibus.

584 5918 609 5958 ά
656 5918 830 5971 Virtus
874 5918 1186 5972 hmnilitatis
1227 5924 1451 5971 enervat.

2129 4589 2181 4649 D

2205 3356 2471 3409 mirantur
2509 3356 2657 3410 taciti
2694 3356 2855 3408 cxiam
2890 3354 2990 3423 ipsi
3027 3353 3170 3423 quod
3200 3360 3345 3405 sunt.
3402 3350 3592 3404 \‘idcri
3628 3352 3796 3418 quoti-

2206 3447 2293 3501 die
2315 3448 2634 3518 semetipsos
2660 3446 2882 3499 altiores
2909 3444 3151 3515 cupiunt,
3184 3458 3245 3497 ac
3284 3442 3442 3496 miris
3476 3453 3497 3479 ε
3540 3441 3796 3495 inventio-

2204 3538 2364 3594 nibus
2405 3538 2459 3593 in
2509 3550 2673 3607 opere
2714 3545 3039 3591 excrescunt
3082 3549 3095 3587 :
3152 3534 3277 3603 quia
3330 3534 3472 3586 sicut
3518 3532 3544 3571 ά
3577 3533 3795 3585 Virtutes

2208 3644 2369 3686 omne
2394 3630 2582 3685 vitium
2612 3632 2898 3693 enervant,
2937 3624 3015 3681 sic
3064 3625 3377 3695 arrogantia
3416 3624 3658 3678 roborat.
3700 3624 3793 3677 Co-

2203 3723 2283 3792 git
2336 3734 2571 3790 namque
2624 3727 2860 3774 mentem
2912 3718 3288 3787 juvenescerc,
3324 3724 3379 3767 et
3419 3722 3615 3768 contra
3663 3712 3793 3766 vires

2205 3813 2406 3877 valere,
2437 3812 2561 3881 quia
2593 3820 2645 3866 et
2665 3810 2809 3880 quod
2829 3818 2987 3879 negat
3015 3810 3169 3878 vigor
3188 3806 3543 3869 valetudinis,
3579 3818 3601 3845 ο
3630 3808 3782 3876 impe

2206 3916 2291 3961 rat
2314 3922 2466 3961 amor
2487 3904 2679 3959 laniis.
2716 3902 2867 3958 Unde
2906 3910 2961 3957 et
2990 3898 3147 3955 factis
3185 3900 3318 3964 suis,
3345 3900 3691 3961 ut‘diximus,
3717 3916 3794 3953 ar-

2206 3997 2378 4053 bitros
2409 3997 2685 4066 inquirunt
2713 4013 2725 4048 :
2757 3994 2801 4048 si
2828 4008 2956 4048 vero
2983 3993 3129 4062 Operi
3178 4000 3346 4045 testes
3370 3991 3564 4045 deesse
3594 3990 3794 4045 contiu-

2204 4100 2352 4160 gant,
2390 4097 2616 4143 narrant
2666 4086 2764 4155 ipsi
2817 4100 2937 4154 qua:
2989 4083 3277 4151 gesserint.
3320 4083 3569 4151 Cumque
3624 4080 3793 4135 cll’erri

2204 4180 2481 4235 favoribus
2530 4176 2814 4247 coeperint,
2884 4190 3027 4245 smpe
3089 4175 3297 4229 eisdem
3357 4175 3472 4228 suis
3523 4176 3792 4243 operibus.

2203 4286 2324 4341 qua:
2356 4268 2374 4307 ί
2408 4268 2585 4338 egiSSe
2628 4281 2685 4321 se
2715 4265 2978 4329 referunt,
3009 4265 3322 4318 mentiendo
3379 4264 3585 4331 aliquid
3618 4264 3795 4334 adjun-

2204 4366 2354 4434 gunt.
2404 4356 2539 4415 Cum
2567 4373 2699 4413 vero
2726 4368 2931 4413 etvera
2966 4357 3173 4421 dicunt,
3209 4356 3325 4410 lucc
3354 4355 3589 4410 dicendo
3627 4354 3791 4408 aliena

2206 4448 2433 4516 faciunt,
2463 4450 2589 4518 quia
2633 4450 2877 4518 quaesitis
2926 4452 2949 4488 ε
2985 4445 3352 4503 remuneratis
3395 4444 3683 4501 favoribus
3712 4448 3734 4485 ιι
3766 4462 3790 4496 a

2206 4557 2357 4605 vera,
2382 4549 2437 4595 et
2461 4540 2651 4593 intima
2681 4538 3035 4592 retributione
3083 4544 3401 4591 vacuantur.
3435 4535 3493 4588 In
3528 4550 3598 4589 eo
3636 4536 3789 4591 enim.

2208 4632 2353 4702 quod
2373 4631 2512 4686 bona
2540 4644 2633 4683 sua
2659 4627 3014 4698 patefacium,
3038 4626 3330 4681 ostendunt
3357 4624 3615 4693 malignis
3643 4626 3793 4693 Spiri-

2208 4725 2373 4787 tibus,
2401 4716 2555 4793 quasi
2579 4718 2959 4775 insidiantibus
2998 4716 3267 4779 hostibus,
3307 4730 3427 4784 qua:
3465 4714 3791 4783 prtcdentur.

2209 4809 2414 4869 Horum
2445 4827 2575 4883 ergo
2620 4811 2805 4875 vitam,
2849 4808 2939 4862 illa
2987 4806 3199 4861 cunctis
3226 4804 3511 4860 notissima
3550 4803 3793 4857 Ezechir

2210 4906 2367 4975 culpa
2419 4903 2688 4974 ﬁguravit.
2722 4902 2825 4980 Qui
2878 4908 3165 4970 postquam
3217 4912 3322 4950 una
3369 4908 3553 4965 prece,
3594 4905 3657 4948 et
3702 4892 3792 4948 sub

2209 4999 2371 5053 unius
2412 4991 2589 5051 noetis
2640 4980 2834 5065 spatio,
2887 5001 3108 5047 centum
3164 4992 3180 5031 ί
3243 4988 3793 5058 octuagintaquinqne

2210 5089 2376 5144 millia
2399 5088 2654 5151 hostium,
2672 5084 2863 5155 angelo
2889 5082 3140 5138 feriente.
3162 5080 3477 5152 prostravit,
3509 5087 3790 5152 postquam

2207 5179 2426 5235 occasui
2468 5178 2773 5249 proximum
2816 5174 2883 5228 ad
2927 5173 3127 5227 altiora
3165 5171 3286 5226 coeli
3316 5170 3488 5238 spatia
3518 5168 3695 5223 solcm
3720 5184 3789 5220 rc-

2210 5270 2400 5325 duxit:
2432 5275 2715 5337 postquam
2767 5263 2933 5317 vitam
2975 5260 3370 5332 propinquante
3405 5257 3519 5325 jam
3564 5258 3791 5310 tenam

2210 5366 2542 5415 coarctatam
2567 5356 2618 5409 in
2650 5362 2890 5423 tempOra
2925 5352 3165 5421 longiora
3193 5348 3501 5418 pt'otclavit,
3528 5347 3790 5415 susceptis

2210 5447 2519 5519 Babylonici
2574 5445 2716 5515 regis
2755 5445 2960 5497 nuntiis
2983 5444 3122 5496 bona
3160 5440 3362 5503 omnia,
3395 5454 3517 5508 qua:
3552 5438 3791 5508 posside

2284 5572 2306 5599 ο
2346 5558 2585 5628 Impetet.

2285 5630 2303 5667 τ
2342 5628 2631 5698 I’cregisse.

2285 5703 2309 5739 8
2345 5697 2681 5751 Remunerati

2283 5770 2307 5809 ὶι
2348 5770 2423 5821 Ab
2467 5784 2645 5821 eorum
2685 5767 2890 5820 intima.
2923 5764 3151 5819 Prtcstat
3177 5770 3363 5819 nostra
3392 5760 3572 5821 lectio.

2290 5841 2305 5881 ί
2344 5836 2642 5909 Octoginta.
