3906 6392
148 409 248 465 80!

807 399 1264 470 QUIESTIONES
1307 398 1451 452 XXX
1491 397 1719 453 SUPER
1759 396 2002 451 LIBROS
2043 396 2303 453 REGUM.
2346 428 2415 438 —-
2452 397 2653 451 LIBER
2682 396 2767 453 ιν.

3306 400 3414 457 802

147 527 265 590 hat,
321 521 575 586 ostendit,
606 520 699 575 sed
738 518 1021 596 Propheta:
1048 529 1181 573 voce
1208 512 1451 583 protinus
1477 510 1681 566 audivit
1712 526 1723 561 ε
1756 513 1803 573 Α
1833 507 2087 565 Dominus
2122 521 2139 558 .'
2177 506 2262 578 (II
2301 507 2428 579 Reg.
2472 525 2569 575 vn,
2612 508 2699 579 i0)
2742 508 2807 562 In
2846 508 3176 563 Hierusalem
3216 529 3408 581 ponam

150 614 284 669 Ecce
320 614 429 668 dies
457 613 683 673 veniunt,
708 620 755 662 et
794 608 1103 676 auferantur
1131 604 1305 657 omnia
1353 618 1470 673 qua:
1498 602 1551 655 in
1575 600 1729 653 domo

148 718 238 759 tua
264 714 385 760 sunt
412 704 465 758 in
490 701 833 771 Babylonem,
864 707 910 751 et
955 712 1058 749 non
1084 694 1404 763 relinquetur
1430 691 1727 762 quicquam,

140 798 271 855 dicit
325 796 597 849 Dominus.
649 790 740 845 Sic
789 789 1045 843 nimirum
1085 784 1404 855 hypocritze,
1444 790 1731 852 postquam

153 891 360 961 magnis
390 886 682 941 virtutibus
714 889 1056 943 excrescunt,
1090 878 1216 947 quia
1242 890 1436 931 cavere
1473 873 1734 944 maligno-

154 996 266 1035 rum
289 980 579 1049 spirituum
604 974 826 1028 insidias
851 971 1149 1042 negligunt,
1172 977 1227 1022 et
1248 966 1412 1028 celari
1443 966 1498 1027 in
1526 964 1733 1019 eisdem

152 1070 437 1131 virtutibus
460 1067 668 1130 uolunt,
701 1066 840 1123 bona
868 1078 963 1117 sua
1000 1060 1356 1123 ostendendo,
1397 1057 1633 1113 hostium
1658 1053 1736 1115 fa-

149 1164 317 1227 ciunt,
345 1168 401 1214 et
439 1157 731 1226 prodentes
754 1153 933 1207 subito
958 1150 1214 1205 amittunt
1245 1146 1505 1217 quidquid
1532 1144 1736 1199 diutius

149 1254 426 1310 studentes
466 1255 779 1318 operantur.
811 1244 949 1297 llinc
980 1257 1076 1312 per
1112 1239 1456 1295 Psalmistam
1485 1236 1687 1290 dicitur
1717 1251 1729 1286 :

148 1340 320 1411 (Psal.
378 1340 465 1404 77,
539 1336 626 1407 7i)
689 1334 930 1387 Tradidit
1000 1332 1054 1385 in
1112 1329 1463 1399 captivitatem
1523 1326 1735 1380 virtutes

147 1448 347 1495 eorum,
393 1438 441 1483 et
487 1423 930 1498 pulchritudinem
976 1436 1154 1474 eorum
1188 1420 1241 1471 in
1276 1433 1463 1471 manus
1511 1414 1730 1468 inimici.

153 1524 331 1576 Virtus
353 1521 570 1590 quippe,
600 1525 655 1570 et
700 1511 1045 1584 pulchritudo
1092 1508 1483 1579 arrogantium,
1528 1503 1733 1559 inimici

149 1615 397 1668 manibus
424 1610 671 1673 traditur,
702 1606 828 1675 quia
856 1618 1016 1658 omne
1046 1601 1269 1666 bonum,
1312 1597 1454 1668 quod
1481 1612 1579 1668 per
1607 1610 1735 1649 con-

150 1703 541 1773 cupiscentiam
566 1712 591 1740 ει
618 1699 837 1754 laudum
860 1694 1183 1757 ostenditur,
1214 1690 1412 1745 occulti
1436 1685 1733 1742 adversarii

148 1799 245 1852 viri
289 1795 647 1863 mancipatur.
701 1789 894 1844 Hostes
927 1798 1159 1853 namque
1188 1782 1254 1835 ad
1284 1780 1527 1848 rapinam
1559 1778 1585 1817 δ
1613 1790 1736 1846 pro-

1836 615 2021 653 nomen
2061 616 2254 653 meum.
2289 599 2355 652 Et
2380 603 2637 655 exstruxit
2684 602 2875 655 altaria
2913 604 3166 657 universae
3205 605 3411 663 militia.-

1836 688 1947 742 cceli
1972 689 2029 748 in
2068 689 2271 748 duobus
2314 691 2464 743 atriis
2501 691 2674 761 templi
2720 691 2952 745 Domini.
2986 690 3052 745 Et
3078 694 3317 748 traduxit
3346 695 3415 758 ﬁ-

1834 776 1963 839 lium
1984 793 2137 837 suum
2165 794 2258 849 per
2285 778 2497 848 ignem:
2530 788 2575 832 et
2606 780 2861 835 ariolatus
2896 791 2996 847 est,
3044 792 3091 835 et
3131 784 3415 840 observavit

1836 884 2081 938 auguria,
2104 879 2154 923 et
2182 870 2304 939 fecit
2330 882 2353 909 θ
2374 871 2643 941 phytones,
2668 881 2715 924 et
2738 874 3002 944 aruspices
3028 874 3415 945 multiplicatit,

1836 967 1892 1010 ut
1925 957 2117 1026 faceret
2147 958 2341 1012 malum
2371 976 2548 1012 coram
2581 958 2829 1027 Domino,
2858 972 2905 1014 et
2942 963 3172 1017 irritaret
3202 982 3341 1019 eum.

1902 1047 2031 1110 Hcce
2057 1064 2186 1120 ergo
2214 1050 2414 1113 omnia,
2440 1050 2491 1108 id
2506 1058 2588 1103 est
2615 1050 2728 1112 sive
2757 1053 3061 1127 auguratio.
3084 1055 3198 1115 sive
3230 1055 3416 1126 auspi-

1835 1140 2001 1206 cium,
2026 1142 2139 1196 sive
2176 1142 2427 1210 quazlibet
2465 1140 2785 1208 immolatio,
2825 1145 2937 1199 sive
2989 1148 3150 1201 etiam
3178 1149 3414 1212 sortitio.

1837 1240 1929 1286 aut
1967 1234 2274 1302 quicunque
2302 1242 2479 1289 motus
2514 1236 2711 1299 avium,
2772 1236 2857 1291 vel
2905 1239 3194 1307 pecudum,
3228 1248 3284 1294 et
3332 1241 3415 1295 in-

1837 1324 2043 1392 spectio
2072 1339 2404 1395 quacunque
2449 1325 2729 1392 librarum,
2775 1335 2869 1381 aut
2916 1328 3120 1397 aliquid
3172 1332 3313 1398 quod
3350 1333 3418 1385 de

1836 1412 2033 1469 futuris
2061 1416 2307 1470 videatur
2355 1417 2657 1481 ostendere,
2690 1418 2744 1472 in
2767 1420 3081 1486 Operatione
3112 1420 3419 1477 daemonum

1836 1504 1953 1563 ﬁeri
1981 1522 2088 1561 non
2109 1508 2313 1572 dubito,
2337 1508 2679 1577 dirigentium
2702 1510 2782 1563 vel
2808 1512 3007 1577 avium,
3030 1511 3113 1566 vel
3130 1513 3414 1581 pecudum.

1837 1598 1920 1653 vel
1954 1600 1997 1654 si
2050 1599 2306 1654 ﬁbrarum
2357 1611 2552 1669 motus,
2597 1612 2689 1657 aut
2730 1604 2959 1658 sortium
2996 1607 3293 1661 secundum
3348 1622 3411 1662 ea

1837 1691 2010 1761 signa,
2051 1706 2171 1760 qum
2193 1691 2491 1746 docuerunt
2531 1694 2689 1748 iidem
2728 1695 2999 1750 daemones
3042 1697 3320 1752 observari
3347 1698 3415 1750 ab

1838 1780 1924 1834 his
1978 1781 2173 1850 quibus
2220 1782 2355 1835 artis
2398 1782 2558 1853 hujus
2606 1784 2907 1845 scientiam,
2953 1787 3290 1840 tradiderunt
3333 1806 3343 1839 :
3392 1804 3421 1843 a

146 1896 379 1941 vocant:
409 1883 535 1955 quia
553 1895 680 1935 suas
704 1892 892 1933 eorum
917 1875 1123 1929 notitite
1148 1872 1363 1927 divitias
1391 1881 1411 1908 ο
1437 1868 1733 1923 denudant.
1767 1865 1811 1922 B
1841 1874 2039 1943 quibus
2066 1875 2315 1933 omnibus
2340 1876 2408 1940 is,
2439 1876 2530 1945 qui
2560 1877 2720 1931 homo
2760 1876 2856 1931 Dei
2886 1886 2990 1941 est,
3014 1886 3069 1931 et
3094 1880 3146 1931 in
3174 1879 3423 1947 portione

146 1976 439 2045 Quousque
485 1974 628 2028 enim
658 1972 726 2024 ab
755 1976 969 2023 aeterna:
996 1965 1184 2036 patria:
1217 1963 1509 2017 securitate
1534 1958 1736 2027 disjun-

146 2069 346 2137 gimur,
378 2064 515 2137 (per)
546 2065 597 2118 in
644 2062 916 2119 latronum
948 2056 1319 2111 insidiantium
1349 2055 1455 2111 iter
1493 2051 1735 2112 ambula-

146 2174 288 2213 mus.
311 2157 411 2225 Qui
438 2171 564 2225 ergo
592 2155 645 2208 in
670 2154 865 2207 itinere
889 2148 1186 2219 depraedari
1210 2144 1483 2206 formidat,
1506 2144 1735 2199 abscon-

144 2251 237 2303 dat
269 2264 491 2305 uecessn
518 2256 601 2302 est
631 2248 790 2307 bona,
826 2258 944 2312 qua:
978 2250 1174 2311 portat.
1205 2240 1248 2294 Ο
1281 2240 1488 2302 miseri,
1536 2240 1630 2308 qui
1657 2237 1736 2291 ai-

146 2341 414 2396 fectantes
463 2337 647 2392 laudes
693 2336 995 2397 hominum,
1028 2331 1079 2385 in
1125 2329 1433 2398 semetipsis
1474 2328 1738 2395 dissipant

145 2431 358 2486 fructus
384 2429 628 2483 laborum
654 2444 671 2481 :
698 2438 929 2491 cumque
955 2437 1012 2479 se
1035 2420 1323 2476 ostendere
1348 2418 1539 2471 alienis
1565 2416 1739 2471 oculis

146 2531 431 2593 appetunt,
480 2522 737 2593 damnant
763 2515 906 2584 quod
937 2521 1123 2583 agtmt.
1153 2512 1299 2577 Quos
1345 2508 1599 2562 nimirum
1626 2523 1739 2562 ma-

148 2613 279 2684 ligni
318 2612 560 2681 spiritus,
588 2624 712 2663 cum
742 2606 805 2660 ad
830 2604 1147 2675 jactantiam
1172 2608 1494 2671 provocant,
1523 2614 1735 2662 eorum,

147 2706 294 2759 sicut
320 2704 573 2765 diximus,
610 2714 774 2768 opera
834 2697 1170 2766 captivantes
1203 2692 1495 2747 denudant.
1544 2690 1569 2730 ἀ
1603 2690 1739 2744 Hinc

148 2806 230 2853 est
250 2796 420 2862 enim,
445 2795 587 2864 quod
612 2808 707 2863 per
730 2789 1079 2861 Evangelium
1101 2787 1300 2843 veritas
1324 2785 1453 2839 dicit
1479 2802 1490 2837 :
1519 2783 1735 2852 (Matth.

154 2905 229 2952 v1,
280 2888 337 2958 5)
382 2886 597 2940 Nesciat
634 2883 847 2937 sinistra
886 2890 975 2933 tua
1001 2879 1127 2949 quid
1167 2877 1328 2946 faciat
1372 2877 1587 2929 dextera
1626 2884 1737 2935 tua,

149 2990 203 3031 ut
227 2979 297 3031 sit
320 2975 647 3044 eleemosyna
674 2984 764 3026 tua
786 2972 841 3024 in
883 2968 1207 3032 abscondito,
1234 2977 1280 3020 et
1306 2976 1453 3035 pater
1479 2975 1620 3027 tuus,
1653 2964 1743 3033 qui

148 3068 285 3130 videt
341 3068 398 3120 in
439 3064 764 3127 abscondito,
818 3062 994 3115 reddet
1043 3060 1154 3112 tibi.
1203 3059 1247 3113 Η
1273 3074 1339 3113 nc
1368 3066 1473 3122 est,
1506 3057 1649 3127 quod
1679 3056 1745 3110 de

149 3160 448 3214 electorum
492 3155 733 3213 Ecclesia
784 3169 878 3223 per
922 3150 1264 3207 Psalmistam
1310 3149 1511 3203 dicitur
1558 3165 1571 3201 :
1616 3146 1737 3215 (44,

151 3251 240 3322 id)
294 3250 480 3303 Omnis
536 3246 705 3317 gloria
748 3246 862 3315 ejus
914 3243 1041 3313 ﬁlia:
1100 3243 1235 3316 regis
1285 3240 1350 3302 ab
1392 3240 1551 3299 intus.
1606 3237 1741 3291 llinc

148 3338 353 3394 Paulus
397 3339 473 3392 ait
505 3356 516 3390 :
550 3336 635 3409 (II
665 3335 843 3390 Corin.
878 3352 917 3399 ι,
952 3334 1041 3403 12)
1070 3330 1253 3386 Gloria
1285 3339 1463 3391 nostra
1490 3331 1601 3387 haec
1642 3339 1738 3393 est,

150 3430 507 3485 testimonium
537 3427 865 3481 conscientia:
908 3435 1119 3479 nostra.
1160 3423 1296 3477 Filia
1331 3422 1527 3492 quippe
1555 3437 1739 3491 regum

150 3519 419 3583 Ecclesia,
454 3532 575 3587 qua:
606 3518 659 3571 in
696 3519 838 3572 bono
877 3523 961 3570 est
988 3531 1153 3585 opere
1194 3513 1559 3584 spiritualium
1588 3514 1739 3583 prin-

155 3613 339 3681 cipum
370 3610 753 3679 praedicatione
798 3616 1080 3678 generata,
1110 3606 1344 3681 gloriam
1378 3606 1525 3659 intus
1570 3606 1736 3660 habet

150 3704 276 3773 quia
330 3704 436 3757 hoc
469 3702 611 3770 quod
650 3702 782 3772 agit,
828 3702 881 3754 in
926 3699 1307 3754 ostentationis
1342 3698 1605 3767 jactantia
1636 3713 1742 3752 non

152 3796 337 3849 habet.
372 3792 613 3848 Gloriam
638 3808 790 3847 suam
834 3792 1033 3849 Paulus
1065 3791 1433 3847 testimonium
1464 3788 1746 3843 conscien-

154 3888 240 3941 tia:
275 3892 569 3948 memorat,
601 3885 725 3953 quia
756 3884 884 3937 dum
929 3882 1142 3937 favores
1172 3882 1284 3936 oris
1324 3879 1487 3934 alieni
1516 3894 1621 3933 non
1653 3894 1743 3947 ap-

151 3977 309 4045 petit,
358 3976 485 4029 vitm
533 3990 643 4028 suae
700 3974 890 4043 gaudia
936 3981 1091 4027 extra
1146 3972 1496 4039 semetipsum
1544 3984 1747 4038 ponere

154 4068 391 4138 ignorat.
446 4065 776 4121 Occultauda
819 4072 945 4120 sunt
971 4078 1100 4133 ergo
1127 4078 1245 4131 quae
1274 4063 1504 4131 agimus,
1540 4078 1605 4116 ne
1630 4063 1748 4118 ιιωο

151 4161 205 4213 in
237 4158 408 4227 hujus
440 4157 565 4210 vitae
593 4158 787 4210 itinere
822 4157 1041 4209 incaute
1073 4163 1377 4223 portantes,
1422 4153 1749 4208 latrocinan-

153 4250 289 4305 tium
316 4250 607 4320 spirituum
638 4248 948 4301 incursione
978 4246 1285 4317 perdamus.
1336 4266 1354 4299 ι

222 4360 343 4431 (21,
390 4359 463 4430 l.)
497 4357 785 4415 Duodecim
823 4372 1085 4410 annorum
1137 4365 1250 4407 erat
1302 4354 1572 4408 Manasses
1632 4371 1747 4411 cum

154 4468 382 4523 regnare
423 4451 674 4518 coepisset,
708 4460 755 4501 et
784 4447 1160 4517 quinquaginta
1198 4446 1425 4514 quinque
1478 4446 1628 4498 annis
1678 4462 1755 4497 re—

1839 1960 1934 2016 Dei
1963 1972 2299 2028 numeratur,
2330 1965 2545 2033 penitus
2571 1967 2729 2019 debet
2758 1980 2877 2024 esse
2924 1966 3133 2021 alienus
3161 1986 3171 2020 :
3206 1982 3305 2023 nec
3326 1968 3422 2023 ali-

1838 2053 1965 2122 quid
1990 2054 2042 2107 in
2078 2054 2161 2108 his
2190 2054 2392 2109 habere
2415 2071 2718 2117 commune,
2753 2073 2871 2126 qua:
2900 2058 3128 2112 occultis
3159 2059 3423 2113 machinis

1838 2145 2111 2199 daemones
2131 2156 2443 2214 cperantur,
2474 2163 2541 2201 ne
2569 2149 2707 2203 forte
2750 2164 2939 2202 rursus
2968 2163 3064 2217 per
3083 2148 3199 2204 hmo
3226 2150 3424 2204 daemo-

1838 2235 1995 2289 nibus
2040 2237 2295 2300 societur,
2336 2245 2496 2304 atque
2545 2253 2731 2291 eorum
2783 2238 2976 2306 spiritu
3003 2246 3058 2291 et
3104 2239 3308 2293 virtute
3336 2253 3423 2293 re-

1840 2326 2069 2395 pleatur,
2118 2335 2171 2381 et
2219 2329 2285 2381 ad
2320 2329 2585 2382 idolorum
2614 2329 2817 2382 cultum
2854 2330 3027 2387 denuo
3066 2330 3084 2368 τ
3118 2341 3421 2401 reparetur.

1911 2418 2041 2476 Post
2094 2419 2367 2489 aliquanta
2434 2420 2585 2489 (Cap.
2649 2436 2779 2482 χχιι,
2842 2422 2929 2493 id)
3000 2422 3221 2489 dicitur,
3283 2426 3425 2493 quod

1838 2510 2037 2568 miserit
2100 2508 2280 2563 Josias
2336 2512 2545 2563 nuntios
2604 2512 2672 2563 ad
2736 2510 2966 2564 Holdam
3022 2514 3422 2582 prophetissam,

1840 2615 2054 2652 uxorem
2108 2598 2330 2663 Selium,
2379 2616 2496 2669 qua:
2554 2600 2821 2653 habitabat
2869 2603 2925 2654 in
2983 2601 3315 2657 Hierusalem
3370 2606 3425 2657 in

1842 2687 2085 2743 Secunda
2115 2698 2337 2759 propter
2378 2690 2573 2745 librum
2605 2691 2737 2759 legis
2775 2691 2991 2756 divinae,
3035 2694 3127 2762 qui
3175 2694 3426 2753 inventus

1842 2781 2038 2837 fuerat.

1920 2893 1937 2924 ι
1979 2876 2163 2949 κρυῑά
2190 2879 2294 2940 hoc
2345 2879 2435 2943 sit,
2491 2882 2633 2949 quod
2663 2882 2812 2946 dicit,
2848 2883 2989 2953 quod
3030 2884 3352 2944 habitaverit
3372 2885 3426 2939 in

1845 2965 2091 3023 Secunda
2143 2986 2157 3021 :
2208 2970 2260 3024 in
2308 2973 2571 3041 superiori
2595 2980 2745 3042 parte
2773 2976 2797 3013 ιι
2830 2976 2954 3031 libri
2985 2975 3143 3044 hujus
3170 2977 3429 3031 scribitur

1845 3058 1910 3113 de
1940 3058 2083 3129 Rege
2111 3059 2362 3126 Ezechia,
2395 3062 2673 3131 a'diﬁcavit
2700 3082 2921 3135 quoque,
2956 3083 3113 3137 agens
3148 3066 3425 3134 industrie,

1845 3169 2049 3207 omnem
2092 3170 2327 3221 murum,
2380 3158 2469 3225 qui
2497 3157 2670 3224 fuerat
2721 3157 3025 3228 dissipatus.
3062 3159 3130 3212 Et
3168 3160 3427 3216 exstruxit

1846 3253 2014 3298 turres
2060 3244 2298 3314 desuper,
2344 3256 2391 3299 et
2447 3247 2736 3315 forinsecus
2776 3249 3000 3303 alterum
3047 3268 3278 3305 murum.
3314 3253 3423 3308 Me-

1845 3333 2003 3386 minit
2043 3332 2201 3401 hujus
2230 3334 2333 3389 loci
2384 3335 2685 3404 Sophonias
2740 3339 2925 3393 dicens
2958 3357 2969 3391 :
3002 3332 3153 3411 (Cap.
3188 3356 3225 3405 ι,
3257 3358 3302 3395 υ.
3337 3341 3425 3411 i0)

1855 3419 1968 3479 Vox
1993 3422 2238 3477 clamoris
2271 3424 2339 3477 ad
2380 3435 2583 3493 portam
2630 3429 2872 3495 piscium,
2908 3437 2957 3481 et
2986 3428 3220 3484 ululatus
3243 3432 3313 3484 ad
3335 3430 3428 3487 Se—

1845 3514 2071 3568 cundam
2101 3528 2119 3564 :
2146 3531 2244 3584 pro
2270 3531 2374 3585 qua
2411 3525 2563 3571 vetus
2610 3518 2780 3572 editio
2829 3520 2981 3588 quasi
3011 3522 3289 3591 proprium
3334 3540 3429 3581 no-

1847 3617 1967 3655 men
2024 3602 2123 3656 loci
2178 3604 2448 3658 transtulit
2498 3606 2549 3658 in
2610 3608 2623 3645 ί
2693 3606 2931 3662 Masana.
2985 3608 3201 3664 Masana
3233 3613 3429 3684 quippe

1848 3700 2237 3769 interpretatur
2283 3700 2547 3756 Secunda.
2580 3702 2731 3768 Quod
2759 3720 2887 3776 ergo
2916 3705 3114 3761 dicitur
3148 3709 3263 3763 haec
3304 3724 3429 3777 pro-

1846 3789 2081 3857 phetissa
2140 3791 2412 3846 habitasse
2471 3794 2522 3845 in
2564 3792 2812 3848 Secunda
2866 3814 2877 3847 :
2921 3796 2978 3849 in
3021 3798 3241 3851 secundi
3290 3800 3427 3861 muri

1850 3880 2039 3936 oartei
2083 3881 2385 3950 intelligere
2415 3882 2689 3941 debemus.
2739 3904 2757 3934 υ

1920 3980 2027 4051 (IV
2057 3980 2180 4050 llcg.
2232 3997 2369 4045 xxn,
2400 3982 2513 4051 18.)
2547 3980 2675 4051 Regi
2727 3993 2901 4035 autem
2946 3982 3113 4049 Juda,
3156 3984 3251 4054 qui
3290 3986 3431 4038 misit

1852 4089 1958 4135 vos,
1989 4081 2045 4125 ut
2069 4072 2403 4131 consuleretis
2440 4072 2741 4136 Dominum,
2771 4075 2846 4125 sic
2892 4073 3075 4127 dicetis
3103 4091 3121 4127 :
3152 4074 3281 4128 Htec
3306 4076 3433 4130 dicit

1852 4171 2106 4225 Dominus
2126 4170 2268 4225 Deus
2292 4170 2463 4223 Israel
2491 4183 2508 4219 .·
2545 4168 2651 4223 Pro
2678 4188 2735 4223 eo
2771 4172 2909 4240 quod
2946 4172 3140 4224 audisti
3170 4172 3321 4225 verba
3349 4188 3433 4225 oo-

1853 4260 2085 4325 luminis,
2112 4270 2161 4314 et
2197 4263 2528 4331 perterritum
2563 4271 2637 4315 est
2661 4278 2748 4313 cor
2772 4272 2940 4326 tuum,
2974 4271 3020 4314 et
3050 4262 3357 4317 humiliatus
3380 4280 3431 4317 es

1854 4370 2028 4406 coram
2075 4354 2323 4419 Domino,
2347 4353 2539 4417 auditis
2572 4354 2895 4406 sermonibus
2941 4364 3124 4407 contra
3151 4356 3322 4407 locum
3356 4356 3429 4409 is?

1856 4452 1985 4506 tum,
2018 4452 2064 4496 et
2094 4442 2407 4495 habitatores
2435 4443 2569 4511 ejus,
2603 4442 2741 4512 quod
2777 4442 3010 4494 videlicet
3035 4442 3218 4509 ﬁerent
3247 4444 3301 4496 in
3320 4454 3432 4498 stu-

154 4542 332 4611 gnavit
366 4541 421 4593 in
470 4536 825 4595 Hierusalem.
861 4534 1108 4604 Fecitque
1147 4534 1346 4587 malum
1392 4534 1445 4586 in
1476 4545 1751 4604 conspectu
1778 4548 1830 4606 D
1855 4550 2049 4603 parem,
2077 4543 2123 4586 et
2144 4535 2197 4586 in
2222 4533 2557 4586 maledictum
2582 4572 2593 4583 .
2628 4543 2673 4586 et
2690 4534 2891 4585 scidisti
2917 4534 3217 4587 vestimenta
3242 4544 3357 4599 tua,
3383 4547 3432 4589 et

153 4630 552 4698 Dominijuxta
588 4626 731 4680 idola
772 4626 1025 4695 gentium,
1061 4641 1191 4695 quas
1223 4622 1409 4683 delevit
1439 4624 1691 4679 Dominus
1720 4644 1752 4679 a

154 4722 293 4791 facie
336 4718 573 4787 ﬁliorum
601 4715 787 4769 Israel.
820 4714 1211 4784 Conversusque
1252 4723 1347 4776 est,
1376 4723 1422 4766 et
1471 4715 1752 4781 a’diﬁcavit

155 4810 391 4873 excelsa,
440 4824 559 4877 qua:
596 4808 938 4874 dissipaverat
985 4804 1241 4861 Ezechias
1288 4813 1436 4873 pater
1485 4804 1601 4873 ejus
1645 4818 1662 4855 :
1707 4815 1754 4859 et

156 4904 324 4956 erexit
347 4916 475 4953 aras
499 4897 652 4959 Baal,
679 4907 724 4949 et
750 4897 870 4964 fecit
895 4896 1064 4960 lucos,
1083 4898 1217 4948 sicut
1241 4897 1439 4965 fecerat
1459 4896 1634 4949 Achab
1663 4913 1756 4950 rex

159 4990 361 5055 Israel,
404 5000 453 5043 et
495 4988 737 5041 adorabit
783 5004 991 5047 omnem,
1028 4985 1272 5039 militiam
1320 4984 1452 5050 caeli,
1512 4996 1560 5038 et
1594 4984 1753 5040 coluit

158 5096 297 5134 eam.
332 5077 407 5131 Et
434 5076 693 5133 exstruxit
723 5090 843 5133 aras
874 5075 924 5126 in
953 5074 1107 5127 domo
1134 5073 1369 5136 Domini,
1398 5074 1462 5126 de
1494 5091 1597 5143 qua
1622 5073 1755 5128 dixit

233 5289 258 5317 I
291 5273 523 5329 Laudis.

234 5347 262 5385 δ
296 5345 586 5397 Provocat.

237 5427 259 5454 ε
299 5413 412 5478 Qui
440 5411 691 5465 denudat.

234 5486 261 5525 ά
296 5481 486 5537 Multis
516 5482 812 5549 interjectis
842 5481 989 5534 addit
1040 5480 1441 5549 subsequentia.
1495 5481 1671 5549 Atque
1695 5496 1761 5534 ex

170 5560 273 5613 hoc
304 5553 531 5623 quidem
546 5551 677 5623 loco
704 5559 916 5623 constat
938 5550 1220 5605 Claudium
1245 5551 1401 5620 plane
1428 5552 1577 5618 sequi
1604 5550 1762 5604 Pate-

170 5621 340 5685 rium;
368 5622 466 5691 qui
508 5621 559 5674 id
586 5622 759 5689 ipsum
784 5622 910 5691 agit.

244 5711 267 5738 ο
302 5695 607 5749 Pvthones.

244 5711 267 5738 ⁸
303 5706 607 5746 Ρνιιιοηθε.

248 5711 267 5738 ι
302 5709 607 5763 rytuones.

248 5768 266 5807 τ
303 5762 624 5833 Legendum
654 5759 887 5833 arbitror
922 5762 1237 5833 retrahatur.

230 5840 275 5880 τ
292 5830 730 5903 Explicationezn
750 5832 848 5885 loci
875 5831 1033 5894 hujus
1048 5832 1186 5885 Beda
1210 5830 1443 5894 exhibet,
1464 5839 1652 5898 qtnest.
1679 5831 1767 5885 ﬁt}.

1856 4626 2039 4693 ﬂeuisti
2085 4641 2263 4677 coram
2313 4640 2415 4687 me,
2473 4631 2520 4676 et
2571 4638 2661 4692 ego
2714 4623 2912 4687 audivi,
2950 4622 3073 4675 dicit
3132 4622 3430 4677 Dominus:

1857 4713 2061 4766 Idcirco
2109 4712 2349 4781 colligam
2398 4723 2446 4765 te
2500 4713 2572 4765 ad
2604 4721 2777 4782 patres
2808 4724 2953 4777 tuos,
2986 4723 3034 4767 et
3063 4712 3322 4783 colligeris
3365 4716 3434 4768 ad

1854 4802 2146 4872 sepulcrum
2194 4812 2341 4854 tuum
2382 4804 2438 4854 in
2489 4819 2635 4871 pace,
2683 4811 2738 4855 ut
2784 4820 2885 4857 non
2938 4804 3142 4857 videant
3174 4804 3313 4856 oculi
3356 4807 3435 4859 tui

1857 4892 2031 4944 omnia
2056 4892 2216 4955 mala,
2239 4908 2355 4961 quae
2376 4892 2685 4945 inducturus
2705 4909 2820 4945 sum
2844 4910 2997 4962 super
3016 4892 3187 4946 locum
3211 4894 3367 4947 istaut
3386 4896 3433 4948 li.

1938 5002 1955 5031 ι
1999 4983 2245 5036 Territus
2274 4984 2377 5037 iste
2407 4983 2501 5037 Dei
2551 4984 3061 5037 comminationibus
3110 4982 3346 5047 ﬂeverat,
3382 4994 3437 5039 et

1864 5089 1960 5127 sua
1994 5075 2314 5129 vestimenta
2340 5074 2698 5133 consciderat.
2726 5080 2779 5127 et
2810 5074 2869 5127 tit
2898 5074 3138 5127 omnium
3174 5073 3434 5128 nialorum

1940 5275 1966 5312 δ
1998 5275 2051 5329 id
2066 5283 2150 5330 est
2176 5277 2236 5329 ll.
2262 5279 2418 5331 Para.
2449 5277 2538 5339 '52,
2567 5277 2619 5329 5.
2654 5276 2720 5328 Et
2749 5289 2937 5328 revera
2964 5274 3206 5337 Beda,ex
3227 5287 3354 5341 quo,
3381 5281 3435 5326 ut

1870 5344 2121 5415 diximus,
2180 5348 2475 5415 desumpsit
2519 5346 2794 5408 Claudius,
2845 5345 2960 5415 haec
2987 5345 3161 5405 habet,
3207 5346 3261 5415 in
3309 5342 3439 5395 libro

1872 5413 2314 5484 Paralipomenon
2337 5413 2651 5481 declaratur,
2687 5416 2775 5471 ubi
2813 5414 3073 5483 scriptum
3099 5423 3180 5469 est
3209 5414 3274 5468 de
3306 5426 3435 5480 pne»

1870 5482 1979 5537 fato
2010 5482 2153 5554 Rege
2182 5486 2426 5542 Ezechia.

1947 5556 1961 5594 ί
2006 5554 2058 5607 Ill
2066 5573 2243 5610 asena.

1944 5622 1956 5673 i
1996 5625 2251 5695 Intellige.

1947 5696 1971 5733 ι
2000 5695 2128 5761 Qua:
2158 5705 2458 5765 sequuntur
2506 5696 2725 5751 tradidit
2766 5696 3096 5765 Angusttuus
3123 5710 3271 5749 num.
3308 5695 3370 5749 16
3395 5711 3436 5749 θ’

1876 5780 2023 5835 seqq.
2073 5764 2249 5836 capp.’
2277 5767 2359 5820 15.
2393 5774 2448 5821 et
2492 5782 2643 5835 seqq.
2671 5766 2789 5819 lilzri
2820 5764 2883 5822 de
2923 5764 3064 5821 Cura
3099 5776 3442 5821 mortuorum.
