3906 6370
474 326 579 386 805

1544 323 1819 382 CLAUDII
1859 322 2322 381 TAURINENSIS
2355 323 2662 382 EPISCOPl

3655 332 3756 387 εῡι

475 440 782 497 futurorum
816 437 884 492 de
928 446 1229 508 praeparata
1281 444 1456 493 morte
1501 453 1745 505 securus,
1795 440 1925 510 quid
1983 440 2059 495 ita
2087 443 2136 502 Α
2166 439 2426 494 tulerunt.
2455 439 2690 496 Possunt
2727 440 2894 494 etiam
2921 442 3144 511 spiritus
3171 452 3521 497 mortuorum
3559 444 3760 512 aliqua,

475 530 822 601 requieturus
843 537 988 584 esset
1017 529 1072 583 in
1099 544 1254 598 pace,
1293 538 1355 582 ut
1375 529 1464 584 illa
1491 531 1672 586 omnia
1699 547 1807 586 non
1830 531 2057 587 videret.

473 617 551 674 lbi
573 633 705 689 ergo
727 626 854 673 sunt
896 617 1122 688 spiritus
1151 617 1554 685 defunctorum,
1601 620 1693 675 ubi
1731 636 1840 676 non
1872 621 2062 676 vident

473 725 808 781 quaecunque
852 718 1106 781 aguntur,
1147 720 1242 764 aut
1268 712 1525 766 eveniunt
1557 712 1611 766 in
1651 712 1752 767 ista
1777 712 1887 766 vita
1912 724 1938 752 ι
1967 711 2063 766 bo-

472 805 702 862 iniuum.
725 805 1009 873 Quomodo
1031 821 1161 875 ergo
1182 807 1366 862 vident
1389 808 1626 864 tumulos
1651 825 1798 873 suos,
1831 817 1924 864 aut
1943 825 2064 865 cor-

471 912 607 969 pora
659 913 775 962 sua,
804 906 988 955 utrum
1016 899 1226 969 abjecta
1260 899 1498 969 jaceant,
1555 915 1624 954 an
1657 901 1903 971 sepulta?
1923 898 2072 970 quo-‘

473 988 637 1043 modo
667 987 938 1042 intersunt
966 988 1200 1043 miseriae
1231 990 1498 1055 vivorum,
1527 1006 1650 1045 cum
1700 991 1786 1046 vel
1831 1007 1926 1046 sua
1962 992 2066 1062 ipsi

473 1077 617 1135 mala
643 1079 942 1149 patiantur,
971 1079 1016 1134 si
1047 1079 1172 1133 talia
1207 1081 1402 1134 merita
1431 1089 1859 1138 contraxerunt:
1891 1081 1977 1136 vel
2010 1083 2065 1137 in

473 1181 610 1238 pace
646 1167 1009 1236 requiescant,
1053 1168 1195 1222 sicut
1218 1169 1346 1224 huic
1391 1168 1552 1224 Josiaa
1599 1170 1926 1240 promissum
1957 1178 2064 1236 est,

474 1259 568 1314 ubi
593 1258 736 1313 mala
771 1258 940 1325 nulla,
971 1274 1073 1314 nec
1100 1259 1375 1329 patiendo,
1409 1276 1511 1316 nec
1542 1261 1920 1332 compatiendo
1948 1276 2068 1316 sus-

475 1353 709 1417 tineant,
729 1352 943 1408 liberati
976 1353 1045 1407 ab
1078 1352 1330 1408 omnibus
1355 1353 1533 1419 malis,
1566 1368 1686 1423 qua:
1713 1354 1968 1423 patiendo
2012 1361 2069 1408 et

474 1441 876 1512 oompatiendo,
900 1456 1023 1497 cum
1047 1441 1136 1495 hic
1163 1442 1423 1504 viverent,
1455 1442 1832 1496 sustinebant?
1861 1441 2069 1496 Dixerit

476 1530 675 1600 aliquis
706 1549 718 1584 :
750 1529 809 1585 Si
839 1531 984 1585 nulla
1025 1539 1112 1586 est
1142 1532 1376 1586 mortuis
1398 1547 1532 1587 cura
1557 1533 1625 1588 de
1654 1533 1813 1596 vivis,
1843 1548 2070 1602 quomo-

475 1622 547 1678 do
584 1621 676 1676 ille
703 1621 853 1676 dives
878 1621 1031 1693 (Luc.
1055 1638 1169 1686 xvi,
1196 1621 1311 1693 27),
1341 1623 1435 1692 qui
1458 1623 1598 1694 apud
1628 1622 1832 1678 inferos
1852 1632 2071 1693 torque-

475 1711 657 1776 batur,
692 1711 919 1782 rogabat
940 1711 1216 1766 Abraham
1258 1722 1492 1783 patrem,
1521 1722 1580 1770 ut
1598 1716 1778 1771 mittat
1799 1715 2067 1770 Lazarum

2164 544 2284 598 qua:
2309 530 2395 584 hic
2421 538 2677 600 aguntur,
2705 545 2826 601 quae
2860 533 3224 586 necessarium
3255 541 3338 587 est
3368 548 3469 587 eos
3497 548 3678 599 nosse,
3707 546 3766 590 et

2163 635 2300 690 quos
2342 621 2708 676 necessarium
2739 630 2826 680 est
2866 639 2930 676 ea
2959 637 3142 690 nosse,
3172 638 3282 676 non
3312 623 3494 678 solum
3523 640 3764 694 prasen-

2162 716 2260 779 tia,
2288 714 2370 769 vel
2398 715 2692 785 prmterita,
2742 729 2932 769 verum
2966 716 3132 769 etiam
3181 713 3382 778 futura,
3439 716 3639 784 spiritu
3669 716 3765 770 Dei

2164 804 2461 869 revelante,
2509 817 2860 876 cognoscere.
2915 803 3068 861 Sicut
3104 821 3211 859 non
3248 820 3445 860 omnes
3489 806 3765 868 homines,

2165 897 2261 952 sed
2287 898 2582 967 prepbetae,
2624 897 2750 950 dum
2797 895 2888 951 hic
2910 896 3171 958 viverent,
3205 897 3634 966 cognoscebant,
3669 912 3770 951 nec
3871 963 3873 972 ι

2166 989 2267 1059 ipsi
2293 988 2496 1053 omnia,
2527 987 2624 1044 sed
2642 1002 2762 1054 quae
2790 987 2897 1041 illis
2931 1001 3052 1041 esse
3095 985 3408 1050 revelanda,
3451 985 3549 1040 Dei
3586 986 3769 1055 provi-

2166 1079 2349 1136 dentia
2391 1077 2692 1150 judicabat.
2737 1077 2874 1131 Mitti
2907 1091 3121 1146 quoque
3147 1077 3215 1132 ad
3255 1077 3410 1136 vivos
3450 1076 3670 1146 aliquos
3698 1091 3768 1130 ex

2167 1171 2415 1234 mortuis,
2456 1171 2651 1225 sicute
2699 1169 2979 1223 contrario
3030 1167 3113 1240 (II
3161 1167 3345 1223 Cor-in.
3389 1185 3492 1232 xu,
3533 1167 3594 1239 2)
3630 1167 3771 1222 Pau-

2166 1263 2249 1318 lus
2270 1277 2336 1319 ex
2365 1262 2504 1316 vivis
2528 1260 2583 1315 in
2613 1260 2926 1329 paradisum
2959 1269 3144 1329 raptus
3173 1268 3277 1324 est,
3305 1260 3490 1315 divina
3518 1259 3773 1329 Scriptu-

2169 1369 2227 1408 ra
2254 1360 2509 1408 testatur.
2541 1350 2677 1406 Nam
2707 1349 2790 1422 (ll
2831 1350 2960 1420 Reg.
2995 1366 3188 1416 xxvm,
3221 1349 3333 1421 15.)
3367 1349 3598 1404 Samuel
3645 1364 3772 1420 pro-

2166 1445 2327 1514 pheta
2356 1443 2640 1499 defunctus
2675 1443 2695 1482 ι
2737 1443 2859 1498 vivo
2888 1443 3000 1514 regi
3043 1441 3193 1497 Sauli
3223 1443 3388 1497 etiam
3423 1441 3612 1495 futura
3636 1455 3772 1510 pra-

2167 1534 2324 1589 dixit.
2383 1534 2642 1600 Quamvis
2713 1533 2978 1598 nonnulli,
3033 1548 3140 1588 non
3190 1533 3370 1603 ipsum
3427 1529 3628 1596 fuisse,
3679 1532 3772 1600 qui

2167 1628 2433 1701 potuisset
2467 1627 2693 1698 magicis
2721 1626 2931 1681 artibus
2949 1625 3186 1689 evocari,
3227 1625 3322 1679 sed
3345 1625 3585 1693 aliquem
3617 1624 3774 1693 spiri-

2169 1726 2285 1772 tum
2315 1725 2424 1770 tam
2461 1716 2618 1771 malis
2661 1717 2918 1785 operibus
2943 1724 3355 1785 congruentem,
3386 1715 3536 1769 illius
3580 1715 3778 1769 existi-

477 1803 545 1858 ad
570 1801 810 1870 quinque
853 1800 1055 1856 fratres
1088 1818 1213 1858 suos
1244 1804 1481 1859 nondum
1513 1814 1772 1869 mortuos,
1807 1813 1863 1860 et
1889 1806 1918 1846 ι)
1948 1813 2074 1876 agat
2101 1797 2149 1855 B
2177 1816 2328 1863 ment
2363 1808 2772 1863 similitudinem
2803 1807 3085 1876 ﬁgurasse.
3134 1827 3152 1858 ι
3186 1805 3312 1860 Haec
3339 1821 3438 1876 per
3481 1820 3774 1860 excessum

477 1908 601 1948 cum
642 1894 743 1959 eis,
773 1910 840 1950 ne
875 1905 897 1933 ε
930 1894 1152 1948 veniant
1192 1903 1248 1950 et
1277 1896 1378 1964 ipsi
1401 1896 1454 1950 in
1483 1897 1733 1951 eumdem
1765 1905 2069 1952 tormento-

477 1999 602 2039 rum
641 1982 854 2038 locum?
892 1981 1001 2038 Sed
1032 1985 1274 2053 nunquid
1314 1986 1442 2054 quia
1470 1986 1573 2041 hoc
1610 1986 1698 2041 ille
1721 1987 1874 2042 dives
1911 1988 2069 2053 dixit,

481 2074 621 2138 ideo,
649 2073 780 2142 quid
820 2072 1022 2128 fratres
1064 2083 1307 2144 agerent,
1341 2075 1426 2129 vel
1461 2075 1591 2147 quid
1614 2085 1949 2146 paterentur,
1979 2076 2071 2131 illo

478 2177 747 2234 tempore,
779 2164 974 2220 scivit?
1005 2164 1081 2218 lta
1121 2163 1196 2219 illi
1237 2163 1339 2218 fuit
1367 2180 1496 2220 cura
1533 2166 1600 2220 de
1631 2166 1789 2231 vivis,
1823 2169 2072 2236 quamvis

477 2255 609 2326 quid
632 2263 878 2327 agerent,
923 2255 1147 2311 omnino
1197 2255 1454 2320 nesciret,
1483 2255 1941 2324 quemadmodum
1987 2265 2074 2313 est

478 2348 638 2406 nobis
682 2363 816 2402 cura
845 2346 912 2402 de
941 2346 1194 2412 mortuis,
1226 2349 1476 2416 quamvis
1505 2347 1634 2418 quid
1672 2357 1838 2418 agant
1883 2349 2073 2419 utique

479 2438 809 2494 nesciamus.
839 2435 974 2490 Nam
1005 2437 1050 2491 si
1072 2435 1208 2490 nihil
1233 2437 1300 2492 de
1328 2439 1558 2492 mortuis
1587 2453 1930 2503 curaremus,
1965 2453 2073 2493 non

481 2531 669 2600 utique
698 2544 797 2599 pro
841 2528 947 2584 illis
990 2527 1102 2586 Deo
1153 2527 1601 2599 supplicaremus.
1634 2529 1878 2600 Denique
1901 2531 2074 2585 Abra-

479 2621 634 2687 ham,
656 2636 758 2676 nec
788 2620 1054 2676 Lazarum
1100 2620 1268 2685 misit,
1317 2628 1372 2676 et
1417 2621 1637 2692 Moysen
1683 2623 2075 2695 ac-prophetas

481 2711 572 2769 hic
594 2726 688 2769 eos
709 2711 912 2765 habere
934 2710 1235 2779 respondit,
1255 2725 1392 2778 quos
1419 2712 1606 2767 audire
1635 2713 1916 2778 deberent,
1935 2714 2073 2768 utad

487 2804 579 2862 illa
600 2803 862 2876 supplicia
887 2816 994 2857 non
1015 2803 1284 2857 venirent.
1317 2803 1418 2858 Ubi
1449 2819 1640 2860 rursus
1670 2805 1910 2860 occurrit
1942 2820 2075 2875 quo-

483 2896 645 2952 modo
671 2896 802 2966 quid
825 2895 914 2949 hic
948 2904 1203 2965 ageretur
1230 2894 1505 2949 Abraham
1549 2903 1707 2966 pater
1736 2895 1849 2967 ipse
1873 2897 2079 2952 nescie-

483 2987 598 3053 bat,
630 2987 722 3043 ubi
770 2986 978 3047 sciebat
1019 3000 1140 3041 esse
1173 2985 1417 3057 Moysen,
1473 2994 1528 3040 et
1557 2986 1873 3058 Prophetas,
1909 2989 1964 3043 id
1993 2998 2079 3044 est

483 3076 656 3137 libros
697 3091 907 3142 eorum,
935 3077 1134 3146 quibus
1159 3077 1409 3132 homines
1432 3076 1758 3144 obediendo,
1802 3089 2075 3135 tormenta

483 3168 696 3227 inferna
740 3169 995 3230 vitarent,
1027 3167 1272 3238 Denique
1300 3177 1529 3224 noverat
1580 3169 1803 3225 divitem
1830 3170 1984 3230 illum
2014 3170 2070 3232 in

484 3259 716 3324 deliciis,
783 3274 1075 3330 pauperem
1120 3275 1250 3314 vero
1302 3259 1572 3314 Lazarum
1632 3260 1688 3315 in
1740 3260 2070 3318 laboribus‘l

487 3351 710 3406 vixisse.
741 3349 874 3405 Nam
897 3359 952 3403 et
976 3351 1079 3404 hoc
1104 3349 1181 3402 illi
1201 3349 1276 3403 ait
1303 3367 1316 3402 :
1351 3349 1516 3420 (lbid.
1546 3349 1638 3421 25)
1662 3350 1945 3417 Memento,
1971 3351 2071 3421 ﬁli,

483 3442 610 3515 quia
637 3440 868 3507 recepisti
901 3440 1036 3495 bona
1062 3441 1118 3492 in
1145 3440 1249 3493 vita
1279 3451 1371 3492 tua
1402 3453 1420 3490 .'
1450 3439 1688 3498 Lazarus
1715 3451 1888 3496 autem
1911 3441 2071 3497 mala.

488 3531 709 3591 Sciebat
732 3546 866 3600 ergo
889 3531 1027 3594 bzec,
1049 3546 1170 3599 qua:
1196 3531 1383 3600 utique
1414 3531 1556 3600 apud
1596 3532 1769 3597 vivos,
1803 3547 1910 3586 non
1935 3534 2076 3599 apud

489 3634 753 3688 mortuos,
779 3631 931 3693 gesta
977 3621 1219 3677 fuerunt.
1244 3623 1467 3689 Verum,
1499 3637 1605 3677 non
1634 3639 1757 3678 cum
1787 3634 2080 3695 agerentur

486 3718 540 3776 iu
571 3717 730 3780 vivis,
777 3716 878 3772 sed
902 3731 1030 3768 cum
1069 3716 1149 3770 eis
1192 3717 1423 3770 mortuis
1451 3717 1647 3785 potuit,
1687 3717 1896 3773 Lazaro
1942 3720 2080 3774 indi-

489 3817 670 3869 caute,
704 3821 1054 3877 cognoscere,
1082 3823 1153 3860 ne
1180 3805 1376 3861 falsum
1403 3814 1473 3862 sit
1499 3811 1642 3878 quod
1666 3811 1743 3864 ait
1770 3812 2035 3886 propheta
2063 3831 2075 3867 :

487 3895 589 3969 (Is.
617 3896 706 3962 65,
740 3896 824 3967 16)
873 3897 1140 3953 Abraham
1164 3898 1373 3951 nescivit
1399 3915 1511 3952 nos.
1538 3898 1770 3954 Proinde
1800 3899 2078 3956 fatendum

485 3997 572 4045 est
611 3989 824 4044 nescire
869 3989 1087 4058 quidem
1139 3998 1402 4054 mortuos,
1438 3992 1569 4060 quid
1610 3991 1701 4048 hic
1730 4001 1940 4062 agatur,
1985 3995 2080 4049 sed

487 4079 616 4136 dum
644 4080 733 4134 hic
760 4081 940 4150 agitur
975 4098 986 4132 :
1019 4089 1209 4149 postea
1236 4077 1364 4135 vero
1394 4082 1582 4136 audire
1605 4083 1679 4136 ab
1700 4082 1801 4148 eis,
1831 4084 1922 4152 qui
1951 4083 2079 4142 hinc

487 4173 558 4233 ad
587 4188 680 4228 eos
714 4171 997 4249 moriendo
1040 4181 1294 4240 pergunt,
1327 4187 1434 4226 non
1482 4171 1704 4242 quidem
1740 4173 1946 4238 omnia,
1984 4175 2078 4229 sed

487 4279 610 4334 quae
644 4264 901 4318 sinuntur
929 4262 1192 4324 indicare,
1225 4263 1317 4331 qui
1348 4263 1600 4316 sinuntur
1637 4265 1802 4321 etiam
1833 4265 1936 4318 ista
1967 4280 2079 4319 me~

488 4353 714 4409 minisse
743 4369 755 4405 :
783 4360 836 4406 et
865 4366 984 4420 quae
1020 4351 1141 4405 illos
1171 4352 1366 4420 quibus
1409 4352 1525 4406 hate
1572 4352 1831 4416 indicant,
1863 4363 2078 4423 oportet

489 4447 697 4502 audire.
725 4443 958 4499 Possunt
994 4452 1049 4497 et
1078 4445 1146 4498 ab
1173 4443 1396 4512 angelis,
1427 4445 1517 4513 qui
1548 4445 1728 4509 rebus,
1763 4459 1882 4512 qua:
1908 4461 2076 4516 agun-

489 4545 580 4592 tur
609 4536 721 4600 hic,
760 4540 962 4603 prmslo
1010 4541 1156 4595 sunt,
1201 4533 1386 4586 audire
1425 4532 1629 4601 aliquid
1679 4535 1899 4599 mortui,
1931 4535 2075 4605 quod

490 4640 931 4695 unumquemque
981 4623 1193 4677 illorum
1224 4623 1410 4677 audire
1450 4623 1670 4689 debere,
1709 4621 1939 4691 judicat,
1988 4617 2080 4680 cui

489 4727 681 4777 cuncta
723 4715 966 4784 subjecta
1012 4722 1156 4768 sunt.
1195 4713 1308 4767 Nisi
1351 4715 1494 4768 enim
1529 4724 1714 4769 essent
1759 4717 1952 4786 angeli,
1983 4719 2077 4788 qui

489 4819 714 4889 possent
744 4809 1029 4869 inleresse,
1068 4813 1124 4860 et
1151 4805 1416 4867 vivorum,
1457 4814 1514 4859 et
1543 4816 1883 4862 mortuorum
1917 4808 2074 4878 locis,

490 4920 600 4960 non
655 4902 886 4957 dixisset
914 4898 1163 4954 dominus
1186 4895 1341 4951 Jesus
1373 4916 1384 4949 :
1442 4897 1596 4969 (Luc.
1626 4915 1738 4964 xvx,
1770 4900 1860 4973 22)
1898 4901 2079 4956 Conti-

489 5001 563 5068 git
595 5005 769 5056 autem
802 4995 934 5053 mori
986 4993 1192 5055 inopem
1237 4990 1410 5055 illum,
1462 5001 1509 5044 et
1546 4992 1730 5061 a/ferri
1779 4993 1842 5046 ab
1879 4995 2079 5064 angelis

491 5090 544 5142 in
589 5087 764 5141 sinum
809 5083 1054 5137 Aorahaz.
1108 5080 1260 5137 Nunc
1307 5097 1436 5150 ergo
1481 5082 1586 5144 nic,
1624 5098 1767 5136 nunc
1812 5082 1921 5137 illic
1957 5099 2079 5138 esse

491 5184 804 5248 potuerunt,
838 5174 934 5244 qui
963 5174 1089 5228 hinc
1116 5184 1138 5212 ε
1167 5172 1337 5237 illum,
1375 5187 1535 5242 quem
1565 5172 1706 5228 Deus
1736 5173 1926 5244 voluit,
1959 5175 2078 5230 abs—

565 5363 592 5391 ιι
628 5349 963 5404 Hominibus.

565 5421 594 5460 1)
625 5421 830 5488 Ageret.

569 5501 590 5528 ο
634 5488 754 5542 Veni
764 5499 893 5542 rent.

564 5558 592 5598 ἀ
619 5558 849 5622 Additur
881 5557 1270 5622 doloribusque.

569 5639 594 5669 ο
629 5620 786 5684 Illuc.

497 5697 791 5824 ⁸οςἱοΕᾰὶιο
835 5741 846 5752 .
881 5699 991 5754 vivo
1036 5696 1186 5752 Sauli
1232 5699 1389 5752 etiam
1435 5697 1580 5765 Regi.
1621 5698 1850 5757 Prtestat
1889 5707 2070 5754 nostra

608 5783 675 5823 ιο.

608 5783 675 5823 ιο.

2173 1902 2376 1957 idcirco
2413 1902 2758 1979 protulimus,
2810 1909 2871 1954 ut
2916 1900 3170 1955 noverint
3211 1899 3462 1954 homines
3509 1908 3776 1952 aeternam

2173 1993 2458 2048 veritatem
2487 2006 2751 2060 quaerere,
2781 1990 2872 2060 qui
2902 1989 3092 2044 volunt
3127 1989 3349 2053 salvari,
3399 2005 3428 2042 a
3461 2004 3575 2058 quo
3603 1987 3774 2044 creati

2175 2095 2380 2145 sumus,
2435 2079 2608 2152 (Acto.
2663 2095 2799 2144 xvu,
2837 2078 2931 2149 28)
2981 2076 3039 2132 in
3079 2096 3181 2149 quo
3223 2079 3464 2142 vivimus,
3501 2095 3598 2148 per
3623 2095 3776 2147 quem

2173 2182 2440 2223 moventur
2468 2177 2516 2222 et
2567 2184 2768 2227 sumus.
2798 2168 3024 2222 Animas
3052 2178 3235 2223 autem
3264 2176 3506 2232 sanctas,
3539 2181 3638 2221 eas
3656 2181 3776 2221 esse

2175 2259 2471 2325 credimus,
2515 2266 2707 2313 etnon
2739 2258 2993 2312 humanis
3035 2258 3270 2312 miseriis
3295 2257 3588 2321 interesse,
3636 2256 3777 2310 sicut

2176 2353 2308 2408 dicit
2361 2352 2547 2416 isaias,
2596 2350 2684 2419 qui
2747 2359 2866 2404 erat
2914 2349 3058 2403 filius
3115 2349 3368 2414 Abrahae,
3419 2349 3490 2402 ad
3545 2347 3721 2402 Dattn
3758 2362 3773 2376 ·

2178 2442 2286 2513 (65,
2317 2440 2404 2511 16)
2439 2440 2540 2505 Tu,
2572 2440 2819 2505 Domine,
2847 2449 2998 2510 pater
3027 2449 3202 2492 noster
3230 2455 3283 2492 es
3326 2455 3343 2492 :
3385 2438 3666 2492 Abraham
3691 2454 3778 2492 ue-

2176 2535 2326 2593 scivit
2352 2550 2444 2586 nos
2471 2545 2488 2583 :
2513 2540 2561 2586 et
2587 2529 2759 2585 Israel
2789 2547 2891 2586 non
2915 2531 3148 2601 cognovit
3173 2546 3284 2584 nos.

2256 2645 2273 2676 ι
2312 2625 2442 2688 Post
2477 2626 2594 2680 haec
2637 2625 2886 2694 sequitur
2931 2624 3162 2678 historia
3201 2623 3268 2678 de
3290 2623 3459 2693 gestis
3478 2621 3668 2685 Josiaa,
3700 2621 3776 2675 ita

2178 2719 2366 2775 dicens
2402 2737 2414 2773 :
2469 2717 2622 2790 (Cap,
2661 2733 2820 2782 xxiii,
2852 2716 2940 2788 l0)
2979 2714 3370 2776 Contaminatit
3412 2729 3626 2788 quoque
3672 2711 3774 2767 To-

2177 2811 2353 2881 pheth,
2375 2810 2516 2881 quod
2553 2820 2628 2864 est
2654 2813 2709 2863 in
2735 2807 2969 2863 convalle
2997 2807 3095 2877 ﬁlii
3121 2807 3336 2871 Ennon,
3365 2815 3423 2861 ut
3464 2822 3625 2860 nemo
3649 2821 3778 2859 ceu-

2179 2912 2405 2958 secraret
2433 2901 2604 2970 ﬁlium
2629 2917 2803 2964 suum,
2836 2909 2929 2952 aut
2956 2898 3125 2967 ﬁliam
3146 2913 3238 2968 per
3269 2899 3441 2967 ignem
3475 2895 3699 2950 Moloclt
3729 2897 3774 2946 ³.

2259 3010 2276 3045 ι
2310 2990 2588 3060 Frequens
2609 2999 2694 3045 est
2722 2991 2775 3042 in
2808 2987 3106 3056 Scripturis
3145 2989 3340 3051 horum
3389 2986 3604 3040 mentio
3633 2985 3777 3040 loco-

2181 3095 2323 3146 rum,
2351 3081 2586 3136 maxime
2629 3080 2684 3134 in
2715 3077 2855 3134 libro
2886 3077 3096 3150 Regum
3129 3085 3185 3132 et
3237 3075 3491 3130 Jeremiae
3533 3074 3776 3144 Prophe-

2180 3181 2269 3229 ta.
2295 3173 2394 3232 Est
2420 3180 2600 3226 autem
2649 3170 2806 3225 vallis
2855 3170 3070 3229 Ennon,
3093 3169 3206 3226 sive
3233 3167 3330 3223 lilii
3364 3168 3585 3229 Ennon,
3620 3167 3775 3239 juxta

2179 3277 2390 3319 murum
2442 3260 2744 3319 Jerusalem
2797 3268 2989 3316 contra
3040 3261 3326 3324 orientem,
3356 3259 3410 3313 in
3440 3273 3550 3328 qua
3583 3272 3778 3312 nemus

2177 3355 2624 3426 pulcherrimum,
2679 3352 2827 3408 Siloe
2877 3351 3118 3407 fontibus
3172 3351 3452 3421 irrigatur.
3521 3345 3775 3418 Topheth

2180 3459 2360 3506 autem
2385 3450 2410 3489 δ
2430 3457 2550 3502 erat
2571 3447 2720 3502 locus
2753 3448 2808 3502 in
2834 3446 3025 3502 eadem
3054 3441 3471 3510 convallejuxta
3501 3439 3778 3497 Piscinam

2181 3542 2420 3607 fullonis,
2461 3541 2617 3608 cujus
2664 3539 2912 3595 meminit
2952 3536 3259 3608 Scriptura,
3291 3543 3347 3592 et
3379 3535 3542 3605 juxta
3588 3547 3774 3604 agrum

2187 3639 2204 3680 ί
2225 3633 2622 3698 Acheldemach,
2637 3633 2728 3702 qui
2750 3646 2920 3699 usque
2941 3629 3102 3684 hodie
3124 3636 3462 3682 monstratur
3479 3624 3553 3678 ad
3567 3634 3776 3679 austra-

2183 3728 2285 3784 lem
2307 3726 2518 3797 plagam
2542 3726 2740 3780 montis
2759 3723 2911 3778 Sion.
2938 3720 3198 3776 Solebant
3221 3727 3402 3772 autem
3426 3718 3482 3771 in
3505 3713 3775 3786 Topheth,

2183 3821 2308 3887 quia
2344 3817 2496 3872 locus
2524 3823 2645 3873 erat
2671 3812 3094 3869 amoenissimus,
3130 3809 3144 3858 i
3179 3808 3450 3876 hodieque
3490 3805 3774 3861 hortorum

2183 3915 2386 3993 praebet
2420 3911 2663 3979 delicias,
2692 3909 2870 3992 posita
2909 3921 3005 3960 ara
3053 3902 3364 3993 sacrificare
3412 3899 3774 3993 dmmonibus.

2184 3987 2523 4070 nefandoque
2567 4002 2689 4070 igne
2722 3987 2849 4056 suos
2875 4009 3196 4054 consecrare
3219 3992 3449 4055 liberos,
3483 3991 3602 4043 sive
3628 3987 3775 4042 bolo-

2184 4101 2429 4146 caustum
2475 4089 2691 4154 offerre,
2739 4089 2877 4141 sicut
2905 4088 2957 4141 in
2980 4085 3118 4138 libro
3159 4082 3451 4136 verborum
3473 4079 3690 4134 dierum
3713 4078 3774 4132 de

2181 4181 2364 4236 Achaz
2413 4195 2540 4249 rege
2591 4178 2851 4248 scriptum
2899 4182 3023 4229 est:
3055 4172 3245 4240 (Para.
3295 4186 3497 4234 xxviu,
3545 4170 3603 4241 5)
3655 4168 3774 4242 Ipse

2183 4282 2278 4338 est,
2320 4272 2408 4343 qui
2452 4270 2678 4324 adolevit
2707 4272 2979 4322 incensum
3012 4267 3066 4319 in
3090 4264 3226 4319 valle
3251 4263 3567 4328 Benennon,
3596 4274 3644 4316 et
3668 4261 3775 4315 lus-

2183 4365 2336 4418 travit
2372 4363 2509 4424 ﬁlios
2551 4377 2673 4415 suos
2708 4361 2764 4413 in
2790 4360 2908 4430 igne
2933 4358 3221 4413 Benennon
3258 4356 3578 4424 :siquidem
3609 4354 3772 4407 lilium

2187 4455 2374 4510 Ennon
2405 4451 2692 4522 significat.
2737 4448 2904 4507 Vallis
2930 4456 3110 4502 autem
3135 4447 3324 4501 Ennon
3356 4446 3618 4503 hebraice
3646 4445 3773 4499 dici-

2184 4554 2272 4602 tur
2327 4545 2354 4591 Ιι
2403 4542 2651 4608 Gebenn,
2707 4537 2861 4606 cujus
2908 4539 3124 4592 nomine
3166 4538 3218 4591 in
3265 4553 3406 4591 novo
3448 4543 3774 4592 testamento

2181 4651 2340 4710 paena
2374 4635 2668 4689 inlemrum
2699 4630 2946 4701 geheuna
2983 4628 3436 4698 cognominatur:
3464 4630 3594 4697 quia
3618 4629 3774 4681 nimi-

2185 4742 2326 4791 rum,
2361 4725 2500 4780 sicut
2525 4725 2578 4778 in
2622 4721 2866 4780 convalle
2895 4720 3108 4786 Ennon,
3138 4720 3227 4788 qui
3259 4720 3416 4774 idolis
3438 4723 3768 4786 servierunt,

2182 4820 2236 4874 in
2264 4834 2347 4883 ea,
2369 4814 2648 4886 prophetis
2669 4810 3076 4874 attestantibus,
3104 4810 3404 4879 perierunt,
3421 4811 3496 4864 ita
3521 4822 3772 4881 peccato-

2183 4925 2272 4965 res
2328 4924 2394 4962 ex
2437 4907 2541 4971 his,
2590 4919 2710 4973 qum
2742 4911 3127 4972 peccaverunt,
3177 4911 3379 4956 interna
3419 4903 3770 4959 damnatione

2190 4998 2209 5037 1
2229 4998 2542 5068 puniuntur.
2575 4994 2820 5062 Denique
2838 4992 3135 5046 Hieremias
3164 5007 3286 5046 cum
3304 4991 3537 5047 referret
3561 5009 3769 5062 praece~

2183 5089 2328 5158 pisse
2379 5085 2482 5142 sibi
2536 5084 2845 5144 Dominum,
2895 5096 2959 5135 ac
3011 5080 3210 5134 dixisse
3265 5099 3276 5133 :
3324 5080 3500 5152 (Hier.
3551 5098 3669 5140 xix.
3716 5083 3768 5153 ‘3)

2182 5173 2445 5245 Egredere
2490 5173 2559 5226 ad
2610 5171 2796 5226 vallem
2856 5171 2954 5239 ﬁlii
2990 5169 3202 5234 Ennon,
3231 5187 3348 5240 qua:
3386 5181 3461 5224 est
3484 5172 3652 5240 juxta
3696 5174 3768 5226 in-

2262 5349 2286 5388 ε
2315 5347 2441 5402 Haec
2455 5348 2637 5402 omnia
2655 5347 2874 5400 tradidit
2901 5346 3064 5416 Beda,
3090 5355 3281 5416 quaest.
3298 5347 3392 5411 27,
3408 5348 3499 5412 28,
3515 5350 3586 5404 ‘29
3602 5361 3661 5406 et
3683 5351 3765 5407 30.

2258 5417 2373 5541 ιζ
2413 5419 2574 5474 editis
2603 5417 2819 5472 additur
2853 5418 2956 5471 sive
2986 5415 3216 5484 Thapltet
3247 5433 3264 5470 :
3308 5428 3605 5491 utrumque
3630 5423 3767 5478 enim

2258 5503 2288 5538 ri
2333 5504 2345 5539 ι
2379 5503 2459 5541 ur.

2185 5496 2459 5542 scribitur.

2261 5559 2274 5595 ί
2306 5556 2636 5612 Acheldana.

2260 5625 2271 5699 ἱ
2319 5625 2468 5699 {Inde
2495 5645 2656 5699 usque
2687 5626 2855 5682 hodie.

2255 5697 2278 5735 κ
2312 5696 2602 5752 Geltennon.

2263 5765 2279 5810 ι
2320 5765 2612 5822 Ρυπὶρηιιιτ.
