3906 6332
186 311 299 366 8Οε

873 309 1337 381 ρυτΕδΤΙΟΝΕΞ
1374 309 1517 365 XXX
1560 308 1770 365 SUPER

1879 307 2071 364 [BROS
2107 306 2372 364 REGUM.
2413 339 2482 347 —
2518 308 2719 362 LIBER
2757 307 2843 361 IV.

3350 311 3454 364 806

184 426 300 482 τι·οὸ
322 440 405 482 um
434 434 597 494 porta
634 425 832 494 ﬁctilis,
863 427 1022 495 paulo
1043 435 1167 497 post
1194 427 1323 482 dicit
1357 445 1369 481 :
1406 427 1472 481 Et
1501 445 1603 481 non
1623 443 1776 480 voca-
1803 427 1851 486 A
1949 423 2099 490 Quod
2135 425 2292 496 paulo
2323 434 2442 495 post
2468 426 2533 480 de
2555 426 2743 480 eodem
2789 441 2915 496 rege
2950 426 3148 481 dicitur
3175 447 3186 482 :
3212 428 3282 498 (v.
3315 431 3379 484 13
3408 443 3454 485 ει

183 516 332 570 bitur
359 515 502 572 locus
528 515 623 570 iste
652 515 876 588 amplius
901 517 1150 587 Tophetlt,
1177 527 1222 578 et
1256 519 1404 573 vallis
1433 518 1534 586 ﬁlii
1560 519 1769 583 Ennon,

181 608 280 660 sed
322 606 471 661 vallis
501 609 775 662 occisionis
808 622 828 662 :
859 619 906 662 et
931 608 1196 679 dissipabo
1228 608 1503 662 consilium
1523 608 1690 674 Juda,
1725 619 1772 662 et

195 697 524 752 Hierusalem
561 701 616 754 in
662 699 777 754 loco
816 702 936 764 isto,
987 711 1036 755 et
1093 701 1386 756 subvertam
1434 719 1520 756 eos
1574 701 1769 772 gladio.

212 787 325 842 Isa.
358 789 447 854 50,
480 791 570 862 3|)
594 791 762 848 Isaias
791 809 1004 863 quoque
1050 793 1492 851 manifestissime
1524 795 1771 866 Topheth

205 882 459 938 nfernum
496 884 748 959 appellat,
781 887 866 940 cui
896 902 1020 942 cum
1057 895 1376 956 perpetuum
1406 886 1602 943 diaboli
1633 891 1772 943 inte-

215 972 356 1026 itum
383 976 484 1030 sub
506 976 727 1030 nomine
763 978 935 1035 Assur
961 978 1314 1044 describeret,
1339 978 1526 1033 dicens
1552 995 1565 1032 :
1589 979 1631 1030 Α
1655 996 1774 1035 voce

178 1067 327 1118 enim
350 1065 561 1120 Domini
584 1069 784 1138 pavebit
839 1071 1003 1124 Assur
1045 1071 1188 1140 virga
1218 1087 1493 1141 percussus
1529 1089 1541 1125 :
1570 1069 1640 1122 Et
1676 1073 1774 1127 erit

178 1158 443 1210 transitus
495 1159 651 1228 virga:
705 1159 983 1228 fundatus,
1032 1175 1192 1229 quam
1240 1161 1558 1230 requiescere
1612 1161 1774 1230 faciet

183 1245 447 1302 Dominus
481 1265 636 1319 super
681 1266 820 1314 eum,
845 1250 1030 1303 statim
1080 1250 1371 1319 quomodo,
1415 1259 1471 1305 et
1513 1252 1603 1305 ubi
1630 1258 1776 1306 esset

179 1337 464 1407 periturus
494 1339 691 1403 subdit,
718 1338 906 1393 dicens
934 1356 945 1396 :
981 1337 1294 1409 Pra’parata
1322 1349 1393 1393 est
1417 1340 1552 1393 enim
1575 1340 1639 1394 ab
1663 1341 1775 1395 heri

185 1426 422 1498 Tophetlt
476 1447 507 1484 a
565 1446 682 1500 rege
723 1441 1043 1500 prceparata,
1097 1431 1362 1500 profunda
1424 1441 1472 1485 et
1526 1431 1771 1492 dilatata.

183 1516 424 1572 Pulchre
453 1520 546 1583 ait,
573 1528 626 1573 ct
655 1519 901 1583 dilatata,
924 1520 1048 1588 quia
1095 1519 1322 1590 Tophetli
1365 1521 1565 1576 dicitur
1589 1521 1773 1577 latitu-

177 1607 255 1659 do
293 1621 310 1657 :
346 1611 665 1661 nutrimenta
707 1609 882 1677 inquit
925 1609 1061 1679 ejus,
1105 1611 1264 1680 ignis,
1302 1621 1348 1664 et
1379 1611 1522 1681 ligna
1561 1612 1773 1668 multa:

172 1698 344 1761 ﬂatus
370 1697 581 1752 Domini
605 1700 738 1752 sicut
766 1710 968 1757 torrens
997 1701 1267 1770 sulphuris
1294 1702 1611 1758 succendens
1631 1720 1768 1760 eam.

1879 518 1965 590 Η)
2011 517 2234 573 Excelsa
2272 535 2492 588 quoque,
2537 536 2653 589 qua'
2710 533 2858 573 erant
2908 521 2963 574 in
3017 519 3346 576 Hierusalem
3387 527 3456 578 ad

1876 607 2141 668 dexteram
2170 619 2370 680 partem
2398 612 2591 663 montis
2613 612 2934 680 offensionis,
2961 630 3076 683 qua?
3100 614 3455 682 cediﬁcaverat

1878 715 1969 754 rem
2002 698 2252 758 Salomon
2279 700 2523 760 Astur-olli
2568 700 2710 760 idola
2746 701 3100 765 Sidoniorum,
3153 715 3200 758 et
3228 702 3455 769 Chamos

1876 791 2153 859 offensioni
2206 789 2385 856 Moab,
2443 801 2491 845 et
2546 790 2754 853 Moloclt
2813 794 3189 856 abominationi
3221 796 3456 866 ﬁliorum

1875 880 2119 944 Ammon,
2163 879 2347 950 polluit
2399 897 2508 944 rex,
2541 892 2588 936 et
2619 883 2864 944 contrivit
2905 893 3127 950 statuas,
3159 897 3206 943 et
3235 889 3456 949 succidit

1875 969 2042 1035 lucos,
2095 969 2408 1042 replevitque
2445 970 2561 1025 loca
2602 989 2780 1035 eorum
2847 975 3047 1028 ossibus
3107 988 3452 1033 mortuorum.

1952 1076 1969 1110 ‹
1999 1058 2144 1114 Luce
2189 1070 2275 1115 est
2317 1060 2537 1126 clarius,
2567 1064 2708 1131 quod
2743 1064 2958 1120 excelsa
2991 1067 3269 1122 nominare
3321 1071 3459 1131 solet

1877 1149 2158 1220 Scriptura
2204 1151 2322 1209 loca
2361 1152 2414 1205 in
2465 1152 2690 1210 collibus
2734 1154 2911 1223 posita
2957 1154 3350 1223 frondentibus,
3398 1160 3454 1218 in

1875 1242 2069 1316 quibus
2093 1242 2176 1298 vel
2205 1241 2536 1299 diemonibus
2564 1242 2931 1307 immolabant,
2963 1244 3047 1298 vel
3068 1245 3233 1299 etiam
3276 1246 3457 1307 Domi-

1877 1352 1966 1401 no,
1989 1337 2230 1391 locorum
2259 1337 2571 1392 amoenitate
2611 1335 2810 1401 allecti,
2856 1347 3044 1391 contra
3081 1339 3452 1407 interdictum,

1876 1429 2063 1483 relicto
2085 1429 2263 1494 altari,
2281 1428 2422 1498 quod
2445 1439 2556 1483 erat
2591 1431 2644 1481 in
2673 1429 3112 1498 templohhostias
3133 1424 3452 1495 offerebant.

1878 1516 2030 1571 Unde
2085 1519 2280 1588 srepius
2314 1520 2366 1572 in
2406 1519 2509 1576 hoc
2559 1519 2696 1573 libro
2732 1519 2798 1573 de
2851 1520 3106 1590 Regibus,
3154 1525 3245 1591 qui
3276 1524 3458 1582 minus

1875 1605 2112 1681 perfecte
2132 1608 2263 1676 justi
2290 1606 2463 1672 fuere,
2484 1608 2684 1665 dicitur
2709 1625 2721 1666 :
2754 1622 3107 1666 verumtamen
3121 1615 3326 1668 excelsa
3351 1632 3457 1674 non

1875 1698 2108 1756 abstulit.
2170 1699 2398 1754 Montem
2457 1708 2635 1754 autem
2681 1701 2985 1770 oﬂensionis
3033 1713 3270 1759 montem
3327 1706 3456 1764 idoli

175 1786 583 1843 Contaminavit
630 1801 810 1844 autem
857 1791 1032 1846 Josias
1060 1793 1328 1862 Topheth,
1357 1795 1440 1849 vel
1471 1811 1593 1850 ossa
1623 1813 1765 1852 mor.

1879 1787 2028 1852 dicit,
2057 1788 2182 1857 quia
2210 1787 2463 1842 nimirum
2485 1790 2892 1845 consuetudinis
2927 1800 3009 1846 est
3051 1791 3456 1863 Scripturarum

175 1888 400 1934 tuorum
431 1882 523 1946 ibi,
565 1883 706 1937 sicut
748 1884 800 1937 in
845 1887 1196 1953 sequentibus
1236 1886 1302 1940 de
1334 1887 1456 1944 aliis
1502 1890 1768 1949 idolorum

177 1969 319 2024 locis
364 1971 556 2027 fecisse
587 1972 801 2043 legitur,
856 1975 940 2029 vel
987 1975 1165 2047 aliqua
1193 1977 1446 2048 quaelibet
1492 1979 1769 2037 immunda

174 2063 520 2133 diSpergens,
575 2075 842 2133 quatenus
895 2066 1281 2126 abominationi
1356 2069 1557 2137 potius,
1608 2086 1768 2139 quam

173 2151 532 2208 delectationi
581 2163 758 2225 aptus.
790 2156 1060 2220 omnibus,
1110 2158 1200 2228 qui
1248 2159 1575 2228 aspicerent,
1621 2161 1771 2221 locus

176 2251 489 2311 appareret.

263 2352 283 2384 ι
314 2334 465 2401 Quod
492 2340 738 2405 sequitur
760 2342 825 2392 de
845 2338 1036 2393 eodem
1075 2355 1200 2411 rege
1233 2338 1380 2394 Josia
1406 2359 1419 2396 :
1450 2340 1515 2414 (υ.
1545 2343 1632 2414 ll)
1669 2343 1769 2400 Ab~

181 2424 335 2478 stulit
364 2442 565 2496 quoque
594 2445 772 2500 equos,
791 2446 919 2498 quos
942 2431 1192 2484 dederant
1211 2449 1352 2502 reges
1376 2432 1520 2486 Iuda
1548 2432 1684 2499 Soli,
1717 2435 1772 2488 in

181 2517 405 2571 introitu
429 2519 605 2588 templi
631 2520 866 2578 Domini.
895 2522 962 2576 Et
997 2524 1158 2597 paulo
1195 2533 1351 2595 post:
1378 2523 1578 2580 Curras
1600 2536 1771 2582 autem
1803 2535 1808 2548 ⁵

185 2605 329 2662 Solis
351 2611 629 2665 combussit
650 2613 780 2683 igni,
812 2615 1048 2670 ostendit
1074 2628 1098 2656 ⁸
1125 2618 1366 2674 omnium
1388 2619 1627 2688 gentium
1653 2619 1772 2672 ido-

184 2697 415 2756 lolatriae
444 2710 498 2756 et
551 2706 922 2774 superstitioni
957 2704 1171 2762 Judzeos
1225 2723 1290 2762 eo
1324 2716 1567 2778 tempore
1603 2707 1772 2764 fuisse

185 2793 544 2863 mancipatos,
602 2796 676 2854 ita
717 2805 776 2851 ut
825 2799 881 2852 in
933 2801 1340 2854 venerationem
1394 2800 1555 2866 Solis,
1609 2817 1772 2870 quem

185 2900 343 2941 more
382 2886 674 2944 Gentilium
718 2891 884 2950 Deum
944 2906 1064 2947 esse
1115 2893 1430 2958 credebant,
1480 2893 1773 2947 simulacro

183 2971 329 3040 ejus,
361 2976 506 3043 quod
543 2975 809 3044 fecerant,
849 2994 1059 3044 currus,
1105 2995 1379 3052 equosque
1411 2981 1770 3046 subdiderint,

183 3071 239 3117 et
271 3062 372 3120 hoc
400 3064 454 3119 in
481 3065 636 3122 atriis
663 3069 843 3142 templi
869 3069 1100 3124 Domini.
1152 3070 1242 3126 Sic
1268 3072 1411 3125 enim
1442 3071 1615 3126 solent
1641 3086 1771 3140 gen—

187 3155 312 3210 tiles
341 3157 566 3227 pingere
616 3160 700 3213 vel
745 3159 924 3215 facere
963 3162 1309 3218 simulacrum
1357 3163 1519 3226 Solis,
1553 3172 1608 3215 ut
1641 3179 1768 3231 pace

79 3274 94 3281 -
185 3259 310 3298 rum
360 3246 659 3302 imberbem
712 3249 764 3302 in
809 3265 970 3304 curru
1028 3260 1309 3322 ponentes,
1357 3267 1523 3321 equos
1570 3254 1767 3317 eidem,

186 3334 344 3402 quasi
371 3345 534 3388 curru
549 3336 743 3390 coelum
767 3348 1011 3405 petentes
1039 3337 1339 3410 subjugent.
1359 3341 1455 3394 Cui
1485 3350 1770 3413 propterea

183 3426 340 3494 pueri
394 3435 582 3495 aptant
632 3429 937 3499 imaginem,
999 3432 1125 3500 quia
1177 3431 1284 3494 Sol,
1337 3433 1484 3487 velut
1532 3435 1771 3502 quotidie

185 3532 329 3570 novo
354 3528 475 3571 ortu
494 3527 678 3582 natus,
708 3521 760 3573 in
796 3521 1001 3576 nullum
1032 3539 1129 3595 per
1169 3525 1362 3578 saecula
1393 3526 1598 3578 senium
1628 3527 1764 3584 inci-

185 3607 288 3660 dit.
324 3606 394 3661 Ut
421 3617 599 3662 autem
653 3611 826 3669 eidem
861 3627 1054 3666 currus
1092 3621 1145 3667 et
1194 3629 1360 3684 equos
1389 3617 1652 3682 tribuant,
1703 3616 1770 3670 de

185 3697 452 3752 miraculo
508 3710 781 3768 sumptum
852 3701 982 3760 Elia:
1050 3705 1359 3775 prophetae,
1424 3707 1547 3776 quia
1605 3721 1768 3761 curru

183 3791 345 3859 igneo
371 3798 427 3843 et
463 3790 616 3857 equis
644 3790 814 3858 igneis
835 3801 916 3846 est
946 3803 1131 3864 raptus
1159 3796 1224 3849 ad
1251 3796 1468 3859 emtum,
1497 3794 1772 3853 Joliannes

184 3880 812 3948 Constantinopolitanus
837 3883 1129 3957 Episcopus
1143 3885 1393 3943 aestimat.
1422 3885 1448 3924 b
1470 3885 1604 3952 Quia
1626 3888 1768 3940 enim

183 3984 364 4039 graece
422 3971 558 4029 ἥλιος
604 3971 803 4025 dicitur
852 3971 964 4037 Sol,
992 3974 1131 4027 sicut
1161 3975 1325 4027 etiam
1351 3973 1621 4042 Sedulius,
1646 3993 1770 4032 cum

183 4057 252 4112 de
289 4057 469 4112 liaelice
497 4074 723 4114 ascensu
747 4070 983 4125 caneret,
1017 4063 1252 4117 ostendit
1283 4064 1469 4119 dicens
1497 4079 1511 4123 τ

313 4193 466 4258 Quam
493 4194 622 4258 bene
646 4194 867 4245 fulminei
897 4198 1168 4258 prreluceus
1191 4202 1364 4248 semita
1391 4201 1498 4249 caeli

309 4255 544 4322 titinveuit
581 4257 718 4322 Elin,
748 4255 924 4322 merito
943 4265 1023 4318 qui
1045 4270 1096 4309 et
1127 4265 1321 4309 nomine
1347 4262 1538 4322 fulgens
1563 4296 1578 4320 ,

311 4314 412 4378 liae
437 4328 529 4375 Ope
563 4314 740 4378 dignus
765 4320 894 4367 erat!
921 4314 1026 4366 nam
1054 4335 1092 4366 ει
1118 4322 1356 4368 sermonis
1390 4314 1559 4372 Aucltivi

315 4375 416 4424 Una
443 4390 532 4437 per
555 4375 809 4427 accentum
836 4383 855 4409 ο
885 4389 1101 4431 mutetur
1126 4383 1305 4442 littera,
1331 4383 1409 4432 Sol
1436 4393 1512 4433 est
1537 4398 1549 4432 :

183 4499 469 4555 audientes
492 4501 664 4555 Graaci
694 4503 760 4557 ab
796 4503 820 4542 ἀ
856 4503 1136 4570 lsraelitis,
1169 4523 1303 4576 quos
1330 4509 1540 4564 divinas
1572 4513 1769 4569 habere

182 4589 399 4644 litteras
467 4590 608 4646 fama
680 4595 974 4668 prodebat,
1045 4600 1359 4668 pnedicari,
1418 4605 1560 4671 quod
1626 4605 1769 4660 Elias

182 4699 348 4736 curru
404 4684 560 4753 igneo
601 4694 656 4739 et
703 4687 859 4756 equis
902 4688 971 4742 sit
1023 4689 1195 4758 igneis
1228 4691 1294 4745 ad
1324 4691 1563 4745 cmlestia
1600 4703 1768 4749 trans.

182 4771 328 4825 latus
366 4789 377 4823 :
412 4773 494 4826 vel
554 4783 701 4828 certe
740 4776 841 4829 hoc
889 4778 1061 4846 ipsum
1111 4779 1251 4833 inter
1281 4781 1383 4838 alia
1416 4782 1683 4852 depictum
1711 4787 1765 4842 in

180 4865 394 4932 pariete
417 4863 679 4930 videntes,
698 4867 1044 4922 crediderunt
1067 4870 1264 4927 vicinia
1287 4873 1492 4943 decepti
1511 4876 1764 4944 nominis,

184 4951 332 5006 Solis
361 4953 448 5007 hic
491 4956 774 5011 transitum
823 4972 920 5031 per
956 4959 1121 5016 caelos
1157 4976 1276 5015 esse
1319 4963 1677 5035 designatum,
1715 4975 1772 5021 et

183 5043 510 5097 miraculum
535 5046 792 5106 divinitus
813 5046 1014 5105 factum
1037 5061 1509 5108 eommutaverunt
1532 5056 1585 5108 in
1609 5071 1768 5126 argu-

183 5144 431 5189 mentum
482 5139 684 5192 erroris
729 5140 964 5193 humana
1016 5141 1246 5195 stultitia
1308 5146 1764 5201 commendatum.

183 5226 337 5292 Quos
396 5227 592 5281 imitati
630 5229 730 5298 ipsi
780 5229 950 5284 Judazi
992 5241 1326 5301 satagerunt,
1377 5249 1445 5290 ne
1500 5236 1552 5289 in
1591 5235 1768 5306 aliquo

182 5316 480 5371 Gentilium
503 5319 837 5376 stultissimis
861 5324 1038 5376 minus
1068 5323 1217 5378 stulti
1247 5335 1519 5393 parerent.
1569 5346 1586 5378 ι

263 5465 292 5562 ἓ
501 5455 675 5524 generi
693 5457 1007 5514 idololatriae
1035 5469 1081 5516 et
1107 5461 1506 5528 superstitionis.

371 5541 437 5576 uo
481 5563 494 5574 .

371 5541 470 5576 αοα
481 5563 494 5574 .

264 5604 285 5630 ο
319 5593 578 5648 Mutatur.

260 5662 287 5702 ἀ
324 5663 380 5716 Is
390 5663 656 5716 rae/ilicis.

265 5744 288 5773 ε
321 5733 508 5801 A/I'ert.
537 5731 761 5786 Przestat
793 5743 976 5789 nostra
1006 5735 1182 5791 lectio.

1798 3107 1841 3168 C

1873 1878 2236 1948 offensionem,
2268 1878 2408 1933 idola
2446 1895 2776 1950 nuncupare,
2807 1882 2933 1950 quia
2963 1881 3044 1936 vel
3067 1883 3118 1936 in
3156 1883 3261 1939 illis
3287 1883 3458 1940 oll'ens

1871 1968 2017 2026 ditur
2050 1966 2210 2030 Deus,
2243 1968 2326 2022 vel
2374 1968 2752 2036 uﬂ'ensiouum,
2779 1980 2834 2026 et
2863 1973 3072 2027 ruinam
3117 1975 3230 2029 suis
3273 1987 3296 2015 ο
3327 1975 3458 2032 alle-

1871 2066 1999 2110 runt
2028 2057 2326 2112 cultoribus
2359 2077 2370 2112 :
2405 2060 2544 2113 sicut
2581 2061 2633 2114 in
2673 2062 2774 2116 hac
2807 2063 2922 2132 ipsa
2959 2067 3228 2121 sententia
3265 2067 3284 2106 ἲ
3329 2069 3458 2124 sub-

1872 2156 2162 2216 sequenter
2235 2149 2532 2214 intimatur,
2600 2150 2730 2206 dum
2784 2154 2986 2209 dicitur
3037 2171 3051 2210 :
3117 2156 3259 2228 (Ill.
3316 2157 3454 2230 Reg.

1875 2254 1950 2303 xu,
1979 2240 2032 2311 7)
2060 2240 2213 2304 Quod
2233 2241 2578 2309 adiﬁcaverat
2602 2242 2856 2298 Salomon
2879 2262 2970 2299 rex
2990 2246 3183 2314 Israel,
3209 2250 3459 2319 Astarotls

1872 2329 2013 2383 idolo
2063 2329 2424 2396 Sidoniorum,
2472 2341 2518 2385 et
2570 2329 2795 2393 Chamos
2849 2337 3125 2406 offensioni
3162 2339 3318 2395 Moab
3351 2354 3369 2393 :
3407 2354 3459 2403 et

1874 2420 2081 2474 Moloclt
2113 2423 2490 2477 abominationi
2522 2424 2754 2492 ﬁliorum
2787 2427 3027 2487 Ammon.
3063 2429 3164 2486 Ubi
3192 2432 3295 2487 hoc
3315 2448 3456 2503 quo-9

1871 2526 1995 2587 que,
2021 2513 2075 2565 ni
2103 2511 2280 2578 fallor,
2325 2514 2501 2584 palam
2545 2517 2865 2580 ostenditur,
2896 2520 3041 2587 quod
3090 2521 3298 2576 utinam
3346 2511 3458 2584 non

1872 2601 2272 2666 ostenderetur,
2323 2604 2450 2671 quia
2500 2603 2751 2661 videlicet
2782 2605 3039 2671 Salomon
3099 2610 3166 2664 de
3215 2611 3460 2670 admisso

1872 2689 2186 2745 idololatria:
2221 2691 2426 2749 scelere
2449 2709 2722 2762 nunquam
2751 2696 2991 2765 perfecte
3015 2701 3288 2768 pmnituit.
3319 2701 3457 2758 Nam

1874 2781 1919 2834 si
1981 2781 2184 2848 fructus
2231 2785 2546 2853 ptrniteittiw
2587 2787 2773 2855 dignos
2796 2787 3010 2858 faceret,
3040 2799 3312 2862 satageret
3331 2802 3460 2849 ante

1873 2870 2076 2934 omnia,
2107 2879 2165 2924 ut
2192 2871 2354 2933 idola,
2380 2870 2500 2945 qlia:
2523 2874 2906 2942 :ediftcaverat,
2931 2877 2998 2932 de
3022 2879 3242 2935 civitate
3269 2891 3459 2944 sancta

1876 2960 2216 3028 tollerentur,
2265 2973 2318 3017 ct
2371 2981 2479 3018 non
2511 2965 2565 3019 in
2617 2968 2929 3024 scandalum
2974 2971 3282 3039 stultorum,
3339 2990 3461 3046 qua

1875 3053 2008 3125 ipse,
2058 3069 2179 3108 cum
2220 3054 2407 3110 fuisset
2443 3057 2895 3126 sapientissimus,
2950 3076 3180 3119 erronee
3231 3063 3455 3133 fecerat,

1875 3147 2026 3214 quasi
2084 3149 2356 3218 sapienter
2408 3165 2473 3204 ac
2506 3158 2652 3205 recte
2681 3149 2825 3206 facta
2861 3152 3185 3224 reliquisset.
3218 3155 3460 3224 leminit

1873 3251 2056 3307 supra,
2084 3247 2137 3291 et
2182 3239 2343 3311 hujus
2371 3239 2472 3294 loci
2516 3241 2796 3311 Scriptura
2825 3244 3010 3299 dicens
3043 3265 3056 3299 :
3090 3246 3235 3304 Tunc
3289 3249 3462 3318 adifi-

1873 3328 2006 3382 cavit
2052 3328 2306 3385 Salomon
2334 3331 2516 3397 fanum
2555 3331 2781 3388 Cliamos
2835 3335 2978 3393 idolo
3002 3336 3158 3397 Moab
3184 3339 3238 3400 in
3263 3350 3455 3408 monts,

1871 3419 1961 3486 qui
1978 3430 2050 3472 est
2075 3431 2256 3477 contra
2293 3420 2649 3490 Hierusalem,
2691 3435 2740 3478 et
2771 3425 2976 3486 Maloch
2999 3429 3198 3487 idolum
3223 3431 3460 3499 ﬁliorum

1872 3505 2114 3564 Ammon.
2174 3509 2285 3565 Nec
2337 3511 2505 3570 videri
2556 3515 2721 3572 debet
2777 3517 3133 3581 cantrarium,
3179 3520 3324 3587 quod
3381 3521 3458 3578 ibi

1872 3609 2047 3661 mons,
2091 3596 2144 3650 in
2173 3614 2281 3674 quo
2311 3598 2451 3656 facta
2479 3609 2607 3660 sunt
2635 3603 2748 3658 [περ
2775 3604 2942 3671 idola,
2979 3616 3170 3661 contra
3206 3609 3460 3667 Hierusav

1871 3683 1995 3748 lem,
2037 3687 2140 3743 hic
2169 3688 2224 3740 in
2276 3685 2579 3751 Jerusalem
2604 3707 2726 3749 esse
2769 3696 2976 3764 positus
3008 3699 3291 3766 asseritur,
3328 3703 3457 3770 quia

1872 3774 2124 3836 nimirum
2183 3777 2235 3831 in
2269 3787 2418 3834 tanta
2465 3791 2586 3836 erat
2629 3783 2780 3840 urbis
2810 3786 3004 3842 vicinia
3046 3790 3276 3857 positus,
3306 3801 3367 3846 ut
3390 3793 3460 3850 ad

1873 3865 2044 3934 ipsam
2076 3869 2368 3936 pertinere,
2406 3871 2432 3920 Ι
2458 3880 2513 3926 et
2564 3873 2736 3942 ipsam
2773 3891 2988 3946 quoque
3019 3887 3290 3946 sormbus,
3337 3897 3460 3951 qua:

1871 3955 1924 4009 in
1950 3971 2014 4012 eo
2043 3961 2486 4032 congerebantur,
2516 3965 2782 4035 attingere
2816 3968 3107 4024 videretur.
3147 3990 3164 4022 ι

1945 4049 2058 4118 (24,
2097 4051 2161 4112 14
2187 4062 2233 4106 et
2265 4053 2374 4125 15.)
2411 4055 2702 4113 Transtulit
2761 4060 3294 4139 (Nabuchodonosor)
3345 4084 3455 4121 om-

1873 4156 1988 4194 nem
2047 4140 2345 4202 Jerusalem
2402 4155 2450 4199 et
2502 4148 2766 4204 universos
2824 4153 3082 4222 principes
3121 4169 3137 4205 :
3185 4156 3455 4212 transtulit

1871 4245 2074 4300 quoque
2095 4231 2337 4286 Joacltim
2367 4235 2420 4287 in
2447 4234 2790 4306 Babylonem,
2818 4251 2865 4293 et
2892 4239 3278 4298 Judicesterrc
3302 4245 3454 4300 duxit

1869 4321 1925 4376 in
1970 4324 2320 4392 captivitatem
2348 4327 2412 4380 de
2432 4328 2727 4384 Jerusalem
2753 4332 2808 4387 in
2831 4333 3174 4404 Babylonem,
3199 4347 3248 4393 et
3278 4356 3454 4395 omnes

1794 4444 1846 4504 Β
1873 4411 2006 4465 viros
2042 4415 2302 4482 robustos,
2330 4426 2436 4471 etc.
2467 4419 2620 4485 Quod
2655 4421 2896 4477 referens
2932 4425 3000 4479 de
3025 4425 3454 4486 Nabuchodono-

1877 4517 1988 4568 sor,
2031 4506 2156 4582 quia
2201 4509 2538 4563 transtulerit
2581 4527 2796 4567 omnem
2840 4514 3192 4582 Hierusalem,
3227 4532 3284 4576 et
3327 4523 3452 4576 uni-

1876 4609 2062 4650 versos
2105 4598 2398 4667 principes,
2429 4609 2484 4654 et
2513 4617 2701 4658 omnes
2729 4602 2897 4660 fortes
2929 4609 3222 4674 exercitus,
3261 4611 3454 4670 decent

1875 4683 2037 4740 millia
2081 4686 2134 4739 in
2193 4688 2582 4758 captivitatem,
2634 4693 2840 4750 addidit
2888 4691 3166 4766 Scriptura
3220 4701 3450 4758 dicens:

1874 4772 1966 4844 (γ.
2008 4775 2093 4846 16)
2126 4777 2196 4831 Et
2226 4796 2426 4836 omnem
2456 4786 2711 4854 artiﬁcem
2745 4799 2790 4841 et
2819 4788 3094 4846 clusorem.

1950 4885 1968 4918 ε
1999 4867 2111 4922 Hoc
2153 4880 2236 4925 est
2271 4876 2415 4944 quod
2455 4891 2613 4950 supra
2649 4879 2822 4933 eidem
2861 4881 3056 4950 populo
3089 4883 3258 4941 Israel
3281 4885 3450 4940 Phili-

1873 4960 2018 5013 stiim
2079 4973 2369 5033 regnantes
2416 4966 2608 5022 fecisse
2658 4980 2984 5037 narrantur,
3042 4987 3165 5027 cum
3211 4975 3450 5030 dicitur:

1875 5049 1927 5120 (1
1953 5051 2078 5121 Reg.
2111 5052 2198 5124 15)
2231 5054 2401 5110 Porro
2429 5055 2575 5124 faber
2598 5057 2855 5131 ferrarius
2886 5076 2987 5114 non
3017 5063 3372 5118 inveniebatur
3399 5067 3454 5119 in

1875 5143 2015 5195 omni
2050 5154 2189 5197 terra
2216 5144 2386 5199 Israel
2412 5160 2428 5196 :
2458 5158 2700 5201 caverant
2720 5149 2856 5203 enim
2881 5147 3187 5216 Pliilistiim,
3224 5169 3286 5206 ne
3319 5152 3454 5220 forte

1874 5235 2104 5304 facerent
2136 5236 2342 5291 Ilebrrri
2369 5237 2624 5308 gladium,
2668 5251 2760 5293 aut
2799 5242 3056 5296 lanceam.
3113 5242 3268 5298 Sicut
3307 5245 3451 5298 enim

1875 5337 2004 5385 tunc
2030 5327 2102 5383 illi
2127 5338 2406 5394 caverunt,
2446 5344 2512 5384 ne
2558 5329 2819 5386 habentes
2858 5330 3040 5387 fabros
3066 5334 3322 5389 ferrarius
3356 5334 3457 5394 He-

1958 5465 1977 5505 ί
2018 5465 2378 5536 Subsequcuti.
2413 5467 2638 5522 Praistat
2673 5475 2853 5521 nostra
2884 5468 3062 5524 lectio.

1953 5538 1978 5575 ⁸
2009 5536 2074 5589 Et
2125 5536 2236 5604 ipsa
2275 5555 2476 5607 quoque
2507 5538 2768 5601 sordibus,
2808 5555 2925 5660 $1“!
2973 5540 3026 5594 in
3072 5557 3130 5593 eo
3171 5557 3457 5612 congrega-

1953 5615 2091 5660 ritur.
2128 5611 2442 5660 attaminare
2480 5608 2760 5660 videretur.
2855 5618 3071 5660 raastare
3105 5610 3320 5660 videtur
3358 5627 3457 5660 ηιμ

1875 5607 2091 5727 bantulr,
2128 5611 2442 5687 attaminare
2480 5608 2760 5662 videretur.
2810 5607 3071 5663 Przestare
3105 5607 3320 5665 videtur
3358 5607 3458 5671 ita:

1875 5688 1985 5729 stra
2040 5687 2198 5729 ectio.

1875 5688 1985 5730 stra
2021 5688 2198 5730 Ιρςιιο.
