3906 6312
472 271 574 327 807

1540 270 1818 328 CLAUDII
1858 271 2324 331 TAURINENSIS
2363 274 2667 331 EPISCOPI

3665 270 3759 325 808

470 410 619 473 lirtei,
653 409 746 478 qui
777 422 930 461 arma
966 409 1033 463 ad
1058 409 1463 479 repugnandum
1494 408 1734 463 facerent
1768 423 1781 461 :
1814 409 1886 462 ita
1924 422 2067 461 nunc
2098 390 2148 449 Α
2174 388 2520 458 εοπιΡθῙῙυηῐ·
2566 388 2718 454 Ουοά
2742 387 2785 441 εί
2810 387 3076 479 οιυγεονθιμη
3113 387 3212 479 ho?
3268 385 3411 449 Ῑοεον
3446 401 3555 440 “⁰¹¹
3601 386 3763 439 (καθ’

466 495 726 563 Chaldaei,
766 510 791 537 α
831 498 1111 553 destructa
1159 498 1499 559 Hierusalem
1560 509 1616 555 et
1660 508 1870 554 vastata
1916 500 2062 554 omni

468 600 612 643 terra
645 589 1112 658 repromissionis,
1146 591 1173 629 δ
1204 599 1532 663 sategerunt,
1566 600 1625 645 ut
1674 591 1853 645 nullus
1896 590 1950 644 in
1999 604 2062 643 ea

468 693 489 720 ε
516 688 829 736 remaneret
846 680 1064 747 artifex,
1092 682 1269 735 nullus
1290 682 1491 746 clusor,
1514 683 1605 751 qui
1634 682 1715 737 vel
1743 681 1940 737 fcedata
1973 696 2063 735 ur-

463 774 548 827 bis
579 770 781 829 mtenia
812 788 1158 844 componere,
1185 774 1271 828 vel
1300 775 1473 844 possit
1499 776 1764 829 resarcire
1788 773 1815 813 ἀ
1842 774 2019 829 diruta
2045 787 2059 826 :

463 864 594 931 quin
643 866 824 933 potius
866 865 1131 935 quidquid
1179 867 1319 935 apud
1366 875 1580 937 gentem
1619 866 2060 931 exterminatam,

463 953 601 1007 artis
641 955 983 1021 invenerant,
1033 952 1561 1027 totuminBabyloniam
1607 957 1965 1021 transferunt,
2003 965 2065 1011 ut

460 1045 548 1100 vel
578 1047 646 1101 ad
673 1047 901 1101 nihilum
937 1047 1078 1102 ultra
1105 1042 1305 1112 valeat,
1352 1050 1437 1103 vel
1479 1050 1620 1103 illius
1646 1048 1886 1104 civitatis
1914 1048 2063 1102 utili-

464 1139 668 1193 tatibus
691 1138 964 1209 proﬁciat.
1017 1138 1184 1207 Cujus
1212 1148 1323 1217 tam
1349 1139 1606 1195 deﬂenda:
1639 1140 1904 1205 historiae,
1941 1154 2061 1208 quae

462 1230 692 1284 multum
730 1230 1073 1302 negligentiae
1119 1232 1290 1285 nostri
1335 1231 1595 1300 temporis
1635 1232 1906 1301 congruit,
1952 1246 2060 1285 nou

461 1322 657 1390 opinor
686 1322 996 1392 allegoriam
1020 1336 1142 1377 esse
1168 1322 1522 1378 reticendam.
1552 1323 1780 1377 Constat
1802 1337 2057 1392 namque,

461 1410 585 1479 quia
631 1408 988 1475 Hierusalem,
1030 1418 1083 1465 et
1121 1419 1267 1465 terra
1310 1412 1473 1467 Israel
1523 1413 1795 1467 civitatem
1833 1412 2057 1477 Christi,

462 1500 514 1553 id
536 1510 621 1554 est
653 1501 952 1555 Ecclesiam
982 1508 1229 1555 sanctam
1258 1519 1271 1554 :
1297 1501 1535 1572 Babylon
1559 1510 1763 1567 autem,
1800 1511 1854 1557 et
1894 1500 2059 1557 Chal-

460 1595 581 1661 dtei,
617 1598 731 1651 sive
776 1596 1035 1651 Philistaei
1069 1598 1345 1651 civitatem
1388 1597 1607 1661 diaboli,
1643 1598 1695 1652 id
1724 1605 1813 1652 est
1842 1612 2056 1652 omnem

460 1686 841 1757 malignorum,
878 1688 990 1741 sive
1020 1688 1320 1754 hominum,
1362 1688 1475 1742 sive
1510 1688 1837 1758 Angelorum
1876 1688 2059 1743 multi-

460 1774 697 1829 tudinem
740 1775 990 1845 designat
1018 1794 1029 1828 :
1057 1776 1333 1844 servitque
1382 1776 1546 1831 Israel
1589 1777 1898 1842 Philistteis,
1942 1777 2056 1831 sive

456 1861 744 1928 Chaldaeis,
774 1879 898 1918 cum
940 1864 1129 1919 ﬁdeles
1169 1866 1369 1934 quique
1400 1867 1619 1921 nomine
1664 1876 1818 1920 tenus
1860 1867 1914 1919 in
1954 1866 2055 1920 Ec—

455 1954 618 2009 clesia
634 1956 1019 2020 consistentes,
1048 1965 1307 2011 caeterum
1333 1957 1402 2011 ab
1426 1956 1719 2012 immundis
1741 1957 1826 2011 vel
1850 1957 2054 2025 spiriti-

456 2043 579 2107 bus,
607 2044 689 2097 vel
725 2044 1038 2099 hominibus
1080 2046 1311 2115 decepti,
1346 2054 1438 2100 aut
1487 2046 1748 2111 avaritiae,
1774 2055 1867 2100 aut
1898 2046 2055 2098 luxu-

454 2135 569 2200 rire,
624 2143 717 2188 aut
770 2135 927 2188 alteri
983 2136 1205 2190 cuilibet
1242 2145 1465 2206 peccato
1504 2138 1705 2192 mentis
1746 2136 1883 2190 colla
1922 2138 2052 2191 sub.

454 2224 695 2278 mittunt.
742 2224 978 2279 Abducit
1027 2236 1210 2281 autem
1260 2226 1760 2282 Nabuchodonosor
1796 2226 2054 2281 Hierusa-

454 2314 581 2380 lem,
614 2325 669 2371 et
698 2318 984 2371 universos
1011 2317 1311 2386 principes,
1346 2318 1623 2387 fortesque
1661 2319 1935 2372 exercitus
1962 2318 2053 2372 de-

453 2422 571 2461 cem
595 2405 762 2459 millia
788 2405 842 2459 in
871 2406 1265 2475 captivitatem,
1297 2422 1419 2461 cum
1443 2416 1497 2461 et
1522 2400 1809 2477 magistros
1831 2409 2052 2477 p0pulo-

461 2512 605 2562 rum,
633 2504 689 2550 et
727 2511 821 2549 eos
858 2497 950 2564 qui
988 2497 1284 2551 invincibili
1334 2498 1516 2551 animo
1549 2497 1777 2551 Domino
1820 2499 2049 2563 servire,

454 2602 521 2642 ac
548 2587 867 2658 decalogum
912 2587 1048 2658 legis
1078 2586 1315 2643 ﬁdeliter
1367 2588 1419 2642 in
1451 2588 1544 2643 Dei
1585 2584 1649 2643 ac
1688 2590 1920 2657 proximi
1965 2589 2047 2642 vi-

452 2679 720 2734 debantur
749 2693 935 2733 amore
972 2681 1325 2743 conservari,
1382 2681 1561 2734 subito
1621 2680 1734 2734 sive
1780 2680 2050 2737 illecebris

454 2769 665 2833 mundi,
708 2784 803 2824 seu
847 2770 1268 2825 adversitatibus
1307 2770 1538 2835 subacti,
1571 2783 1593 2810 ο
1632 2779 1725 2825 aut
1754 2770 2050 2841 majoribus

450 2858 699 2929 polluunt
720 2874 778 2915 se
799 2860 1153 2925 facinoribus,
1186 2869 1277 2917 aut
1315 2871 1459 2915 certe
1493 2862 1545 2915 in
1586 2862 1839 2917 hmresim
1883 2862 2050 2918 decli-

451 2948 649 3012 nando,
682 2958 883 3019 aperta:
925 2951 1209 3020 apostasia:
1252 2950 1272 2990 ί
1326 2968 1521 3009 nomen
1568 2954 1830 3009 incidunt.
1883 2954 2048 3008 Arma

450 3055 603 3105 vero,
635 3042 833 3110 quibus
856 3050 1047 3095 contra
1084 3041 1361 3096 diabolum
1402 3050 1785 3114 repugnantes,
1824 3042 2047 3099 liberta-

2171 495 2310 543 ttum,
2339 480 2452 534 sive
2484 493 2784 542 murorum,
2815 478 2906 533 scd
2933 477 3048 531 auri
3078 476 3275 546 potius,
3314 489 3762 546 gemmarumque

2171 570 2470 640 intelligere
2501 569 2851 633 voluerimus,
2888 568 2956 624 ad
2991 583 3154 623 unum
3185 566 3449 637 profecto,
3482 567 3760 621 eumdem-

2166 674 2271 728 que
2299 658 2556 728 spiritalis
2580 660 2846 727 expositio
2878 657 3037 713 ﬁnem
3062 658 3302 726 respicit.
3350 656 3567 712 Dictum
3606 658 3759 727 quip-

2166 765 2233 819 pe
2261 759 2344 804 est
2377 752 2438 805 de
2466 749 2740 819 Sapientia
2773 771 2784 804 :
2820 750 3006 822 (Prov.
3035 766 3127 815 xx,
3157 750 3243 822 l5)
3277 750 3415 814 Quia
3443 767 3642 803 aurum
3666 763 3757 809 est,

2164 850 2213 894 et
2245 840 2523 894 multitudo
2547 857 2868 911 gemmarum
2892 856 2909 893 :
2932 852 3094 910 atque
3125 842 3244 896 ideo
3272 841 3519 895 clnsorcs
3542 841 3756 903 horum,

2165 946 2272 989 non
2301 931 2433 985 alios
2458 932 2655 1000 aptius,
2684 947 2843 1000 quam
2876 932 3127 986 doctores
3157 932 3459 1001 intelligere
3491 930 3757 993 valemus,

2165 1024 2254 1093 qui
2292 1025 2527 1094 quandiu
2579 1033 2724 1078 recte
2771 1026 2977 1089 vivunt,
3025 1040 3088 1078 ac
3135 1025 3350 1088 docent,
3394 1023 3447 1077 in
3504 1032 3757 1078 ornatum

2164 1125 2365 1170 sanctae
2388 1114 2623 1169 civitatis
2655 1115 2976 1169 industriam
3004 1130 3115 1169 sua:
3136 1116 3272 1168 artis
3306 1114 3655 1182 impendunt.
3694 1114 3759 1166 At

2163 1208 2208 1261 si
2246 1205 2384 1261 forte
2418 1206 2765 1270 erraverint,
2813 1205 2943 1275 quid
2981 1206 3083 1260 nisi
3140 1222 3169 1259 a
3218 1220 3345 1276 rege
3382 1202 3757 1259 Chaldaeorum

2162 1297 2357 1365 captivi
2381 1295 2726 1366 Babyloniam
2758 1294 3201 1349 transferuntur?
3240 1295 3525 1349 Artiﬁcem
3561 1304 3619 1347 et
3648 1294 3759 1347 clu-

2162 1404 2340 1443 sorem
2364 1388 2432 1444 ab
2456 1386 2841 1457 Hierosolymis
2862 1386 3209 1457 Babyloniam
3234 1386 3655 1455 trausmigrare,
3683 1394 3760 1439 est

2162 1478 2418 1531 talentum
2434 1478 2583 1533 verbi
2605 1478 2817 1532 cmlitus
2838 1487 3119 1547 acceptum
3145 1478 3195 1531 in
3219 1485 3361 1530 terra
3377 1476 3581 1540 defodi,
3613 1477 3665 1529 id
3680 1484 3756 1529 est

2158 1570 2441 1625 scientiam
2458 1570 2790 1639 spiritualem
2808 1568 2875 1624 ad
2889 1578 3232 1639 peccatorum
3250 1584 3413 1639 opera
3439 1570 3711 1623 converti.
3737 1591 3752 1619 ι

2234 1660 2361 1714 Post
2392 1659 2510 1714 hmc
2546 1657 2712 1713 refert
2745 1658 3049 1727 Scriptura,
3083 1662 3232 1729 (xxv,
3265 1656 3317 1721 5,
3350 1656 3403 1719 6,
3430 1657 3565 1727 etc.)
3613 1659 3755 1726 quod

2087 1762 2131 1819 Β
2162 1750 2456 1821 fugientem
2483 1764 2662 1821 regem
2700 1748 3020 1806 Sedechiam
3064 1749 3133 1803 ab
3180 1750 3425 1802 exercitu
3473 1748 3757 1803 Chaldaeo-

2160 1857 2299 1905 rum,
2328 1842 2835 1911 apprehensumque
2865 1840 3134 1893 duxerunt
3163 1840 3228 1892 ad
3255 1854 3439 1909 regem
3462 1839 3755 1908 Babylonis

2158 1931 2213 1984 in
2246 1930 2535 1995 Reblatha,
2564 1930 2656 2000 qui
2689 1930 2901 1985 locutus
2929 1937 3011 1983 est
3037 1945 3158 1983 eum
3193 1944 3257 1983 eo
3277 1929 3547 1998 judicium
3579 1948 3590 1981 :
3618 1929 3754 1983 ﬁlios

2157 2028 2336 2077 autem
2382 2018 2661 2074 Sedechia:
2706 2019 2905 2073 occidit
2942 2034 3125 2073 coram
3165 2033 3262 2083 eo,
3315 2030 3371 2072 et
3408 2018 3597 2072 oculos
3640 2017 3754 2085 ejus

2156 2110 2357 2173 effodit,
2402 2110 2681 2180 vinxitque
2713 2126 2836 2170 eum
2877 2112 3105 2176 catenis,
3152 2119 3208 2163 et
3256 2111 3484 2165 adduxit
3536 2112 3591 2164 in
3649 2112 3751 2165 Ba-

2155 2199 2428 2256 bvlonem.

2234 2310 2243 2342 ί
2286 2325 2303 2357 ι
2338 2307 2475 2360 Dum
2523 2308 2805 2377 Scriptura
2855 2324 3009 2363 sacra
3054 2308 3331 2373 Sedechite
3373 2310 3752 2381 captivitatem

2157 2405 2377 2461 narrat,
2428 2397 2674 2452 ordinem
2737 2398 3068 2467 captivitatis
3124 2399 3352 2454 internae
3412 2400 3749 2455 denuntiat:

2154 2485 2267 2542 Rex
2297 2488 2496 2558 quippe
2529 2488 2821 2559 Babylonis
2859 2498 2942 2544 est
2980 2491 3235 2560 antiquus
3277 2489 3290 2540 i
3342 2506 3632 2560 possessor
3674 2493 3752 2548 in-

2156 2578 2297 2633 lima:
2329 2577 2686 2643 confusionis,
2714 2580 2806 2647 qui
2830 2580 2981 2651 prius
3008 2579 3149 2635 ﬁlios
3176 2588 3304 2636 ante
3330 2582 3599 2638 intuentis
3624 2599 3751 2638 ocu-

2152 2666 2232 2721 los
2272 2668 2525 2731 trucidat,
2565 2668 2692 2736 quia
2724 2683 2864 2740 smpe
2896 2669 2975 2724 sic
3002 2670 3143 2725 bona
3176 2686 3341 2741 opera
3374 2672 3659 2735 interﬁcit,
3696 2683 3749 2727 ut

2151 2764 2265 2817 htec
2294 2777 2349 2816 se
2377 2763 2628 2817 amittere
2667 2764 2801 2833 ipse,
2829 2763 2920 2833 qui
2955 2774 3146 2834 captus
3174 2772 3277 2831 est,
3318 2765 3507 2821 dolens
3539 2777 3746 2821 cernat.

2150 2851 2287 2907 Nam
2316 2854 2342 2892 ιι
2364 2854 2533 2923 gemit
2548 2854 2863 2924 plerumque
2888 2856 3123 2921 animus,
3148 2864 3203 2910 et
3229 2865 3407 2911 tamen
3431 2859 3620 2912 carnis
3643 2873 3747 2912 suae

2151 2946 2597 3002 delectationibus
2651 2947 2858 3011 victus,
2902 2948 3078 3014 bona,
3127 2965 3247 3017 quae
3293 2951 3499 3021 genuit,
3559 2966 3748 3005 amans

2150 3035 2348 3107 perdit,
2375 3045 2428 3090 et
2460 3052 2581 3107 quae
2605 3037 2811 3106 patitur
2835 3038 3030 3093 damna
3055 3041 3390 3103 considerat,
3427 3057 3531 3095 nec
3568 3050 3745 3097 tamen

453 3140 561 3186 tem
589 3147 619 3185 a
662 3132 771 3187 Deo
800 3132 958 3187 nobis
990 3133 1246 3187 donatam
1282 3132 1641 3199 defendimus,
1680 3136 1705 3173 8
1741 3135 1871 3205 quid
1919 3142 2046 3190 sum
2072 3113 2118 3174 C
2150 3127 2368 3182 virtutis
2414 3127 2695 3181 brachium
2741 3137 2932 3183 contra
2977 3144 3157 3200 regem
3205 3131 3503 3202 Babylonis
3555 3133 3699 3188 levat
3732 3154 3742 3186 :

451 3224 621 3287 aliud,
654 3225 758 3278 nisi
785 3224 1000 3294 eloquia
1030 3223 1460 3295 Scripturarum,
1490 3225 1540 3279 iu
1568 3226 1764 3295 quibus
1792 3234 1847 3282 et
1877 3227 2048 3298 ipsius

454 3312 687 3379 Domini,
710 3322 767 3369 et
786 3324 1099 3369 sanctorum
1124 3314 1240 3382 ejus
1252 3317 1537 3385 exemplis,
1561 3332 1669 3385 quo
1689 3318 1880 3373 ordine
1906 3318 2047 3373 bella

448 3402 705 3457 vitiorum
743 3404 991 3474 superari
1034 3406 1284 3471 debeant,
1339 3406 1458 3460 luce
1507 3406 1705 3461 clarius
1740 3407 2045 3462 discimus?

450 3491 555 3549 Sed
600 3493 859 3554 Philistmi
901 3494 1043 3551 ﬁlios
1070 3495 1236 3550 Israel
1266 3496 1437 3550 fabris
1485 3513 1760 3553 armorum
1806 3500 2042 3567 privarit,

448 3600 573 3641 cum
603 3586 823 3663 maligni
857 3587 1081 3655 spiritus
1111 3589 1323 3642 animos
1353 3587 1589 3642 ﬁdelium
1624 3604 1653 3642 a
1695 3590 2045 3646 meditatione

449 3692 621 3733 sacrte
668 3679 955 3744 lectionis,
1002 3680 1282 3733 stecularia
1321 3681 1426 3734 illis
1475 3682 1685 3751 negotia
1732 3681 2040 3751 inserendo,

448 3767 770 3821 retardant':
795 3781 863 3821 ne
887 3768 968 3822 vel
997 3768 1099 3838 ipsi
1130 3785 1226 3837 per
1255 3770 1414 3839 hujus
1436 3771 1754 3825 exercitium
1785 3772 2045 3827 resisten-

447 3858 500 3912 di
544 3858 793 3913 ﬁduciam
828 3868 1065 3925 sumant,
1109 3860 1191 3915 vel
1223 3860 1357 3915 alios
1404 3859 1567 3926 forte,
1602 3861 1695 3931 qui
1731 3862 1912 3933 legere
1944 3879 2040 3917 ne-

448 3953 649 4016 sciunt,
676 3952 743 4007 ad
775 3953 1136 4007 resistendum
1158 3953 1323 4015 vitiis,
1357 3954 1691 4008 exhortando
1737 3963 1829 4007 aut
1872 3955 2042 4009 corri-

448 4042 647 4111 pieudo
696 4041 1015 4097 accendant.
1068 4042 1283 4097 Tollunt
1330 4042 1513 4098 fabros
1555 4059 1855 4109 armorum,
1916 4060 2041 4100 cum

446 4149 561 4197 eos,
593 4134 685 4202 qui
723 4149 878 4189 sacra
909 4134 1121 4204 eloquia
1160 4145 1379 4199 norunt,
1414 4136 1466 4190 in
1500 4144 1708 4189 tantum
1741 4136 2039 4194 sceleribus

445 4228 701 4293 obruunt,
732 4236 789 4281 ut
830 4229 1011 4283 dicere
1040 4228 1203 4295 bona,
1244 4245 1364 4298 qute
1393 4232 1416 4269 δ
1458 4230 1769 4295 didicerint,
1815 4246 2039 4299 prorsus

444 4320 786 4374 erubescant.
838 4319 1201 4376 Transferunt
1244 4336 1460 4376 omnem
1528 4324 1790 4377 artiﬁcem
1829 4332 1883 4378 et
1922 4324 2037 4378 clu-

446 4426 621 4465 sorem
651 4413 705 4466 in
735 4411 1084 4484 Babyloniam
1121 4413 1187 4467 de
1217 4412 1574 4479 Hierusalem,
1617 4431 1740 4469 cum
1786 4431 1897 4478 eos.
1945 4417 2034 4485 qui

445 4500 743 4556 multifaria
767 4502 1025 4555 virtutum
1052 4505 1369 4572 operatione
1402 4505 1647 4574 pluribus
1674 4508 1953 4576 prodesse,
1984 4517 2039 4561 et

443 4591 725 4645 civitatem
748 4589 845 4647 Dei
872 4600 1064 4646 contra
1089 4593 1415 4663 irruptiones
1440 4599 1797 4653 teutationum
1826 4598 2039 4659 munire

445 4680 713 4745 solebant,
769 4699 800 4735 a
839 4684 1118 4753 proposito
1154 4684 1483 4752 deﬂectunt,
1534 4697 1696 4756 atque
1738 4690 2035 4759 ingenium,

444 4772 589 4841 quod
612 4772 824 4827 tuitioni
864 4781 1065 4829 sancta:
1092 4773 1344 4830 Ecclesiae
1375 4778 1686 4845 impendere
1715 4780 2035 4845 debuerant,

443 4863 512 4918 ad
556 4862 889 4917 voluntatem
945 4865 1125 4934 potius
1178 4865 1324 4934 regis
1370 4866 1666 4932 vitiorum,
1722 4869 2037 4936 dispensare

517 5091 541 5118 α
597 5075 811 5131 Vastata
838 5078 1132 5137 Jerusalem
1164 5091 1211 5133 et
1250 5081 1391 5133 omni
1445 5091 1606 5135 terra.
1660 5082 1926 5139 Pratstare
1956 5088 2036 5140 vi-

447 5149 605 5204 detur
632 5158 817 5203 nostra
843 5149 1021 5202 lectio.

517 5219 545 5259 δ
584 5216 867 5287 Satagunt.

518 5298 541 5327 ο
583 5286 893 5342 Remanent.

518 5357 544 5397 ἀ
586 5357 835 5426 Dirupta.

523 5440 546 5467 ο
583 5445 615 5480 a
648 5440 664 5477 :
692 5435 911 5498 praestat
934 5438 1113 5483 nostra
1143 5430 1316 5487 lectio.

529 5498 547 5535 ί
592 5505 789 5550 natam.

529 5570 554 5608 ⁸
596 5566 745 5632 Qum.

521 5639 545 5675 δ
590 5637 902 5692 didicerant.

526 5708 538 5748 ί
590 5706 985 5785 Subsequentia
1014 5711 1220 5772 lineolis
1250 5722 1429 5773 notata
1455 5715 1701 5777 l’atcrms
1736 5733 1797 5771 ex
1837 5717 2034 5786 Grego-

2150 3220 2243 3272 sed
2284 3218 2410 3272 dum
2454 3216 2641 3271 videns
2680 3218 2933 3286 nequitia:
2979 3220 3380 3289 perpetratione
3423 3224 3744 3291 percutitur,

2151 3311 2218 3365 ad
2247 3311 2349 3373 hoc
2385 3309 2398 3347 ¹
2431 3318 2645 3379 quoque
2664 3322 2892 3379 peccato
2917 3313 3321 3380 superducitur,
3354 3322 3412 3366 ut
3457 3314 3579 3383 ipso
3618 3330 3745 3384 quo-

2147 3417 2254 3471 que
2297 3401 2524 3461 rationis
2554 3400 2756 3457 lumine
2786 3403 3049 3472 privetur.
3100 3402 3253 3458 Unde
3297 3404 3594 3475 Babylonis
3629 3421 3742 3467 rex,

2147 3496 2404 3550 extinctis
2454 3495 2606 3563 prius
2646 3494 2791 3562 ﬁliis,
2856 3493 3137 3550 Sedechite
3178 3482 3365 3551 oculos
3411 3498 3578 3562 eruit,
3622 3500 3743 3569 quia

2147 3586 2415 3655 malignus
2462 3587 2685 3657 spiritus
2730 3587 3011 3641 subductis
3055 3587 3206 3656 prius
3252 3587 3408 3642 bonis
3452 3589 3742 3657 operibus,

2145 3684 2267 3746 post
2298 3676 2664 3747 intelligentia:
2691 3677 2871 3731 lumen
2901 3678 3057 3743 tollit,
3093 3679 3237 3746 quod
3265 3690 3413 3733 recte
3447 3677 3742 3734 Sedechias

2146 3768 2199 3821 in
2253 3768 2517 3821 Reblatha
2561 3768 2786 3837 patitur.
2829 3768 3093 3823 Reblatlia
3134 3770 3355 3838 quippe,
3399 3770 3571 3824 multa
3613 3773 3740 3834 ἠιεε,

2145 3858 2552 3926 interpretatur.
2614 3858 2674 3911 Ei
2703 3859 2846 3913 enim
2877 3859 3200 3929 quandoque
3232 3870 3284 3914 et
3310 3861 3493 3915 lumen
3520 3864 3743 3917 rationis

2145 3957 2183 3985 ω
2212 3944 2512 4012 claudetur,
2544 3948 2632 4017 qui
2657 3963 2824 4016 pravo
2852 3964 2952 4002 usu
2984 3966 3049 4003 cx
3074 3949 3380 4019 iniquitatis
3418 3968 3532 4007 sua:
3567 3954 3742 4009 multi-

2144 4035 2328 4090 tudine
2356 4044 2631 4104 gravatur.
2677 4058 2694 4089 ι

2217 4155 2243 4182 ιι
2284 4144 2437 4200 Sicut
2480 4147 2623 4199 enim
2665 4156 2860 4217 quarta
2898 4149 2984 4203 die
3023 4150 3220 4205 coelum
3269 4152 3323 4205 in
3378 4152 3538 4206 initio
3595 4169 3740 4208 crea-

2142 4248 2387 4294 turarum
2445 4241 2806 4295 luminaribus
2857 4252 3107 4296 ornatum
3138 4244 3367 4309 exstitit,
3427 4246 3501 4299 ita
3551 4260 3739 4315 quarta

2140 4339 2297 4385 aetate
2320 4332 2504 4385 mundi
2534 4330 2861 4387 lsraeliticus
2894 4333 3121 4402 p0pulus
3166 4335 3374 4389 caelesti
3426 4337 3531 4391 ﬁde
3571 4337 3739 4407 incly-

2142 4428 2229 4474 tus
2258 4461 2272 4485 ,
2315 4436 2345 4473 a
2382 4420 2667 4491 Prophetis
2696 4462 2710 4486 ,
2751 4423 2904 4490 quasi
2945 4437 2975 4474 a
3013 4422 3182 4477 stellis
3235 4424 3569 4479 illuminatus
3598 4467 3613 4496 ,
3655 4440 3737 4479 re-

2142 4526 2247 4581 gno
2300 4512 2467 4567 David
2522 4521 2577 4567 et
2644 4514 2948 4569 Salomonis
2994 4516 3298 4586 gloriosus,
3352 4519 3535 4585 templi
3577 4521 3735 4574 etiam

2142 4603 2469 4657 sanctissimi
2508 4603 2813 4669 altitudine,
2850 4612 2965 4659 toto
3002 4614 3085 4659 est
3124 4607 3439 4661 nobilitatus
3485 4610 3535 4662 in
3587 4609 3734 4663 orbe.

2144 4692 2248 4747 Sed
2274 4696 2482 4763 accepit
2512 4711 2813 4769 vesperam,
2840 4699 3076 4766 quando,
3106 4698 3581 4753 crebrescentibus
3611 4715 3735 4769 pec-

2142 4784 2298 4849 catis,
2331 4801 2557 4855 regnum
2592 4786 2720 4841 illud
2752 4803 2782 4840 a
2805 4786 3072 4841 Chaldaeis
3101 4788 3442 4857 dissipatum,
3477 4790 3733 4859 templum

2143 4874 2402 4939 dirutum,
2429 4884 2481 4931 et
2498 4883 2607 4931 tota
2630 4891 2761 4945 gens
2787 4877 2872 4932 illa
2894 4886 2979 4933 est
2995 4879 3049 4933 in
3073 4878 3422 4949 Babyloniam
3450 4880 3731 4935 translata.

2140 5090 2220 5145 rio
2240 5092 2555 5163 desumpsit,
2584 5093 2811 5163 ideoque
2832 5096 2994 5149 etiam
3018 5096 3292 5152 Claudius.
3322 5097 3559 5158 Consule
3581 5118 3725 5157 num.

2140 5176 2351 5237 xxxvii,
2376 5180 2496 5237 cap.
2532 5165 2627 5237 l5,
2650 5165 2776 5220 olim
2806 5166 2894 5231 I6,
2922 5166 3045 5222 libri
3072 5183 3144 5221 vu
3172 5168 3356 5224 Moral.

2212 5232 2224 5279 ἱ
2273 5232 2501 5289 Additur
2524 5250 2536 5287 :
2562 5234 2743 5289 hostis.

2211 5302 2234 5373 If
2276 5303 2409 5356 bona
2439 5305 2622 5373 gignit.

2217 5370 2232 5408 1
2276 5370 2586 5444 quandoque
2610 5378 2805 5444 peccati
2836 5394 2949 5430 usu.

2213 5453 2250 5479 ω
2281 5443 2568 5496 clauditur.

2213 5521 2239 5547 η
2280 5510 2409 5577 Qum
2436 5522 2734 5581 sequuntur
2766 5515 2977 5571 lineolis
3012 5516 3235 5574 minime
3263 5527 3447 5583 notata
3493 5520 3545 5577 in
3579 5520 3723 5582 nullo

2140 5583 2668 5667 vetustouscriptore
2707 5586 2884 5641 iuveni
2916 5587 3327 5657 :Augustiniani
3372 5599 3551 5647 tamen
3602 5591 3724 5667 styli

2140 5654 2381 5706 nonnihil
2410 5654 2624 5707 habent.
