3906 6332
124 364 235 422 809

805 364 1266 434 ΟΠᾸΞΞΤΙΟΝΕΞ
1298 364 1446 421 XXX
1484 362 1709 419 SUPER

1820 358 1996 415 BBOS
2036 358 2298 415 REGUM.
2333 388 2404 399 —
2440 355 2640 413 LIBER
2678 354 2767 411 IV.

3269 352 3371 409 8I0

127 496 151 523 ι
180 486 313 550 Quae
335 489 525 551 quarta
550 481 729 536 smeuli
757 489 889 537 tetas
908 496 937 536 a
961 482 1128 535 David
1160 496 1329 552 usque
1354 482 1421 535 ad
1447 478 1698 533 transmi—
1732 480 1773 536 Λ
1804 474 1961 526 vitam
1988 490 2205 543 agamus
2230 475 2282 526 in
2307 474 2445 526 omni
2480 472 2689 542 pietate,
2723 479 2772 525 et
2811 469 3049 523 castitate
3073 483 3089 519 :
3113 470 3208 523 hoc
3237 471 3373 523 enim

126 576 426 644 grationem
461 572 767 644 Babylonis,
802 574 966 628 habet
993 589 1163 627 annos
1190 573 1339 642 juxta
1383 571 1703 625 IIebraicam

126 666 412 719 veritatem
456 665 879 733 quadringentos
919 664 1253 733 septuaginta
1302 672 1412 715 tres
1438 663 1468 699 δ
1507 680 1517 713 :
1550 661 1703 729 juxta

125 755 484 826 Septuaginta
515 758 835 824 interpretes
867 756 1066 824 aliquid
1108 757 1352 825 amplius.
1392 754 1706 809 Geoeratio-

125 861 225 900 nes
261 847 413 912 juxta
454 856 712 914 utrosque
742 848 954 901 codices
996 848 1373 915 septemdecim
1410 864 1422 898 :
1452 862 1583 913 quas
1633 854 1707 899 ta-

125 950 252 990 men
308 936 643 1006 Evangelista
696 936 978 991 Mattiacas
1026 937 1159 991 certi
1221 936 1461 1006 mysterii
1510 935 1702 1005 gratia,

123 1028 535 1096 qnatuordecim
568 1028 739 1096 ponit,
770 1043 799 1081 a
826 1043 931 1095 qua
959 1028 1182 1097 juvenili
1222 1035 1381 1081 a:tate
1421 1027 1474 1080 in
1513 1024 1707 1094 populo

125 1116 223 1171 Dei
250 1117 454 1188 Regum
491 1124 730 1187 tempora
761 1126 1063 1187 cmperunt.
1118 1118 1244 1173 llmc
1269 1130 1499 1185 namque
1530 1116 1581 1169 in
1612 1116 1707 1169 lio-

125 1208 365 1263 minibus
391 1218 520 1263 artas
552 1218 695 1279 apta,
735 1212 800 1265 ad
835 1210 1238 1279 gubernandum
1277 1209 1412 1263 solet
1452 1208 1703 1262 existere.

126 1296 421 1353 Sedecbias
452 1308 630 1354 autem
667 1300 1066 1369 suprascriptus
1100 1299 1240 1353 ﬁlius
1275 1297 1435 1353 Josia:
1463 1298 1707 1368 regnavit

124 1390 285 1442 annis
312 1391 559 1445 undecim
593 1405 607 1443 :
641 1392 800 1461 hujus
840 1391 1125 1444 undecimo
1172 1406 1333 1451 anno,
1382 1404 1565 1458 regum
1607 1403 1703 1442 au-

124 1483 240 1531 tem
267 1476 555 1547 Babylonis
580 1488 793 1544 octavo,
822 1480 1115 1533 secundum
1144 1478 1258 1533 dies
1289 1478 1501 1532 lunares
1522 1491 1708 1532 mense

122 1571 344 1635 quarto,
366 1568 555 1636 quinta
584 1568 670 1623 die
690 1570 913 1633 mensis,
943 1569 1096 1639 juxta
1146 1568 1353 1623 solares
1393 1581 1523 1621 vero
1569 1566 1704 1629 dies,

122 1666 322 1711 octavo
344 1657 605 1713 kalendas
643 1658 789 1724 Julii,
831 1660 955 1712 luna
992 1660 1201 1728 quinta,
1242 1673 1400 1727 quem
1441 1657 1516 1711 illi
1549 1658 1709 1727 quin-

124 1757 243 1803 tum
272 1750 413 1805 diem
450 1761 786 1821 computant,
830 1750 961 1806 feria
1005 1755 1249 1821 septima,
1288 1760 1476 1820 aperta
1514 1762 1597 1809 est
1633 1753 1709 1806 ci-

1804 564 2013 626 boimm,
2038 573 2085 617 et
2115 573 2381 631 acceptum
2418 573 2490 617 est
2526 579 2703 617 coram
2732 560 3003 616 Saluatore
3044 570 3219 615 nostra
3245 561 3373 624 Deo,

1804 654 1890 723 qui
1913 670 2087 706 omnes
2117 654 2349 706 homines
2378 650 2482 705 vult
2516 652 2687 706 salvos
2713 653 2851 721 ﬁeri,
2889 663 2935 705 ct
2973 654 3027 705 in
3061 654 3377 722 agnitionem

1805 743 2032 795 veritatis
2060 743 2247 795 venire.
2300 741 2377 796 Ex
2418 743 2520 797 hoc
2550 743 2745 812 quippe
2774 744 2937 797 etiam
2970 743 3073 799 illis
3108 743 3379 799 credenti-

1806 834 1906 887 lus
1933 842 2237 889 constructa
2265 844 2393 888 sunt
2434 834 2702 888 domicilia
2734 835 2904 902 pacis,
2951 835 3186 890 basilica:
3217 836 3375 891 Clari-

1804 926 2099 979 stianarum
2127 926 2621 995 eongregationum,
2660 934 2714 980 et
2752 926 3029 981 novellata:
3070 928 3241 983 vinea:
3284 942 3379 997 po-

1804 1015 2050 1085 pulorum
2089 1014 2344 1079 ﬁdelium,
2375 1025 2429 1071 et
2462 1016 2685 1084 plantati
2718 1017 2881 1081 horti,
2914 1020 3004 1072 ubi
3030 1020 3195 1073 etiam
3237 1020 3379 1073 inter

1806 1105 1987 1158 omnia
2021 1105 2168 1159 olera
2206 1121 2432 1175 granum
2462 1107 2590 1161 illud
2618 1107 2821 1177 sinapis
2852 1117 3057 1178 regnat,
3094 1110 3194 1163 sub
3225 1107 3380 1176 cujus

1807 1198 2137 1254 umbraculis
2162 1199 2337 1268 longe.
2369 1200 2573 1269 lateque
2602 1200 2885 1270 porrectis,
2927 1202 3089 1255 etiam
3123 1202 3378 1273 altipetax

1807 1289 2057 1357 superbia
2085 1288 2343 1357 gentium,
2378 1297 2628 1359 tanquam
2666 1290 2717 1343 in
2754 1290 2874 1343 coeli
2914 1290 3220 1346 volatilibus
3249 1307 3379 1347 eon-

1808 1379 2079 1451 i‘ugiendo,
2112 1382 2420 1450 requiescit.
2482 1381 2617 1435 Nam
2647 1384 2787 1451 quod
2818 1384 2979 1436 etiam
3017 1392 3138 1452 post
3164 1392 3381 1452 septua-

1800 1472 1953 1540 ginta
1998 1487 2167 1525 annos
2209 1473 2498 1526 secundum
2545 1472 2782 1540 ejusdem
2830 1472 3109 1529 lliereinize
3152 1475 3385 1544 prophe-

1811 1569 1937 1621 tiam
1977 1569 2182 1622 reditur
2219 1584 2281 1621 cx
2321 1570 2649 1637 captivitate,
2680 1576 2739 1622 ct
2774 1570 3029 1639 templum
3071 1579 3379 1633 renovatur,

1808 1661 1928 1727 quis
1952 1659 2124 1715 ﬁdelis
2148 1660 2347 1714 Christi
2376 1676 2480 1714 non
2518 1660 2803 1730 intelligat,
2841 1668 2963 1728 post
2996 1661 3204 1715 evoluta
3250 1671 3385 1715 tem-

1808 1764 1975 1818 pora,
2031 1766 2151 1821 qua:
2200 1752 2489 1820 septenarii
2549 1751 2755 1804 dierum
2806 1753 3013 1805 numeri
3068 1754 3386 1821 repetitione

123 1840 288 1905 vitas,
310 1850 366 1895 et
390 1842 616 1910 ingressu
642 1852 767 1896 sunt
796 1858 984 1897 omnes
1024 1843 1295 1912 principes
1326 1858 1509 1915 regum
1537 1846 1709 1917 Baby-

1814 1849 2209 1903 transcurrnnt,
2249 1843 2409 1895 etiam
2453 1842 2625 1907 nobis,
2671 1842 2725 1896 id
2760 1852 2841 1897 est
2886 1844 3136 1899 Ecclesiae
3183 1843 3274 1897 Dei
3318 1842 3385 1897 ad

125 1930 289 1996 Ionis,
323 1933 787 2002 possederuntque
813 1934 1109 1998 civitatem,
1142 1942 1196 1987 et
1229 1936 1500 2003 captivum
1534 1945 1711 1991 trans-

123 2024 397 2077 duxerunt
438 2025 690 2093 populum
744 2025 797 2078 in
838 2024 1183 2094 Babylonem.
1241 2026 1309 2079 Et
1354 2026 1479 2081 inde
1520 2036 1709 2097 postea

122 2111 483 2169 Nabuzardan
538 2117 786 2187 princeps
832 2118 1038 2171 militia:
1099 2120 1369 2173 exercitus
1424 2114 1711 2189 BaliinOnis

123 2216 318 2256 mense
345 2205 554 2271 quinto,
582 2203 791 2260 decima
817 2206 902 2261 die
920 2208 1569 2273 mensislunaris,solaris
1583 2223 1711 2262 vero

120 2296 319 2364 quinto
340 2294 593 2352 kalendas
619 2297 869 2368 Augusti,
900 2298 1025 2354 luna
1053 2299 1281 2364 decima,
1310 2316 1470 2370 quam
1500 2300 1710 2357 Hebraei

122 2382 399 2440 decimum
426 2388 566 2442 diem
588 2389 760 2458 quinti
790 2391 991 2445 mensis
1016 2398 1229 2455 vocant,
1256 2401 1277 2428 ε
1307 2388 1564 2445 destructi
1588 2402 1715 2447 sunt

124 2476 271 2529 muri
300 2478 552 2543 civitatis,
599 2488 654 2534 et
689 2481 943 2551 templum
978 2483 1184 2550 pariter
1221 2483 1519 2548 incensum,
1553 2492 1712 2554 atque

124 2574 402 2622 vastatum
426 2581 530 2635 est,
568 2587 727 2635 anno,
762 2588 828 2627 ex
859 2588 965 2641 quo
996 2571 1207 2626 ﬁuidari
1242 2573 1423 2643 c'mpit,
1458 2574 1713 2642 quadrin-

124 2658 455 2727 gentesimo,
483 2669 535 2713 et
562 2663 859 2732 trigesimo.
909 2663 965 2717 Si
995 2678 1123 2718 vero
1152 2678 1181 2716 a
1213 2678 1299 2716 me
1324 2672 1597 2731 quaeratur
1615 2678 1713 2732 per

125 2747 263 2815 quid
291 2749 456 2804 sciam
502 2751 604 2807 hoc
630 2772 640 2806 :
667 2761 759 2806 aut
804 2753 1073 2822 quomodo
1111 2754 1285 2823 potuit
1327 2753 1428 2807 hoc
1474 2753 1613 2813 ﬁeri,
1654 2761 1713 2807 ut

127 2839 334 2893 talide
368 2842 578 2907 diebus,
611 2842 714 2921 vel.
733 2844 1117 2912 comprehensa
1164 2842 1329 2898 fuerit
1370 2844 1581 2905 civitas,
1628 2845 1713 2897 vel

128 2928 391 2984 incensa:
416 2933 733 3000 respondeo,
758 2933 881 3001 quia
910 2934 1025 3002 ipso
1058 2950 1198 2987 anno
1232 2935 1437 2988 decimo
1457 2932 1713 2989 kalendas

124 3018 334 3089 Aprilis
360 3023 585 3083 exstitit,
602 3023 894 3077 secundum
923 3024 1038 3078 dies
1074 3023 1309 3087 lunares,
1348 3025 1474 3077 anni
1515 3024 1715 3092 princi-

128 3111 304 3181 pium,
330 3121 379 3166 et
414 3114 572 3182 primi
607 3116 808 3169 mensis
841 3114 1072 3169 initium.
1125 3113 1243 3167 Jam
1294 3117 1407 3184 ipsa
1448 3116 1500 3168 in
1545 3113 1715 3185 Baby-

1814 1932 1955 1985 illam
1984 1933 2259 1988 cmlestem
2293 1934 2622 1989 Hierusalem
2654 1953 2717 1991 ex
2756 1937 2914 2006 hujus
2939 1938 3115 1993 s:rculi
3147 1938 3387 2007 pcregri-

1811 2023 2029 2076 natione
2054 2025 2427 2079 redeundum?
2450 2041 2545 2094 per
2573 2042 2728 2095 quem
2750 2028 2772 2080 ?
2798 2028 2898 2081 nisi
2921 2043 3018 2097 per
3033 2027 3214 2082 .lcsnm
3237 2028 3388 2081 Citri-

1810 2120 1974 2175 stnm,
2004 2129 2131 2169 vere
2156 2114 2505 2169 Sacerdotem
2548 2132 2821 2186 magnum,
2844 2116 2996 2185 cujus
3026 2116 3249 2187 ﬁguram
3296 2130 3387 2185 ge-

1812 2204 1966 2256 rebat
2012 2204 2097 2258 ille
2136 2202 2293 2259 Jesus
2332 2205 2597 2261 Sacerdos
2638 2222 2863 2277 magnus
2902 2206 3045 2261 illius
3088 2206 3345 2277 temporis
3369 2244 3387 2272 ,

1812 2305 1917 2359 quo
1966 2292 2223 2362 templum
2269 2294 2592 2348 aediﬁcatum
2639 2304 2763 2359 est,
2804 2304 2927 2364 post
2976 2296 3388 2364 captivitatem.

1811 2400 1972 2454 quem
2018 2387 2282 2456 propheta
2320 2387 2609 2443 Zacharias
2646 2388 2780 2443 vidit
2817 2388 2871 2442 in
2916 2388 3132 2442 sordido
3175 2386 3383 2452 habitu,

1812 2476 2130 2546 devictaque
2151 2477 2387 2541 diabolo,
2418 2478 2509 2547 qui
2536 2479 2601 2533 ad
2629 2480 2744 2547 ejus
2766 2481 3163 2535 accusationem
3185 2479 3383 2538 stabat.

1811 2565 2047 2619 ablatam
2075 2566 2147 2620 illi
2170 2567 2439 2621 sordidam
2464 2577 2688 2631 vestem,
2721 2578 2777 2625 et
2802 2570 2983 2624 datum
3015 2552 3387 2623 indumentum

1814 2653 2037 2709 honoris
2081 2664 2136 2708 et
2164 2656 2346 2723 gloria:
2371 2674 2383 2708 :
2407 2658 2545 2710 sicut
2584 2668 2778 2727 corpus
2816 2657 2941 2713 Jesu
2983 2656 3207 2723 Christi,
3245 2658 3390 2727 quod

1814 2754 1898 2799 est
1928 2745 2191 2810 Ecclesia,
2221 2748 2531 2801 adversario
2566 2749 2619 2802 in
2652 2749 2755 2803 ﬁne
2794 2757 3092 2819 temporum
3118 2763 3215 2819 per
3241 2746 3390 2817 judi-

1813 2838 1955 2889 cium
1998 2845 2269 2905 superato,
2312 2852 2343 2891 a
2390 2838 2534 2893 luctu
2579 2840 3026 2908 peregrinationis
3073 2840 3124 2893 in
3166 2838 3391 2910 gloriam

1813 2930 2154 2997 sempiterna:
2176 2930 2371 3001 salutis
2397 2938 2720 2985 assumetur.
2777 2931 2930 2996 Quod
2964 2930 3129 2984 etiam
3166 2930 3218 2983 in
3248 2929 3394 3000 psal-

1814 3034 1903 3073 mo
1964 3020 2318 3074 dedicationis
2380 3021 2571 3075 domus
2621 3020 2715 3075 Dei
2778 3021 3117 3090 apertissime
3176 3020 3392 3076 canitur

1814 3107 1986 3179 (Psal.
2014 3126 2163 3175 xxtx,
2190 3109 2276 3180 12)
2302 3129 2315 3164 :
2340 3108 2649 3165 Convertisti
2667 3110 2931 3181 planctum
2956 3126 3125 3165 meum
3157 3112 3211 3165 in
3253 3127 3389 3181 gau-

129 3202 337 3255 loniam
387 3206 789 3275 transmigratio
813 3246 826 3269 ,
872 3220 978 3274 quo
1016 3206 1179 3259 etiam
1241 3182 1338 3273 per
1386 3182 1715 3260 Hieremiam
1745 3182 1789 3245 Ο
1820 3200 1964 3254 dium
2009 3201 2179 3255 mihi:
2208 3202 2507 3256 conscidiin
2549 3218 2758 3255 saccum
2799 3219 2991 3267 meum,
3037 3212 3085 3257 et
3118 3203 3393 3256 accinxisti

127 3295 452 3366 prophetam
489 3294 708 3363 spiritus
734 3294 826 3349 Dei
866 3294 1039 3361 jubet,
1080 3302 1137 3348 ut
1173 3304 1419 3364 pergant,
1466 3301 1522 3349 et
1560 3303 1718 3350 orent

133 3400 239 3455 pro
259 3384 341 3440 eis
386 3384 531 3454 ipsis,
573 3386 625 3438 in
654 3400 884 3454 quorum
925 3401 1090 3456 regno
1117 3386 1548 3455 peregrinantur,
1574 3386 1717 3453 quod

131 3475 185 3527 in
217 3472 431 3528 illorum
456 3487 588 3542 pace
618 3472 781 3527 etiam
809 3488 913 3542 pax
944 3483 1087 3527 esset
1125 3475 1375 3537 istorum,
1408 3481 1462 3527 et
1486 3474 1719 3529 aediﬁca-

127 3570 257 3620 rent
284 3564 494 3627 domos,
520 3569 574 3619 et
602 3563 932 3618 novellarcnt
960 3564 1165 3629 vineas,
1190 3572 1243 3618 et
1264 3565 1573 3633 plantarent
1599 3565 1720 3617 bor-

130 3668 243 3721 tos,
274 3657 399 3726 quis
428 3672 533 3710 non
566 3664 821 3727 agnoscat
842 3654 966 3724 quid
993 3654 1479 3725 prieﬁguraverint,
1508 3654 1599 3722 qui
1631 3662 1714 3707 at-

130 3744 373 3805 tenderit
401 3762 556 3802 veros
590 3746 882 3811 lsraelitas,
929 3747 981 3798 in
1025 3746 1220 3815 quibus
1266 3746 1417 3799 dolus
1459 3760 1564 3797 non
1613 3753 1716 3809 est,

129 3854 229 3907 per
263 3831 617 3907 apostolicam
644 3836 1096 3905 dispensationem
1132 3850 1250 3889 cum
1286 3835 1594 3903 evangelico
1633 3848 1718 3889 sa—

128 3935 415 3981 cramento
444 3928 510 3980 ad
543 3942 762 3996 regnum
791 3929 1029 3997 gentium
1072 3929 1525 3999 transmigrasse?
1568 3928 1719 3983 Unde

128 4018 287 4071 nobis
307 4016 594 4086 Apostolus
617 4025 869 4087 tanquam
897 4016 1220 4073 Hieremiam
1252 4019 1519 4088 replicans
1547 4018 1677 4073 dicit
1702 4036 1714 4071 :

132 4107 185 4177 (1
218 4106 448 4161 Timotfi.
483 4125 545 4172 n,
574 4108 620 4178 i)
668 4106 792 4163 Volo
828 4125 949 4179 ergo
978 4111 1202 4179 primum
1232 4110 1461 4163 omnium
1488 4110 1602 4179 ﬁeri
1625 4110 1717 4161 de-

129 4199 491 4268 precationes,
546 4199 850 4265 orationes,
898 4200 1374 4269 iuterpellationcs,
1427 4202 1717 4269 gratiarum

130 4290 369 4342 actiones
403 4307 498 4359 pro
528 4289 765 4343 omnibus
803 4290 1115 4353 hominibus,
1159 4308 1251 4360 pro
1278 4292 1499 4359 regibus,
1532 4303 1577 4344 et
1613 4291 1716 4355 his,

127 4381 219 4447 qui
263 4382 321 4433 in
364 4380 682 4436 sublimitate
717 4392 861 4446 sunt,
908 4390 963 4434 ut
1008 4383 1259 4451 quietam,
1302 4393 1348 4436 et
1381 4380 1717 4451 tranquillam

204 4514 575 4609 “p231an
620 4515 780 4570 tradit
816 4513 1143 4587 Augustinus
1176 4533 1289 4587 οδΡ-
1336 4517 1427 4584 ⁴⁵ν
1465 4517 1588 4571 "bri
1626 4533 1713 4571 “‘
1745 4550 1798 4609 D

130 4581 194 4635 de
218 4580 445 4637 Ciuitate

1818 3305 1899 3342 me
1924 3290 2127 3356 lwtitia,
2156 3300 2209 3343 ut
2231 3302 2397 3344 cantet
2427 3292 2520 3345 tibi
2543 3290 2710 3361 gloria
2746 3308 2874 3351 mea,
2910 3300 2956 3343 et
2997 3308 3098 3345 non
3144 3308 3394 3362 compun-

1819 3398 1934 3450 gar.
1975 3381 2106 3447 Quis
2134 3390 2309 3451 potest
2334 3396 2399 3435 ex
2426 3382 2710 3436 occasione
2744 3381 2965 3435 alterius
2991 3382 3168 3450 operis
3187 3383 3387 3443 omnia,

1819 3486 1939 3541 qum
1968 3471 2025 3524 in
2050 3471 2154 3525 illis
2186 3472 2457 3526 veteribus
2482 3471 2719 3542 legibus,
2745 3480 2798 3525 et
2820 3470 3205 3540 Prophetarum
3240 3470 3392 3525 libris

1822 3562 2052 3632 ﬁgurate
2082 3561 2357 3615 Christum
2395 3562 2736 3623 annuntiant,
2755 3571 2952 3631 quanta
2983 3560 3110 3615 libet
3140 3562 3396 3630 perstrin-

1820 3667 1947 3722 gere
1973 3648 2254 3714 brevitate,
2293 3653 2396 3706 nisi
2432 3651 2569 3707 forte
2601 3653 2721 3722 quis
2741 3662 2889 3723 putet
2919 3653 3131 3723 ingenio
3162 3653 3298 3717 ﬁeri,
3331 3661 3393 3707 ut

1818 3761 1882 3801 ea
1922 3762 2042 3815 quae
2086 3761 2265 3800 rerum
2300 3748 2489 3802 ordine
2526 3762 2621 3800 sua
2652 3756 2892 3817 tempora
2920 3755 3295 3809 cucurrerunt,
3325 3748 3393 3801 ad

1820 3838 2020 3893 Christi
2043 3838 2467 3909 signiﬁcationes
2498 3838 2902 3908 interpretando
2930 3838 3254 3893 vertantur?
3282 3837 3395 3895 lloc

1821 3926 1959 3982 forte
1977 3928 2143 3982 Iudici
2172 3935 2399 3998 possunt
2424 3930 2621 3993 dicere,
2654 3931 2767 3983 sive
2793 3928 3011 4000 Pagani.
3070 3931 3160 3986 Eis
3186 3939 3392 3994 autem.

1820 4022 1910 4091 qni
1953 4036 2011 4075 se
2040 4020 2372 4076 Christianos
2423 4022 2599 4091 putari
2646 4023 2850 4085 volunt,
2896 4022 3091 4090 premit
3131 4022 3394 4077 cervicem

1822 4111 2110 4181 apostolica
2141 4113 2432 4166 auctoritas
2464 4111 2719 4179 dicens(l
2750 4110 2928 4164 Corin.
2969 4128 3023 4175 x,
3065 4110 3156 4179 6):
3201 4110 3393 4165 Omnia

1822 4202 1931 4255 Iure
1957 4203 2010 4255 in
2036 4202 2206 4270 ﬁgura
2228 4202 2585 4271 contingebant
2608 4202 2730 4255 illis.
2771 4203 2835 4256 Et
2860 4202 2973 4257 lucc
2997 4203 3177 4256 omnia
3212 4202 3394 4272 ﬁgura

1822 4302 2021 4347 nostra:
2048 4291 2281 4345 fuerunt.

2004 4380 2233 4453 Explicit
2281 4392 2534 4437 tractatus
2565 4383 2684 4437 libri
2720 4382 2917 4454 Regum
2966 4394 3204 4454 quartus.

1897 4515 1925 4554 δ
1965 4512 2108 4567 Edit.
2137 4514 2442 4583 oetuaginta
2469 4522 2597 4569 tres.

1897 4596 1918 4623 ε
1966 4584 2059 4638 llic
2079 4583 2274 4652 aliquid
2303 4586 2471 4637 tlccst.

137 4747 3381 4775 ΜΝ

722 4877 1107 5007 INCIPIT
1190 4882 1733 5008 PREFIITIII
1825 4880 2227 5008 CLAUDII
2314 4880 2803 5005 EPISCOI’I.

204 5201 344 5267 Quia
372 5197 541 5267 igitur
555 5194 666 5263 jam
692 5195 899 5250 fautore
933 5196 1065 5254 Deo.
1098 5197 1149 5249 in
1170 5195 1536 5264 superioribus
1565 5195 1715 5249 libris

133 5292 463 5363 quibusdam
494 5289 1002 5360 interrogationibus
1042 5289 1146 5343 tuis
1186 5290 1316 5343 satis
1360 5287 1560 5342 factum
1596 5304 1715 5341 esse

134 5393 286 5454 puto,
342 5380 513 5436 frater
565 5379 882 5435 cbarissime
943 5379 1292 5439 Theutmire,
1350 5394 1491 5432 nunc
1536 5386 1714 5431 autem

137 5474 399 5546 quasdam
431 5472 755 5542 qumstiones
785 5480 926 5532 tuas,
963 5470 1012 5523 in
1047 5471 1149 5525 ﬁne
1180 5471 1298 5524 libri
1331 5468 1488 5537 hujus
1524 5484 1720 5523 conne-

139 5577 284 5621 ctere
324 5565 625 5627 studemus,
653 5564 777 5632 quia
809 5560 1131 5632 superﬂuum
1164 5563 1294 5616 mihi
1318 5563 1491 5616 visum
1533 5570 1631 5620 est,
1659 5571 1717 5614 ut

140 5655 311 5709 nudas
332 5654 528 5709 littera:
547 5652 870 5721 qumstiones
894 5653 1029 5705 inter
1059 5652 1364 5722 spirituales
1394 5651 1717 5720 permiscere

144 5744 449 5799 debuissem
480 5742 748 5809 allegoria:
781 5741 957 5796 llores.
1006 5741 1255 5808 Quaedam
1287 5758 1413 5797 vero
1440 5752 1717 5796 remanent

515 5832 782 5893 Damon.
833 5829 988 5894 CIV.

1823 5198 2149 5259 indiscussre,
2177 5198 2299 5267 quia
2335 5214 2432 5251 nec
2467 5198 2519 5251 in
2551 5197 2785 5266 antiquis
2819 5197 3259 5258 translationibus
3292 5205 3391 5261 ali-

1821 5290 1947 5357 quid
1970 5290 2161 5342 exinde
2186 5289 2498 5341 translatam
2528 5290 2721 5356 reperi,
2764 5306 2862 5344 nec
2905 5292 2956 5343 in
2995 5292 3259 5361 majorum
3295 5313 3390 5351 no-

1822 5388 2057 5434 strorum
2086 5378 2358 5447 opusculis
2401 5378 2599 5447 aliquid
2645 5380 2946 5447 expo~itum
2986 5380 3109 5451 legi.
3166 5383 3230 5436 Et
3277 5386 3392 5443 lucc

1826 5485 1910 5523 mc
1953 5470 2198 5535 ignorare
2231 5469 2417 5528 lateor,
2448 5470 2571 5537 quia
2618 5485 2714 5522 nee
2754 5470 3026 5539 quidpiam
3059 5486 3143 5525 me
3186 5473 3390 5545 aliquid

1824 5559 2015 5613 exinde
2045 5560 2234 5628 legisse
2266 5560 2597 5613 reminiscor.
2662 5560 2725 5613 Et
2755 5561 2871 5613 idco
2896 5560 2962 5613 de
2986 5561 3251 5630 imperitia
3282 5582 3390 5621 non

1825 5650 2103 5711 erubesco,
2140 5650 2262 5717 quia
2288 5648 2512 5703 lectione
2542 5666 2646 5701 non
2675 5650 2898 5712 doceor;
2925 5666 3023 5703 nec
3058 5652 3123 5705 de
3156 5654 3393 5723 periculo

1828 5739 2074 5797 formido,
2112 5740 2256 5807 quia.
2302 5755 2417 5807 qur
2460 5754 2563 5793 non
2598 5739 2853 5809 intelligo.
2891 5740 3083 5794 docere
3126 5756 3231 5798 non
3267 5760 3402 5815 pra.

2949 5832 3025 5891 26
