3906 6308
515 319 613 379 ιιι

1603 301 1872 380 cmuott
1913 315 2373 378 TAURINENSIS
2411 317 2713 379 EPISCOPI

510 450 685 492 sunto.
747 435 810 488 Et
834 436 959 488 dum
991 434 1318 503 quzestiones
1345 442 1416 487 ttt.
1441 451 1466 488 s
1496 435 1549 488 in
1575 435 1823 490 manibus
1861 434 1996 489 meis
2025 442 2099 487 ιε-
2125 435 2171 495 Α
2199 447 2355 488 versa
2387 442 2474 490 est
2498 435 2563 489 de
2593 444 2736 488 terra
2767 432 3072 492 Philistlitn,
3112 441 3366 500 quaerens
3403 425 3636 496 qums'rvl
3669 440 3784 478 cum

510 545 718 595 iterem,
741 529 906 584 ﬁnitis
924 527 1034 598 jam
1056 527 1424 599 superioribus
1445 527 1615 591 libris,
1643 536 1699 582 ut
1721 527 2100 597 respondendo

510 619 714 689 aliquid
741 618 933 674 exinde
962 618 1344 687 scriptitarem,
1367 617 1614 687 pervenit
1637 618 1703 671 ad
1732 631 1927 670 manus
1949 629 2096 671 meas

509 709 735 782 epistola
761 727 827 766 ex
854 709 1046 779 Aquis,
1076 709 1224 780 regio
1260 707 1466 763 directa
1502 707 1723 777 palatio,
1769 706 2003 777 qualiter
2037 713 2093 760 tu

509 805 706 860 librum
731 810 992 859 tractatus
1022 800 1148 868 mei,
1177 816 1337 871 quem
1361 801 1458 855 tibi
1490 809 1614 855 ante
1639 799 1914 855 biennium
1957 813 2095 868 pra:-

507 897 642 960 stiti,
683 897 740 951 in
788 893 1046 965 epistolas
1094 895 1162 948 ad
1205 891 1542 956 Corinthios,
1583 890 1973 960 Episcottorum
2003 886 2093 956 ju-

507 987 669 1052 dicio,
717 993 879 1055 atque
926 981 1258 1054 Optimatntn
1295 981 1696 1045 damnandum,
1746 981 1814 1034 ad
1845 980 2093 1034 eumdem

501 1080 614 1149 jam
654 1076 857 1131 dictum
894 1073 1155 1144 palatium
1191 1071 1509 1142 praesentari
1536 1069 1750 1126 feceris.
1783 1069 1954 1136 Quem
1984 1077 2096 1123 tra-

506 1174 710 1223 ctatum
757 1165 955 1220 ibidem
1007 1178 1112 1216 non
1154 1161 1544 1226 damnandum,
1589 1160 1682 1216 sed
1723 1159 2092 1224 scribendum,

505 1260 664 1315 amici
705 1258 810 1314 mei
841 1273 945 1312 non
983 1255 1156 1310 solum
1190 1267 1215 1295 α
1253 1253 1550 1317 humiliter,
1586 1254 1679 1308 sed
1707 1253 1871 1307 etiam
1894 1250 2097 1307 amabi-

503 1349 629 1405 liter
653 1354 1027 1418 susceperunt.
1073 1345 1321 1417 Ignoscat
1358 1344 1455 1398 tibi
1492 1343 1749 1398 Dominus
1787 1344 1941 1398 testis
1971 1343 2096 1398 vita:

503 1454 658 1504 mete,
679 1446 734 1494 et
763 1438 990 1509 largitor
1011 1436 1193 1506 operis
1221 1435 1350 1500 mei,
1380 1434 1473 1505 qui
1496 1448 1604 1488 non
1635 1432 1858 1488 timuisti
1889 1447 2095 1487 sermo-

505 1531 664 1586 nibus
697 1530 988 1586 detrahere
1025 1526 1294 1591 veritatis,
1340 1533 1396 1580 et
1438 1525 1632 1581 sedens
1673 1524 1958 1578 adversum
2007 1538 2094 1577 me

503 1621 744 1691 loqueris
769 1619 1130 1683 mendacium,
1170 1627 1226 1672 et
1261 1617 1523 1672 adversus
1557 1615 1726 1670 ﬁlium
1770 1615 1958 1669 matris
1992 1597 2094 1668 Ec-

501 1711 684 1767 clesia:
723 1710 952 1780 posuisti
989 1709 1322 1772 scandalum,
1369 1717 1739 1777 mortemque.
1781 1723 1943 1776 quam
1981 1706 2090 1763 Oza

500 1815 601 1868 pro
639 1799 824 1854 illicita
860 1797 1277 1869 praesumptione
1324 1796 1546 1866 pertulit
1588 1796 1641 1850 in
1686 1811 1928 1868 corpore,
1968 1795 2090 1867 (sic)
2124 1808 2169 1865 Β

499 1893 545 1946 si
578 1893 651 1946 ita
681 1892 851 1957 vives,
882 1899 1062 1963 gestas
1093 1891 1145 1944 in
1178 1896 1387 1944 mente.

570 2073 623 2145 (l
654 2072 783 2145 Reg.
837 2089 874 2139 ι,
921 2069 1032 2144 18.)
1062 2069 1138 2127 De
1168 2086 1233 2127 eo
1278 2071 1421 2140 quod
1456 2071 1717 2141 scriptum
1748 2080 1869 2125 est:
1904 2068 2091 2124 Vultus

499 2163 615 2232 ejus
633 2178 837 2233 quoque
864 2177 966 2217 non
992 2168 1113 2215 sunt
1140 2159 1366 2230 amplius
1411 2162 1468 2214 in
1513 2160 1720 2214 diversa
1762 2161 1992 2213 mutati:
2018 2161 2091 2214 ita

501 2270 532 2312 ει
565 2251 923 2323 Septuaginta
971 2250 1358 2320 interpretibus
1408 2250 1667 2319 scriptum
1720 2250 1966 2303 habetur.
2022 2247 2090 2302 Et

497 2345 626 2399 abiit
651 2344 839 2399 mulier
864 2344 917 2399 in
949 2343 1084 2398 riam
1109 2358 1282 2407 suam,
1319 2352 1366 2396 et
1403 2342 1612 2395 intravit
1644 2342 1699 2395 in
1733 2341 1956 2410 hospitio
1995 2357 2091 2394 suo

497 2437 576 2506 (id
601 2444 685 2490 est
708 2433 888 2489 adhuc
916 2434 969 2487 in
1001 2431 1176 2505 Sylo),
1197 2443 1242 2485 et
1271 2431 1604 2485 manducavit
1629 2447 1748 2485 cum
1773 2432 1879 2485 viro
1909 2448 2025 2495 suo,
2044 2441 2090 2484 et

497 2526 643 2592 bibit,
673 2537 720 2581 ct
750 2527 911 2597 facies
934 2525 1048 2596 ejus
1071 2540 1172 2577 non
1199 2523 1428 2576 concidit
1456 2520 1683 2593 amplius
1714 2539 1726 2574 :
1754 2523 1805 2578 id
1830 2531 1932 2588 est,
1961 2523 2088 2592 quia

497 2627 782 2689 postquam
817 2631 1033 2686 precem
1059 2629 1213 2668 suam
1238 2611 1425 2669 eﬂ‘udit
1466 2628 1534 2668 ex
1566 2614 1895 2669 toto.animo
1931 2615 1982 2669 in
2012 2624 2090 2668 ta-

499 2709 789 2766 bernaculo
811 2707 1048 2771 Domitii,
1074 2715 1132 2761 et
1154 2705 1290 2760 dixit
1330 2705 1398 2758 ad
1447 2705 1595 2759 illam
1634 2703 1750 2759 ΠεΙί
1794 2706 2085 2760 sacerdos:

506 2801 650 2855 Vade
679 2802 732 2855 in
760 2816 906 2870 pace.
961 2798 1102 2853 Deus
1134 2796 1305 2851 Israel
1341 2802 1422 2851 det
1457 2797 1551 2850 ttbi
1579 2798 1881 2869 petitionem
1919 2807 2085 2861 tuam,

495 2910 650 2965 quam
678 2891 850 2963 petisti
881 2908 912 2944 a
953 2889 1204 2955 Domino,
1237 2888 1443 2944 conﬁsa
1475 2888 1542 2942 de
1572 2886 1784 2941 Domini
1825 2887 2087 2953 bonitate,

497 2998 553 3042 ct
582 2984 863 3042 Pontiﬁcis
892 2981 1138 3048 oraculo,
1169 2996 1273 3036 non
1299 2979 1461 3035 anxia
1489 2979 1823 3041 sicutantza,
1848 2979 1943 3033 sed
1967 2979 2087 3033 laeta

498 3082 562 3136 de
584 3076 798 3134 Domini
823 3073 1175 3138 conﬁdentia,
1198 3086 1418 3128 reversa
1445 3078 1530 3126 est
1557 3071 1609 3125 in
1651 3070 1869 3125 domum
1909 3085 2082 3124 suam.

2199 525 2366 580 multa
2415 525 2692 595 diligentia
2733 526 2784 580 in
2817 523 3047 579 diversis
3083 517 3555 580 translationibus,
3593 525 3649 571 et
3687 532 3787 570 nou

2197 618 2409 687 repperi
2440 615 2610 670 Habet
2637 632 2904 687 magnum,
2929 614 3024 669 sed
3051 611 3284 682 lapidem
3307 623 3602 678 magnum,
3634 622 3788 675 super

2196 729 2355 784 quem
2387 714 2760 786 imposuerunt
2784 727 2966 768 arcam
2992 707 3301 766 testamenti
3326 698 3547 760 Domini
3576 704 3628 755 δ.

2942 847 3029 902 IV.

2269 967 2388 1038 (vn,
2429 963 2539 1036 45.)
2571 962 2779 1030 ῥυείη-ἥδ
2808 971 2863 1016 ει
2889 961 3038 1025 illud,
3060 975 3228 1030 quare
3257 959 3322 1014 de
3349 955 3574 1010 Samuel
3601 954 3788 1009 scribi-

2197 1065 2306 1120 tur,
2333 1055 2475 1126 quod
2497 1052 2815 1124 judicaverit
2847 1050 3016 1105 Israel
3051 1050 3251 1104 cunctis
3280 1047 3463 1100 diebus
3495 1048 3618 1119 τίετε
3642 1060 3788 1098 stur:

2196 1157 2251 1202 et
2275 1148 2328 1201 in
2355 1147 2463 1199 vita
2488 1159 2584 1198 sua
2613 1142 2861 1198 amiserit
2888 1141 3268 1212 principatum.
3324 1136 3605 1191 Iudicium
3647 1135 3787 1189 enim

2199 1253 2301 1292 non
2327 1250 2540 1304 semper
2570 1234 2633 1288 ad
2660 1233 3100 1294 dominationem,
3123 1229 3216 1285 sed
3241 1229 3310 1283 ad
3333 1228 3651 1284 doctrinam
3675 1241 3790 1296 per-

2197 1330 2355 1383 tinet.
2411 1327 2480 1380 Et
2526 1327 2648 1381 ideo
2679 1325 2890 1394 judices
2927 1323 3164 1377 doctores
3205 1319 3385 1392 populi
3421 1318 3783 1389 appellantur.

2198 1418 2353 1474 Sicut
2381 1419 2588 1473 Debora
2619 1416 2900 1479 scribitur,
2917 1414 3056 1484 quod
3082 1413 3313 1485 (Iudith.
3331 1427 3407 1473 tv,
3425 1411 3481 1475 ι,
3499 1421 3550 1464 et
3570 1410 3626 1481 5)
3637 1411 3787 1479 judi-

2196 1509 2385 1562 caverit
2420 1506 2591 1562 Israel
2614 1524 2633 1572 ;
2656 1507 2710 1560 id
2740 1516 2824 1560 est
2860 1504 3122 1568 docuerit,
3161 1511 3216 1556 et
3247 1502 3370 1556 ideo
3401 1499 3628 1556 Samuel
3653 1500 3792 1569 judi-

2195 1600 2339 1654 cavit
2376 1597 2541 1654 lsrael
2587 1597 2840 1651 omnibus
2888 1597 3079 1650 diebus
3123 1595 3245 1647 vitae
3295 1609 3430 1656 sum,
3475 1593 3604 1662 quia
3649 1593 3788 1644 viam

2196 1691 2573 1746 mandatorum
2600 1688 2695 1742 Dei
2715 1688 2896 1742 docuit
2930 1686 3115 1749 Israel,
3138 1700 3330 1740 omnes
3355 1685 3472 1739 dies
3500 1683 3633 1736 vita:
3661 1698 3786 1737 stur.

2959 1823 3022 1877 ν.

2264 1949 2343 2008 (x,
2370 1934 2448 2004 2.)
2483 1935 2558 1988 De
2581 1948 2644 1989 eo
2665 1934 2808 2003 quod
2832 1934 3091 2003 scriptum
3122 1944 3205 1989 est
3227 1949 3240 1988 :
3264 1948 3387 1988 cunt
3412 1933 3672 1986 unxisset
3697 1929 3790 1985 Sa-

2192 2026 2336 2082 muel
2367 2025 2495 2082 Saul
2519 2041 2723 2098 regem,
2750 2026 2827 2079 ait
2863 2027 2928 2079 ad
2969 2041 3092 2081 eum
3117 2043 3129 2079 :
3155 2024 3288 2079 Cum
3331 2025 3530 2078 abieris
3574 2023 3732 2075 hodie
3760 2039 3788 2072 ο

2190 2137 2295 2184 me,
2329 2120 2554 2174 invenies
2585 2119 2716 2172 duos
2764 2118 2899 2171 viros
2944 2119 3106 2188 juxta
3151 2115 3450 2186 sepulcrum
3498 2112 3703 2168 Rachel
3739 2115 3786 2165 in

2191 2210 2381 2281 finibus
2413 2210 2691 2280 Benjamin
2717 2208 2961 2263 salientes
2989 2225 3207 2278 magnas
3238 2212 3436 2280 fatuas,
3466 2217 3515 2258 et
3545 2204 3788 2258 liberabis

2191 2302 2442 2375 populum
2481 2301 2695 2355 Domini
2725 2301 2788 2354 de
2811 2317 2970 2354 manu
3013 2302 3347 2355 inimicorum
3383 2298 3522 2368 ejus.
3583 2296 3787 2366 Magum

2193 2393 2362 2446 foveae
2399 2390 2777 2462 signiﬁcabant
2803 2390 3164 2455 atllictioncm,
3208 2400 3261 2446 et
3290 2391 3685 2460 dejectionem,
3716 2399 3788 2440 at-

2191 2499 2296 2554 que
2329 2483 2731 2538 tribulationem
2765 2483 3151 2548 lsraelitarum,
3182 2499 3302 2553 qua:
3335 2482 3696 2552 patiebantur
3723 2481 3787 2533 ab

2191 2574 2530 2635 Ammonitis,
2561 2581 2617 2627 ct
2637 2572 2954 2643 Allopbylis,
2978 2581 3032 2627 et
3057 2574 3268 2627 cmteris
3298 2573 3573 2636 hostibus,
3600 2571 3696 2641 qui
3737 2572 3785 2624 in

2191 2670 2421 2726 circuitu
2465 2685 2652 2724 eorum
2698 2676 2872 2724 erant.
2937 2667 3054 2722 Duo
3097 2682 3226 2721 vero
3263 2667 3368 2720 viri
3414 2666 3786 2721 transilientes

2192 2775 2302 2822 eas,
2347 2759 2668 2830 praesagium
2698 2767 2854 2814 erant
2885 2772 3202 2828 magnarum
3231 2757 3614 2820 victoriarum,
3654 2769 3787 2824 quas

2193 2852 2453 2906 Dominus
2480 2852 2586 2922 egit
2614 2865 2713 2920 per
2735 2866 2951 2904 manum
2985 2849 3114 2904 Saul
3144 2850 3209 2903 de
3234 2847 3376 2904 Naas
3402 2865 3533 2918 rege
3569 2852 3788 2903 Ammo-

2195 2940 2456 3006 nitarum,
2481 2948 2535 2994 ct
2561 2937 2808 3008 Satrapis
2829 2938 3256 2994 Philistinorum.

2944 3070 3031 3126 Vl.

497 3172 565 3225 lit
609 3171 711 3227 hoc
751 3176 834 3223 est
868 3165 1010 3236 quod
1052 3164 1184 3218 dicit
1209 3178 1222 3217 :
1247 3162 1314 3216 Et
1353 3162 1515 3233 facies
1558 3163 1673 3232 ejus
1718 3178 1818 3215 non
1864 3160 2088 3214 concidit
2119 3158 2163 3220 C
2265 3185 2475 3252 Qumis
2517 3186 2680 3240 etiam
2726 3200 2826 3239 cm.
2859 3184 2987 3238 Saul
3019 3185 3104 3240 bis
3138 3191 3371 3256 ungatur
3402 3185 3457 3238 in
3496 3199 3705 3256 regem,
3741 3195 3791 3238 ﬂ

500 3261 747 3331 amplius.

1270 3323 1313 3378 ll

568 3444 722 3516 (Cap.
771 3460 831 3509 ιι,
857 3441 968 3515 t8.)
1011 3442 1086 3496 De
1128 3452 1194 3494 co
1242 3436 1387 3507 quod
1432 3434 1691 3504 scriptum
1732 3431 2094 3486 est:Samuel

499 3547 672 3590 autem
698 3532 1030 3590 ministrabat
1057 3538 1180 3584 ante
1206 3527 1393 3598 faciem
1420 3523 1632 3579 Domini
1664 3539 1797 3593 puer
1826 3523 2092 3575 accinctus

498 3627 648 3697 ephot
680 3625 840 3680 lineo.
889 3622 1067 3693 Ephot
1091 3628 1274 3674 antem
1305 3613 1450 3686 quod
1476 3623 1561 3670 est
1601 3615 1654 3668 in
1696 3613 1903 3678 Exodo,
1953 3612 2090 3684 (cap.

499 3734 627 3782 xxv,
659 3717 714 3791 Ἰ)
753 3731 911 3787 super
933 3710 1202 3768 humerule
1251 3708 1467 3763 dicitur.
1516 3704 1635 3760 Non
1680 3713 1860 3759 autem
1905 3718 2096 3758 omnes

503 3805 830 3866 Sacerdotes
859 3803 1023 3860 talem
1059 3801 1352 3855 utebantur
1381 3809 1544 3867 super
1573 3793 1931 3858 humeralem,
1957 3809 2094 3864 qua-

500 3901 604 3954 lem
640 3910 886 3953 summus
920 3890 1191 3954 Pontifex,
1233 3889 1374 3944 sicut
1413 3886 1617 3951 Aaron,
1645 3893 1700 3941 et
1727 3886 1928 3956 posteri
1957 3884 2095 3953 ejus,

498 3992 643 4061 quod
671 3998 820 4046 esset
845 4001 915 4044 ex
946 3999 1101 4049 auro,
1129 3991 1184 4038 et
1203 3988 1445 4051 jacynto,
1472 3987 1528 4034 et
1547 3992 1806 4048 purpura,
1835 3985 1891 4031 et
1935 3990 2098 4031 cocco

501 4092 664 4153 atque
696 4081 867 4135 bisso.
925 4075 1087 4130 Aliud
1120 4081 1206 4128 est
1243 4071 1388 4127 enim
1418 4085 1486 4124 ex
1515 4083 1682 4138 supra
1707 4068 1867 4124 dictis
1905 4066 2100 4122 colori-

502 4177 603 4230 bus
637 4188 704 4229 ex
747 4186 882 4227 auro
911 4170 1112 4225 habere
1147 4171 1483 4227 contextum,
1525 4160 1672 4216 aliud
1700 4161 1758 4215 in
1791 4160 2098 4216 similitudi-

505 4282 572 4321 ne
602 4265 941 4321 sacerdotum
972 4258 1226 4328 simplex,
1263 4262 1318 4309 et
1363 4253 1562 4307 lincum
1588 4266 1602 4305 :
1626 4252 1730 4306 hoc
1779 4259 1961 4307 autem
2006 4265 2099 4320 ge-

502 4378 605 4416 nus
645 4355 975 4421 vestimenti,
1013 4352 1157 4424 quod
1192 4366 1349 4421 super
1388 4347 1656 4402 humerale
1703 4362 1804 4402 nos
1842 4347 2096 4411 dicimus,

502 4453 704 4508 scimus
731 4447 871 4518 apud
904 4444 1160 4501 Hebraeos
1197 4441 1346 4512 ephot
1383 4438 1664 4510 appellari,
1706 4445 1761 4493 et
1796 4438 1928 4492 solis
1968 4453 2098 4492 con—

501 4541 688 4596 venire
725 4533 1103 4593 Pontiﬁcibus.
1157 4530 1265 4586 Sed
1303 4529 1393 4584 hic
1429 4528 1613 4584 statim
1653 4525 1784 4581 illud
1827 4527 2094 4591 occurrit,

505 4633 646 4702 quod
695 4625 937 4690 Samuel,
983 4623 1075 4694 qui
1127 4621 1315 4676 Levita
1357 4619 1488 4684 fuit,
1533 4617 1791 4674 scribitur
1841 4616 2101 4672 habuisse

503 4726 680 4779 rotatis
707 4722 886 4776 adhuc
919 4715 1161 4788 puerilis,
1200 4713 1385 4784 ephot,
1424 4711 1475 4766 id
1507 4717 1591 4765 est
1629 4708 2096 4779 superbumerale,

505 4817 705 4869 lincunt
736 4812 937 4865 factum
965 4807 1041 4862 illi
1084 4807 1152 4860 ab
1188 4804 1304 4875 ejus
1340 4810 1531 4856 matre.
1583 4799 1701 4855 Non
1751 4809 1871 4855 erat
1911 4800 2102 4868 utique

505 4907 635 4966 tale,
668 4900 921 4970 quoniam
955 4912 1077 4952 cum
1107 4895 1266 4949 datus
1290 4901 1371 4948 est
1393 4890 1717 4946 nutriendus
1741 4887 1918 4943 adhuc
1942 4905 2099 4960 puer.

510 5012 614 5050 non
647 5001 763 5046 erat
794 5003 1037 5045 summus
1074 4983 1360 5038 Sacerdos.
1419 4980 1526 5036 Sed
1567 4981 1670 5034 hoc
1712 4980 1766 5033 in
1810 4979 1947 5033 libro
1991 4977 2100 5032 for-

514 5086 813 5142 nmtiunutn
856 5081 1049 5135 littera:
1085 5084 1140 5132 et
1171 5074 1416 5146 spiritus,
1466 5073 1520 5126 in
1565 5078 1819 5134 tractatu,
1849 5069 2100 5124 videlicet

514 5177 705 5240 lividi,
739 5187 898 5244 quem
933 5179 1062 5224 ante
1093 5167 1301 5236 aliquos
1335 5179 1507 5219 annos
1546 5162 1923 5235 exposuimus,
1955 5161 2102 5216 sulti-

507 5273 715 5325 cicntcr
740 5283 766 5318 a
797 5262 954 5318 nobis
983 5258 1287 5329 expositum
1311 5264 1413 5310 cst.

585 5477 1201 5550 (vt,18.)lntcrrogatus
1226 5470 1389 5524 etiam
1415 5463 1546 5535 quid
1575 5463 1647 5518 sit
1669 5461 1837 5517 Habel
1855 5477 2104 5533 magnum

509 5585 679 5640 Super
700 5580 864 5639 quem
899 5570 1199 5635 posuerunt
1242 5571 1427 5613 arcam
1475 5551 1709 5618 Domini,
1754 5550 1971 5622 quando
2021 5565 2106 5605 re-

589 5742 618 5772 a
654 5725 972 5783 humaniter,
999 5728 1057 5772 ιιι
1085 5727 1234 5788 puto.

2193 3278 2361 3332 David
2385 3278 2567 3341 tertio,
2595 3293 2716 3332 cum
2745 3278 2849 3333 hoc
2876 3293 2984 3333 non
3007 3278 3085 3332 ita
3109 3279 3202 3342 sit,
3237 3287 3295 3332 ut
3333 3277 3468 3333 Saul
3490 3278 3578 3333 bis
3601 3289 3791 3332 unctus

2193 3370 2387 3436 fuerit,
2421 3371 2515 3426 sed
2549 3370 2716 3425 semel
2748 3379 2803 3426 et
2830 3370 2999 3424 David
3028 3370 3132 3425 bis.
3184 3369 3353 3426 David
3384 3379 3571 3426 tamen
3603 3370 3793 3440 legitur

2193 3470 2392 3517 unctus
2411 3477 2532 3518 esse
2559 3478 2591 3517 a
2620 3461 2892 3528 Samucle,
2924 3462 2974 3534 (I
3001 3461 3128 3535 Reg.
3154 3479 3270 3534 cap.
3295 3479 3413 3528 xvt,
3446 3461 3535 3532 13)
3561 3463 3790 3532 primum

2196 3555 2250 3610 in
2279 3555 2440 3610 domo
2461 3557 2630 3626 patris
2659 3555 2766 3619 sui,
2793 3550 2878 3627 (II
2907 3553 3038 3626 Reg.
3065 3571 3117 3620 v,
3144 3557 3198 3616 5)
3230 3555 3429 3610 deinde
3449 3564 3579 3625 post
3608 3556 3662 3609 in
3694 3552 3792 3608 He-

2195 3645 2330 3700 bron
2359 3660 2520 3716 super
2545 3645 2763 3700 domum
2784 3643 3000 3710 ludam,
3028 3651 3190 3701 tertio
3214 3661 3270 3700 tn
3295 3644 3667 3700 Hierusalem.
3695 3644 3791 3698 Da-

2198 3738 2308 3803 vid,
2333 3738 2424 3808 qui
2455 3737 2844 3808 interpretatur
2869 3737 3021 3807 {ortis
3049 3754 3229 3800 manu,
3248 3737 3364 3792 sive
3387 3735 3790 3790 desiderabilis:

2199 3827 2424 3899 ﬁguram
2453 3836 2693 3895 gestasse
2722 3828 2934 3883 Domini
2966 3827 3284 3893 Salvatoris,
3311 3843 3420 3882 non
3444 3827 3672 3881 dubium
3694 3838 3788 3880 est.

2199 3918 2298 3985 Qui
2329 3919 2485 3986 quasi
2515 3918 2567 3972 in
2595 3916 2755 3974 domo
2781 3927 3008 3987 paterna
3032 3928 3228 3974 unctus
3246 3927 3353 3982 est,
3386 3921 3650 3989 quoniam
3679 3928 3793 3972 tan~

2201 4015 2313 4062 tum
2337 4023 2434 4077 per
2459 4006 2652 4077 legem,
2685 4015 2740 4062 et
2781 4007 3080 4077 Prophetas
3111 4005 3286 4079 (Psal.
3331 4025 3501 4073 Lxxv,
3534 4007 3592 4079 2)
3618 4009 3673 4061 its
3699 4007 3794 4061 Ju-

2200 4099 2316 4152 da'a
2349 4107 2502 4151 notus
2539 4107 2675 4162 crat,
2702 4108 2747 4150 et
2777 4097 2948 4152 Israel
2971 4115 3221 4169 magnum
3248 4100 3365 4169 ejus
3390 4101 3686 4154 habebatur
3705 4115 3794 4155 no-

2200 4205 2338 4242 men.
2385 4187 2489 4243 Sed
2521 4196 2708 4258 postea
2735 4188 2788 4241 in
2814 4187 3032 4243 llebron
3057 4205 3222 4260 super
3244 4205 3465 4244 omnem
3485 4187 3682 4244 Judam
3707 4191 3793 4245 de-

2201 4296 2307 4336 nuo
2339 4289 2531 4335 unctus
2571 4289 2677 4345 est,
2718 4281 2971 4349 quoniam
3003 4295 3102 4351 per
3138 4282 3580 4352 pradicationem
3622 4283 3794 4336 Evan-

2201 4369 2429 4441 gelicam
2451 4379 2505 4424 et
2523 4370 2912 4440 Apostolicam,
2940 4371 2994 4426 in
3021 4372 3270 4427 universa
3300 4383 3445 4427 terra
3475 4372 3793 4426 admirabile

2204 4460 2404 4515 factum
2430 4470 2512 4515 est
2537 4477 2733 4516 nomen
2763 4463 2903 4532 ejus,
2935 4462 2986 4516 id
3015 4471 3101 4517 est
3133 4463 3188 4516 in
3225 4461 3492 4526 Ecclesia,
3535 4463 3630 4518 ubi
3668 4477 3790 4516 vera

2205 4549 2476 4604 confessio
2507 4550 2629 4604 ﬁdei
2659 4558 2762 4614 est,
2801 4551 2926 4620 quia
2955 4549 3127 4604 ludas
3163 4551 3553 4620 interpretatur
3581 4550 3790 4619 confes-

2202 4641 2302 4693 sio.
2358 4639 2542 4693 Tertio
2579 4649 2814 4710 ungetur
2855 4648 3040 4694 noster
3073 4639 3264 4705 David,
3317 4640 3372 4694 id
3408 4650 3488 4695 est
3529 4641 3793 4695 Dominus

2205 4730 2364 4786 Jcsus
2384 4732 2634 4787 Christus
2661 4732 2713 4786 itt
2745 4747 2974 4799 corpore
3003 4747 3121 4796 suo,
3149 4732 3292 4802 quod
3323 4741 3408 4787 est
3437 4731 3706 4797 Ecclesia,
3740 4733 3792 4785 in

2207 4819 2570 4886 Hierusalem,
2602 4821 2654 4875 id
2683 4829 2766 4875 est
2800 4822 2853 4875 in
2890 4823 3086 4876 visione
3117 4823 3294 4892 pacis;
3333 4823 3543 4892 quando
3577 4822 3792 4878 devicta

2205 4919 2380 4966 morte
2410 4909 2461 4981 (I
2485 4911 2608 4964 Cor.
2648 4926 2734 4974 xv,
2763 4911 2852 4980 54)
2884 4911 3244 4966 absorbebitnr
3276 4930 3415 4967 mors
3458 4915 3514 4968 in
3551 4914 3790 4979 uictoria,

2208 5015 2255 5058 et
2290 5001 2510 5056 mortale
2536 5002 2634 5055 hoc
2665 5002 2844 5056 induet
2873 5003 3344 5059 immortalitatem.
3379 5005 3559 5074 (Apoc.
3580 5005 3790 5070 “1,17,

2209 5105 2258 5151 et
2288 5094 2379 5165 21)
2422 5094 2683 5159 Quoniam
2718 5093 2969 5164 abstergct
3004 5095 3148 5149 Deus
3174 5112 3375 5151 omnem
3406 5095 3700 5167 lacrymam
3735 5098 3791 5150 ab

2209 5187 2376 5240 oculis
2407 5183 2743 5248 Sanctorum,
2775 5195 2822 5237 et
2850 5200 2991 5238 mors
3039 5201 3140 5240 non
3173 5187 3274 5241 crit
3315 5187 3476 5251 ultra,
3521 5202 3693 5256 neque
3725 5187 3796 5240 ls-

2210 5289 2343 5342 ctus,
2399 5293 2560 5348 neque
2602 5275 2820 5341 clamor,
2867 5276 2958 5331 scd
3005 5293 3097 5331 nec
3141 5276 3294 5332 dolor
3343 5277 3502 5332 nllus.
3549 5275 3662 5330 Sed
3705 5287 3791 5332 ent

2216 5369 2355 5423 Deus
2394 5368 2571 5422 omnia
2617 5369 2671 5422 in
2723 5367 2982 5420 omnibus.
3039 5367 3190 5422 llanc
3243 5368 3454 5422 tertiam
3483 5367 3792 5422 unctionem

2212 5460 2471 5531 percipiet
2494 5468 2679 5534 noster
2692 5458 2877 5524 David,
2897 5458 2951 5513 id
2965 5467 3049 5513 est
3070 5458 3329 5515 Dominus
3347 5459 3501 5514 Jesus
3522 5459 3792 5518 Chrisws.

2213 5552 2271 5609 in
2312 5567 2538 5624 corpore
2577 5566 2695 5617 suo,
2744 5549 2887 5621 quod
2908 5559 2993 5606 est
3031 5549 3272 5607 Ecclesia
3347 5551 3404 5607 in
3445 5549 3552 5608 line
3592 5549 3791 5612 saecli,

587 5799 618 5843 δ
654 5773 918 5852 ﬁliiﬁlii;
934 5773 1062 5847 libet
1087 5773 1352 5861 'magnum
1394 5785 1583 5843 Urbem
1628 5798 1747 5842 esse
1784 5783 1860 5840 ait
1903 5783 1956 5837 in
1997 5779 2217 5837 termino
2239 5773 2424 5834 Israel.
