3906 6346
216 339 326 395 813

864 333 1324 406 ΟυέΕδΤῘΟΝΕΞ
1365 334 1510 389 XXX
1552 333 1770 391 SUPER

1874 333 2060 393 lilROS
2098 338 2363 397 REGUM.
2405 373 2472 382 —
2511 341 2710 397 LIBER
2752 340 2835 396 IV.

3375 345 3478 402 816

213 453 266 522 (I
293 453 416 508 Cor.
441 468 530 517 xv,
554 452 645 522 24)
668 451 876 522 quando
907 451 1183 506 tradiderit
1211 465 1425 521 regnum
1455 447 1586 513 Deo,
1612 459 1660 503 et
1688 447 1797 501 Pa-
1825 451 1873 506 Λ
1901 447 2134 505 divinam
2176 453 2230 506 in
2283 455 2456 523 capite
2503 457 2831 521 unctionem,
2882 472 2988 511 non
3026 456 3190 511 lorica
3235 457 3474 526 indutus.

209 545 305 610 tri,
339 554 387 600 et
417 544 734 599 eaacuavcrit
754 543 1079 614 principatus
1109 556 1153 595 ι.

959 635 1068 691 VII.

285 727 438 800 (Cap.
461 745 548 794 xv,
577 731 651 800 I.)
675 730 884 796 Quaris
902 735 1085 793 etiam,
1111 744 1231 782 cum
1262 727 1521 782 Dominus
1558 727 1794 782 misisset

207 816 340 871 Saul
365 830 644 888 percutere
673 827 986 887 peccatores
1013 818 1296 882 Amalech,
1328 817 1480 888 (vers.
1508 817 1559 890 6)
1582 833 1681 872 cur
1699 833 1793 888 pe-

198 907 384 976 percit
407 907 626 969 Chiueo,
657 908 844 961 dicens
863 915 984 975 post
1004 923 1174 977 pauca
1200 927 1211 960 :
1240 907 1316 961 Tu
1337 909 1474 961 enim
1496 907 1666 976 fecisti
1689 908 1790 960 mi-

203 998 548 1052 sericordiam
579 1012 695 1049 cum
730 997 966 1050 omnibus
995 998 1121 1066 ﬁliis
1156 996 1348 1061 Israel,
1389 1013 1506 1051 cum
1545 999 1792 1052 ascende-

204 1097 322 1141 rent
361 1086 425 1140 de
451 1086 702 1157 ﬁgypto.
753 1087 819 1141 Et
844 1087 967 1142 inde
995 1089 1194 1158 quaeris
1219 1089 1338 1157 quis
1373 1087 1534 1142 fuerit
1559 1089 1642 1140 hic
1671 1087 1791 1142 Chi-

202 1197 356 1244 neus,
410 1189 466 1235 et
509 1181 599 1234 ubi
643 1181 870 1252 legitur,
918 1180 1059 1235 hanc
1104 1180 1297 1235 fecisse
1339 1181 1787 1236 misericordiam.

201 1267 442 1325 Chineus
495 1271 668 1324 dictus
715 1278 801 1324 est
856 1269 1061 1339 familia
1109 1270 1287 1340 populi
1340 1270 1673 1325 descendens
1723 1288 1789 1326 ex

200 1361 374 1430 stirpe
401 1360 586 1415 Ilietro
605 1361 778 1416 soceri
813 1361 1001 1432 Moysi,
1030 1361 1307 1430 quietalio
1322 1361 1537 1416 nomine
1553 1362 1791 1433 Ruga/rel

197 1449 380 1506 dictus
393 1458 505 1504 est:
524 1451 577 1503 hi
590 1450 732 1504 enim
748 1459 968 1519 propter
979 1451 1236 1505 honorem
1254 1451 1347 1505 Dei
1362 1449 1480 1506 cazli
1492 1493 1504 1515 ,
1522 1451 1674 1522 cujus
1689 1453 1788 1506 mi-

199 1540 394 1595 rabilia
408 1556 505 1610 per
520 1540 734 1611 Moysen
748 1549 1134 1610 cognoverunt,
1151 1551 1204 1596 et
1219 1543 1314 1612 ipsi
1341 1557 1436 1612 per
1458 1559 1628 1598 annos
1651 1559 1786 1614 qua-

197 1629 449 1699 draginta
464 1631 514 1683 in
530 1631 742 1685 deserto
756 1631 1022 1694 viderunt.
1058 1630 1212 1687 Circa
1228 1649 1384 1702 quem
1400 1635 1430 1687 d
1441 1644 1670 1689 esertum
1687 1635 1785 1703 ipsi

197 1720 600 1787 habitaverunt,
622 1729 676 1775 et
698 1720 898 1776 idcirco
919 1720 1230 1784 familiares.
1261 1733 1314 1776 et
1335 1724 1600 1788 benevoli,
1623 1733 1782 1794 atque

1899 556 2002 595 non
2028 551 2305 612 protectus
2335 548 2540 617 clypeo,
2569 565 2672 603 non
2707 550 2825 604 telis
2853 551 3110 616 munitus,
3144 553 3235 606 sed
3274 553 3478 609 habens

1898 632 2325 690 benedictionem
2352 637 2445 692 Dei
2472 641 2710 693 omnium
2744 642 3122 710 potentiorem.
3168 641 3321 710 Quod
3348 661 3478 716 ergo

1894 736 2030 791 opus
2065 733 2201 788 erat,
2237 727 2361 795 quia
2390 743 2493 781 nou
2532 728 2786 783 credebat
2825 747 2936 796 rex,
2988 741 3208 788 coactus
3246 743 3330 788 est
3361 734 3476 803 jam

1895 814 2122 870 virtutes
2161 833 2438 887 exponere
2472 835 2597 874 suas
2639 839 2650 873 :
2700 820 2948 890 Dixitque
2986 824 3153 878 David
3188 826 3254 879 ad
3295 842 3476 897 regem

1895 905 1947 976 (1
1979 907 2104 977 Reg.
2124 924 2255 973 xvtt,
2281 926 2410 963 vers.
2441 910 2530 975 '54,
2555 911 2623 964 '55
2653 921 2698 964 et
2723 912 2812 980 36)
2839 931 2851 964 :
2884 910 3136 968 Pascebat
3159 933 3337 970 servus
3355 927 3476 973 tuus

1892 1001 2057 1068 patris
2095 1001 2178 1053 sui
2210 1017 2432 1071 gregem,
2462 1012 2508 1054 et
2534 1001 2764 1056 veniebat
2787 1002 2888 1068 leo,
2929 1004 3007 1060 vel
3035 1022 3208 1070 ursus,
3241 1009 3466 1063 tollebat-

1891 1104 1990 1157 que
2019 1090 2231 1143 arietem
2257 1091 2320 1142 de
2343 1091 2511 1144 medio
2538 1094 2725 1162 gregis,
2753 1102 2801 1146 et
2828 1095 3078 1164 sequebar
3115 1111 3220 1159 eos,
3266 1106 3316 1150 et
3359 1115 3473 1168 per-

1892 1178 2163 1241 cutiebam,
2192 1181 2536 1251 eruebamque
2580 1181 2644 1235 de
2681 1199 2860 1237 eorum
2903 1201 2990 1238 ore
3023 1185 3278 1254 praedam,
3313 1197 3361 1241 et
3398 1188 3474 1242 illi

1892 1267 2268 1336 consurgebant
2307 1269 2582 1322 adversum
2621 1287 2722 1335 me,
2747 1282 2791 1325 et
2841 1274 3287 1342 apprehendebam
3333 1293 3475 1332 men-

1890 1367 2000 1409 tum
2029 1373 2227 1422 eorum,
2257 1369 2302 1412 et
2329 1361 2673 1428 suﬂ'ocabam,
2696 1364 3166 1437 interﬁciebamque
3199 1384 3306 1422 eos.
3356 1368 3474 1423 Erit

1890 1447 2050 1515 igitur
2076 1457 2124 1500 et
2153 1447 2456 1504 Philista'us
2485 1450 2569 1505 hic
2600 1451 3014 1520 incircumcisus,
3043 1459 3193 1529 quasi
3229 1476 3364 1514 unus
3408 1478 3474 1514 ea:

1889 1537 1982 1588 eis.
2038 1535 2278 1592 Credidit
2313 1553 2408 1593 rex
2449 1541 2586 1610 signi
2628 1545 2996 1614 magnitudine
3033 1560 3376 1616 provocatus,
3418 1560 3473 1606 et

1889 1626 2027 1680 dixit
2056 1627 2120 1680 ad
2149 1628 2314 1682 David
2341 1646 2353 1681 :
2383 1627 2611 1685 Induere
2651 1643 2923 1688 armatura
2966 1653 3102 1702 mea,
3137 1649 3186 1691 et
3217 1640 3291 1693 sic
3321 1657 3470 1711 egre-

1889 1712 2028 1766 dere.
2072 1713 2222 1781 Quod
2249 1731 2371 1771 cum
2399 1716 2634 1783 fecisset,
2650 1718 2802 1786 juxta
2835 1737 3037 1778 morem
3081 1730 3330 1798 progchi
3365 1747 3469 1784 non

194 1809 357 1864 amici
387 1809 914 1882 ﬁliislsrae|,populo
930 1813 1408 1868 videlicetllehrmo
1438 1829 1650 1884 semper
1679 1793 1770 1868 fue

1891 1803 2122 1870 valebat,
2149 1806 2271 1874 quia
2301 1823 2406 1860 non
2437 1809 2781 1876 permittebat
2808 1812 2909 1867 hoc
2945 1812 3061 1868 ﬁeri
3088 1793 3255 1871 Deus.
3309 1818 3467 1874 Scili-

196 1913 345 1967 runt,
371 1914 426 1959 et
446 1905 559 1976 ipsa
583 1920 610 1958 a
640 1904 909 1969 Samuele,
941 1904 1066 1958 Saul
1090 1905 1374 1960 recordata
1388 1914 1468 1960 est
1483 1907 1784 1962 misericor-

193 1996 309 2060 dia,
335 2011 494 2065 quam
522 1995 1678 2067 ﬁliislsrael,quandoexieruntdeEgypto,
1697 2011 1786 2052 ex-

194 2085 506 2140 hibuerunt.
548 2086 623 2140 De
636 2089 736 2140 hac
749 2088 915 2158 stirpe
929 2088 1028 2141 fuit
1045 2088 1070 2127 δ
1085 2088 1474 2144 AberChineus
1487 2090 1569 2143 vir
1583 2099 1784 2144 sancta:

193 2173 625 2240 mulierisiahel,
643 2177 792 2247 (Iud.
810 2194 884 2243 iv,
904 2179 1190 2250 i7)quaein
1208 2180 1440 2233 tentorio
1463 2194 1560 2233 suo
1585 2181 1783 2234 occidit

191 2262 437 2319 Sisaram
463 2266 675 2321 hostem
698 2267 928 2322 ﬁliorum
954 2268 1135 2332 Israel,
1164 2270 1353 2324 ducem
1370 2270 1543 2339 regisc
1564 2269 1775 2326 Gabini.

920 2357 1045 2413 VIII.

269 2445 500 2517 Inquiris
548 2447 723 2503 adhuc
766 2466 864 2504 cur
928 2450 1145 2505 Samuel
1195 2453 1345 2524 Agag
1409 2454 1520 2521 regi
1582 2453 1781 2508 dixerit

189 2534 248 2607 (I
281 2536 406 2607 Reg.
443 2553 532 2603 xv,
564 2539 654 2609 52)
685 2555 699 2593 :
725 2539 932 2595 Siccine
963 2553 1171 2611 separat
1205 2560 1388 2596 amara
1425 2559 1565 2596 mors
1589 2544 1614 2596 ?
1643 2542 1777 2597 Cum

190 2631 300 2686 hoc
328 2647 432 2684 non
464 2629 679 2686 Samuel
701 2632 866 2702 Agag,
895 2635 990 2688 sed
1011 2635 1160 2705 Agag
1183 2635 1510 2690 occidendus
1541 2634 1776 2690 Samueli

187 2725 408 2779 dixerit.
465 2725 694 2780 Verbum
726 2727 848 2790 hoc,
869 2729 1010 2797 quod
1032 2728 1278 2797 inquiris,
1302 2728 1430 2796 quid
1449 2729 1519 2782 sit
1539 2729 1728 2782 sicctne
1753 2729 1778 2781 .’

187 2832 300 2870 non
335 2825 528 2869 natura
553 2817 634 2870 sui
674 2817 727 2870 iu
765 2817 874 2886 ipsa
921 2817 1170 2882 historia,
1207 2820 1300 2872 sed
1333 2819 1641 2888 interpretis
1681 2835 1775 2873 vo-

186 2907 513 2979 Iuptuositas
565 2907 692 2962 fecit
742 2909 1050 2963 obscurum.
1109 2909 1237 2964 Tale
1287 2918 1372 2962 est
1414 2910 1581 2974 enim,
1629 2910 1774 2978 quod

185 2997 570 3051 dicitzsiccine
597 3015 608 3049 :
637 2996 782 3052 velut
809 2999 850 3052 si
877 2998 1105 3064 diceret;
1147 3000 1225 3053 sic
1266 3008 1504 3068 separat,
1553 3009 1644 3053 aut
1697 3008 1774 3054 ta-

185 3086 315 3140 liter
337 3099 550 3157 separat
580 3105 764 3144 amara
800 3092 985 3145 mors?
1026 3092 1152 3146 Tale
1191 3093 1332 3161 quod
1374 3101 1428 3146 et
1468 3092 1519 3145 in
1559 3092 1769 3147 cantico

183 3175 588 3234 Deuteronomii
630 3180 836 3251 (xxxii,
886 3181 939 3251 5)
982 3181 1240 3250 scriptum
1285 3183 1581 3251 reperitur,
1631 3182 1770 3234 inter

183 3279 382 3324 extera
417 3271 528 3324 ait:
553 3269 828 3326 Ceneratio
856 3289 1040 3343 prava,
1066 3283 1217 3344 atque
1253 3291 1518 3344 perversa,
1542 3274 1769 3328 ha’ccine

183 3361 363 3414 reddis
389 3359 613 3415 Domino
638 3362 662 3415 2
698 3363 824 3416 dum
850 3363 902 3416 in
931 3363 1150 3432 antiqua
1182 3364 1532 3418 translatione
1570 3363 1766 3418 decen-

181 3451 296 3504 tius
345 3461 400 3506 et
433 3451 632 3507 clarius
672 3453 930 3522 scriptum
968 3452 1234 3508 habetur:
1261 3452 1389 3507 ιιατ
1428 3452 1650 3506 Domino
1683 3471 1769 3509 re-

179 3541 433 3606 tribuisti,
459 3541 680 3612 populus
709 3543 861 3597 stulte
890 3553 935 3597 et
965 3544 1260 3614 insipiens.‘

939 3655 1030 3710 IX.

252 3765 752 3835 Addimus,etquod
769 3775 821 3820 tu
849 3768 1069 3838 rogasti,
1093 3768 1234 3836 quod
1255 3782 1359 3821 non
1384 3767 1517 3821 dixit
1539 3767 1678 3822 Deus
1701 3766 1765 3821 ad

177 3855 548 3927 Samuel(xvt,
568 3858 617 3923 i)
640 3876 652 3910 :
672 3858 819 3923 vade,
837 3869 884 3912 et
909 3875 1039 3929 unge
1063 3859 1187 3911 milii
1209 3857 1380 3912 David
1396 3873 1413 3910 :
1429 3860 1520 3914 sed
1548 3859 1693 3924 vade,
1716 3869 1766 3913 et

174 3963 315 4017 auge
329 3947 531 4000 miltide
545 3949 671 4016 [iliis
687 3947 817 4011 lsai,
835 3958 1066 4011 etc.,cur
1081 3950 1259 4014 dubie,
1275 3957 1327 4003 et
1342 3965 1445 4005 non
1465 3949 1768 4018 specialiter

174 4037 349 4092 David
389 4038 719 4092 nominavit?
775 4038 851 4093 Ne
874 4040 1083 4095 scilicet
1122 4050 1401 4110 pateretur
1433 4040 1598 4095 David
1625 4041 1766 4111 quod

172 4143 371 4199 passus
390 4139 474 4184 est
507 4127 701 4199 Josepli
732 4128 884 4201 (Gen.
907 4146 1114 4196 xxxv",
1134 4131 1167 4185 5
1189 4142 1235 4185 et
1258 4131 1410 4203 seq.).
1443 4132 1594 4188 Sicut
1622 4134 1764 4187 enim

171 4217 256 4273 illi
279 4217 617 4274 addiscentes
644 4219 881 4273 futurum
899 4221 998 4275 sibi
1013 4221 1140 4275 olim
1154 4237 1356 4290 regem,
1373 4233 1468 4276 aut
1483 4223 1763 4276 Dominum

169 4307 414 4362 insidiati
455 4316 597 4372 sunt,
640 4319 694 4364 et
722 4317 843 4379 post
882 4311 1078 4366 multas
1121 4311 1345 4379 injurias
1390 4313 1760 4375 vendiderunt,

168 4399 252 4451 sic
281 4397 584 4453 formidinis
606 4399 835 4453 dandum
863 4407 998 4466 erat,
1025 4417 1093 4456 ne
1105 4410 1159 4456 et
1185 4402 1270 4456 isti
1305 4401 1417 4457 hazc
1431 4403 1615 4457 eadem
1648 4419 1762 4472 pcr-

1885 1902 1972 1948 cet
1999 1903 2057 1947 ut
2083 1896 2257 1950 nudus
2293 1898 2551 1964 vinceret,
2590 1907 2773 1955 etnon
2806 1917 2956 1956 arma
3002 1903 3179 1960 Saulis
3211 1908 3468 1964 virtutem

1884 1987 2125 2042 victoria:
2159 1989 2491 2058 partirentur
2513 2007 2528 2044 :
2552 2007 2618 2046 ne
2646 1991 2851 2048 diceret
2881 2009 2993 2060 rex,
3020 1999 3272 2065 quoniam
3312 2015 3464 2054 arma

1884 2077 2130 2132 vicerunt
2178 2096 2327 2144 mea,
2374 2080 2601 2150 projecit
2642 2100 2827 2149 arma,
2873 2096 2928 2142 et
2977 2087 3150 2143 induit
3190 2090 3460 2147 ﬁduciam.

1882 2169 2167 2238 Egreditur
2193 2172 2430 2238 inermis,
2455 2184 2507 2230 et
2539 2175 2796 2231 loricatus
2840 2176 2944 2232 ﬁde
2973 2180 3250 2250 egreditur
3279 2193 3465 2251 pastor

1881 2266 1935 2311 et
1963 2258 2115 2313 miles
2140 2259 2338 2329 :jaCtat
2368 2264 2599 2334 lapidem
2643 2282 2750 2321 non
2796 2279 2989 2323 natura
3021 2273 3262 2342 corporis
3301 2275 3460 2341 lixas,

1884 2349 1974 2402 sed
2003 2351 2201 2405 virtute
2233 2353 2376 2418 ﬁdei,
2402 2364 2456 2408 et
2489 2371 2595 2409 uno
2629 2367 2802 2411 rotatu
2839 2357 3018 2414 funda:
3045 2361 3095 2415 in
3125 2361 3300 2419 fronte
3342 2383 3463 2437 per-

1878 2441 2042 2493 cussit
2073 2441 2440 2511 hlasphcmmu
2471 2463 2481 2497 :
2513 2461 2616 2514 quo
2653 2456 2934 2502 corruente
2973 2452 3229 2516 cucurrit,
3268 2463 3321 2507 et
3365 2471 3457 2510 ac-

1877 2542 2034 2600 cepto
2056 2532 2231 2602 gladio
2262 2535 2376 2604 ejus
2405 2541 2703 2608 amputavit
2737 2550 2899 2608 caput
2937 2542 3098 2608 illius,
3139 2554 3198 2598 ut
3231 2549 3459 2618 comple-

1877 2631 2027 2676 retur
2060 2623 2189 2679 illud
2232 2627 2374 2696 quod
2411 2629 2672 2699 scriptum
2721 2640 2806 2686 est
2847 2631 3019 2702 (Psal.
3072 2650 3150 2700 ix,
3199 2637 3286 2708 17)
3332 2656 3344 2692 :
3392 2639 3458 2694 ln

1873 2719 2113 2784 operibus
2142 2735 2389 2773 manuum
2412 2737 2629 2774 suarum
2653 2724 3051 2791 comprehensus
3085 2736 3159 2780 est
3195 2741 3454 2798 peccator.

1874 2805 1940 2859 Et
1965 2808 2044 2862 sic
2072 2808 2123 2860 iu
2157 2811 2372 2864 nomine
2408 2811 2618 2865 Domini
2664 2815 2960 2882 reportavit
2997 2832 3062 2871 ex
3103 2817 3258 2875 hoste
3296 2822 3462 2878 victo-

1874 2896 2010 2951 riam
2041 2915 2054 2950 :
2081 2907 2134 2951 et
2163 2900 2384 2954 abstulit
2415 2901 2464 2955 in
2501 2909 2742 2972 tempore
2767 2903 2855 2957 illo
2887 2908 3232 2976 opprobrium
3266 2926 3293 2964 a
3335 2912 3459 2967 ﬁliis

1873 2988 2052 3044 Israel.
2106 2988 2243 3056 Quid
2282 3000 2458 3047 tamen
2500 2994 2600 3048 ista
2643 2995 2971 3065 signiﬁcant,
3021 3000 3073 3052 in
3117 3000 3252 3058 libro
3281 3005 3457 3073 primo

1871 3080 2048 3147 operis
2070 3081 2227 3150 hujus
2252 3097 2318 3136 ex
2346 3083 2502 3138 dictis
2531 3085 2796 3154 majorum
2824 3096 3149 3156 nostrorum,
3186 3103 3245 3147 ut
3275 3096 3455 3151 Domi-

1871 3186 1972 3226 nus
2001 3172 2162 3238 dedit,
2202 3182 2256 3228 et
2282 3174 2523 3230 invenire
2552 3179 2844 3246 potuimus,
2870 3179 2981 3250 jam
3009 3183 3312 3253 expositum
3352 3198 3454 3244 cst.

2575 3273 2581 3285 '
2612 3289 2702 3343 x1.

1938 3371 2056 3428 Jam
2080 3391 2223 3431 nunc
2257 3375 2384 3432 illud
2421 3380 2564 3448 quod
2598 3380 2651 3433 in
2683 3382 2846 3450 priori
2888 3393 3038 3453 parte
3079 3389 3258 3456 operis
3297 3391 3455 3461 hujus

1869 3468 2330 3532 praztermisimus,
2361 3471 2504 3538 quod
2542 3487 2642 3526 nec
2675 3482 2730 3527 tu
2774 3474 3141 3547 interrogasti,
3183 3483 3454 3553 pauliSper

1868 3559 2214 3625 proponendo
2241 3561 2540 3629 aggrediar.
2582 3562 2758 3628 Quare
2781 3566 2974 3620 dixerit
3007 3568 3262 3626 Dominus
3288 3577 3449 3628 uimi-

1867 3662 2009 3710 rum,
2061 3651 2315 3716 praescius
2352 3649 2655 3706 futurorum
2678 3654 2876 3724 (Actor.
2931 3673 3050 3722 xm,
3094 3659 3183 3732 2:7.)
3221 3681 3233 3716 :
3280 3664 3450 3719 inreni

1867 3734 2036 3789 David
2064 3738 2235 3807 ﬁlium
2274 3738 2423 3794 Jrsse
2459 3743 2623 3796 virum
2661 3747 2945 3800 secundum
2989 3767 3080 3803 cor
3117 3769 3285 3808 meum
3317 3769 3334 3805 :
3361 3759 3449 3826 qui

1866 3829 2028 3896 faciat
2071 3847 2248 3885 omnes
2285 3831 2575 3888 voluntates
2620 3851 2759 3890 meas
2791 3850 2958 3894 :cum
3007 3841 3156 3909 talia,
3207 3854 3261 3900 et
3304 3856 3447 3901 tanti

1869 3920 2028 3975 homo
2075 3922 2189 3991 ipse
2238 3924 2590 3978 commiserit.
2649 3925 2802 3994 Quod
2847 3931 3062 4000 quidem
3116 3935 3160 3988 si
3220 3936 3286 3992 de
3332 3938 3448 4006 ipso

1867 4009 2066 4077 David,
2107 4013 2197 4082 qui
2232 4015 2519 4083 reprobato
2546 4015 2736 4084 Saule,
2780 4030 2834 4075 et
2865 4023 3164 4092 exstincto,
3209 4026 3306 4083 fuit
3351 4046 3446 4086 rex

1864 4099 2062 4166 Israel,
2109 4103 2308 4156 dictum
2349 4103 2744 4175 intelligamus,
2796 4119 2944 4179 patet
2991 4114 3271 4182 profecto,
3318 4120 3444 4187 quia

1865 4190 2005 4244 Deus
2030 4193 2284 4261 przescius
2314 4192 2612 4249 futurorum
2644 4204 2744 4262 est,
2775 4199 2864 4268 qui
2891 4201 3132 4267 prmvidit
3164 4204 3214 4257 in
3239 4220 3303 4260 eo
3327 4215 3444 4262 tan-

1865 4290 1972 4334 tam
2029 4283 2301 4351 pietatem,
2359 4293 2577 4354 tamque
2625 4303 2872 4343 veracem
2923 4293 3325 4358 pmnitentiam,
3385 4308 3446 4352 ut

1863 4381 2006 4426 esset
2034 4373 2085 4426 in
2117 4389 2300 4428 eorum
2339 4391 2584 4441 numero,
2613 4379 2680 4431 de
2708 4379 2900 4447 quibus
2941 4381 3053 4450 ipse
3084 4381 3215 4437 dicit
3263 4385 3437 4456 (Psal.

165 4498 465 4555 putarem,
495 4491 636 4544 unde
659 4490 959 4560 ignorantia
985 4465 1208 4548 autem
1240 4492 1428 4549 mecm
1451 4503 1536 4549 est
1557 4465 1747 4550 male”
1781 4482 1832 4542 Ι)
1864 4480 2010 4527 xxxi,
2039 4482 2167 4518 vers.
2196 4465 2278 4534 i):
2305 4465 2455 4520 Beati
2475 4484 2698 4537 quorum
2721 4471 2949 4524 remissa
2969 4484 3090 4526 sunt
3117 4475 3437 4545 iniquitates,

917 4604 988 4661 Χ.

242 4715 293 4787 (1
321 4715 448 4787 Reg.
481 4732 613 4782 xvn,
643 4716 734 4783 59,
766 4718 850 4782 40,
882 4728 930 4772 et
952 4719 1068 4790 49.)
1099 4720 1172 4773 De
1201 4735 1265 4774 eo
1303 4720 1444 4789 quod
1489 4721 1748 4788 scriptmn

162 4815 252 4862 est
274 4825 286 4859 :
311 4808 451 4876 quod
487 4807 652 4862 David
685 4817 872 4864 contra
903 4807 1232 4864 Philisueum
1260 4827 1486 4880 pergens
1516 4815 1582 4865 ad
1617 4829 1750 4881 pra:-

163 4897 406 4952 liandum
428 4913 577 4950 arma
602 4897 730 4953 Saul
753 4908 970 4968 portare
996 4900 1185 4966 noluit,
1221 4901 1314 4956 sed
1351 4903 1586 4972 quinque
1623 4902 1749 4972 lapi-

159 4989 262 5043 des
287 4987 354 5042 de
383 4996 622 5042 torrente
649 4991 703 5043 in
737 5005 920 5058 peram
959 4992 1122 5056 misit,
1159 5001 1335 5047 tamen
1367 5011 1529 5048 unum
1573 4995 1745 5048 solum

160 5077 424 5149 projecit:
448 5079 668 5133 veniens
695 5081 839 5134 enim
866 5081 1032 5135 David
1055 5083 1117 5136 de
1148 5085 1360 5152 pascuis
1382 5084 1581 5148 ovium,
1605 5094 1746 5155 post-

158 5183 326 5237 quam
374 5176 567 5222 unctus
612 5177 694 5223 est
730 5169 972 5236 jussioue
1018 5170 1112 5225 Dei
1156 5170 1273 5226 oleo
1319 5171 1741 5234 benedictionis.

159 5260 464 5315 ministerii.
492 5259 706 5330 quidem
743 5262 996 5328 hominis,
1036 5263 1131 5318 sed
1168 5263 1261 5317 Dei
1294 5273 1446 5329 nutu,
1481 5267 1621 5334 quod
1657 5283 1747 5321 su-

157 5357 442 5427 perposuit
473 5358 636 5427 capiti
674 5357 791 5428 ejus
832 5375 1000 5416 cornu
1033 5361 1342 5417 chrismatis
1385 5363 1530 5416 omni
1564 5361 1744 5415 diade-

157 5457 327 5511 mate,
351 5453 406 5501 et
425 5463 664 5518 purpura
688 5449 951 5520 potiorem
978 5451 1029 5518 d,
1064 5459 1118 5508 et
1153 5452 1230 5507 sic
1261 5453 1502 5524 perrexit
1536 5452 1742 5508 habens

157 5581 465 5708 qm:lDeest
515 5584 695 5655 itaque
741 5586 936 5643 solutio
975 5588 1285 5658 quaestionis
1309 5629 1324 5655 ,
1365 5605 1483 5659 qum
1525 5591 1742 5661 respicit

159 5686 478 5778 “”’ἒ›”ὶ1οι›εν
504 5721 730 5780 σξηαηω.

1856 4565 1901 4606 ct
1941 4572 1972 4624 η
2014 4571 2160 4607 orum
2200 4565 2334 4608 tecta
2381 4565 2502 4610 sunt
2541 4569 2769 4628 peccata.
2820 4559 3014 4617 Beatus
3061 4565 3154 4628 vir,
3205 4568 3290 4619 cui
3338 4585 3437 4624 non

1855 4645 2125 4712 imputavit
2175 4643 2426 4700 Dominus
2473 4657 2759 4716 peccatum.
2812 4649 2945 4704 Cum
2991 4668 3120 4724 ergo
3161 4657 3436 4724 pnesciret

1855 4748 1977 4786 eum
2004 4734 2142 4787 Deus
2172 4742 2540 4804 peccaturum,
2562 4746 2616 4790 et
2644 4747 2862 4806 peccata
2883 4755 2979 4793 sua
3009 4742 3089 4810 pia
3114 4743 3432 4808 humilitate,

1853 4834 1906 4878 et
1935 4825 2141 4879 sincera
2159 4826 2473 4896 paenitentia
2492 4827 2808 4894 deleturum,
2838 4846 2935 4884 cur
2959 4847 3062 4884 non
3091 4833 3295 4886 diceret
3321 4853 3330 4886 :
3357 4837 3435 4886 in-

1854 4918 1965 4969 veni
2005 4916 2174 4971 David
2205 4918 2373 4971 virum
2407 4919 2691 4972 secundum
2716 4937 2805 4972 cor
2833 4937 3024 4986 mcum,
3059 4923 3142 4977 cui
3173 4940 3277 4978 non
3316 4935 3435 4978 crat

1849 5006 2209 5075 imputaturus
2245 5016 2543 5077 peccatum,
2583 5019 2691 5063 tam
2735 5011 2901 5063 multa
2936 5011 3074 5066 bona
3113 5013 3349 5081 facienti,
3379 5027 3434 5072 et

1847 5113 1968 5152 cum
2001 5109 2146 5153 tanta
2177 5103 2374 5170 pietate
2403 5101 2624 5165 viventi,
2659 5111 2712 5155 et
2741 5103 2791 5156 in
2825 5104 2938 5173 ipsa
2968 5105 3167 5174 pietate
3189 5122 3283 5175 pro
3306 5123 3429 5176 pec—

1846 5189 1982 5241 catis
2009 5189 2119 5242 suis
2145 5190 2470 5243 sacriﬁcium
2497 5191 2710 5244 contriti
2739 5192 2957 5260 spiritus
2979 5193 3223 5248 offerenti
3247 5196 3268 5247 ?
3298 5196 3428 5250 Pro-

1847 5289 1965 5348 pter
1993 5282 2105 5335 htec
2139 5283 2319 5334 omnia
2359 5281 2639 5335 verissime
2667 5282 2868 5336 dictum
2899 5291 2982 5337 est
3014 5303 3024 5336 2
3053 5285 3222 5338 inrcni
3259 5285 3425 5340 David

1843 5371 2126 5424 secundum
2165 5387 2255 5423 cor
2289 5387 2479 5436 meum,
2521 5371 2609 5439 qui
2649 5371 2774 5425 licet
2808 5373 3090 5426 secundum
3123 5389 3213 5426 cor
3250 5391 3424 5439 suum,

1847 5478 1950 5516 non
1985 5473 2130 5517 esset
2154 5462 2293 5534 quod
2321 5464 2581 5532 peccavit,
2618 5473 2792 5520 tamen
2827 5466 3116 5520 secundum
3142 5481 3235 5522 cor
3265 5483 3420 5524 suum

1919 5609 1938 5630 '
1981 5597 2139 5666 .[abin
2170 5597 2299 5666 regis
2324 5597 2472 5650 Azot.

1914 5667 1937 5706 ά
1980 5664 2187 5734 Potius,
2221 5664 2276 5720 ut
2301 5667 2554 5721 arbitror.
