3906 6322
469 305 576 364 815

1588 311 1861 370 CLAUDII
1903 312 2368 370 TAURINENSIS
2408 315 2715 373 EPISCOPI

3656 323 3751 379 8l6

470 422 593 486 fuit,
629 423 771 489 quod
815 437 913 492 pro
940 426 1181 493 peccatis
1211 425 1325 479 suis
1357 438 1591 496 congrua
1622 428 1943 497 pcenitentia
1980 443 2063 482 sa-
2089 434 2137 492 Α
2165 435 2392 485 cundum
2425 451 2515 487 cor
2539 452 2732 500 meum,
2764 439 2853 509 qni
2883 438 3037 507 faciet
3070 455 3244 492 omnes
3271 440 3573 492 voluntates
3597 455 3749 495 meas.

473 510 688 567 tisl'ectt.
738 510 850 566 lIoc
887 524 1016 583 ergo
1050 515 1224 568 solum
1260 513 1314 567 in
1355 514 1446 568 illo
1487 517 1784 571 secundum
1821 532 1917 572 cor
1955 532 2064 570 non

470 602 591 668 fuit,
610 601 755 672 quod
777 603 851 658 illi
868 604 1015 659 Deus
1037 621 1144 660 non
1170 606 1475 675 imputavit.
1519 605 1635 661 Hoc
1656 608 1836 676 itaque
1862 607 2062 674 ablato,

471 693 523 747 id
558 703 645 749 est
677 710 784 748 non
823 695 1108 765 imputato,
1145 696 1273 765 quid
1302 697 1564 751 remansit
1591 697 1693 752 nisi
1728 698 1868 753 unde
1892 698 2065 753 veris-

469 782 607 837 sime
653 784 963 840 diceretur:
987 785 1161 840 inveni
1197 774 1367 840 David
1398 787 1685 840 secundum
1724 803 1814 841 cor
1850 803 2019 841 meum
2043 787 2068 839 Σ)

470 873 528 927 Si
558 880 740 929 autem
771 876 874 929 hoc
900 876 1216 948 prapbetice
1242 876 1445 932 dictum
1486 878 1551 933 de
1585 878 1802 933 Christo
1837 878 2068 937 velimus

464 964 737 1034 accipere,
757 962 1129 1022 nullusnodus
1154 968 1468 1035 quzestiouis
1483 970 1744 1023 occurrit.
1767 968 1879 1023 Nisi
1903 966 2063 1035 forte,

469 1062 530 1105 ut
566 1062 848 1121 quaeratur
883 1069 913 1108 a
946 1055 1103 1111 nobis
1141 1059 1412 1127 quomodo
1448 1058 1722 1113 Christum
1769 1066 1919 1113 recte
1960 1058 2066 1113 isto

468 1144 689 1199 nomine
724 1160 918 1200 vocare
947 1148 1218 1215 potuerit?
1254 1148 1360 1204 Sed
1398 1150 1790 1218 respondemus
1813 1168 1824 1204 :
1847 1158 2068 1219 propter

470 1252 642 1291 semen
686 1237 881 1301 David,
929 1254 996 1293 ex
1046 1255 1154 1309 quo
1192 1256 1414 1296 carnem
1464 1240 1711 1297 Christus
1752 1242 2063 1313 assumpsit.

470 1327 578 1384 Nec
605 1329 721 1384 sine
744 1330 994 1401 exemplo
1020 1332 1283 1387 rationem
1316 1332 1476 1401 hujus
1506 1334 1559 1391 in
1588 1334 1803 1391 Christo
1831 1336 2068 1390 nominis

469 1418 803 1475 reddidimus
828 1439 839 1473 :
864 1422 1169 1477 invenimus
1188 1423 1407 1493 quidem
1426 1424 1768 1493 apertissime
1789 1424 2064 1480 Christum

468 1506 674 1575 Jcsum,
704 1525 768 1564 ac
800 1512 1116 1580 prophetam
1146 1513 1216 1567 ab
1246 1513 1496 1570 Ezechiel
1532 1513 1700 1569 David
1742 1530 1861 1571 esse
1892 1514 2071 1590 appel—

471 1604 658 1670 latum,
686 1606 777 1661 ubi
803 1606 998 1678 legitur
1017 1622 1083 1661 ex
1114 1624 1347 1679 persona
1379 1609 1474 1665 Dei
1496 1609 1673 1664 Patris
1694 1608 1905 1682 (xxxiv,
1934 1607 2024 1679 25)
2052 1628 2063 1663 :

474 1695 538 1749 Et
574 1697 836 1752 suscitabo
872 1715 1030 1768 super
1070 1717 1259 1771 pecora
1304 1718 1417 1754 mea
1458 1712 1719 1771 pastorem
1762 1719 1943 1768 unum,
1979 1703 2067 1775 qui

2171 520 2275 576 Sed
2317 525 2568 592 quoniam
2605 537 2821 583 secutus
2852 520 3113 598 adjungit,
3144 540 3198 583 et
3222 532 3353 583 dicit
3383 550 3394 583 :
3423 532 3591 599 hujus
3623 532 3753 588 Deus

2164 629 2229 666 ea:
2268 616 2481 678 semine,
2529 618 2813 671 secundum
2864 622 3259 688 promissionem
3302 621 3531 675 adduxit
3591 623 3754 677 Israel

2168 702 2495 759 Salvator-em
2525 706 2729 771 Iesum,
2758 709 2915 763 altius
2942 710 3267 781 signiﬁcavit
3290 713 3343 766 in
3373 714 3610 767 D:unino
3635 714 3755 769 Iesu

2166 795 2342 863 potius
2365 812 2485 850 esse
2507 797 2910 866 intelligendum
2934 798 3061 855 illud
3090 803 3487 867 testimonium,
3513 804 3607 872 qui
3633 820 3755 858 vere

2166 885 2293 953 facit
2327 904 2501 941 omnes
2538 887 2827 943 voluntates
2858 890 3034 944 Patris
3063 891 3178 955 Dei,
3214 907 3378 961 quam
3413 895 3467 947 in
3502 894 3598 947 illo
3637 911 3757 965 rege

2168 977 2353 1041 David,
2406 976 2493 1046 qui
2542 977 2666 1033 licet
2710 982 3006 1035 secundum
3053 983 3388 1050 superiorem
3435 984 3759 1052 disputatio-

2166 1082 2290 1121 nem
2326 1069 2566 1123 remissis
2598 1071 2838 1139 peccatis
2864 1079 3087 1140 propter
3129 1072 3274 1141 piam
3321 1088 3541 1143 quoque
3587 1077 3757 1144 paeni-

2167 1158 2390 1212 tentiam
2428 1174 2531 1212 non
2563 1158 2830 1212 immerito
2864 1159 2966 1214 dici
2998 1160 3167 1228 possit
3196 1160 3433 1215 inventus
3470 1163 3757 1216 secundum

2166 1264 2258 1301 cor
2283 1248 2414 1312 Dei;
2442 1256 2620 1303 tamen
2641 1265 2830 1304 omnes
2850 1250 3153 1306 voluntates
3179 1250 3274 1305 Dei
3297 1262 3570 1327 quomodo
3595 1252 3760 1307 fecit?

2167 1338 2400 1407 quicum
2424 1338 2875 1393 excellentissime
2894 1338 3226 1405 laudaretur,
3250 1344 3469 1410 quando
3489 1356 3607 1409 ejus
3628 1352 3761 1396 tem-

2168 1442 2322 1496 pora,
2351 1434 2404 1481 ct
2426 1425 2589 1491 facta,
2630 1426 2908 1496 Scriptura
2926 1430 3428 1493 narravit,notatus
3450 1440 3534 1485 cst
3557 1440 3755 1494 tamen,

2169 1530 2192 1559 α
2224 1517 2364 1587 quod
2390 1534 2493 1571 non
2521 1518 2788 1573 destruxit
2822 1519 3037 1574 excelsa
3073 1518 3163 1573 ubi
3209 1520 3555 1576 sacriﬁcabat
3592 1538 3760 1593 popu-

2168 1609 2251 1664 lus
2291 1609 2382 1662 Dci
2411 1618 2595 1664 contra
2623 1618 2949 1680 praeceptum
2990 1610 3104 1675 Dei,
3135 1612 3261 1681 quia
3296 1617 3672 1670 tantummodo
3704 1616 3757 1672 in

2171 1703 2576 1757 tabernaculum
2635 1704 2930 1757 test'monii
2985 1703 3084 1758 sibi
3148 1704 3446 1759 sacriﬁcari
3498 1705 3756 1774 iusserat,

468 1798 649 1856 pascat
676 1805 759 1851 ea,
784 1805 991 1843 servum
1024 1806 1197 1844 meum
1225 1790 1414 1857 David,
1460 1803 1509 1845 et
1548 1791 1656 1863 ipse
1694 1803 1868 1862 pascet
1903 1810 1984 1858 ea,
2019 1802 2067 1846 et
2100 1792 2142 1849 Β
2171 1790 2434 1866 quamvis,
2468 1800 2522 1845 ct
2552 1792 2602 1845 in
2643 1792 2833 1846 iisdem
2872 1792 3102 1847 excelsis
3137 1794 3312 1848 cidem
3355 1797 3762 1853 sacriﬁcaretur

470 1880 577 1947 ipse
600 1881 698 1932 erit
721 1880 801 1933 his
823 1879 878 1933 in
911 1878 1206 1935 Pastorem.
1248 1880 1376 1952 Ego
1398 1891 1575 1935 autem
1609 1883 1859 1937 Dominus
1880 1901 1969 1937 cro
1993 1885 2065 1937 eis

470 1972 523 2023 in
561 1970 746 2024 Deum.
796 1970 864 2024 Et
906 1988 1085 2026 servus
1125 1989 1269 2026 meus
1323 1973 1491 2027 David
1526 1974 1763 2044 princeps
1810 1973 1862 2027 in
1897 1974 2065 2029 medio

468 2078 647 2114 eorum
689 2076 706 2112 .‘
744 2078 837 2132 ego
891 2062 1150 2117 Dominus
1198 2062 1404 2119 locutus
1447 2081 1585 2119 sum.
1640 2064 1708 2118 Et
1755 2064 1861 2121 alio
1907 2066 2063 2121 loco:

470 2152 706 2217 (χχχιιι,
737 2151 834 2223 22)
869 2152 933 2205 Et
973 2167 1087 2217 rex,
1122 2154 1315 2223 inquit,
1346 2171 1482 2208 unus
1509 2154 1603 2208 erit
1634 2155 1874 2209 omnibus
1910 2155 2065 2227 impe-

471 2258 613 2304 rans,
640 2252 687 2295 et
719 2260 821 2296 non
851 2253 1004 2296 erunt
1046 2242 1185 2297 ultra
1234 2245 1354 2298 dua:
1392 2255 1587 2315 gentes,
1629 2262 1721 2299 nec
1770 2246 2069 2302 dividentur

467 2338 694 2406 amplius
724 2339 777 2391 in
808 2339 913 2392 duo
947 2355 1124 2409 regna.
1162 2337 1345 2409 Neque
1372 2339 1676 2409 polluantur
1699 2339 1838 2393 ultra
1869 2341 1923 2394 in
1952 2341 2067 2395 ido-

470 2429 533 2481 lis
561 2429 690 2490 suis,
717 2438 764 2481 et
794 2428 1272 2482 abominationibus
1293 2429 1422 2494 suis,
1449 2438 1495 2482 et
1518 2430 1571 2482 in
1595 2430 1795 2483 cunctis
1821 2429 2067 2500 iniquita-

466 2520 605 2574 tibus
644 2519 774 2575 suis.
814 2520 884 2575 Et
921 2520 1092 2575 salvos
1122 2537 1209 2575 eos
1241 2520 1436 2589 faciam
1471 2520 1535 2575 de
1566 2521 1820 2601 universis
1857 2521 2065 2577 sedibus

467 2611 599 2676 suis,
632 2612 685 2665 in
722 2611 911 2682 quibus
944 2620 1282 2681 peccaverunt
1306 2624 1323 2661 ε
1347 2620 1396 2665 et
1440 2610 1701 2665 mundabo
1738 2628 1843 2675 eos,
1882 2620 1931 2665 et
1966 2611 2065 2665 erit

466 2703 595 2756 mihi
614 2701 860 2774 populus,
890 2712 940 2757 et
958 2718 1050 2773 ego
1078 2718 1165 2756 ero
1180 2703 1252 2756 eis
1267 2700 1428 2756 Deus.
1454 2700 1523 2756 Et
1536 2718 1714 2756 servus
1728 2719 1871 2757 meus
1892 2702 2063 2757 David

468 2810 560 2850 rea:
596 2811 753 2864 super
785 2810 893 2848 eos.
943 2793 1011 2848 Et
1053 2792 1248 2847 Pastor
1290 2809 1425 2849 unus
1466 2793 1561 2848 erit
1594 2794 1827 2847 omnium
1859 2811 2059 2848 eorum.

467 2886 606 2944 Osee
634 2902 849 2957 quoque
880 2886 1142 2956 prOpheta
1171 2900 1293 2941 cum
1325 2885 1703 2955 pronuntiaret
1732 2893 1946 2956 tempus
1974 2884 2065 2940 Ju-

466 2980 709 3033 deeorum
756 2976 917 3048 quale
966 2992 1111 3032 nunc
1170 2977 1393 3041 habent,
1426 2986 1480 3032 et
1535 2977 1591 3030 in
1638 2976 1913 3032 Christum
1968 2991 2061 3032 eos

465 3078 655 3140 postea
686 3068 1015 3133 credituros,
1044 3066 1296 3122 eumdem
1337 3066 1613 3123 Christum
1644 3065 1813 3122 David
1842 3066 2059 3121 nomine

2168 1880 2276 1934 Dco
2307 1896 2462 1950 :qua:
2485 1883 2823 1950 postmodum
2850 1882 3060 1938 excelsa
3100 1898 3162 1937 ex
3204 1884 3320 1953 ipso
3350 1885 3522 1941 David
3555 1891 3761 1944 semine

2166 1980 2492 2041 propagatus
2521 1986 2613 2026 rex
2640 1971 2899 2027 Ezechias
2918 1988 3040 2028 cum
3067 1975 3377 2030 testimonio
3409 1993 3623 2049 magna:
3652 1996 3760 2037 sua

2169 2061 2343 2116 laudis
2369 2063 2582 2117 evertit.
2629 2062 2734 2136 (IV
2768 2061 2896 2135 Reg.
2926 2082 3081 2130 xvm,
3114 2066 3193 2139 4.)

2897 2155 2988 2209 XII

2235 2243 2541 2315 Interrogas
2569 2259 2734 2313 quare
2773 2244 2897 2300 Saul
2930 2246 3100 2303 iratus
3135 2248 3270 2302 dixit
3291 2250 3356 2303 ad
3379 2249 3659 2306 Jonathan
3700 2253 3758 2308 li-

2166 2333 2295 2387 lium
2319 2349 2474 2388 suum
2495 2352 2506 2386 :
2526 2332 2575 2405 (1
2594 2334 2719 2404 Reg.
2740 2352 2828 2397 xx,
2844 2336 2932 2407 50)
2960 2335 3066 2391 Fili
3088 2339 3321 2394 mulieris
3336 2342 3506 2395 virum
3523 2342 3661 2397 ultro
3678 2364 3759 2399 ra-

2164 2424 2498 2494 pientis:has
2534 2425 2665 2479 tales
2700 2426 2953 2482 mulieres
2984 2427 3217 2498 (qualem
3255 2446 3593 2504 Improperat
3632 2438 3757 2491 Sanl

2166 2520 2395 2568 matrem
2412 2513 2577 2569 fuisse
2591 2512 2882 2588 Jonathan)
2897 2534 3069 2588 grmca
3087 2518 3265 2590 lingua
3282 2521 3457 2590 lupas,
3473 2524 3526 2578 id
3540 2536 3623 2581 est
3646 2544 3759 2582 me-

2165 2604 2391 2658 retrices
2407 2612 2583 2669 vocat,
2599 2605 2740 2674 quod
2760 2606 2845 2659 illa
2862 2607 3100 2662 nonfuit.
3121 2609 3267 2679 Lupa
3284 2616 3544 2668 meretrix
3562 2617 3759 2671 dicitur

2166 2710 2195 2748 a
2230 2695 2528 2765 rapacitate
2556 2705 2765 2759 vocata,
2797 2708 2849 2750 et
2881 2713 2911 2750 a
2938 2698 3157 2754 libidine
3199 2703 3440 2771 ejusdem
3487 2708 3758 2773 animalis,

2164 2787 2303 2855 quod
2335 2786 2400 2840 ad
2429 2801 2486 2840 se
2517 2787 2691 2855 rapiat
2720 2788 2963 2851 miseros,
2996 2798 3050 2844 et
3077 2792 3445 2860 apprehendat
3471 2810 3484 2848 :
3511 2797 3662 2861 inde,
3706 2810 3757 2854 et

2164 2876 2445 2944 lupanaria
2478 2876 2621 2930 dicta
2651 2875 2788 2939 loca,
2816 2878 2905 2930 ubi
2936 2881 3248 2936 meretrices
3267 2893 3412 2937 sunt.
3446 2885 3502 2938 In
3532 2885 3758 2956 Septua-

2164 2967 2310 3035 ginta
2336 2976 2515 3019 autem
2546 2968 2802 3037 scriptum
2836 2976 2919 3022 est
2943 2985 2955 3022 :
2981 2971 3225 3026 et‘iratus
3254 2972 3428 3041 [actus
3463 2987 3538 3030 est
3570 2978 3624 3031 in
3656 2979 3758 3031 ira-

2166 3058 2359 3111 cundia
2398 3056 2531 3113 Suul
2575 3058 2644 3111 ad
2681 3059 2950 3114 Jonathan
3000 3062 3177 3129 valde,
3229 3074 3277 3117 et
3322 3066 3458 3120 dixit
3491 3070 3588 3121 ei:
3617 3069 3758 3137 ﬁlias

465 3133 812 3229 prOphetavit
854 3158 1079 3212 dicens:
1107 3157 1212 3228 (ιιι,
1252 3156 1308 3229 4)
1343 3156 1607 3222 Quoniam
1651 3156 1833 3211 diebus
1882 3157 2059 3212 multis

2168 3144 2479 3214 puellarum,
2522 3146 2612 3214 qui
2652 3163 2707 3199 se
2742 3146 2879 3200 ultro
2925 3150 3263 3219 coinquinant
3289 3154 3476 3223 :quod
3524 3133 3758 3212 tantum-

465 3247 714 3301 sedebunt
743 3245 842 3316 ﬁlii
866 3244 1037 3299 Israel
1080 3246 1193 3299 sine
1227 3261 1362 3315 rege,
1395 3246 1504 3299 sine
1539 3246 1793 3316 principe,
1830 3246 1945 3299 sine
1975 3263 2063 3300 sa-

465 3334 690 3403 criﬁcio,
726 3334 842 3388 sine
881 3332 1063 3398 altari,
1104 3334 1216 3387 sine
1256 3333 1571 3400 sacerdotio,
1615 3334 1726 3389 sine
1760 3335 2064 3406 manifesta-

466 3426 695 3480 tionibus
732 3438 749 3477 :
783 3424 926 3481 sicut
976 3440 1119 3479 nunc
1162 3439 1282 3479 esse
1324 3423 1568 3480 Judaeum
1607 3424 1832 3496 ambigit
1879 3441 2057 3480 nemo.

467 3517 575 3573 Sed
601 3516 746 3589 quod
786 3516 862 3570 ait
905 3514 1192 3586 Apostolus
1251 3514 1451 3569 Paulus
1515 3513 1777 3571 Gentibus
1836 3515 2062 3585 loquens

468 3607 647 3679 (Rom.
666 3606 872 3679 x1,30):
891 3605 1037 3661 Sicut
1059 3606 1195 3659 enim
1220 3622 1308 3659 vos
1331 3605 1615 3677 aliquando
1640 3623 1742 3661 non
1765 3606 2060 3661 credidistis

468 3699 577 3753 Deo
614 3712 631 3750 :
668 3715 804 3753 nunc
847 3707 1023 3751 autem
1070 3696 1485 3749 misericordiam
1525 3697 1785 3751 consecuti
1830 3698 1954 3752 estis
2008 3699 2063 3751 in

466 3788 679 3843 illorum
700 3778 1088 3844 incredulitate.
1129 3786 1219 3841 Sic
1242 3796 1287 3840 et
1312 3786 1410 3855 ipsi
1434 3803 1571 3841 nunc
1595 3804 1698 3841 non
1727 3788 2061 3842 crediderunt

466 3883 521 3936 in
543 3891 709 3937 vestra
726 3880 1086 3936 misericordia
1110 3893 1127 3932 :
1152 3888 1207 3933 ut
1237 3888 1285 3933 et
1308 3880 1405 3949 ipsi
1436 3880 1846 3935 misericordiam
1885 3897 2064 3936 conse-

464 3972 874 4040 quantur:hoc
927 3972 1193 4041 propheta
1241 3970 1345 4025 iste
1396 3978 1548 4024 tanto
1592 3979 1718 4025 ante
1762 3972 2063 4041 praedicens

467 4077 695 4117 securus
727 4059 973 4130 adjunxit
993 4058 1139 4133 (Ose.
1175 4076 1257 4125 ιιι,
1281 4077 1410 4115 vers.
1438 4060 1493 4133 5)
1524 4079 1537 4114 :
1574 4060 1641 4115 Et
1666 4070 1779 4131 post
1809 4072 2065 4117 reverten-

467 4166 556 4209 tur
580 4154 678 4223 [ilii
710 4152 879 4207 Israel
906 4166 923 4204 :
948 4162 995 4207 et
1036 4153 1297 4223 inquirent
1339 4152 1624 4208 Dominum
1671 4154 1838 4207 Deum
1885 4171 2059 4222 suum,

430 4256 437 4264 '
468 4253 515 4297 et
546 4243 718 4297 David
751 4259 920 4314 regem
948 4258 1123 4306 suum,
1153 4250 1200 4296 et
1234 4252 1524 4312 stupescent
1554 4243 1610 4295 in
1644 4240 1893 4307 Domino,
1927 4253 1972 4297 et
2009 4245 2062 4298 in

470 4334 615 4389 bonis
640 4334 803 4405 ipsius
832 4332 885 4387 in
913 4332 1206 4387 novissimis
1236 4331 1437 4385 diebus.
1493 4331 1631 4387 Ecce
1661 4332 1750 4386 hic
1770 4347 1867 4402 per
1897 4333 2064 4388 David

470 4440 689 4490 nomen,
733 4425 1089 4496 prophetatus
1130 4432 1213 4477 est
1250 4421 1517 4488 Christus,
1555 4423 1809 4494 quoniam
1847 4426 2063 4496 quando

472 4518 574 4573 ista
609 4517 1089 4587 prophetabantur,
1123 4513 1211 4568 ille
1244 4513 1414 4567 David
1453 4528 1548 4567 rex
1588 4512 1753 4569 Israel
1788 4514 1901 4585 jam
1933 4514 2060 4570 olim

470 4620 598 4665 ante
635 4607 951 4666 dormierat.
1006 4606 1267 4661 Dominus
1307 4616 1486 4659 autem
1526 4602 1683 4660 Jesus
1714 4622 1783 4660 ex
1823 4608 1939 4677 ejus
1981 4621 2067 4661 se-

471 4702 616 4760 mine
642 4699 818 4756 fuerat
846 4700 899 4753 in
922 4712 1086 4754 carne
1107 4706 1387 4760 venturus,
1418 4705 1639 4766 pr0pter
1658 4698 1800 4766 quod
1827 4698 2051 4767 prophe»

472 4784 579 4849 tico
607 4790 858 4863 loquendi
891 4791 1050 4845 modo
1087 4788 1454 4859 appellabatur
1485 4787 1672 4842 David.
1719 4788 1940 4844 Videtur
1968 4805 2035 4843 au

474 4895 580 4939 tem
617 4882 889 4955 apostolus
920 4880 1117 4937 Paulus
1148 4883 1251 4936 hoc
1292 4879 1660 4936 testimonium
1701 4881 1773 4934 ita
1816 4882 2061 4951 posuisse

473 4974 525 5027 in
558 4972 780 5026 Actibus
804 4971 1187 5041 apostolorum,
1222 4980 1281 5023 ut
1311 4986 1414 5024 non
1443 4970 1547 5025 nisi
1578 4969 1645 5025 de
1678 4971 1768 5025 illo
1800 4985 1924 5040 rege
1960 4972 2061 5025 Da-

475 5063 582 5127 vid,
612 5062 702 5132 qui
730 5062 875 5116 Sauli
903 5062 1185 5124 successit,
1225 5060 1396 5130 possit
1424 5061 1663 5131 intelligi.
1717 5059 1849 5115 Nam
1886 5071 1940 5116 et
1982 5062 2061 5116 in-

474 5166 554 5208 ter
581 5164 779 5209 caetera
813 5154 1007 5208 exinde
1048 5152 1217 5224 inquit
1252 5153 1389 5221 (Act.
1436 5168 1553 5215 xm,
1593 5151 1682 5221 Ἡ)
1717 5167 1730 5205 :
1771 5153 2064 5222 postulare-

477 5257 596 5301 runt
630 5262 819 5317 regem,
852 5256 897 5299 et
927 5245 1068 5299 dedit
1096 5245 1201 5298 illis
1240 5244 1380 5298 Deus
1409 5241 1539 5297 Saul
1574 5244 1743 5313 ﬁlium
1771 5242 1858 5299 Cis
1890 5245 2060 5299 virum

473 5338 536 5391 de
558 5336 697 5390 tribu
724 5336 1004 5406 Benjamin
1036 5336 1090 5389 in
1116 5335 1266 5388 annis
1291 5334 1667 5404 quadraginta,
1696 5344 1741 5387 et
1769 5345 1941 5388 amoto
1971 5335 2061 5388 illo

472 5428 740 5483 suscitavit
769 5426 870 5479 illis
898 5426 1036 5479 Dens
1065 5426 1231 5479 David
1272 5442 1457 5494 regem.
1516 5424 1612 5478 Cui
1639 5436 1684 5478 et
1712 5427 2061 5480 testimonium

473 5519 743 5587 per/libens
779 5518 910 5571 dixit
940 5534 954 5569 .'
986 5518 1167 5571 Inveni
1195 5516 1361 5570 David
1398 5517 1565 5585 [ilium
1602 5514 1749 5571 Jesse
1779 5517 1947 5570 virum
1976 5534 2058 5570 se-

548 5666 569 5692 α
615 5652 675 5707 Ill
717 5653 846 5723 Reg.
901 5671 958 5718 ιι,
1008 5654 1059 5712 2,
1094 5661 1148 5706 ct
1191 5651 1222 5704 3
1249 5670 1258 5702 :
1290 5659 1467 5723 tamen
1518 5648 2060 5723 nonrlumtcdilicato

476 5725 691 5794 templo,
726 5720 948 5780 vetitum
978 5724 1195 5778 minimc
1234 5722 1466 5777 arbitror
1502 5723 1557 5776 iu
1594 5720 1821 5776 excelsis
1853 5720 2058 5777 sacriﬁ-

2088 4475 2140 4533 D

2164 3234 2284 3287 dem
2324 3233 2463 3287 valet
2502 3248 2664 3305 quam
2703 3245 2757 3290 ct
2794 3236 2923 3292 illud
2965 3241 3108 3307 quod
3146 3256 3308 3311 supra
3347 3246 3613 3315 scriptum
3650 3256 3751 3304 est.

2890 3332 3023 3386 XIII.

2235 3418 2371 3490 (xm,
2402 3420 2476 3492 I.)
2498 3420 2775 3492 Perquiris
2804 3438 2926 3477 cum
2954 3420 3125 3479 David
3154 3422 3363 3497 fugeret
3389 3437 3516 3483 ante
3534 3429 3752 3497 Saul,et

2162 3511 2308 3564 venit
2337 3512 2404 3566 ad
2441 3512 2753 3567 Ahimelech
2797 3515 3157 3580 s:cerdotem,
3200 3524 3255 3570 et
3293 3519 3547 3586 qumsivit
3582 3521 3650 3574 ab
3690 3538 3752 3577 eo

2162 3616 2364 3669 panes:
2395 3613 2448 3657 et
2491 3604 2767 3673 respondit
2803 3604 3058 3660 sacerdos
3094 3620 3199 3659 non
3234 3608 3426 3660 habere
3462 3626 3517 3662 se
3541 3628 3748 3681 partem,

2163 3692 2264 3746 nisi
2304 3709 2493 3763 partem
2533 3702 2797 3758 sanctum,
2843 3696 2933 3763 qui
2975 3695 3212 3749 sublatus
3252 3696 3428 3764 fuerat
3470 3700 3535 3753 de
3574 3701 3747 3761 altari,

2162 3800 2324 3854 quem
2346 3801 2451 3839 non
2478 3784 2674 3841 licebat
2695 3786 2982 3840 comedere
3006 3787 3109 3840 nisi
3134 3787 3263 3841 solis
3283 3790 3673 3854 sacerdotibus,
3701 3803 3749 3847 et

2163 3875 2471 3932 sciscitatus
2497 3884 2581 3930 est
2614 3891 2761 3941 eum,
2798 3884 2977 3929 utrum
3010 3877 3161 3945 pueri
3194 3880 3377 3932 mundi
3406 3894 3613 3945 essent,
3638 3898 3749 3937 tua-

2162 3968 2309 4024 xime
2339 3983 2368 4022 a
2398 3967 2734 4034 mulieribus,
2772 3984 2877 4037 quo
2910 3969 3273 4039 respondente
3297 3987 3308 4021 :
3331 3970 3377 4024 si
3416 3973 3483 4025 de
3515 3973 3751 4027 mulieri-

2165 4059 2258 4113 bus
2284 4060 2481 4129 agitur,
2512 4058 2577 4112 ab
2595 4060 2727 4123 heri,
2759 4069 2807 4113 et
2829 4060 3021 4114 nudius
3045 4060 3229 4114 tertius
3256 4064 3610 4119 continuimus
3637 4083 3751 4133 nos,

2163 4165 2209 4210 et
2231 4155 2443 4226 fuerunt
2468 4173 2593 4212 vasa
2616 4173 2899 4225 puerorum
2928 4169 3131 4213 sancta.
3184 4160 3322 4214 Vasa
3356 4176 3654 4230 puerorum
3680 4162 3753 4217 di-

2164 4246 2242 4300 xit
2282 4256 2486 4312 sancta,
2528 4246 2581 4301 id
2618 4253 2706 4303 est
2746 4263 2777 4302 a
2825 4248 3141 4305 mulieribus
3181 4260 3361 4306 castas
3398 4262 3631 4317 mentes,
3674 4253 3755 4310 vel

2164 4350 2413 4405 corpora,
2442 4337 2567 4407 quia
2599 4337 2781 4393 multis
2810 4339 2942 4394 locis
2989 4340 3042 4393 in
3075 4342 3245 4396 veteri
3282 4342 3479 4412 populo
3516 4344 3751 4411 sanctiﬁ-

2166 4426 2302 4479 catio
2343 4441 2442 4495 pro
2479 4427 2803 4482 abstinentia
2852 4429 3164 4495 mulierum,
3204 4431 3341 4485 solet
3371 4432 3658 4501 appellari,
3699 4442 3755 4487 ut

2166 4526 2250 4572 est
2302 4516 2429 4571 illud
2474 4518 2526 4571 in
2571 4518 3065 4588 Evangelio(loan.
3108 4535 3184 4585 xx,
3229 4520 3318 4591 55)
3350 4538 3363 4573 :
3396 4523 3750 4575 Ascenderunt

2168 4608 2315 4661 multi
2335 4607 2718 4679 Jerosolymam
2748 4610 2812 4663 de
2846 4611 3051 4680 regione
3090 4622 3210 4667 ante
3255 4613 3393 4666 diem
3434 4613 3631 4682 festum
3658 4632 3749 4685 pa-

2163 4699 2324 4763 schae,
2371 4707 2427 4751 ut
2482 4701 2871 4769 sanctiﬁcarent
2907 4718 2960 4755 se
3005 4701 3144 4770 ipsos
3176 4719 3192 4757 :
3219 4703 3271 4758 id
3326 4712 3409 4758 est
3461 4713 3519 4758 nt
3567 4704 3749 4759 mundi

2164 4796 2387 4843 essenta
2404 4789 2719 4845 mulieribus
2734 4791 2786 4845 in
2802 4792 3141 4847 solemnitate
3155 4793 3412 4863 paschali.
3451 4794 3610 4862 Quod
3626 4810 3747 4849 vero

2165 4880 2408 4949 sequitur
2441 4897 2452 4932 :
2483 4895 2646 4949 porro
2673 4881 2756 4934 via
2780 4882 2895 4937 lucc
2922 4882 3125 4951 polluta
3150 4892 3245 4947 est,
3279 4898 3386 4937 non
3421 4884 3559 4938 dixit
3578 4883 3649 4939 de
3668 4884 3747 4938 via

2166 4972 2380 5040 pedum,
2421 4971 2502 5025 vel
2546 4972 2735 5041 plateis
2774 4972 3029 5043 regionis,
3063 4972 3157 5027 sed
3194 4972 3259 5027 de
3302 4973 3405 5027 ista
3447 4973 3560 5027 vita
3604 4987 3746 5029 mor-

2168 5062 2284 5127 tali,
2315 5078 2433 5132 qure
2470 5080 2657 5119 revera
2690 5063 2774 5117 via
2810 5074 2910 5123 est,
2949 5065 3002 5119 in
3030 5079 3134 5132 qua
3166 5079 3271 5119 non
3312 5074 3394 5119 est
3408 5063 3613 5132 justus,
3660 5067 3747 5135 qui

2169 5151 2333 5207 faciat
2367 5154 2588 5219 bonum,
2624 5162 2678 5208 et
2716 5170 2821 5208 non
2862 5165 3066 5224 peccet,
3106 5164 3161 5211 et
3205 5156 3293 5210 ubi
3346 5156 3491 5209 inter
3533 5165 3746 5210 sanctos

2164 5260 2323 5299 nemo
2367 5246 2761 5300 inunaculatus.
2812 5246 2885 5300 De
2924 5260 3028 5316 qua
3080 5248 3163 5301 via
3206 5255 3328 5301 orat
3366 5246 3631 5317 propheta
3673 5247 3744 5301 di-

2166 5350 2294 5390 cens
2320 5354 2331 5388 :
2370 5335 2520 5389 Viam
2543 5337 2836 5408 iniquitatis
2860 5352 3041 5390 amove
3066 5354 3095 5389 a
3127 5348 3225 5391 tne.
3256 5336 3323 5390 Et
3347 5338 3546 5390 iterum
3573 5353 3587 5388 :
3614 5348 3745 5401 gres-

2164 5443 2251 5479 sus
2297 5443 2435 5481 meos
2480 5428 2647 5497 dirige
2683 5428 2967 5481 secundum
3010 5426 3271 5491 eloquium
3313 5437 3492 5491 tuum,
3546 5437 3605 5479 ut
3648 5443 3742 5481 που

2163 5516 2456 5570 dominetur
2498 5517 2623 5570 milii
2666 5520 2836 5571 omnis
2880 5518 3157 5586 injustitia.
3219 5516 3419 5572 Deinde
3456 5517 3705 5587 sequitur

2163 5665 2287 5704 care
2315 5665 2444 5704 vero
2470 5651 2597 5703 Deo.
2652 5649 2787 5704 Sunt
2815 5651 3001 5711 etiam,
3039 5650 3129 5718 qui
3165 5650 3231 5704 ad
3270 5648 3615 5705 Salomonem
3656 5663 3719 5707 re

2167 5720 2360 5787 lerant,
2386 5720 2526 5790 quod
2555 5720 2808 5776 Claudius
2837 5721 2902 5777 de
2932 5719 3128 5776 Davidc
3152 5722 3243 5774 ait.
