3906 6380
195 455 303 513 817

835 440 1296 515 ΟυΑ-ΣΞΤΙΟΝΕΒ
1336 438 1484 495 XXX
1525 432 1751 494 SUPER
1790 430 1800 489 l

1908 428 2037 489 ROS
2074 431 2339 489 REGUM.
2380 462 2451 474 -—-
2488 430 2687 487 LIBER
2727 431 2816 489 IV.

3371 429 3474 486 818

194 574 291 629 sed
328 580 378 627 et
410 571 523 640 ipsa
550 571 603 622 in
632 568 764 621 vasis
796 567 921 619 meis
954 560 1369 629 sancti/imbitur
1412 557 1564 610 hodie
1595 569 1611 606 :
1634 571 1704 610 ac
1732 553 1778 609 si
1809 554 1859 613 A
1884 551 1978 607 sed
1991 564 2090 615 nec
2104 551 2249 620 ipsos
2272 563 2463 616 caecos,
2500 548 2583 603 vel
2597 548 2817 605 claudos
2836 548 2891 603 in
2910 543 3466 617 muropwitospote.

198 672 389 735 aperte
430 663 592 725 dicat,
628 661 719 730 qui
750 675 780 713 a
819 656 1130 711 mulieribus
1166 654 1299 708 casti
1337 651 1405 705 ab
1433 650 1571 713 heri,
1606 656 1660 702 et
1689 664 1783 702 nu-

201 754 327 809 dius
350 753 541 807 tertius
571 750 789 812 fuimus,
822 751 1258 814 accepto-sancto
1295 754 1433 810 pane
1472 738 1638 791 vitam
1682 752 1781 790 no-

204 853 376 899 stram
406 843 459 896 in
499 843 746 899 castitate
776 838 982 899 salum,
1019 833 1103 889 vel
1151 841 1229 886 tot
1274 830 1483 894 diebus,
1518 835 1575 882 et
1620 827 1784 883 multo

205 931 439 1003 amplius
472 929 855 986 custodiemus.

938 1014 1076 1071 XIV.

282 1111 741 1185 (xxm.)Sequitur
755 1110 820 1163 de
841 1107 987 1163 Ceila
1000 1107 1221 1162 civitate
1244 1104 1405 1158 nimis
1417 1101 1610 1158 stolida
1625 1100 1790 1154 inter-

208 1201 421 1271 rogatio
480 1209 603 1265 tua,
642 1215 706 1253 eo
736 1198 877 1267 quod
912 1213 1030 1251 eam
1087 1201 1452 1265 expugnasset
1508 1190 1698 1254 David,
1743 1190 1786 1243 si

208 1291 356 1346 aliud
395 1306 589 1346 nomen
612 1291 907 1351 habuisset,
933 1302 1135 1351 annon,
1176 1302 1298 1340 cum
1325 1300 1444 1338 eam
1484 1283 1653 1337 David
1684 1296 1788 1336 non

208 1381 556 1451 expugnavit,
616 1379 710 1434 sed
758 1378 1057 1440 obsessam,
1118 1384 1280 1444 atque
1321 1380 1683 1444 expugnatam
1724 1370 1792 1424 ab

208 1471 460 1525 hostibus
506 1470 777 1525 liberavit.
826 1467 892 1521 Et
950 1466 1087 1522 dicis
1162 1476 1214 1519 te
1268 1465 1489 1519 minime
1536 1462 1791 1518 recorda—

212 1563 282 1624 ri,
330 1562 472 1632 quod
533 1559 600 1613 de
644 1560 745 1613 hac
784 1558 1004 1612 civitate
1055 1556 1381 1611 mentionem
1438 1552 1601 1607 faciat
1642 1552 1793 1619 Scri-

207 1661 373 1722 ptura
412 1651 614 1717 divina,
661 1650 766 1705 nisi
806 1650 860 1703 in
906 1650 1172 1719 propheta
1214 1647 1375 1707 Isaia,
1416 1646 1507 1700 ubi
1548 1645 1786 1714 legitur:

219 1744 315 1799 Va!
367 1742 511 1798 Ceila
564 1743 767 1805 civitas,
827 1758 985 1811 quam
1032 1738 1340 1809 expugnavit
1394 1736 1596 1802 David;
1650 1736 1794 1805 quod

205 1843 435 1898 omnino
487 1841 834 1895 falsissimum
900 1846 1002 1902 est,
1060 1853 1183 1894 cum
1228 1837 1280 1889 in
1340 1834 1479 1889 Isaia
1527 1835 1791 1903 propheta

207 1934 478 2005 scriptum
522 1933 595 1986 sit
626 1930 798 2001 (xxix,
824 1930 875 1999 1)
927 1947 940 1983 :

203 2040 373 2097 quam
401 2024 711 2092 expugnavit
761 2021 965 2085 David;
1010 2027 1066 2073 et
1100 2018 1417 2088 intelligitur
1459 2016 1563 2070 hoc
1591 2014 1793 2070 dixisse

211 2114 285 2168 de
336 2122 551 2167 terrena
620 2110 976 2165 Hierusalem.
1032 2108 1177 2163 Ceila
1225 2107 1535 2177 supradicta
1599 2106 1792 2159 civitas

210 2201 317 2255 fuit
341 2202 395 2255 in
429 2202 570 2255 tribu
598 2198 753 2263 Juda,
785 2200 873 2252 ubi
900 2199 1170 2268 quondam
1202 2198 1341 2252 sedit
1363 2196 1549 2258 David,
1577 2195 1795 2265 quando

213 2290 458 2361 fugiebat
499 2289 625 2344 Saul
669 2308 680 2341 :
715 2299 769 2343 et
810 2305 951 2344 nunc
995 2297 1097 2353 est,
1137 2297 1195 2342 ut
1238 2289 1291 2341 in
1351 2287 1605 2340 Locorum
1659 2286 1795 2341 libro

212 2382 462 2453 legimus,
540 2382 673 2435 Villa
713 2381 857 2435 Ceila
903 2382 971 2434 ad
1032 2379 1336 2434 orientalem
1378 2379 1586 2448 plagam
1638 2378 1798 2431 Eleu-

209 2473 541 2542 theropoleos
581 2471 905 2541 pergentibus
934 2468 1163 2531 Ilebron,
1198 2470 1349 2538 quasi
1381 2469 1433 2520 in
1457 2476 1638 2521 octavo
1682 2467 1798 2519 mil-

214 2563 397 2627 liario,
442 2563 497 2615 in
540 2578 644 2633 qua
702 2559 996 2631 sepuicrum
1061 2567 1386 2612 monstratur
1428 2554 1637 2610 Abucuc
1675 2572 1800 2626 pro-

208 2652 388 2722 pheta:
430 2664 454 2691 ι
466 2689 480 2704 .

936 2742 1025 2798 XV

294 2834 449 2902 Quod
487 2849 615 2890 vero
637 2833 867 2903 inquiris
889 2831 955 2887 de
979 2830 1251 2887 montibus
1289 2829 1514 2894 Gelboe,
1570 2830 1659 2899 qui
1688 2844 1799 2883 ma-

212 2924 403 2977 ledicti
456 2932 580 2977 sunt
628 2939 657 2976 a
699 2922 866 2977 David
929 2922 983 2974 in
1014 2929 1187 2974 morte
1228 2920 1379 2983 Saul,
1430 2928 1610 2973 utrum
1643 2918 1800 2987 juxta

216 3014 459 3068 litteram
507 3022 649 3067 stare
684 3013 873 3081 possit,
919 3011 1133 3065 annon?
1182 3012 1573 3080 Exaggerantis
1614 3009 1797 3072 animi,

218 3115 279 3159 et
322 3106 475 3159 nimii
521 3105 720 3160 doloris
770 3106 933 3159 verba
983 3112 1126 3167 sunt,
1183 3104 1326 3173 quod
1364 3102 1519 3171 juxta
1567 3103 1802 3156 litteram

219 3205 374 3251 stare
417 3211 523 3249 non
572 3203 771 3263 potest,
818 3206 871 3247 ut
896 3195 967 3247 ibi
1013 3210 1118 3257 ros,
1164 3204 1256 3245 aut
1300 3192 1473 3261 pluvia
1497 3202 1673 3261 postea
1700 3207 1802 3244 non

221 3286 418 3355 fuerit;
465 3286 593 3354 quid
636 3294 811 3338 tamen
837 3286 935 3339 ista
970 3283 1295 3355 significent,
1340 3284 1392 3336 in
1432 3284 1613 3353 priore
1646 3288 1801 3350 parte

219 3377 407 3447 operis
429 3376 609 3447 hujus,
633 3373 741 3443 iam
764 3376 1069 3444 expositqu
1090 3383 1190 3429 est.

955 3486 1095 3541 XVI.

300 3598 385 3669 (II
434 3598 636 3669 Reg.5.
679 3598 757 3669 6.)
805 3599 957 3665 Quod
1006 3614 1134 3653 vero
1187 3600 1525 3654 dicitzdbiit
1580 3615 1690 3662 rex,
1755 3610 1801 3652 et

222 3705 403 3742 omnes
430 3690 544 3753 viri,
589 3692 844 3758 quierant
885 3706 1002 3743 cum
1041 3708 1100 3743 eo
1142 3690 1195 3742 in
1240 3688 1568 3743 Hierusalem
1595 3690 1664 3743 ad
1688 3689 1809 3742 Ilie-

221 3779 463 3832 busa'um
504 3780 848 3834 habitatorem
889 3790 1061 3833 terrm.
1102 3779 1303 3833 Nomen
1341 3780 1676 3834 Hierusalem
1714 3794 1808 3848 per

218 3871 670 3939 anticipationem
728 3872 829 3925 hoc
869 3871 987 3925 loco
1032 3872 1250 3935 dicitur,
1301 3871 1441 3925 sicut
1477 3879 1531 3925 et
1571 3871 1625 3924 in
1672 3871 1808 3924 libro

219 3962 476 4018 Iudicum
526 3964 784 4017 scribitur
832 3965 971 4032 (cap.
1024 3965 1072 4016 1.
1101 3964 1149 4015 7.
1181 3962 1261 4032 8.)
1305 3963 1683 4017 Adonibezech
1714 3979 1807 4018 rex

223 4050 589 4115 Hierusalem,
628 4052 654 4090 ι’
696 4067 814 4120 qua:
842 4069 982 4107 nunc
1008 4065 1029 4091 ο
1072 4052 1289 4117 Hiebus,
1318 4062 1373 4107 et
1397 4070 1564 4122 usque
1590 4056 1655 4107 ad
1680 4063 1812 4107 tem-

218 4157 364 4213 pora
404 4141 570 4195 David
610 4142 791 4196 taliter
838 4155 1145 4212 nuncupata
1193 4153 1295 4206 est,
1340 4145 1434 4199 sed
1472 4146 1704 4213 scriptor
1726 4145 1810 4199 hi-

222 4232 416 4286 statim
466 4246 563 4300 per
621 4232 1060 4300 anticipationem
1132 4234 1493 4298 Hierusalem,
1547 4244 1601 4291 et
1651 4236 1807 4299 Sion,

217 4323 506 4378 civitatem
552 4324 720 4377 David
770 4324 939 4379 voluit
984 4342 1314 4396 nuncupare,
1368 4344 1473 4382 non
1502 4330 1645 4396 quod
1685 4337 1811 4383 tunc

224 4415 338 4468 hoc
358 4422 521 4476 esset,
582 4414 676 4467 sed
728 4414 869 4481 quod
912 4414 1111 4468 factum
1143 4424 1246 4479 est,
1290 4425 1413 4483 post
1461 4433 1627 4485 quam
1690 4434 1808 4470 eam

220 4503 379 4572 cepit
428 4504 611 4557 David.
668 4504 982 4558 Iliebusarus
1011 4514 1191 4560 autem
1242 4507 1417 4561 dictus
1462 4518 1543 4562 est
1586 4510 1812 4578 populus

998 1927 1090 1981 Va:
1125 1925 1303 1981 Arihel
1349 1924 1547 1988 Arihel,
1589 1924 1789 1987 civitas,
1821 1922 1867 1980 Β

1886 648 1962 703 ris
1998 661 2323 718 expugnare.

1960 830 2043 902 (II
2097 831 2223 901 Reg.
2272 830 2431 902 5.7.)
2477 829 2552 884 De
2608 740 2870 898 exonduod
2929 827 3361 896 scriptum’estt
3390 844 3475 883 cc-

1886 922 1960 992 pit
2003 930 2175 974 autem
2213 920 2383 975 David
2424 938 2598 975 arcem
2646 919 2793 983 Sion,
2853 921 2948 974 sed
3002 929 3323 989 postquam"
3349 936 3471 976 eam

1891 1013 2057 1066 David
2104 1011 2269 1081 cepit,
2313 1010 2591 1067 aedificavit
2645 1026 2827 1066 arcem
2874 1010 3012 1080 ejus,
3067 1012 3223 1080 quasi
3277 1027 3467 1083 carpo.

1892 1108 1967 1161 ris
2034 1115 2213 1175 caput,
2255 1113 2311 1159 et
2358 1106 2567 1159 vocavit
2611 1120 2730 1160 eam
2786 1103 2936 1158 Sion.
2971 1102 2997 1141 ά
3052 1102 3162 1156 Arx
3235 1114 3338 1159 est‘
3375 1120 3467 1159 ca-

1891 1208 2007 1268 put,
2045 1206 2101 1249 et
2159 1197 2440 1251 summitas
2478 1198 2750 1261 civitatis,
2804 1198 2930 1265 quia
2992 1204 3235 1249 castrum
3280 1199 3339 1251 iu
3382 1213 3473 1252 σιμ

1891 1289 2000 1359 pitc
2028 1286 2264 1342 civitatis
2302 1294 2520 1357 prOpter
2542 1286 2917 1341 fortitudinem
2946 1283 3146 1340 factum
3171 1294 3274 1341 est.

2632 1395 2815 1451 XVIII.

1966 1511 2101 1581 (\‘Itl.
2155 1508 2261 1577 IF.)
2300 1509 2374 1564 De
2401 1525 2465 1565 eo
2494 1510 2636 1579 quod
2664 1509 2926 1580 scriptum
2958 1518 3041 1565 est
3073 1527 3083 1565 :
3127 1507 3265 1564 Joab
3297 1518 3474 1565 autem

1892 1601 2033 1670 filius
2077 1600 2277 1656 Sarvia:
2316 1612 2427 1656 erat
2471 1619 2626 1673 super
2661 1604 2944 1657 exercitum
2971 1616 3165 1673 :porro
3207 1601 3471 1673 Iosophat

1892 1690 2034 1759 ﬁlius
2079 1704 2101 1730 ο
2148 1691 2303 1745 Ailad
2342 1702 2509 1746 erata
2555 1694 3049 1747 commentariis:et
3085 1693 3293 1749 Sadoch
3327 1694 3473 1763 filius

1895 1783 2135 1848 Achitob,
2178 1793 2226 1836 et
2272 1781 2595 1837 Achimelech
2652 1783 2796 1851 ﬁlius
2838 1783 3116 1849 Abiuthar,
3168 1782 3474 1838 Sacerdotes

1895 1883 2042 1926 erant
2066 1889 2083 1926 :
2110 1882 2155 1925 et
2203 1872 2422 1942 Sarajas
2463 1874 2633 1927 scriba
2661 1890 2678 1927 :
2707 1873 2941 1942 Banajas
2965 1883 3139 1927 autem
3161 1873 3476 1943 ﬁliusJoia-

1896 1964 1979 2017 dte
2014 1979 2170 2032 super
2208 1961 2432 2027 Cerethi,
2458 1972 2506 2016 et
2548 1960 2751 2016 Pheleti
2780 1962 2920 2031 :ﬁlii
2958 1972 3130 2017 autem
3172 1963 3343 2017 David
3369 1962 3474 2018 Sa-

1896 2053 2128 2129 cerdotes
2178 2062 2346 2106 erant.
2394 2052 2561 2107 Adtlis
2607 2064 2729 2123 post
2761 2054 2894 2119 hcce,
2933 2063 2987 2109 et
3012 2056 3315 2125 interrogas
3344 2074 3355 2105 :
3384 2057 3474 2124 qui

1895 2151 2051 2199 erant
2075 2144 2292 2199 Cerethi
2325 2152 2380 2199 et
2426 2145 2694 2209 Plielethi,
2728 2146 2808 2199 vcl
2846 2146 2939 2199 lilii
2989 2147 3155 2201 David
3206 2147 3478 2216 quomodo

1895 2242 2079 2288 essent
2126 2233 2458 2299 Sacerdotes,
2519 2252 2638 2288 cum
2679 2252 2783 2288 non
2829 2246 2997 2289 essent
3045 2236 3109 2289 de
3150 2236 3288 2289 tribu
3314 2234 3483 2289 Levi?

1898 2322 2138 2377 Tradunt
2190 2324 2424 2389 Hebraei,
2455 2326 2595 2393 quod
2650 2324 2866 2379 Cercthi
2918 2332 2973 2379 et
3010 2324 3220 2380 I’helcti
3277 2325 3479 2380 fuerint

1898 2426 1965 2465 ex
2027 2412 2259 2480 posteris
2322 2427 2535 2477 eorum,
2581 2412 2648 2467 de
2696 2414 2889 2481 quibus
2919 2414 3055 2468 dixit
3108 2415 3364 2468 Dominus
3413 2416 3480 2469 ad

1898 2506 2116 2575 Moysen
2156 2505 2345 2576 (Nunt.
2388 2521 2463 2559 XI.
2502 2506 2586 2577 16)
2620 2522 2632 2559 :
2667 2504 2936 2575 Congrega
2981 2507 3107 2558 mihi
3154 2516 3483 2575 septuaginta

1899 2598 2034 2650 viros
2077 2596 2140 2649 de
2190 2596 2400 2649 senibus
2456 2595 2649 2662 Israel,
2692 2613 2821 2666 quos
2861 2608 2918 2649 tu
2965 2598 3098 2650 nosti
3137 2596 3275 2666 quod
3338 2613 3484 2649 senes

1897 2685 2073 2756 populi
2114 2687 2246 2750 sint,
2297 2703 2358 2738 ac
2422 2686 2681 2755 magistri,
2727 2697 2774 2739 et
2816 2686 2975 2739 duces
3037 2702 3125 2739 eos
3168 2686 3238 2738 ad
3290 2686 3483 2738 ostium

1890 2776 2221 2830 tabernaculi
2266 2776 2495 2845 (cedetis,
2543 2777 2806 2846 faciesque
2858 2777 2928 2830 ibi
2991 2788 3131 2831 stare
3180 2788 3383 2841 tecum,
3427 2787 3480 2829 ut

1900 2866 2235 2937 descendam,
2282 2876 2329 2921 et
2368 2865 2555 2936 loquar
2583 2866 2693 2929 tibi,
2721 2876 2770 2920 et
2798 2866 3037 2935 auferant
3059 2866 3123 2919 de
3150 2866 3340 2935 spiritu
3364 2876 3476 2929 tuo,

1899 2959 2206 3031 traduntque
2245 2961 2340 3026 eis,
2372 2969 2429 3013 ut
2477 2968 2760 3013 sustentem
2811 2968 2977 3013 terunt
3006 2976 3137 3013 onus
3175 2957 3377 3029 populi,
3432 2969 3479 3012 et

1904 3068 2005 3105 non
2029 3061 2084 3104 tu
2126 3052 2270 3105 solus
2311 3052 2559 3122 graveris.
2610 3051 2687 3103 Ex
2726 3052 2917 3104 horum
2948 3050 3140 3119 stirpe,
3189 3051 3328 3104 sicut
3366 3049 3481 3119 jam

1903 3144 2037 3210 dixi,
2107 3144 2257 3200 fuere
2299 3154 2633 3199 conservata:
2694 3145 3063 3214 posteritates,
3111 3144 3195 3199 vel
3248 3143 3483 3207 familiae,

1830 3256 1872 3317 ρ
1904 3250 2024 3303 quae
2080 3235 2390 3290 dicerentur
2444 3234 2699 3289 Phercthi
2749 3245 2803 3288 ct
2856 3235 3074 3287 Cerethi
3108 3251 3120 3286 :
3156 3243 3215 3287 ut
3262 3234 3485 3288 Cerethi

1904 3326 2333 3394 interpretentur
2376 3324 2515 3377 dans
2548 3323 2833 3392 judicium,
2864 3332 2915 3378 et
2946 3322 3186 3378 Pheletbi
3224 3326 3485 3393 puniens:

1906 3425 1966 3471 ut
2013 3431 2149 3486 quos
2184 3416 2257 3495 illi
2282 3416 2550 3483 jubebant
2574 3416 3046 3485 dandojudicium,
3081 3416 3339 3481 interimi,
3401 3416 3489 3470 isti

1907 3508 2185 3578 punirent.
2227 3507 2334 3561 Sed
2374 3507 2463 3561 illa
2494 3509 2733 3563 occurrit
2780 3507 3036 3577 perplexa
3079 3507 3235 3562 valde
3272 3516 3491 3562 senten-

1910 3602 2005 3664 tia,
2048 3601 2317 3669 quomodo
2377 3600 2468 3653 [iiii
2522 3601 2686 3654 David
2726 3600 3036 3654 sacerdotes
3088 3608 3291 3663 essent,
3345 3601 3489 3668 quod

1908 3700 2065 3746 erant
2125 3692 2219 3744 ﬁlii
2258 3692 2466 3755 Aaron;
2523 3693 2616 3746 sed
2660 3706 2835 3759 neque
2874 3692 3109 3759 aliquam
3157 3692 3484 3759 mnsangui-

1909 3783 2132 3835 nitatem
2177 3782 2429 3835 dicuntur
2458 3781 2656 3835 habere
2715 3797 2779 3835 ex
2831 3782 2968 3834 tribu
2994 3782 3153 3845 Levi;
3198 3781 3339 3850 quod
3369 3782 3487 3849 qui-

1909 3870 2029 3923 dem
2079 3885 2185 3923 non
2229 3869 2527 3939 Scriptume
2578 3870 2773 3924 divinas
2820 3870 3134 3932 auctoritas,
3185 3870 3279 3924 sed
3321 3870 3488 3922 inter-

1910 3960 2081 4029 pretis
2136 3960 2417 4015 temeritas
2468 3960 2616 4014 fecit.
2663 3961 2729 4013 Et
2798 3960 2925 4015 dum
2975 3960 3041 4013 de
3096 3959 3198 4014 hac
3229 3974 3331 4030 ego
3378 3960 3492 4029 ipse

1912 4051 2256 4104 vehementer
2302 4052 2354 4104 in
2395 4066 2514 4104 meo
2537 4051 2843 4105 dubitarem
2885 4052 3069 4115 corde,
3118 4052 3256 4106 verti
3305 4068 3388 4105 mc
3426 4052 3492 4105 ad

1913 4139 2162 4207 antiquos
2194 4139 2535 4206 interpretes,
2575 4147 2630 4191 et
2678 4138 2860 4192 taliter
2904 4139 3129 4192 diversis
3180 4139 3487 4194 translatio-

1913 4228 2072 4281 nibus
2116 4228 2373 4294 scriptum
2404 4226 2616 4295 reperi:
2648 4226 2716 4280 Et
2760 4236 2872 4281 erat
2918 4227 3085 4280 David
3124 4228 3489 4298 faciensjudi-

1913 4318 2073 4379 cium,
2116 4326 2162 4369 et
2178 4316 2445 4384 justitiam
2484 4318 2536 4368 in
2575 4318 2716 4370 omni
2750 4317 2940 4387 populo
2979 4334 3093 4377 suo,
3125 4327 3171 4370 et
3193 4318 3327 4370 Joab
3350 4318 3493 4386 ﬁlius

1915 4404 2114 4459 Sarvite
2152 4415 2263 4458 erat
2315 4422 2473 4475 super
2501 4406 2765 4469 militiam,
2795 4414 2842 4459 et
2872 4406 3126 4474 Josaphat
3171 4406 3316 4474 ﬁlius
3355 4408 3494 4461 alius

1914 4506 2025 4549 erat
2074 4513 2106 4549 a
2147 4497 2552 4559 commentariis,
2600 4505 2648 4548 et
2694 4496 2905 4549 Sudoch
2950 4494 3093 4563 ﬁlius
3138 4495 3380 4560 Achitob,
3443 4508 3492 4551 et

222 4598 389 4647 ortus
432 4607 461 4644 a
492 4591 600 4643 [ilio
626 4590 882 4646 Chanaan
920 4590 1075 4661 (Gen.
1120 4593 1207 4646 10,
1242 4594 1327 4648 15,
1359 4604 1405 4649 ει
1436 4595 1572 4664 16,),
1614 4596 1706 4665 qui
1730 4590 1891 4650 di--D
1918 4586 2240 4639 Achimelech
2300 4585 2442 4653 ﬁlius
2485 4586 2742 4638 Abiathar
2781 4594 2929 4639 erant
2958 4586 3285 4651 sacerdotes;
3309 4598 3355 4641 et
3387 4590 3492 4643 Asa

220 4692 354 4738 ctus
404 4690 485 4737 est
531 4681 865 4747 Hiebusa'us,
924 4681 1076 4751 cuius
1137 4685 1410 4752 possessio
1459 4686 1561 4740 fuit
1622 4687 1813 4741 Hieru-

224 4773 427 4835 salem,
473 4789 593 4842 quin
622 4782 817 4842 postea,
850 4774 1047 4827 cecidit
1099 4775 1152 4829 in
1192 4784 1338 4828 sorte
1403 4776 1575 4829 tribus
1619 4774 1813 4843 Benja-

227 4863 371 4919 min.
416 4863 619 4917 Deinde
664 4863 906 4932 sequitur
952 4862 1265 4933 Scriptura;
1317 4865 1460 4932 quod
1512 4864 1712 4918 dictum
1743 4865 1814 4918 sit

225 4953 402 5007 David
432 4954 499 5007 ab
513 4953 593 5007 eis
620 4954 696 5023 (id
717 4964 801 5008 est
816 4954 883 5007 ab
903 4954 1221 5025 Hiebusaeis)
1238 4954 1289 5026 (Ι
1300 4954 1325 5009 1
1344 4955 1474 5025 Reg.
1493 4970 1545 5018 v,
1563 4955 1616 5026 6)
1643 4976 1654 5009 :
1690 4956 1809 5010 Non

226 5043 559 5113 ingredietur
612 5042 782 5097 David
823 5045 924 5098 huc
960 5058 980 5095 :
1015 5060 1138 5099 cum
1172 5046 1315 5101 enim
1355 5044 1479 5099 forti
1532 5062 1811 5099 murorum

225 5130 442 5185 ambitu
481 5139 631 5201 septa
674 5133 868 5187 civitas
918 5141 1081 5197 esset,
1124 5141 1180 5188 et
1232 5132 1556 5189 bellatorum
1606 5133 1811 5188 auxilio

226 5219 515 5282 roborata,
561 5235 658 5288 per
700 5222 1007 5289 superbiam
1054 5222 1321 5278 Iliebuscei
1370 5223 1657 5277 dixerunt:
1688 5222 1812 5276 Nisi

224 5308 515 5362 abstuleris
556 5326 741 5374 cacas,
782 5321 831 5366 et
884 5311 1119 5376 claudos,
1166 5330 1270 5367 non
1308 5313 1617 5381 ingredieris
1668 5313 1812 5377 huc;

224 5407 285 5453 et
339 5414 554 5466 sensus,
591 5400 677 5455 vel
718 5403 853 5457 ordo
892 5404 1183 5457 verborum
1211 5411 1315 5469 est,
1343 5402 1467 5472 quia
1497 5418 1604 5456 non
1639 5402 1812 5457 solum

226 5495 451 5557 urbem.
480 5502 572 5546 aut
592 5494 741 5549 viros
756 5494 1046 5551 bellatores
1066 5495 1187 5565 jure
1211 5496 1334 5551 belli
1361 5496 1564 5566 poteris
1589 5511 1808 5566 capere,

300 5643 328 5701 ᾳ
370 5630 451 5701 An
482 5632 576 5685 tibi
608 5632 722 5685 hrec
775 5631 1131 5693 satisfaciunt,
1165 5635 1367 5701 optime
1390 5633 1630 5695 Lector?

303 5699 333 5740 ι)
377 5699 795 5770 Expressissitne
827 5701 876 5754 id
906 5704 1135 5757 traditur
1178 5699 1289 5759 Jos.
1320 5705 1400 5759 18.
1434 5705 1523 5761 29.

303 5780 327 5841 ς
371 5766 557 5841 Elius,
586 5788 703 5841 qua)
740 5780 821 5825 est
850 5770 1164 5829 Jerusalem.

300 5836 331 5882 ἀ
369 5836 641 5901 Scriptum
690 5842 868 5896 iuveni
914 5843 1139 5907 Archia;
1192 5859 1320 5898 num
1375 5859 1471 5913 per
1526 5844 1799 5899 inscitiam

1918 4675 2109 4740 scriba,
2131 4684 2177 4728 et
2203 4674 2436 4727 Banaias
2466 4674 2609 4742 ﬁlius
2636 4673 2826 4727 Joada:
2862 4675 3221 4740 consiliarius,
3261 4687 3308 4730 et
3333 4676 3495 4732 Ochi-

1918 4769 1988 4831 bi,
2021 4778 2068 4821 et
2109 4766 2331 4837 Ophilit,
2387 4774 2434 4820 et
2483 4766 2582 4834 ﬁlii
2628 4766 2798 4822 David
2850 4768 3110 4838 principes
3159 4778 3309 4823 erant
3354 4770 3493 4825 aula:

1919 4858 2092 4927 regite.

2633 4947 2771 5000 XIX.

1989 5037 2073 5105 (II
2118 5036 2247 5108 Reg.
2284 5039 2367 5093 18.
2407 5037 2512 5108 18.)
2544 5037 2754 5105 Ωυςιξτὶε
2789 5054 2956 5108 quare
2984 5042 3050 5097 dc
3079 5042 3313 5101 Absalou
3339 5045 3490 5103 Scri~

1915 5135 2073 5196 ptura
2117 5128 2257 5181 dicat
2282 5135 2405 5197 post
2451 5137 2679 5181 mortem
2714 5129 2854 5198 ejus,
2898 5132 3038 5201 quod
3076 5136 3243 5188 erexit
3295 5136 3396 5190 sibi
3420 5140 3492 5191 ti—

1914 5217 2273 5272 tuluntdicens
2314 5233 2331 5269 :
2364 5235 2466 5271 non
2504 5219 2668 5272 habeo
2708 5220 2878 5288 ﬁlium
2903 5234 2920 5272 .‘
2947 5238 3070 5277 cum
3096 5225 3150 5277 in
3200 5226 3303 5281 hoc
3356 5227 3493 5284 libro

1914 5325 2076 5379 super
2102 5311 2360 5378 scriptum
2390 5309 2672 5377 habeatur,
2727 5312 2837 5383 (M.
2873 5313 2987 5383 27.)
3034 5317 3179 5383 quod
3233 5326 3345 5374 tres
3392 5323 3491 5377 ha—

1915 5400 2091 5455 buerit
2140 5400 2299 5464 ﬁlios,
2322 5409 2377 5454 et
2407 5399 2643 5471 (ibidem,
2679 5412 2726 5456 et
2778 5405 2860 5457 15.
2896 5404 2967 5476 1.)
2998 5422 3158 5464 unam
3201 5410 3364 5466 tiliam
3397 5429 3493 5469 no-

1914 5493 2060 5549 mine
2105 5492 2341 5546 Thamar
2376 5492 2606 5567 eleganti
2651 5493 2841 5548 l'orma.
2876 5496 3298 5569 Recapitulatith
3346 5507 3493 5562 enim

1915 5629 2323 5710 hman_ttcpsis_,_
2374 5647 2444 5710 an
2493 5634 2698 5710 potius,
2759 5635 2887 5710 quia
2942 5652 3041 5710 vox
3094 5654 3156 5693 ea
3218 5642 3493 5710 displicuit

1914 5701 2179 5825 (ἓδῖᾠοῖ
2230 5700 2435 5757 Viderit
2494 5700 2722 5761 Lector.
2776 5700 2842 5760 Si
2908 5708 3018 5775 vis,
3078 5711 3251 5766 retine
3304 5700 3491 5772 vocem

1966 5788 2119 5824 rcus.

1966 5789 2119 5824 rcms.

1986 5853 2007 5881 θ
2046 5840 2262 5894 Altilntl.
