3906 6332
145 374 247 429 821

144 493 296 547 muni
345 490 455 544 lilio
499 505 596 544 suo
627 489 744 544 neri
781 487 958 549 iussit,
1002 492 1062 540 ut
1106 483 1192 538 hic
1217 496 1317 551 per
1345 479 1479 548 legis
1509 483 1726 533 senten-a
1754 470 1804 528 Α

145 584 280 637 tiam
301 583 575 653 puniatur.
607 596 674 634 ne
717 579 770 633 in
821 585 1138 648 perpetuum
1188 573 1474 643 puniretur
1527 585 1559 624 ι
1594 569 1723 624 Deo.

147 672 261 729 Sed
315 674 442 744 quia
499 672 564 727 de
630 669 766 725 Joab
815 668 1144 724 mentionem
1189 664 1418 719 fecimus
1469 661 1728 716 debemus

147 775 393 836 repetere
423 763 565 836 quod
616 770 775 817 antea
807 761 860 813 in
892 757 1264 828 superioribus
1300 753 1728 825 prretermissum

145 866 250 921 est,
299 871 420 911 cum
464 852 746 909 maledixit
790 851 839 906 ei
881 849 1048 903 David
1099 854 1322 916 propter
1345 842 1529 900 Abn‘er
1557 842 1728 897 filium

144 943 281 1010 Ner,
329 946 472 1008 inter
514 953 707 1000 caetera
742 943 814 996 ita
858 940 1036 994 dixit:
1083 936 1168 1009 (II
1211 936 1336 1006 Reg.
1371 936 1422 990 3.
1470 933 1583 1002 29.)
1619 929 1728 984 Nec

145 1038 358 1106 deﬁciat
407 1037 470 1090 de
492 1037 644 1090 domo
692 1033 830 1088 Ιοαὸ
879 1033 1083 1100 ﬂuxum
1110 1029 1320 1083 seminis
1358 1027 1642 1086 sustinens,
1681 1033 1730 1076 et

146 1132 404 1200 leprosus,
429 1137 475 1181 et
499 1136 675 1180 tenens
705 1124 903 1194 fusum,
927 1131 973 1175 et
1001 1121 1192 1174 cadens
1217 1118 1418 1188 gladio,
1443 1126 1549 1170 etc.
1578 1114 1731 1181 Quod

145 1222 320 1277 multo
357 1221 512 1274 aliter
554 1215 695 1287 apud
736 1212 1086 1283 Septuaginta
1125 1210 1386 1279 scriptum
1419 1205 1685 1275 reperitur
1717 1220 1727 1254 :

148 1313 219 1367 Et
271 1310 469 1365 audivit
499 1307 665 1361 David
700 1313 879 1376 postea
940 1317 1099 1370 quam
1140 1309 1379 1353 mortuus
1413 1305 1489 1350 est
1535 1294 1728 1354 Abner,

144 1415 196 1456 et
231 1402 362 1455 dixit
409 1401 656 1453 inuocem
686 1412 778 1467 ego
829 1409 967 1456 sum,
998 1401 1045 1446 et
1111 1405 1325 1461 regnum
1371 1404 1542 1442 meum
1590 1385 1731 1456 apud

145 1491 439 1546 Dominum
477 1504 543 1544 ea:
585 1488 705 1552 hoc,
731 1495 778 1539 et
799 1500 958 1555 usque
981 1484 1036 1537 in
1066 1491 1342 1542 internum,
1384 1478 1448 1531 de
1477 1476 1733 1545 sanguine

146 1583 324 1634 Abner
351 1577 449 1647 ﬁlii
499 1575 629 1630 Ner.
681 1572 860 1628 Veniet
904 1587 1060 1643 super
1109 1578 1263 1642 caput
1297 1567 1456 1633 Joab,
1498 1574 1545 1619 et
1580 1580 1735 1628 super

145 1687 354 1725 onmem
397 1669 610 1723 domum
650 1666 816 1737 patris
861 1665 996 1736 ejus,
1050 1671 1098 1716 et
1133 1678 1238 1716 non
1285 1660 1447 1713 deerit
1493 1656 1557 1710 de
1579 1655 1733 1708 domo

143 1758 286 1814 Ιοαὸ
310 1774 560 1830 gonorus,
592 1767 638 1811 et
665 1755 919 1825 lcprosus,
947 1763 995 1808 et
1017 1763 1194 1807 tenens
1218 1747 1447 1811 sitalem,
1472 1756 1518 1800 et
1542 1744 1734 1799 cadens

792 364 1251 437 QUzESTlO'NES
1293 359 1438 417 XXX
1479 355 1705 416 SUPER
1742 350 1988 408 LIBROS
2029 350 2290 409 REGUH.
2329 381 2401 392 —
2436 348 2633 406 LIBER
2675 347 2757 406 IV.

3299 335 3408 397 823

2537 461 2722 519 XXIV.

1902 558 2020 628 (ll!
2053 559 2182 630 Reg.
2215 558 2267 612 5.
2291 557 2372 628 9.)
2434 556 2509 612 De
2553 570 2620 610 eo
2655 551 2797 623 quod
2844 549 3106 618 scriptum
3157 554 3238 600 est
3270 561 3282 595 :
3310 542 3406 594 Di.-

1829 654 1954 710 lextt
1980 662 2154 706 autem
2181 649 2436 706 Salomon
2457 648 2736 702 Dominum
2757 643 3033 699 ambulans
3057 640 3113 693 in
3135 636 3404 708 pnrceptis

1828 745 1991 815 patris
2017 745 2121 808 sui,
2146 751 2356 812 excepto
2385 738 2524 811 quod
2553 740 2606 792 in
2632 736 2849 792 excelsis
2873 731 3195 795 ambulabat,
3247 738 3294 783 et
3317 745 3406 782 ar-

1830 836 2076 890 cendebat
2115 832 2402 903 thymiama
2428 848 2446 884 :
2471 837 2524 885 et
2552 837 2673 899 post
2703 829 2815 882 hinc
2835 824 3088 895 inquiris,
3136 819 3265 890 quid
3286 826 3405 872 et'at

1830 925 2108 988 excelsum,
2142 923 2285 992 quod
2336 919 2644 989 frequenter
2675 918 2726 971 in
2758 917 2860 970 hoc
2904 915 3040 969 libro
3096 911 3312 981 legitur,
3349 916 3404 962 et

1831 1018 1965 1071 dicis
1994 1031 2007 1067 :
2034 1015 2142 1071 Cur
2185 1010 2400 1068 Samuel
2425 1028 2528 1064 non
2558 1007 2822 1079 culpatur,
2867 1006 2955 1074 qui
3004 1006 3057 1057 in
3108 1000 3312 1057 excelso
3330 999 3404 1051 le-

1830 1109 1970 1178 gitur
1992 1103 2290 1158 immolasse
2328 1115 2345 1154 :
2376 1115 2627 1172 egressus
2660 1098 2805 1153 cnim
2850 1110 2917 1149 ex
2963 1093 3198 1164 Egypto
3235 1104 3407 1160 popu—

1831 1201 1913 1254 lus
1939 1199 2056 1262 Dei,
2078 1205 2364 1267 postquam
2395 1199 2615 1248 venerat
2643 1189 2708 1244 ad
2744 1196 2981 1244 montem
3028 1185 3174 1239 Sinai
3202 1181 3403 1253 (Exod.

1835 1291 1918 1346 l9.
1949 1289 2038 1353 20,
2086 1299 2132 1343 et
2155 1286 2308 1358 seq.),
2347 1296 2401 1341 et
2432 1285 2716 1339 audierunt
2743 1284 2807 1337 de
2836 1281 3014 1342 medio
3051 1278 3189 1348 ignis
3229 1273 3407 1328 Domi-

1832 1399 1960 1438 num
1985 1383 2286 1452 loquentem
2316 1381 2384 1433 ad
2411 1393 2470 1432 se
2505 1392 2519 1430 :
2552 1385 2606 1432 et
2641 1377 2712 1430 ibi
2739 1371 3138 1444 quodammodo
3173 1369 3412 1422 inierunt

1832 1483 2052 1546 pactum
2087 1488 2211 1528 cum
2240 1472 2370 1534 Deo,
2399 1478 2452 1524 et
2483 1468 2886 1538 spoponderunt
2922 1479 2980 1518 se
3019 1461 3259 1516 facturos
3295 1472 3411 1512 om-

1834 1567 1942 1630 nia,
1993 1579 2112 1636 quae
2145 1563 2397 1632 jussisset
2447 1559 2724 1621 Dominus,
2787 1562 2947 1623 atque
2981 1554 3284 1607 sicutunus
3329 1551 3412 1600 est

1835 1658 1998 1720 Deus,
2051 1663 2107 1710 et
2146 1669 2284 1708 unus
2323 1658 2440 1705 erat
2473 1647 2702 1717 populus
2737 1644 2830 1699 Dei
2871 1643 3104 1715 (Denter.
3152 1639 3238 1692 12.
3264 1636 3316 1690 5.
3353 1637 3407 1689 8.

1841 1750 1924 1804 12.
1957 1750 2042 1804 13.
2073 1747 2157 1801 14.
2187 1746 2276 1800 ﬁll.
2307 1745 2397 1798 26.
2422 1742 2561 1812 $7.),
2582 1743 2653 1794 ita
2683 1739 2940 1808 jussisset
2977 1736 3030 1788 in
3067 1727 3414 1786 tabernaculo

145 1851 202 1904 in
248 1817 448 1920 gladio,
503 1857 550 1902 et
587 1847 824 1917 indigens
862 1817 1014 1914 pane.
1066 1840 1332 1897 Gonorics
1387 1838 1503 1893 hzee
1553 1835 1733 1906 passio
1766 1817 1807 1874 Β
1838 1856 2000 1896 unum
2039 1840 2239 1894 habere
2282 1835 2451 1890 altare
2502 1833 2618 1898 Dei,
2668 1833 2721 1886 in
2746 1845 2852 1900 quo
2876 1825 3180 1886 sacriﬁciis,
3215 1829 3271 1874 et
3305 1820 3418 1873 lau-

145 1951 230 1998 est
276 1942 469 1996 vesicae
518 1955 641 1993 cum
697 1935 1037 2005 veretri,qui
1079 1933 1300 1988 seminis
1327 1930 1481 1998 lapsu
1509 1933 1737 1981 vexatus

143 2032 480 2088 creberrime
527 2030 642 2085 sine
671 2028 778 2084 ulla
805 2027 1070 2098 tentigine
1119 2024 1294 2077 virum
1323 2027 1617 2076 attestante
1643 2016 1735 2072 de-

145 2125 506 2180 bilitationem
561 2138 683 2177 cum
751 2119 957 2192 pallore
1024 2116 1316 2186 corporis,
1369 2121 1426 2167 et
1497 2108 1737 2165 acinacie

145 2214 354 2282 patitur
392 2231 404 2266 :
441 2212 582 2266 hanc
632 2211 940 2279 passionem
989 2206 1179 2262 Graece
1220 2202 1492 2258 Gonorian
1515 2206 1732 2254 vocant.

148 2303 251 2359 Est
300 2312 478 2358 autem
519 2303 836 2364 suavissima,
870 2308 923 2354 et
969 2298 1143 2367 turpis
1172 2295 1345 2358 valde,
1388 2301 1446 2346 ut
1494 2290 1737 2345 nesciant

149 2394 428 2462 quomodo
478 2391 733 2462 genitalia
762 2404 946 2446 semen
986 2388 1298 2449 dimittant;
1341 2381 1739 2451 compatiuntur

146 2486 298 2540 enim
333 2484 622 2540 seminales
673 2491 905 2545 meatus,
943 2488 1002 2534 ut
1047 2492 1156 2532 non
1207 2473 1416 2545 possint
1462 2471 1739 2526 continere

147 2576 513 2630 substantiam
564 2573 787 2629 seminis
833 2587 945 2642 pra:
982 2566 1392 2629 debilitatione,
1441 2571 1497 2618 et
1544 2561 1738 2616 diffun-

146 2662 288 2718 dunt
328 2665 536 2718 urinam
569 2673 802 2725 tenuem,
855 2658 1229 2722 rubicundam,
1274 2664 1330 2710 et
1390 2653 1736 2716 acerrimam,

147 2765 208 2810 et
257 2771 320 2810 ex
381 2755 607 2809 humore
668 2752 839 2808 multo
889 2750 1177 2821 frequenti,
1229 2756 1472 2818 tempore
1528 2746 1738 2800 incerto

148 2854 348 2914 sponte
397 2841 700 2912 projicitur.
763 2840 827 2896 lli
879 2849 1061 2894 autem
1094 2838 1248 2900 tales,
1299 2836 1346 2891 si
1400 2833 1738 2905 diligentiam

151 2952 265 2991 non
293 2934 528 2989 habeant
559 2934 611 2986 in
649 2933 788 2986 hanc
813 2930 1139 3000 passionem,
1171 2927 1418 2996 sequitur
1438 2941 1534 2980 eos
1564 2937 1734 2987 mors,

148 3031 387 3095 pereunt
434 3023 577 3079 enim
626 3020 885 3090 aliquanti
933 3016 1147 3074 silentio
1187 3023 1424 3079 utentes,
1464 3012 1740 3082 negligen-

151 3119 256 3181 tia,
307 3126 491 3171 etnon
520 3114 840 3168 adhibentes
887 3125 1066 3172 curas.
1107 3104 1712 3175 deﬁciuntinpassione.

155 3207 360 3262 Teneris
386 3205 642 3268 scitalem,
661 3204 920 3257 nescimus
963 3199 1091 3270 quid
1120 3199 1210 3261 sit,
1238 3196 1362 3266 quia
1378 3208 1597 3265 germen
1616 3199 1699 3245 est
1725 3207 1738 3254 ;

153 3299 259 3354 nisi
301 3297 444 3367 quod
472 3304 656 3350 nostra
695 3294 978 3347 translatio
1021 3291 1156 3344 dicit
1205 3297 1382 3342 tenens
1437 3283 1744 3355 fusum,de—

153 3390 283 3445 inde
332 3387 533 3443 cadens
582 3385 780 3456 gladio,
829 3393 890 3438 ut
919 3384 991 3438 sit
1017 3396 1235 3444 sensus,
1268 3379 1392 3447 quia
1423 3378 1488 3440 is,
1527 3375 1620 3445 qui
1649 3389 1741 3428 no—

151 3478 406 3535 biliorem
434 3493 511 3542 se,
554 3476 755 3531 occidit
811 3476 864 3530 in
911 3473 1050 3535 dolo,
1097 3483 1203 3526 eta
1246 3469 1386 3524 virili
1432 3468 1626 3522 robore
1654 3464 1746 3519 de-

153 3569 406 3624 bilitatus
437 3569 491 3622 in
533 3567 814 3622 mollitiem
845 3564 1088 3619 mulieris
1120 3562 1406 3624 resolutus,
1458 3567 1619 3628 atque
1667 3556 1744 3612 el-

155 3661 455 3718 feminatus
510 3676 694 3715 coram
757 3658 992 3712 inimicis
1042 3657 1155 3711 suis
1207 3655 1368 3710 cadat
1425 3653 1640 3723 gladio,
1690 3658 1746 3704 et

155 3768 384 3823 pauper,
438 3759 493 3806 et
536 3751 704 3806 miser
724 3748 947 3804 eﬂ‘ectus
1002 3746 1235 3816 indigeat
1280 3759 1436 3812 pane.
1475 3742 1557 3796 An
1607 3740 1745 3795 forte

156 3853 340 3897 tenens
389 3842 564 3912 fusum
636 3841 836 3897 dicitur
881 3838 1154 3892 sustinens
1218 3834 1361 3888 illam
1410 3832 1743 3902 passionem,

155 3950 323 4004 quam
372 3933 613 3988 nonnulli
665 3932 841 4001 {usum
881 3934 1091 3989 vocant,
1148 3939 1311 3995 quam
1363 3922 1555 3977 medici
1587 3921 1743 3990 tysim

157 4025 658 4094 nominant?Tysis
687 4031 867 4077 autem
911 4018 1176 4074 ulceratio
1205 4025 1289 4071 est
1327 4014 1579 4070 tumorin
1629 4010 1746 4082 pul-

159 4118 436 4180 monibus,
487 4117 578 4184 qui
635 4118 688 4169 in
731 4112 1019 4184 juvenibus
1050 4110 1262 4165 facilius
1316 4107 1545 4162 inveniri
1586 4105 1743 4159 solet.

159 4207 324 4281 Tysis
368 4217 549 4262 autem
583 4206 723 4275 apud
744 4204 962 4260 Grtecos
997 4203 1163 4267 dicta,
1196 4201 1338 4271 quod
1387 4200 1456 4253 slt
1496 4212 1749 4252 consum-

158 4299 275 4368 ptio
330 4298 492 4353 totius
542 4296 808 4365 corporis,
856 4309 976 4363 quae
1026 4292 1088 4346 ﬁt
1130 4308 1194 4346 ex
1234 4289 1586 4344 reumatismo
1632 4295 1751 4356 gut-

160 4390 302 4443 turis
338 4403 459 4443 cum
513 4384 797 4446 febricula,
852 4392 1055 4437 etcum
1105 4379 1453 4435 distillatione
1511 4376 1748 4438 assidua,

161 4488 214 4533 et
240 4477 498 4533 catarrho
548 4473 845 4529 instillante
902 4471 1073 4527 multo
1115 4479 1400 4539 tempore:
1435 4476 1490 4521 et
1530 4467 1609 4521 sic
1639 4465 1751 4535 pul-

161 4583 356 4624 mones
402 4566 612 4620 vitiant.
663 4565 757 4618 Est
783 4571 964 4618 autem
1016 4559 1200 4631 passio
1261 4557 1573 4629 pulmonum
1609 4557 1750 4626 peri-

162 4659 373 4721 culosa,
422 4664 478 4711 et
526 4655 758 4724 maligna
811 4651 988 4707 valde.
1044 4650 1133 4705 Fit
1181 4656 1361 4703 autem
1409 4648 1522 4701 haec
1570 4647 1750 4715 passio

163 4751 310 4806 sicut
323 4747 438 4816 jam
473 4746 675 4800 dictum
705 4750 810 4806 est,
854 4742 909 4796 in
951 4749 1110 4796 aetate
1151 4738 1398 4808 juvenili.
1456 4737 1574 4788 Alia
1619 4750 1752 4788 vero

164 4836 455 4896 translatio
483 4834 666 4890 taliter
692 4833 822 4888 dicit
850 4847 864 4885 :
895 4847 1001 4884 non
1021 4830 1181 4883 deerit
1205 4830 1268 4882 de
1297 4829 1450 4882 domo
1472 4826 1607 4880 Joab
1638 4841 1751 4877 reu-

164 4930 396 4986 maticus
414 4936 460 4980 et
488 4925 892 4994 leprosus,etc.;
920 4923 1038 4976 haec
1074 4922 1218 4976 enim
1243 4919 1396 4989 juxta
1432 4917 1749 5012 litteram

168 5017 309 5074 Joab
344 5033 449 5073 non
489 5017 734 5071 videmus
763 5015 1060 5084 impletum,
1110 5012 1201 5080 qui
1230 5026 1390 5066 omne
1421 5019 1632 5079 tempus
1677 5005 1755 5059 vi-

166 5119 234 5164 ta:
275 5124 391 5164 sure
437 5109 490 5162 in
549 5116 698 5161 tanto
745 5107 950 5161 honore
999 5118 1171 5171 usque
1215 5103 1268 5156 in
1318 5112 1548 5157 mortem
1585 5099 1753 5154 David

167 5202 329 5264 vixit,
369 5208 424 5254 et
473 5207 620 5252 tanta
677 5198 851 5251 salute
905 5195 1148 5264 corporis
1188 5195 1380 5262 viguit,
1433 5200 1494 5246 ut
1538 5206 1757 5261 semper

168 5294 329 5351 ﬁeret
381 5297 490 5348 dux
518 5293 792 5347 exercitus
817 5289 1003 5353 Israel,
1042 5296 1097 5344 et
1146 5288 1374 5343 bellator
1397 5285 1752 5340 fortissimus:

166 5389 260 5443 sed
300 5388 504 5442 dictum
535 5393 619 5438 est
664 5384 768 5438 hoc
823 5400 852 5436 a
895 5380 1066 5435 David
1096 5395 1162 5435 ex
1207 5379 1375 5432 nimio
1423 5377 1607 5432 dolore
1637 5374 1754 5429 ani-

170 5476 260 5540 mi,
316 5476 457 5529 sicut
479 5480 532 5527 et
565 5472 631 5526 de
659 5472 934 5526 montibus
967 5468 1186 5533 Gelboe,
1234 5468 1376 5537 quod
1414 5470 1480 5522 ad
1516 5467 1752 5521 litteram

171 5582 273 5619 non
298 5573 427 5629 stat,
480 5571 538 5616 ut
558 5563 867 5616 o=tenderet
897 5575 956 5616 se
977 5575 1082 5615 non
1105 5558 1446 5614 consensisse
1489 5558 1540 5612 in
1582 5564 1755 5611 morte

170 5655 351 5710 Almer
379 5653 642 5724 principis
669 5651 848 5706 Israel.

1836 1933 1993 1986 dibus
2041 1932 2373 1985 honorarent
2403 1925 2588 1979 Deum.
2628 1922 2758 1976 Post
2804 1918 2972 1974 multa
3020 1930 3147 1969 vero
3173 1923 3414 1980 tempora

1835 2018 2176 2092 exigentibus
2202 2017 2439 2089 peccatis
2475 2014 2717 2077 illorum,
2759 2019 2813 2066 et
2855 2024 2979 2064 arca
3020 2006 3113 2060 Dei
3143 2001 3415 2072 captivata

1835 2123 1912 2168 est
1938 2091 2010 2166 ab
2034 2109 2363 2180 alieniginis,
2393 2107 2448 2161 in
2474 2121 2580 2176 qua
2604 2111 2722 2159 erat
2755 2101 2929 2157 foedus
2964 2097 3245 2167 scriptum,
3273 2091 3417 2162 quod

1839 2206 2075 2260 inierunt
2091 2216 2214 2256 cum
2236 2200 2366 2262 Deo,
2388 2213 2497 2251 non
2526 2210 2583 2251 se
2604 2195 2767 2249 alium
2791 2191 3048 2247 colituros
3070 2188 3260 2249 Deum,
3285 2199 3421 2254 pra»

1839 2307 1923 2351 ter
1959 2297 2129 2350 Deum
2169 2300 2385 2362 patrum
2423 2301 2664 2352 suorum,
2691 2284 2985 2346 Abraham,
3033 2280 3206 2343 Isaac,
3249 2284 3303 2332 et
3328 2273 3420 2330 Ja-

1837 2387 1936 2443 cob
1971 2404 1984 2440 :
2019 2382 2172 2453 cujus
2196 2378 2558 2452 insuperabile
2591 2390 2786 2432 nomen
2828 2381 3011 2430 manet
3044 2372 3096 2425 in
3133 2380 3417 2427 aeternum,

1838 2485 1892 2532 et
1928 2474 2244 2533 memoriale
2289 2475 2343 2528 in
2386 2470 2734 2543 generatione
2786 2475 2841 2522 ct
2878 2462 3244 2536 generatione.
3295 2458 3423 2515 Post

1839 2571 1953 2626 haec
1994 2567 2316 2638 dissipatum
2341 2572 2426 2620 est
2466 2558 2896 2621 tabernaculum,
2945 2555 3090 2625 quod
3125 2554 3242 2608 sine
3272 2565 3419 2614 arca,

1840 2663 1892 2716 in
1921 2677 2027 2732 qua
2048 2666 2167 2715 erat
2189 2657 2364 2711 fuadus
2394 2655 2656 2723 scriptum
2677 2653 2820 2704 inter
2844 2649 3034 2713 Deum,
3065 2654 3119 2701 et
3142 2643 3419 2715 populum,

1841 2753 2103 2810 remansit
2146 2749 2264 2805 sine
2315 2749 2544 2811 honore,
2586 2753 2748 2814 atque
2801 2744 2963 2796 inane
2996 2757 3008 2793 :
3037 2746 3092 2793 et
3135 2738 3208 2792 ita
3248 2736 3424 2790 visum

1841 2841 2162 2912 quibusdam
2206 2839 2414 2893 sanctis
2458 2836 2579 2900 fuit,
2627 2843 2688 2889 ut
2728 2833 3014 2888 Dominum
3063 2829 3228 2884 Deum
3265 2841 3423 2882 suum

1842 2933 1983 2986 inter
2009 2928 2432 2984 destructionem
2462 2921 2793 2979 tabernaculi
2823 2930 2877 2976 et
2906 2919 3087 2990 templi
3114 2917 3426 2973 aedificatio-

1841 3036 1963 3076 nem
1985 3020 2039 3074 in
2057 3018 2190 3073 locis
2219 3016 2470 3081 ammnis,
2493 3023 2548 3070 et
2568 3013 2800 3073 mundis,
2827 3019 2986 3079 atque
3010 3008 3238 3064 excelsis
3256 3007 3424 3062 Deum

1844 3110 1987 3174 coeli,
2015 3110 2256 3171 incenso,
2298 3116 2460 3176 atque
2489 3103 2772 3159 sacrificiis
2807 3102 3162 3161 honorarent,
3194 3097 3338 3166 quod
3367 3097 3428 3150 il-

1849 3203 2058 3259 licitum
2086 3201 2188 3255 fuit
2219 3199 2335 3254 ﬁeri
2380 3195 2576 3269 populo
2607 3195 2703 3258 illi,
2754 3200 3040 3263 postquam
3072 3204 3198 3245 arca
3229 3189 3294 3243 de
3341 3203 3431 3242 ca-

1847 3295 2095 3365 ptivitate
2137 3306 2357 3347 reversa
2384 3297 2489 3352 est,
2541 3295 2595 3340 et
2631 3283 3035 3340 tabernaculum
3073 3287 3333 3343 erectum,
3375 3285 3432 3334 et

1849 3385 1950 3440 sibi
1994 3381 2253 3453 templum
2288 3378 2631 3434 tedillcatum.
2681 3375 2749 3428 Et
2783 3373 2907 3427 inde
2950 3379 3052 3438 est,
3101 3369 3242 3439 quod
3283 3367 3431 3424 Scri-

1848 3481 2006 3544 ptura
2055 3470 2366 3538 frequenter
2393 3464 2739 3535 reprehendit
2791 3478 2884 3517 eos
2919 3462 3010 3530 qui
3053 3461 3230 3514 adhuc
3255 3456 3432 3512 adole-

1847 3563 1979 3617 bant
2018 3563 2071 3615 in
2117 3560 2354 3623 excelso,
2408 3565 2464 3612 et
2492 3553 2892 3624 ineulpabiliter
2916 3569 2975 3608 se
2998 3553 3100 3607 ista
3139 3549 3319 3605 facere
3343 3564 3434 3618 pu-

1848 3654 2038 3710 tabant
2084 3653 2208 3722 quia
2268 3648 2509 3714 Samuel,
2552 3647 2643 3716 qui
2684 3647 2793 3700 Deo
2839 3643 3140 3715 placuerat,
3185 3649 3239 3695 ct
3276 3638 3434 3695 Salo-

1849 3763 1996 3812 mon,
2044 3753 2098 3799 et
2123 3744 2258 3797 alios
2282 3740 2481 3795 multos
2519 3737 2660 3791 illius
2684 3736 2942 3803 temporis
2962 3732 3230 3797 homines,
3255 3731 3328 3784 ita
3353 3729 3436 3786 fe-

1849 3838 1987 3892 cisse
2014 3835 2297 3890 sciebant:
2333 3832 2444 3886 imo
2479 3843 2600 3884 cum
2649 3841 2844 3896 magna
2877 3823 3032 3878 laude
3058 3823 3202 3877 inter
3244 3833 3434 3877 omnes

1853 3943 2006 3998 reges
2033 3927 2171 3991 illos,
2201 3924 2347 3996 digni
2384 3920 2653 3977 habentur
2687 3917 2739 3972 in
2791 3915 3037 3970 laudibus
3067 3912 3208 3982 apud
3239 3911 3432 3975 Deum,

1852 4017 1941 4087 qui
1975 4016 2100 4070 talia
2124 4017 2508 4071 destruxerunt
2530 4005 2637 4081 (IV
2665 4004 2795 4077 Reg.
2831 4006 2916 4062 18.
2957 4004 3014 4070 4,
3042 4013 3089 4058 et
3115 4000 3252 4073 22.),
3278 4001 3332 4055 id
3353 4010 3436 4056 est

1853 4108 2135 4170 Ezechias,
2200 4114 2253 4160 et
2297 4102 2422 4175 (IV.
2490 4100 2617 4171 Reg.
2678 4097 2770 4152 23.
2827 4097 2879 4151 5.
2934 4097 2986 4152 8.
3054 4095 3268 4149 13.19.
3316 4092 3432 4160 20.)

1854 4196 2048 4252 Josias.

2565 4282 2711 4338 XXV

1925 4379 2136 4447 Qumris
2161 4393 2281 4432 cum
2308 4377 2514 4446 legatur
2539 4376 2592 4430 in
2618 4374 2755 4429 libro
2781 4372 2984 4443 Regum
3015 4369 3122 4441 (lll.
3151 4366 3252 4441 8.),
3274 4376 3437 4437 atque

1858 4470 2301 4538 Paralipomenon
2353 4465 2425 4536 (ἳ.
2465 4463 2650 4519 Paral.
2678 4464 2728 4518 5.
2764 4462 2894 4534 10.),
2926 4459 3068 4531 quod
3097 4462 3149 4513 in
3177 4474 3301 4512 arca
3330 4473 3435 4511 non

1857 4568 1937 4615 est
1969 4558 2135 4622 aliud,
2160 4556 2264 4611 nisi
2288 4556 2405 4610 dure
2443 4553 2638 4608 tabulae
2671 4553 2913 4622 lapideae,
2937 4566 3072 4620 quas
3096 4556 3351 4619 posuerat
3380 4549 3438 4602 in

1859 4667 1921 4705 ea
1955 4649 2166 4719 Moyses
2191 4647 2243 4701 in
2275 4645 2440 4712 Oreb,
2469 4661 2567 4701 cur
2605 4643 2804 4698 Paulus
2833 4643 3037 4698 scribat
3063 4642 3129 4696 ad
3156 4640 3433 4704 Ilebmos,

1859 4740 2003 4811 quod
2051 4740 2104 4792 in
2166 4752 2291 4793 arca
2346 4737 2457 4791 sint
2488 4735 2704 4801 tabulae,
2729 4735 2891 4804 Virga
2943 4733 3144 4798 Aaron,
3200 4740 3257 4786 et
3284 4730 3435 4784 Man-

1857 4849 1948 4887 na.
2008 4830 2064 4886 Si
2106 4845 2211 4885 non
2259 4837 2435 4893 erant,
2468 4843 2566 4884 cur
2606 4826 2892 4896 Apostolus
2941 4825 3044 4879 ista
3091 4823 3346 4878 dixitzct
3391 4821 3440 4878 sl

1859 4933 2017 4978 erant
2043 4923 2165 4991 quis
2188 4937 2251 4976 ea
2279 4921 2350 4976 ibi
2375 4920 2562 4974 misit?
2589 4918 2694 4973 Sed
2721 4918 2847 4972 huic
2885 4918 2936 4971 in
2961 4917 3120 4971 tertio
3146 4915 3286 4970 libro
3308 4928 3441 4986 ope-

1858 5016 1933 5070 ris
1981 5013 2140 5083 hujus
2190 5029 2508 5082 responsum
2533 5020 2634 5066 est.
2680 5010 2792 5066 lloc
2817 5008 3152 5065 solummodo
3187 5009 3252 5062 de
3292 5021 3442 5075 quae-

1860 5107 2036 5161 stione
2084 5113 2170 5158 tua
2201 5104 2479 5168 remansit,
2532 5111 2712 5158 utrum
2754 5102 2870 5171 ipsa
2905 5099 3005 5153 fuit
3057 5099 3215 5169 Virga
3258 5098 3440 5153 Aaron

1861 5213 1979 5268 qua:
2005 5195 2266 5261 fronduit,
2299 5195 2442 5250 unde
2469 5194 2523 5248 in
2559 5193 2796 5264 Egyplo
2825 5191 3043 5246 fuerunt
3076 5192 3227 5260 signa
3272 5188 3436 5250 facta,

1860 5300 1916 5346 et
1963 5291 2016 5344 in
2062 5288 2202 5342 mari
2237 5288 2506 5342 mirabilia
2530 5301 2774 5356 prorsus.
2803 5284 3033 5339 Omnino
3063 5297 3190 5346 una,
3222 5284 3440 5337 eadem-

1862 5397 1966 5452 que
2007 5383 2120 5452 ipsa
2161 5381 2282 5444 fuit,
2327 5396 2446 5450 qua:
2465 5388 2521 5434 et
2563 5377 2717 5447 Virga
2762 5377 2855 5431 Dei
2905 5377 2962 5431 In
3017 5376 3224 5438 Exodo,
3264 5382 3317 5428 et
3346 5375 3442 5428 ali-

1861 5476 2077 5544 quando
2098 5473 2288 5542 Moysi,
2314 5472 2600 5541 aliquando
2652 5470 2831 5525 Aaron
2880 5471 3018 5522 dicta
3043 5477 3124 5522 est
3169 5481 3268 5536 pro
3307 5481 3440 5536 ope-

1863 5579 1979 5619 rum
2015 5564 2344 5618 diversitate.

2600 5650 2786 5704 XXVI.

1935 5747 2140 5814 Qumris
2181 5747 2341 5802 etiam
2396 5753 2447 5800 et
2477 5744 2576 5799 hoc
2613 5762 2621 5796 :
2653 5744 2776 5814 quid
2808 5743 2870 5797 de
2907 5744 3020 5812 ipsa
3074 5757 3196 5795 arca
3242 5740 3443 5795 factum
