3906 6320
471 303 580 361 825

1537 313 1811 372 CLAUDII
1848 315 2317 380 TAURIHENSIS
2349 317 2656 385 EPISCON

3634 328 3734 384 εει

471 429 571 487 est,
628 428 712 476 vel
738 419 782 476 si
810 436 1048 491 unquam
1088 424 1269 478 visura
1317 425 1395 493 (id
1425 435 1500 479 cst
1550 426 1800 497 videnda)
1845 428 1914 481 ab
1948 428 2044 481 ho-
2070 432 2121 492 Α
2147 428 2369 496 dixerit,
2405 430 2549 499 quod
2578 446 2685 485 non
2721 442 2864 488 esset
2894 432 3122 506 amplius
3147 436 3282 492 alias
3311 438 3566 497 civitates
3594 454 3735 509 qua

468 511 725 568 minibus.
758 513 834 568 De
866 529 971 584 qua
996 530 1056 570 re
1105 516 1238 576 nihil
1264 516 1405 571 aliud
1433 517 1710 587 quidpiam
1739 528 1829 577 me
1850 520 2048 590 legisse

466 600 663 670 fateor,
687 603 789 659 nisi
814 607 958 675 quod
986 607 1041 660 in
1067 607 1207 663 libro
1240 607 1671 665 Machabteortun
1702 611 1940 669 secundo
1970 611 2049 667 in—

466 703 553 749 ter
599 703 797 751 caetera
832 697 1093 767 scriptum
1124 708 1208 754 est
1255 699 1341 771 (ll.
1367 702 1421 754 σι.
1449 700 1500 754 5.
1523 702 1694 773 etc.):
1738 701 1807 756 Et
1842 703 2047 757 ueniens

463 783 722 839 lemnius
761 787 819 840 in
865 786 1061 855 locum,
1102 790 1294 845 invenit
1318 792 1533 847 domum
1554 794 1835 864 speluncat,
1889 803 1935 847 et
1959 802 2043 847 ta-

463 874 824 944 bcrnaculum,
848 890 897 933 et
917 896 1118 947 arcam,
1136 892 1183 936 et
1212 882 1381 937 altare
1402 884 1602 943 incensi
1624 884 1798 939 intulit
1815 884 1969 949 illnc,
1995 894 2044 938 et

461 967 653 1020 ostium
683 968 931 1039 appilaoit
962 986 981 1024 :
1000 980 1049 1025 et
1064 984 1395 1035 accesserunt
1424 976 1665 1045 quidam,
1703 977 1792 1047 qui
1821 992 1939 1031 eum
1971 976 2046 1029 si-

459 1057 572 1111 mul
621 1059 989 1130 sequebantur,
1021 1072 1078 1116 ut
1104 1074 1343 1121 notarent
1384 1068 1484 1121 sibi
1524 1066 1719 1133 locum,
1750 1078 1797 1121 et
1826 1083 1929 1121 non
1952 1084 2045 1138 po-

459 1156 670 1203 tuerunt
700 1149 949 1205 invenire.
976 1150 1045 1205 Ut
1067 1163 1241 1208 utam
1267 1158 1501 1227 cognovit
1524 1154 1785 1212 lemnius
1809 1157 2042 1212 studium

457 1248 689 1307 quastus
718 1238 956 1309 illorum,
981 1243 1114 1299 dixit
1153 1244 1281 1310 illis,
1319 1245 1460 1317 quod
1488 1247 1700 1318 ignotus
1754 1248 1852 1306 erit
1895 1245 2043 1302 locus

456 1328 576 1394 istc,
624 1328 790 1384 donec
846 1343 1119 1404 congregat
1168 1334 1312 1391 Deus
1359 1339 1811 1409 congregationem
1861 1337 2042 1409 μορυιὶ

454 1418 564 1486 sui,
618 1428 668 1475 et
707 1422 1049 1493 prepitius‘ei
1090 1427 1177 1491 sit,
1230 1436 1280 1482 et
1330 1436 1455 1483 tunc
1495 1428 1753 1485 Dominus
1806 1430 2041 1484 ostendet

454 1510 648 1577 hoc,“
705 1513 975 1583 apparebit
1029 1516 1278 1586 inajcstas
1327 1517 1567 1584 Domini,
1595 1529 1644 1574 et
1700 1521 1862 1575 nubes
1907 1520 2041 1575 sicut

456 1599 650 1672 Moysi.
693 1602 845 1659 Unde
895 1605 1223 1662 credendum
1277 1618 1380 1675 est,
1428 1609 1717 1665 Dominum
1767 1612 1883 1667 haec
1944 1624 2043 1681 per

453 1690 628 1746 Etiam
674 1691 964 1749 facturum.
1010 1696 1205 1752 Dicunt
1246 1700 1393 1755 enim
1447 1702 1688 1755 nonnulli
1725 1702 2035 1769 diuidendo,

2150 520 2355 583 situlus
2392 522 2459 576 ab
2512 536 2597 578 eo.
2633 520 2747 579 Hoc
2782 532 2963 583 tamen
2997 527 3219 591 scimus,
3263 532 3389 597 quia
3422 539 3615 583 mutua
3648 546 3737 585 eo-

2149 626 2268 668 rum
2306 613 2542 669 amicitia
2573 629 2682 668 non
2711 614 2811 671 fuit
2846 618 2900 671 in
2930 622 3010 673 eis
3050 635 3245 689 usque.
3273 622 3326 675 in
3357 623 3507 679 diem
3542 624 3733 678 mortis

2146 719 2334 764 eorum
2360 706 2591 776 dirupta,
2641 713 2767 776 quia
2796 719 2921 779 post
2948 712 3063 765 hcec
3094 710 3211 783 (111
3242 712 3369 777 lico.
3403 715 3459 769 9.
3502 714 3614 786 is.)
3642 717 3733 768 rui-

2145 796 2227 865 sit,
2255 795 2446 853 Hiram
2466 808 2671 863 centum
2708 800 2888 871 uiginti
2932 802 3127 857 talenta
3152 806 3274 858 auri
3306 814 3399 859 :et
3434 815 3629 875 postea
3655 803 3728 873 fe-

2145 897 2327 941 cerunt
2349 890 2502 943 ambo
2538 890 2593 943 in
2627 891 2935 963 Asiougabis
2962 892 3177 948 classem
3196 896 3407 948 navium
3442 894 3567 965 (ΙΙΙ
3597 894 3728 965 Reg.

2147 975 2232 1031 10.
2275 979 2359 1032 10.
2389 978 2479 1033 26.
2507 989 2555 1037 et
2593 979 2684 1051 27)
2713 1021 2728 1046 ,
2762 998 2879 1051 qua:
2902 982 2999 1043 iret
3022 983 3175 1036 aum’s
3218 976 3445 1039 statutis'
3468 986 3525 1037 in
3550 982 3734 1055 Ophgr

2143 1066 2334 1135 aﬂ'erre
2359 1064 2630 1124 Saloutoui
2644 1086 2833 1128 aurum
2849 1080 2897 1128 et
2923 1070 3101 1129 dentes
3116 1071 3504 1142 elephantinos,
3521 1073 3736 1127 simias-

2140 1172 2239 1225 que
2266 1166 2312 1211 et
2334 1174 2511 1228 pavos.

2845 1252 3077 1315 XXVIII.

2210 1345 2287 1408 (χ.
2324 1337 2411 1404 ll,
2458 1348 2508 1395 et
2550 1339 2662 1418 12.)
2687 1339 2857 1400 Addis
2903 1343 3066 1412 etiam
3110 1344 3412 1415 inquirere,
3449 1345 3600 1416 quod
3639 1360 3727 1400 me

2140 1424 2314 1481 lateor
2338 1428 2589 1502 ignorare
2640 1431 2785 1501 quod
2810 1422 3132 1497 feceritﬂei
3160 1433 3438 1499 Salomoni
3471 1436 3542 1509 de
3563 1436 3729 1509 lignis

2142 1517 2287 1586 tynis
2328 1518 2613 1589 pulchram
2638 1522 2857 1584 domum
2888 1523 3122 1594 Domini,
3149 1534 3204 1579 et
3229 1525 3449 1580 domum
3478 1526 3727 1599 Reginae,

2138 1615 2193 1662 et
2220 1608 2477 1675 citharas,
2511 1610 2763 1682 lyrasque
2785 1614 3119 1673 cantoribus.
3149 1614 3279 1670 Post
3300 1616 3416 1671 haec
3441 1617 3727 1686 sequitur:

2144 1702 2266 1760 Non
2294 1714 2415 1761 sunt
2444 1704 2609 1765 allata
2638 1707 3002 1778 ltujusmnodi
3027 1708 3171 1781 ligna
3214 1719 3362 1781 tyna,
3412 1727 3582 1778 neque
3619 1712 3735 1773 visu

452 1791 507 1837 et
553 1786 939 1855 omnipotentis
966 1788 1061 1843 Dei
1092 1792 1389 1859 potentiam
1414 1793 1734 1863 ignorando,
1763 1796 2035 1864 quomodo
2062 1784 2110 1843 Β
2141 1811 2301 1867 usque
2326 1798 2378 1851 in
2405 1808 2710 1868 praesentem
2735 1800 2895 1857 diem.
2959 1800 3018 1857 In
3068 1802 3411 1873 septuaginta
3434 1812 3625 1859 autem
3653 1803 3737 1869 io-

450 1882 630 1945 potest
671 1877 813 1945 ﬁeri,
868 1888 927 1934 ut
970 1883 1381 1940 tabernaculum
1412 1885 1540 1943 illud
1563 1902 1631 1944 ex
1672 1887 1815 1952 lana,
1838 1896 1893 1952 et
1926 1888 2037 1943 lino

449 1965 651 2025 factum
678 1983 777 2039 per
802 1978 877 2025 tot
906 1974 1077 2042 possit
1104 1975 1302 2031 durare
1333 1978 1564 2034 saecula?
1594 1979 1790 2048 quibus
1813 1993 2036 2049 respon-

449 2058 661 2125 demus,
694 2062 821 2130 quia
866 2064 1067 2119 virtute
1090 2066 1198 2131 illa,
1233 2082 1341 2136 quo
1368 2085 1469 2139 per
1512 2070 1870 2141 quadraginta
1934 2090 2023 2127 an-

448 2149 626 2204 nosin
649 2151 895 2208 tribubus
930 2169 1121 2209 eorum
1159 2158 1335 2215 nullus
1388 2160 1778 2229 tuitinlirmus,
1814 2176 1868 2220 et
1891 2183 2030 2237 quo-

446 2255 568 2294 rum
604 2256 700 2311 pes
725 2244 1055 2300 ambulando
1079 2262 1183 2301 non
1207 2247 1310 2303 fuit
1348 2262 1373 2295 α
1413 2251 1644 2318 subitus,
1692 2270 1792 2313 nec
1822 2258 2033 2320 calcea-

446 2338 629 2384 mentn
658 2332 926 2403 disrupta,
952 2352 1052 2390 nec
1091 2340 1414 2395 vestimenta
1459 2350 1724 2401 vetustate
1775 2362 2030 2409 consum-

446 2429 558 2490 pta,
613 2422 788 2477 virtus
830 2424 946 2494 ipsa
986 2429 1348 2495 perseverarit
1389 2430 1441 2488 in
1498 2434 1760 2503 vestibus,
1791 2446 1846 2492 et
1891 2438 1945 2491 in
1970 2438 2033 2491 li-

443 2512 565 2583 gnis
593 2513 923 2570 tabernaculi
955 2532 1051 2586 per
1076 2533 1246 2577 annos
1294 2522 1716 2595 quadringentos
1740 2536 1933 2598 oetuag
1949 2544 2025 2582 4n-

445 2611 499 2656 ta
534 2608 706 2674 usque
746 2606 817 2661 ad
867 2616 1109 2679 tempora
1148 2608 1476 2680 Salomonis,
1512 2622 1568 2670 et
1626 2617 1881 2688 deinceps
1930 2635 2030 2689 per

444 2694 581 2752 alios
628 2699 1056 2771 quadringentos
1088 2703 1307 2774 triginta
1336 2720 1511 2762 annos
1562 2723 1735 2779 usque
1769 2711 1838 2765 ad
1875 2726 2030 2766 ever-

442 2789 651 2846 sionem
690 2790 1053 2859 Hierusalem,
1096 2810 1216 2865 quae
1240 2796 1384 2856 facta
1412 2806 1495 2855 est
1542 2800 1642 2856 sub
1670 2799 2030 2859 Nabuchodo-

443 2902 626 2951 nosor,
660 2894 716 2943 et
745 2887 861 2959 ipsa
914 2890 1089 2945 virtus
1123 2901 1540 2960 perseveratum
1566 2902 1651 2950 est
1682 2893 1736 2949 in
1787 2896 1902 2966 ipso
1943 2906 2026 2952 ta—

442 2979 740 3037 bernaculo
772 2996 946 3051 usque
999 2983 1066 3037 ad
1112 2982 1273 3039 linem
1309 2986 1513 3040 muli.
1546 2984 1653 3043 Sed
1691 2988 1819 3058 quia
1854 2989 2028 3050 beata:

444 3071 720 3125 memoriae
758 3072 1044 3143 presbyter
1073 3072 1215 3129 Beda
1249 3074 1304 3129 in
1341 3076 1681 3143 expositione
1717 3077 1780 3131 de
1814 3078 2025 3147 factura

443 3161 770 3217 tabernaculi
807 3172 856 3216 st
889 3164 1065 3234 ειπεριὶ
1100 3165 1129 3204 ι»
1184 3164 1355 3219 altare
1405 3166 1610 3223 incensi
1641 3176 1794 3223 extra
1846 3168 2025 3223 velum

442 3251 573 3306 dicit
594 3254 827 3322 positum
854 3267 994 3320 esse,
1032 3255 1175 3310 unde
1208 3271 1295 3310 me
1323 3271 1421 3325 per
1450 3267 1575 3313 tuas
1600 3257 1808 3317 litteras
1861 3259 2028 3317 inter-

444 3345 666 3416 rogasti.
695 3344 876 3411 Quare
897 3361 1028 3417 ergo
1075 3346 1129 3400 in
1160 3345 1296 3402 libro
1324 3348 1762 3417 informationum
1813 3349 2023 3415 litterae,

441 3452 489 3491 et
517 3438 734 3509 spiritus
763 3439 819 3493 in
852 3439 1038 3494 Exodo
1066 3440 1294 3496 dixerint
1324 3457 1445 3497 esse
1472 3441 1614 3496 ultra
1636 3442 1849 3498 velum?
1878 3441 2027 3498 Unde

441 3538 518 3593 te,
555 3527 730 3599 ipsum
762 3530 979 3583 beatum
1006 3528 1228 3594 Bedam,‘
1253 3532 1298 3585 si
1333 3531 1486 3586 vivus
1512 3532 1567 3585 in
1609 3546 1835 3601 corpore
1861 3539 2023 3595 esset,

442 3620 781 3690 interrogare
826 3619 1043 3686 vellem,
1074 3619 1119 3675 si
1146 3630 1431 3691 postquam
1476 3623 1753 3679 subtracta
1798 3638 1925 3683 arca
1956 3623 2024 3677 de

444 3707 644 3778 templo
668 3716 773 3777 est,
803 3717 857 3763 et
879 3709 1051 3764 altare
1086 3711 1295 3767 incensi
1322 3711 1463 3766 ultra
1500 3712 1679 3769 velum
1727 3713 2025 3774 intraturus

440 3810 729 3872 quareret,
756 3800 840 3855 vel
864 3802 954 3857 ubi
978 3803 1295 3874 sanguinem
1319 3811 1564 3874 poneret,
1596 3804 1680 3861 vel
1710 3803 1865 3872 cujus
1890 3806 2027 3861 alta-

441 3892 521 3947 ris
536 3906 740 3949 cornua
762 3901 1030 3963 tangeret,
1067 3893 1150 3948 vel
1174 3894 1258 3948 cui
1285 3894 1570 3953 incensum
1605 3892 1849 3960 ollerret,
1902 3904 2025 3965 post

441 4000 605 4057 quam
636 4000 763 4041 arca
785 3986 1097 4042 testamenti
1118 4001 1223 4040 non
1244 3994 1364 4063 erat
1388 3985 1483 4041 ibi.

1139 4075 1347 4141 XXVII.

512 4166 631 4239 (Ill
685 4168 812 4240 Reg.
849 4169 903 4223 9.
932 4168 1016 4221 ll.
1046 4166 1258 4241 l2.l5.)
1283 4168 1414 4222 ltem
1447 4168 1552 4222 alia
1591 4175 1818 4237 quaestio
1860 4169 1926 4221 de
1961 4182 2025 4222 eo

441 4259 588 4329 quod
608 4250 611 4255 λ
633 4257 897 4329 scriptum
930 4266 1012 4312 est
1044 4276 1056 4311 :
1086 4257 1241 4310 Dedit
1270 4265 1444 4311 autem
1466 4254 1717 4310 Salomon
1741 4256 1928 4310 Hiram
1953 4259 2027 4310 vi-

441 4325 573 4419 ainti
842 4349 895 4403 in
928 4359 1071 4404 terra
1096 4346 1334 4413 Galilcw,
1370 4364 1488 4420 qut:
1518 4364 1635 4405 cunt
1663 4364 1767 4401 non
1792 4348 2023 4418 placuis-

2137 1887 2466 1956 terpretibus
2492 1887 2671 1944 taliter
2696 1889 2957 1959 scriptum
2990 1891 3165 1960 reperi
3198 1908 3213 1945 :
3247 1890 3316 1944 Et
3335 1892 3484 1953 naris
3514 1883 3733 1963 Hiram,

2133 1991 2250 2045 qua:
2266 1976 2518 2032 attulerat
2543 1996 2733 2035 aurum
2756 1997 2821 2037 ex
2836 1979 3036 2052 Opltyr,
3054 1980 3229 2036 attulit
3246 1984 3405 2041 etiam
3428 1983 3607 2037 trabes
3630 2000 3734 2042 non

2134 2066 2339 2123 dolatas
2361 2067 2555 2122 multas
2579 2070 2750 2134 valde,
2778 2081 2827 2127 et
2852 2071 3053 2142 lapides
3074 2073 3345 2142 pretiosos.
3371 2072 3443 2125 Et
3474 2072 3600 2142 fecit
3642 2090 3735 2135 re:

2134 2174 2197 2210 ea:
2221 2158 2455 2213 trabibus
2491 2176 2595 2214 non
2620 2161 2814 2218 dolatis
2842 2162 2924 2215 Itis
2952 2163 3286 2231 ﬁrmamenta
3316 2164 3507 2217 domus
3547 2162 3735 2216 Domi-

2137 2249 2210 2311 ni,
2240 2259 2287 2301 et
2333 2249 2521 2304 domus
2565 2254 2698 2322 regis
2722 2263 2770 2307 et
2800 2253 3005 2319 nablas,
3045 2263 3093 2307 et
3120 2256 3364 2324 cynniras
3396 2254 3729 2311 cantoribus.

2136 2338 2259 2393 Non
2280 2348 2402 2393 sunt
2436 2341 2642 2395 inventa
2665 2342 2800 2397 talia
2820 2344 2963 2413 ligna
2985 2345 3087 2397 non
3124 2343 3305 2397 dolata
3326 2345 3379 2397 in
3408 2346 3589 2409 terris,
3640 2362 3733 2399 ne-

2130 2447 2228 2501 que
2250 2434 2364 2491 visa
2384 2450 2545 2505 usque
2570 2435 2622 2490 in
2653 2435 2792 2491 diem
2818 2437 2953 2490 lianc
2976 2452 2994 2490 :
3022 2435 3129 2493 alia
3157 2451 3286 2490 vero
3318 2436 3611 2491 translatio
3651 2437 3731 2492 ita

2132 2525 2261 2588 dicit
2292 2544 2303 2579 :
2335 2536 2385 2580 et
2420 2526 2564 2586 nauis
2596 2527 2947 2599 Hiram,q,ua:
2983 2528 3161 2585 attulit
3201 2546 3393 2588 aurum
3433 2540 3483 2583 et
3534 2530 3728 2599 sepltu-

2133 2630 2269 2680 rom,
2293 2615 2470 2670 attulit
2505 2617 2676 2671 trabes
2703 2618 2898 2673 multas
2928 2618 3098 2682 valde,
3126 2636 3227 2673 non
3256 2619 3493 2687 dolatus,
3519 2631 3570 2674 et
3592 2622 3727 2691 ιαρε.

2131 2708 2222 2759 des
2242 2708 2516 2777 pretiosos,
2541 2718 2590 2762 et
2616 2707 2740 2781 fecit
2768 2726 2858 2763 rex
2878 2710 2943 2765 de
2964 2709 3119 2780 lignis
3143 2726 3249 2766 non
3274 2711 3473 2772 dolatis
3498 2712 3726 2780 inﬂatu-

2130 2815 2245 2851 ram
2271 2799 2456 2855 domui
2474 2799 2705 2865 Domini,
2730 2811 2777 2857 et
2805 2806 2993 2857 domus
3023 2804 3178 2878 regis,
3204 2812 3253 2856 et
3287 2802 3495 2857 nablas.
3524 2813 3576 2857 et
3606 2820 3725 2857 ant-

2131 2889 2288 2943 bucos
2314 2890 2369 2943 in
2391 2893 2610 2945 canticis
2634 2908 2652 2944 :
2681 2908 2783 2945 non
2828 2894 3068 2949 exierunt
3099 2893 3231 2953 talia
3290 2894 3437 2973 ligna
3480 2912 3644 2965 usque
3669 2897 3727 2949 in

2129 2982 2268 3035 hunc
2303 2984 2465 3037 diem.
2500 2984 2654 3047 Ouod
2682 2986 2746 3040 de
2777 2986 2926 3042 ludia
2963 2986 3080 3041 haec
3120 2987 3247 3041 talia
3282 2987 3539 3041 venerint
3579 2988 3725 3059 ligus

2133 3072 2289 3132 testis
2327 3082 2413 3131 est
2473 3072 2755 3145 Scriptura
2816 3076 3023 3141 divina,
3076 3078 3171 3137 sed
3219 3077 3350 3149 quid
3406 3077 3477 3132 de
3517 3088 3726 3132 natura

2132 3162 2263 3231 ligni
2311 3163 2455 3225 illius
2520 3181 2620 3229 nos
2671 3167 2854 3221 dicere
2901 3182 3213 3236 possumus,
3293 3181 3461 3239 quam
3515 3183 3579 3222 se
3632 3166 3721 3222 la-

2132 3259 2333 3318 tentur,
2350 3256 2663 3325 etignorarc
2677 3256 2776 3326 ipsi
2801 3257 3101 3327 prophetae,
3140 3260 3231 3328 qui
3259 3256 3399 3317 hanc
3432 3258 3726 3314 historiam

2128 3344 2472 3409 postmodum
2504 3346 2875 3415 scripserunt?

2848 3436 3037 3492 XXIX.

2199 3530 2318 3603 (ΙΙΙ
2348 3532 2475 3603 Reg.
2510 3530 2735 3602 £0.16.)
2784 3532 2914 3587 Post
2966 3533 3084 3586 haec
3124 3533 3370 3603 sequitur
3399 3531 3725 3591 eademin—

2127 3625 2316 3687 storia,
2346 3632 2401 3678 et
2433 3624 2597 3679 dicit:
2635 3622 2785 3677 Fecit
2829 3640 3034 3693 quoque
3062 3640 3154 3676 rex
3188 3621 3441 3682 Salomon
3489 3622 3724 3677 ducenta

2126 3723 2274 3766 scuta
2301 3713 2366 3766 de
2395 3729 2524 3767 auro
2546 3729 2678 3782 puro
2706 3726 2723 3764 .'
2750 3722 3019 3769 sexcentos
3042 3712 3197 3766 siclos
3240 3711 3379 3766 dedit
3420 3712 3477 3764 in
3509 3710 3718 3772 lamina

2126 3804 2259 3859 scuti
2283 3804 2457 3867 unius,
2494 3812 2850 3874 trecentosque
2874 3802 3039 3872 peltas
3072 3818 3136 3859 ea:
3163 3818 3294 3859 auro
3320 3800 3539 3871 probato
3567 3811 3588 3853 :
3614 3812 3723 3855 trc-

2126 3904 2287 3953 centw
2310 3895 2465 3948 mina:
2496 3896 2615 3951 auri
2635 3912 2795 3947 unam
2824 3894 3017 3963 peltqm
3056 3894 3357 3949 vestiebant.
3383 3890 3598 3945 Peltam
3627 3890 3717 3943 di-

2127 3992 2257 4037 cunt
2315 3982 2524 4053 physici
2580 3993 2792 4037 scutum
2843 3998 2966 4037 esse
3003 3994 3023 4020 ο
3068 3983 3408 4057 Amaxonum
3462 3980 3715 4034 lunatum

2128 4077 2180 4131 in
2216 4078 2433 4130 modum
2480 4076 2620 4129 lunte
2670 4076 2873 4143 semis”
2892 4075 2973 4129 vel
3005 4082 3189 4136 ternm,
3244 4082 3338 4127 aut
3370 4080 3601 4141 quartae,
3632 4070 3719 4126 vel

2126 4176 2292 4227 certe,
2334 4165 2477 4235 quod
2518 4166 2689 4237 magis
2737 4166 3065 4239 credendum
3086 4173 3194 4227 est,
3242 4164 3453 4227 mollire,
3506 4163 3717 4231 quibus

2125 4257 2435 4313 Amazonas
2478 4255 2567 4329 (Id
2596 4266 2670 4310 est
2697 4256 3022 4324 Amazones)
3063 4254 3191 4308 olim
3221 4252 3504 4306 utebantur
3534 4253 3593 4306 in
3622 4268 3720 4321 pn-

2127 4364 2228 4418 gna
2262 4366 2272 4399 :
2313 4348 2406 4401 sed
2446 4364 2552 4402 non
2599 4348 2732 4404 istos
2772 4346 2908 4401 tales
2935 4345 3103 4401 fuisse
3146 4343 3403 4400 credibile
3436 4351 3538 4404 est,
3582 4342 3718 4411 quia

440 4452 555 4500 sent
588 4445 659 4529 ei,
712 4443 992 4514 appellavit
1013 4461 1100 4497 eas
1125 4452 1319 4497 terram
1348 4440 1551 4501 Chabul
1579 4458 1741 4511 usque
1780 4444 1837 4495 in
1883 4441 2020 4494 diem
2046 4476 2099 4535 D
2126 4455 2233 4494 non
2262 4439 2366 4493 hoc
2392 4439 2597 4493 indicat
2619 4438 2919 4535 Scriptura.
2964 4437 3111 4497 Mina
3148 4435 3336 4535 timeo
3360 4432 3716 4535 appellatur,

440 4538 597 4590 hanc.
646 4534 773 4590 ilice
841 4535 1069 4605 quaestio
1114 4534 1158 4589 si
1213 4543 1267 4589 te
1314 4532 1470 4598 latet,
1522 4547 1626 4588 nec
1673 4532 1804 4593 mibi
1851 4540 2018 4600 patet.

441 4628 557 4684 Hoc
583 4636 797 4683 tantum
845 4629 988 4682 scire
1027 4638 1079 4682 te
1102 4626 1244 4692 volo,
1296 4624 1519 4695 quodin
1562 4624 1801 4693 antiquis
1844 4632 2023 4680 trans—

443 4721 738 4775 lationibus
765 4720 927 4773 aliter
952 4719 1212 4789 scriptum
1240 4718 1512 4788 reperitur
1537 4731 1552 4769 :
1581 4717 1764 4771 taliter
1786 4716 1929 4773 enim
1953 4715 2019 4769 il-

440 4814 512 4869 lic
543 4812 804 4882 scriptum
824 4819 958 4865 est:
996 4809 1143 4863 Tunc
1187 4808 1330 4862 dedit
1378 4806 1629 4864 Solomon
1674 4807 1783 4875 regi
1828 4805 2018 4864 Hiram

440 4904 621 4975 uiginti
654 4902 885 4957 civitates
912 4900 967 4954 in
995 4909 1136 4954 terra
1160 4896 1401 4952 Galilew.
1446 4895 1516 4951 Et
1546 4896 1699 4953 exivit
1742 4893 1933 4953 Hiram
1954 4893 2019 4949 de

441 4997 484 5051 1'
486 5012 581 5068 ατο
628 4994 835 5048 civitate
876 5007 995 5054 sua,
1035 5000 1083 5044 et
1119 4989 1245 5043 abiit
1293 4988 1348 5043 in
1385 4983 1683 5046 Catillum.
1733 4992 1789 5036 ut
1831 4982 2025 5044 videret

440 5086 696 5149 civitates,
746 5098 878 5153 quas
905 5080 1049 5140 dedit
1078 5078 1157 5131 illi
1206 5076 1478 5140 Salomon,
1506 5084 1552 5135 et
1578 5091 1681 5135 non
1714 5072 2023 5143 placuerunt

439 5178 508 5231 ei.
541 5175 611 5230 Et
633 5175 787 5228 dixit.
807 5170 942 5237 Qua
969 5179 1089 5224 sunt
1112 5170 1194 5223 Ita?
1219 5169 1471 5230 civitates,
1495 5182 1627 5231 quas
1653 5164 1843 5227 dedisti
1870 5163 2021 5225 mihi,

442 5266 645 5335 frater?
674 5264 742 5319 Et
773 5261 1156 5334 cognominavit
1184 5275 1272 5313 eas
1306 5258 1426 5315 linis
1448 5274 1610 5328 usque
1631 5258 1688 5317 in
1708 5256 2021 5322 hodiernum

442 5361 600 5414 diem.
646 5356 787 5424 Quid
804 5364 985 5410 tamen
1025 5353 1247 5414 hoc-sit,
1281 5351 1363 5405 vel
1394 5365 1564 5420 quare
1593 5348 1891 5411 nominavit
1927 5362 2022 5402 eas

444 5450 588 5519 ﬁnis,
640 5446 855 5502 nescire
903 5458 989 5499 me
1056 5442 1261 5507 lateor;
1312 5440 1417 5497 nisi
1462 5439 1604 5495 forte
1653 5440 1856 5496 idcirco
1906 5438 2013 5493 ista

514 5639 538 5667 ι
583 5623 798 5680 Solutus
829 5621 911 5694 [ut
944 5619 1121 5691 puto.]

515 5698 543 5736 δ
583 5683 879 5750 Videsnttir
923 5683 1041 5761 quae
1066 5683 1231 5761 tradit
1258 5688 1402 5744 Beda
1426 5686 1518 5741 lib.
1552 5684 1614 5761 2.
1648 5683 1714 5739 de
1745 5683 2021 5761 Taberna-

447 5766 567 5824 culo
595 5784 607 5821 :
638 5765 705 5821 ad
736 5763 899 5819 verba
925 5753 987 5819 ea
1014 5780 1025 5816 :
1054 5760 1324 5816 [meretur
1351 5768 1522 5812 autem
1541 5755 1703 5810 velum
1726 5770 1817 5825 per
1847 5753 2015 5806 circu-

2130 4544 2251 4599 quae
2287 4529 2451 4583 habet
2472 4528 2633 4583 siclos
2659 4526 2973 4604 sexaginta,
2997 4533 3053 4581 et
3076 4527 3283 4578 t'aciunt
3325 4521 3510 4577 obolos
3555 4520 3719 4576 mille

2128 4619 2388 4673 ducentos
2413 4635 2425 4670 :
2455 4616 2622 4672 siclus
2645 4616 2777 4671 facit
2804 4616 2939 4673 dum
2965 4628 3143 4673 sentes
3170 4611 3392 4675 solidos,
3414 4610 3505 4680 qui
3530 4623 3723 4682 grate

2125 4708 2325 4763 dicitur
2351 4716 2543 4772 stator,
2599 4706 2788 4777 viginti
2819 4705 3024 4768 habens
3042 4702 3249 4766 obolos.
3307 4700 3508 4757 Obolus
3535 4700 3717 4754 habet

2126 4799 2350 4867 siliquas
2401 4805 2629 4867 septem,
2674 4804 2730 4850 et
2766 4803 2980 4866 partem
3026 4794 3271 4864 quintam
3327 4791 3554 4861 siliqua,
3618 4790 3718 4858 qui

2122 4890 2362 4960 pondere
2396 4888 2557 4958 duplo
2584 4888 2863 4960 dragmam
2890 4885 3037 4949 facit,
3066 4899 3228 4954 quem
3270 4883 3441 4936 nostri
3487 4896 3720 4951 scrupu-

2126 4962 2235 5041 lu'in
2264 4992 2462 5041 vocant
2490 5001 2502 5037 :
2536 4982 2700 5038 ﬁebat
2728 4982 2874 5038 enim
2908 4995 2974 5035 ex
3012 4994 3122 5035 tere
3172 4977 3240 5035 ad
3269 4976 3443 5030 instar
3470 4974 3713 5044 sagitta,

2128 5074 2268 5130 unde
2288 5083 2343 5129 et
2362 5087 2560 5128 nomen
2586 5087 2617 5139 a
2639 5069 2842 5127 Graecis
2862 5069 3104 5139 accepit;
3137 5065 3330 5122 Obolus
3358 5065 3504 5118 enim
3528 5074 3716 5131 annos

2128 5167 2318 5235 sagitta
2370 5164 2586 5219 dicitur.
2638 5162 2780 5217 Mina
2818 5170 2903 5217 est
2949 5160 3087 5214 libra
3115 5173 3242 5212 una.
3291 5155 3573 5213 Talentum
3608 5150 3717 5206 mi-

2129 5270 2228 5313 nas
2250 5256 2413 5313 habet
2436 5253 2733 5325 sexaginta.
2761 5252 2819 5306 ln
2848 5250 3185 5321 septuaginta
3214 5248 3285 5301 ita
3313 5245 3569 5315 scriptum
3587 5249 3711 5295 est:

2132 5345 2200 5399 Et
2250 5344 2369 5414 fecit
2411 5343 2667 5399 Salomon
2700 5350 2958 5398 trecentas
2992 5340 3176 5393 hastas
3227 5353 3419 5391 aureas
3460 5332 3709 5387 ductilcs.

2126 5434 2361 5490 Trecenti
2382 5433 2530 5489 aurei
2560 5433 2764 5486 inerant
2790 5431 2843 5484 in
2870 5431 3025 5485 hasta
3050 5442 3067 5481 .'
3101 5438 3147 5483 et
3182 5435 3414 5483 trecenta
3430 5433 3575 5478 scuta
3600 5436 3709 5474 au-

2129 5619 2318 5666 tos.....
2350 5629 2684 5682 mensamque
2700 5620 2847 5665 extra
2872 5610 3061 5673 velum.

2201 5694 2221 5721 ο
2263 5683 2319 5737 ld
2347 5691 2428 5737 cst
2449 5685 2795 5737 Amazonum.
