3906 6372
214 408 321 474 8235

819 417 1284 486 QUAES'I‘IONES
1322 418 1469 474 XXX
1511 419 1736 476 SUPER
1777 420 2023 477 LIBROS
2063 424 2324 481 REGUM.
2364 448 2433 466 ε·-
2470 428 2671 481 LIBER
2710 427 2775 484 IV

3366 436 3472 493 826

210 546 307 585 rea
335 530 575 584 dactiiia.
632 529 905 585 Trecentos
943 532 1113 585 minus
1150 532 1272 584 auri
1321 532 1540 585 habebat
1590 534 1645 586 in
1679 549 1783 585 uno
1812 537 1860 594 Α
1889 534 2046 596 solet,
2077 543 2131 589 et
2156 545 2459 604 peccatum,
2496 547 2555 591 ut
2578 539 2644 593 de
2656 537 2770 605 jam
2805 541 3032 608 perditis
3062 543 3281 611 regibus
3300 546 3469 602 Israel

208 628 384 680 scuto.
421 618 538 678 Alia
567 634 698 674 vero
712 620 995 679 translatio
1023 621 1097 674 ita
1121 621 1252 675 dicit
1283 639 1295 674 :
1330 620 1398 676 Et
1419 621 1541 690 fecit
1571 638 1662 675 rex
1690 619 1792 678 Sa—

210 710 393 764 lomon
413 720 667 764 trecentas
690 709 899 765 lanceas
921 727 1112 766 aureas
1130 711 1367 765 ductites.
1398 711 1621 766 (lucenti
1639 713 1728 781 qui
1734 728 1793 765 n-

206 800 467 869 quaginta
494 800 640 852 aurei
670 801 872 855 inerant
901 802 954 855 in
979 801 1161 855 lancea
1191 819 1318 865 una,
1346 812 1393 855 et
1420 812 1647 855 trecenta
1674 818 1793 856 scu-

206 899 263 945 ta
294 906 454 944 aurea
480 894 761 954 trecenteni
792 894 941 947 aurei
965 894 1021 947 in
1050 904 1197 947 scuto
1224 910 1351 948 uno.
1375 894 1578 949 Deinde
1605 896 1789 965 sequi-

207 994 303 1039 tur
341 984 620 1056 Scriptura
652 986 804 1055 (vers.
855 986 942 1057 l7)
977 1005 993 1039 ι
1044 983 1332 1056 Posuitque
1372 1003 1437 1039 ea
1470 1002 1561 1040 rex
1602 988 1656 1039 in
1694 987 1791 1039 do—

203 1093 353 1130 mum
401 1076 557 1147 sylva:
586 1077 791 1132 Libani.
821 1077 878 1133 Si
918 1076 1223 1132 Salomonis
1243 1084 1382 1141 erat,
1414 1090 1512 1130 cur
1539 1076 1681 1145 ligna
1703 1089 1793 1129 ce-

204 1168 371 1222 drina
408 1168 476 1222 ab
510 1167 696 1223 Hiram
721 1169 940 1238 petebat
967 1182 1031 1223 ex
1062 1166 1303 1222 Libano?
1347 1182 1454 1221 non
1480 1168 1624 1221 enim
1654 1167 1787 1221 dixit

204 1257 491 1329 Scriptura
518 1260 699 1329 posuit
717 1276 780 1315 ea
803 1259 859 1313 in
885 1270 1057 1313 monte
1077 1257 1245 1312 saltus
1268 1257 1478 1323 Libani,
1502 1258 1596 1313 sed
1617 1259 1673 1311 in
1694 1260 1789 1310 do-

201 1367 293 1403 mo
331 1350 487 1421 sylva:
508 1350 717 1415 Libani,
752 1365 852 1421 per
903 1349 1141 1419 speciem
1186 1347 1469 1403 loeutionis
1509 1362 1523 1399 :
1554 1362 1653 1416 per
1679 1344 1790 1400 etii-

202 1442 440 1497 cientem
483 1442 539 1496 id
585 1443 730 1511 quod
771 1439 1021 1507 eilicitur,
1075 1448 1130 1495 et
1180 1455 1277 1509 per
1323 1439 1689 1493 continentem
1732 1437 1786 1492 id

198 1533 349 1599 quod
374 1531 697 1588 continetur.
744 1530 982 1585 Libanus
1017 1530 1195 1585 dictus
1219 1536 1301 1583 est
1355 1528 1612 1598 templum
1662 1543 1785 1582 cum

197 1622 517 1691 porticibus,
549 1629 605 1676 et
633 1620 931 1685 vestibulis,
958 1630 1122 1689 atque
1148 1618 1383 1673 basilicis
1425 1618 1655 1688 magnis,
1686 1634 1787 1672 un-

196 1712 270 1767 de
286 1713 400 1783 jam
429 1712 497 1767 ad
522 1712 759 1768 litteram
781 1727 944 1781 supra
971 1712 1173 1766 dictum
1196 1718 1277 1765 est
1309 1728 1320 1763 :
1356 1708 1460 1775 Qui
1488 1710 1543 1763 in
1581 1710 1784 1780 quadra

191 1818 295 1872 per
339 1802 614 1855 circuitum
656 1801 951 1860 ambiebant
1000 1800 1268 1871 templum,
1304 1808 1361 1853 et
1400 1800 1535 1868 quia
1593 1815 1781 1855 revera

1896 622 2207 693 frequenter
2234 627 2287 680 in
2324 627 2504 682 divina
2533 627 2814 697 Scriptura
2842 630 3007 685 dicit:
3046 630 3170 685 Non
3193 637 3403 689 recessit
3434 656 3467 691 a

1892 716 2116 781 peccatis
2131 714 2469 782 Hieroboam,
2485 718 2572 787 qui
2592 720 2819 788 peccavit
2843 730 2889 772 et
2907 735 3118 790 peccare
3132 722 3252 791 fecit
3273 724 3463 780 Israel.

1895 803 2146 871 Peccata,
2170 807 2258 861 hic
2293 824 2414 862 cum
2446 809 2518 862 sit
2546 825 2733 873 unum,
2780 806 3060 879 pluraliter
3084 823 3306 883 propter
3334 816 3470 871 duos

1891 898 2089 952 vitulos
2109 900 2306 968 posuit.
2336 900 2711 970 Ignominiam,
2748 911 2803 955 et
2832 904 3037 965 sordes,
3073 914 3131 958 ut
3163 906 3376 975 Moyses
3414 909 3467 962 in

1890 987 2079 1043 Exodo
2106 989 2171 1043 de
2198 988 2322 1044 ﬁliis
2349 990 2514 1045 Israel
2537 990 2774 1061 loquitur
2792 990 2989 1063 (Exod.
3009 995 3096 1047 52.
3116 996 3207 1065 25)
3230 1012 3243 1049 :
3264 998 3469 1069 Exspo—

1890 1078 2106 1133 Iiaverat
2127 1082 2264 1136 enim
2296 1098 2383 1134 eos
2415 1080 2491 1151 (id
2536 1092 2621 1137 est
2648 1083 2827 1137 Aaron
2874 1084 3012 1138 ﬁlios
3040 1085 3227 1156 Israel)
3257 1098 3469 1157 propter

1888 1169 2230 1237 ignominiam
2255 1169 2446 1234 sordis,
2473 1179 2523 1224 et
2554 1172 2691 1224 inter
2711 1172 2881 1226 hostes
2932 1174 3130 1227 nudum
3180 1178 3466 1230 constitue—

1889 1266 1993 1323 rat,
2057 1258 2107 1313 id
2151 1270 2235 1314 est
2255 1258 2569 1314 destitutum
2612 1261 2814 1331 absque
2859 1264 3059 1338 auxilio
3082 1265 3197 1320 Dei.
3259 1266 3466 1334 Iniqui-

1890 1356 1973 1404 tas
2024 1349 2223 1408 dicitur
2252 1350 2517 1405 idolorum
2542 1351 2769 1416 cultura,
2798 1353 2905 1420 (10.
2938 1354 3024 1422 10)
3056 1356 3198 1410 sicut
3235 1357 3289 1409 in
3322 1356 3465 1412 Osca

1888 1442 2153 1513 prepheta
2203 1443 2337 1497 duos
2385 1444 2604 1507 vitulos,
2656 1445 2791 1499 duas
2846 1447 3088 1499 nominat
3135 1449 3463 1517 iniquitates.

1888 1530 2216 1597 Fornieatio,
2248 1532 2429 1587 multis
2453 1533 2625 1589 modis
2666 1535 2722 1589 in
2750 1530 3030 1605 prophetis
3067 1539 3329 1592 nominari
3384 1553 3471 1593 so-

1888 1619 1981 1674 let.
2014 1619 2166 1675 Sicut
2189 1629 2244 1675 et
2272 1621 2401 1676 illud
2433 1620 2567 1693 (Jer.
2594 1622 2646 1676 ὅ.
2678 1623 2729 1696 1)
2768 1639 2782 1676 :
2814 1635 2868 1677 tu
2908 1632 3083 1679 autem
3119 1627 3383 1694 fornicata
3407 1645 3463 1681 es

1888 1728 2007 1765 cum
2037 1712 2381 1778 amatoribus,
2412 1714 2464 1768 id
2492 1723 2576 1768 est
2606 1730 2701 1784 pro
2724 1718 3002 1785 proposito
3033 1734 3143 1772 uno
3178 1719 3306 1785 Deo,
3338 1734 3465 1773 cum

1888 1816 1996 1870 quo
2024 1801 2305 1871 spirituale
2333 1803 2663 1857 connubium
2696 1820 2818 1858 cum
2866 1808 3119 1860 castitate
3156 1809 3356 1862 mentis
3388 1816 3466 1863 te-

194 1907 339 1961 opus
364 1907 618 1963 magnum
635 1899 773 1956 erat,
812 1892 983 1946 multa
1012 1890 1157 1961 ligna
1185 1889 1401 1955 Libani,
1418 1898 1473 1944 et
1495 1890 1780 1945 innumera
1810 1878 1857 1939 Β
1886 1905 2018 1946 nere
2045 1891 2304 1958 debuisti,
2347 1892 2562 1948 servisti
2592 1893 2695 1949 diis
2736 1894 2941 1959 multis,
2989 1904 3043 1949 et
3068 1897 3149 1951 sic
3178 1897 3467 1952 infeliciter

194 1981 401 2035 ibidem
427 1990 607 2046 erant,
640 1981 764 2035 ideo
808 1983 1108 2035 vocabatur
1149 1980 1293 2050 sylva
1332 1980 1543 2045 Libani,
1600 1980 1695 2034 sed
1728 1988 1785 2034 et

194 2072 377 2142 ipsum
410 2068 669 2141 templum
713 2071 944 2125 Libanus
991 2071 1047 2124 in
1078 2070 1357 2140 Scriptura
1406 2079 1652 2135 vocatur,
1699 2070 1784 2124 di-

192 2172 357 2220 cente
382 2164 646 2218 Zacharla
689 2164 950 2234 propheta
991 2163 1075 2233 (η.
1110 2163 1163 2232 1)
1196 2180 1209 2215 :
1255 2164 1414 2233 Aperi
1438 2162 1633 2215 Libane
1653 2178 1779 2232 por-

190 2263 287 2306 tas
306 2263 447 2317 tuas,
474 2262 522 2307 et
554 2254 790 2307 comedat
828 2254 961 2322 ignis
997 2253 1176 2306 cedrus
1208 2262 1357 2317 tuos;
1408 2254 1501 2307 sed
1534 2260 1589 2305 et
1630 2250 1781 2307 Jere-

189 2342 336 2397 mias
373 2343 634 2396 adversus
664 2340 870 2397 Selium
915 2342 1082 2397 ﬁlium
1127 2339 1291 2397 Josiae
1344 2342 1486 2413 regis
1515 2343 1657 2397 inter
1684 2358 1787 2398 cae-

190 2445 313 2490 tera
357 2437 436 2491 sic
488 2436 563 2490 ait
590 2435 701 2507 (92.
746 2435 836 2504 22)
866 2454 878 2490 :
913 2434 1107 2490 Omnes
1154 2444 1392 2506 pastores
1442 2444 1559 2489 tuos
1608 2445 1783 2505 pascet

187 2536 392 2588 ventus,
426 2534 475 2578 et
507 2534 768 2580 amatores
789 2526 865 2579 tui
911 2526 966 2579 in
989 2527 1341 2595 captivitatem
1364 2526 1511 2578 ibunt
1535 2544 1551 2577 :
1584 2536 1630 2578 et
1656 2535 1801 2598 tunc

186 2615 555 2684 confunderis,
606 2624 653 2669 et
698 2614 966 2669 erubescas
998 2616 1061 2667 ab
1090 2617 1233 2669 omni
1282 2614 1489 2668 malitia
1539 2625 1654 2679 tua,
1691 2616 1781 2686 qui

186 2706 341 2761 sedes
382 2708 437 2761 in
485 2706 704 2772 Libano,
742 2717 788 2760 et
827 2706 1071 2776 nidificas
1121 2708 1177 2760 in
1227 2707 1417 2761 cedria.
1477 2708 1532 2762 In
1574 2707 1781 2765 Libano

186 2797 342 2852 enim
381 2796 485 2851 illis
514 2806 633 2851 erat
655 2797 869 2862 sedere,
911 2811 1063 2867 spem
1122 2798 1436 2854 salvationis
1478 2815 1590 2854 suae
1616 2800 1781 2855 habe-

185 2902 252 2945 re
278 2905 378 2959 per
404 2890 682 2959 templum.
724 2891 781 2946 In
820 2891 998 2947 cedris
1047 2893 1347 2957 nidiﬁcare,
1405 2904 1526 2949 erat
1554 2906 1778 2967 propter

185 2978 418 3033 mditicia
456 2978 638 3048 templi
668 2988 986 3048 peccantem
1010 2981 1265 3050 populum
1311 2984 1529 3046 salvari,
1558 2999 1623 3038 ne
1648 2988 1777 3053 pro-

184 3078 314 3140 pter
359 3069 612 3123 meritum
642 3069 785 3125 illius
814 3069 919 3125 loci
952 3071 1381 3140 captivarentur.
1422 3073 1661 3129 Libanns
1686 3091 1781 3129 au-

187 3169 302 3215 tem
332 3161 510 3214 dictus
541 3168 624 3214 est
666 3175 824 3214 mons
871 3160 1116 3231 frigidus,
1168 3171 1223 3217 et
1253 3166 1511 3219 convallis
1537 3166 1591 3219 in
1618 3165 1773 3237 Syria

183 3249 484 3307 thnicice
523 3266 641 3320 qua:
679 3250 780 3305 fuit
828 3253 1109 3320 possessio
1144 3252 1574 3310 Chananccarum
1605 3258 1781 3310 immi-

184 3356 327 3395 nens
356 3342 494 3394 mari
528 3355 743 3412 magno,
799 3357 1030 3411 quorum
1072 3345 1395 3413 metropolis
1432 3345 1533 3400 fuit
1580 3346 1775 3415 Tyrus.

185 3427 513 3498 Undeligna
549 3429 772 3484 cedrina
809 3431 1059 3500 abiegna,
1103 3438 1266 3501 atque
1309 3435 1507 3502 punica
1565 3436 1775 3491 Sidonii

182 3516 537 3587 deponebant
578 3518 631 3572 in
660 3520 805 3573 mari
842 3535 1060 3591 magno,
1112 3523 1312 3577 etinde
1338 3524 1392 3578 in
1436 3526 1643 3581 ratibus
1685 3544 1779 3582 ve-

184 3612 419 3667 niebant
460 3627 557 3683 per
580 3630 730 3668 mare
758 3630 927 3685 usque
954 3616 1027 3669 ad
1048 3614 1240 3686 Jopen,
1298 3626 1352 3673 et
1399 3618 1524 3674 inde
1561 3636 1659 3689 per
1684 3637 1779 3675 an-

182 3702 340 3771 garia
368 3700 530 3760 boum
558 3716 655 3770 per
683 3702 967 3757 milliarios
988 3707 1343 3775 quadraginta
1372 3723 1545 3776 usque
1572 3710 1777 3764 udilie-

188 3791 454 3845 rusalem.
523 3790 675 3845 Mons
696 3792 838 3845 enim
865 3791 967 3846 iste
992 3808 1021 3845 a
1054 3796 1289 3849 candore
1319 3796 1543 3861 nivium,
1580 3813 1775 3853 nomen

184 3883 403 3953 accepit
446 3881 696 3937 Libanus.
722 3884 959 3938 Libanus
991 3886 1134 3941 enim
1158 3887 1385 3947 candor,
1444 3888 1557 3942 sive
1580 3890 1769 3943 candi-

183 3972 335 4027 datio
357 3972 767 4040 interpretatur.
805 3972 1069 4028 Similiter
1095 3982 1149 4028 et
1186 3975 1441 4043 templum
1473 3976 1604 4031 illud
1641 3992 1772 4046 pro-

181 4070 310 4132 pter
342 4061 678 4115 altitudinem
713 4063 996 4127 mtnnium,
1028 4074 1084 4118 et
1124 4066 1521 4130 excellentiam,
1556 4069 1640 4121 vel
1670 4068 1773 4122 lul-

183 4167 395 4224 gorem.
427 4160 519 4206 aut
546 4153 835 4207 candorem
866 4154 1134 4223 parietum
1164 4156 1271 4210 tale
1294 4172 1489 4211 nomen
1520 4159 1771 4214 sortitum

180 4249 292 4299 est.

894 4335 1061 4391 XXX.

257 4424 455 4480 Merito
485 4426 654 4494 quaeri
689 4425 848 4480 debet
875 4426 1034 4494 (licet
1066 4427 1169 4481 hoc
1213 4434 1269 4480 tu
1299 4441 1403 4481 non
1432 4427 1767 4498 interrogas-

182 4513 297 4584 ses)
344 4514 472 4582 quid
525 4514 615 4578 sit,
678 4514 821 4582 quod
846 4516 947 4568 hoc
987 4515 1041 4568 in
1069 4515 1230 4580 libro,
1264 4516 1327 4570 de
1360 4517 1661 4587 sacrilegis,
1714 4526 1769 4572 et

180 4604 653 4673 sceleratislsrael
695 4606 929 4676 regibus,
961 4606 1273 4676 frequenter
1299 4608 1445 4662 dicat
1480 4607 1762 4677 Scriptura

180 4697 371 4751 divina
406 4716 419 4750 :
453 4697 674 4768 fecitque
706 4697 844 4766 quod
868 4708 979 4751 erat
1032 4697 1229 4751 malum
1260 4699 1316 4751 in
1350 4712 1627 4767 conspectu
1657 4700 1766 4753 Do-

181 4788 317 4841 mini
341 4804 361 4839 :
397 4795 455 4840 et
482 4802 605 4841 cum
635 4786 745 4840 sint
792 4787 959 4841 multa
1006 4788 1282 4841 hominum
1326 4788 1488 4851 mala,
1539 4798 1762 4858 praeter-

179 4875 370 4929 missis
420 4876 670 4930 omnibus
697 4875 873 4940 malis,
911 4876 1262 4947 singulariter
1313 4892 1478 4931 unum
1524 4881 1766 4933 nominat

179 4964 410 5029 malum,
448 4964 515 5019 ad
536 4963 690 5033 cujus
730 4967 1191 5035 comparationem
1224 4976 1417 5022 caetera
1448 4967 1588 5021 mala
1638 4984 1761 5023 cum

179 5054 292 5108 sint
315 5052 480 5119 mala,
518 5054 670 5124 quasi
711 5070 779 5109 ne
808 5054 946 5108 mala
977 5071 1099 5111 esse
1124 5057 1393 5112 videntur.
1435 5058 1588 5113 Sicut
1617 5059 1763 5113 enim

180 5146 250 5199 ad
276 5147 735 5215 comparationem
772 5146 916 5208 boni,
969 5147 1142 5203 bonus
1167 5148 1431 5204 bonorum
1462 5150 1601 5204 Deus
1628 5148 1765 5207 dici-

182 5245 307 5302 tur,
352 5244 407 5291 et
461 5237 694 5293 Sanctus
742 5238 1091 5305 Sanctorum,
1123 5249 1180 5294 ct
1231 5241 1464 5295 Deorum
1520 5241 1680 5306 Deus,
1713 5250 1767 5296 et

180 5332 448 5387 Dominus
492 5333 865 5399 Dominorum,
893 5336 966 5389 ita
1000 5336 1051 5389 in
1073 5334 1231 5390 factis
1267 5336 1568 5399 hominum,
1604 5343 1765 5405 atque

181 5423 354 5495 gestis
400 5423 663 5478 idolorum
701 5425 911 5480 cultura
950 5425 1147 5480 malum
1190 5427 1468 5492 malorum,
1508 5434 1563 5481 et
1596 5427 1762 5481 scelus

180 5514 458 5578 scelerum,
484 5522 539 5569 et
563 5526 829 5585 peccatum
855 5528 1187 5587 peccatorum
1216 5518 1319 5573 dici
1348 5526 1544 5586 potest.
1586 5518 1683 5575 llic
1706 5519 1762 5574 in

180 5604 366 5658 divina
394 5603 695 5675 Scriptura,
723 5614 777 5661 et
814 5608 1086 5678 iniquitas,
1119 5616 1174 5663 et
1201 5608 1540 5673 abominatio,
1574 5617 1630 5665 et
1653 5627 1766 5665 sor-

181 5698 272 5752 des
304 5708 359 5752 ct
380 5708 670 5766 peccatum,
706 5707 760 5753 et
787 5698 1090 5769 fornicatio,
1121 5706 1174 5754 et
1202 5699 1452 5755 odiositas
1497 5701 1762 5755 nominari

1886 1981 1941 2036 in
1979 1981 2143 2036 corde
2170 1989 2263 2037 tuo
2296 1982 2584 2051 prostituta
2608 1997 2668 2037 es
2719 1998 2843 2038 cum
2878 1986 3212 2041 amatoribus
3257 1985 3464 2051 mltis,

1884 2070 1939 2125 id
1968 2080 2054 2126 est
2099 2071 2453 2125 daemonibus.
2496 2071 2649 2126 Licet
2704 2073 2851 2127 enim
2886 2073 3118 2142 quisque
3172 2090 3337 2128 unum
3380 2074 3464 2127 vi-

1884 2160 2075 2223 deatur
2095 2160 2291 2226 colere,
2329 2170 2422 2215 aut
2462 2161 2693 2217 adorare
2741 2162 3075 2232 ﬁgmentum,
3109 2164 3162 2218 in
3186 2165 3304 2234 ipso
3330 2170 3463 2229 uno,

1883 2252 2047 2305 omni
2081 2251 2289 2306 militiae
2326 2251 2628 2315 dzemonum
2670 2254 2857 2307 servit.
2899 2251 3008 2307 Sed
3035 2254 3163 2322 quia
3186 2268 3243 2307 se
3282 2265 3466 2308 sermo

1884 2340 1953 2395 de
1985 2342 2423 2407 simulacrorum,
2453 2352 2616 2412 atque
2645 2344 2909 2398 idolorum
2944 2345 3155 2398 cultura
3190 2345 3465 2413 opposuit,

1884 2433 2143 2488 debemus
2174 2433 2531 2503 etymologias
2583 2433 2861 2489 nominum
2891 2434 3103 2489 illorum
3135 2434 3470 2502 exprimere,

1882 2534 1943 2578 ut
1971 2525 2223 2580 noverint
2255 2532 2444 2578 nostra
2473 2531 2734 2591 tempora,
2781 2525 2866 2578 cui
2907 2524 3050 2578 malo
3088 2524 3336 2578 serviunt
3360 2525 3462 2579 ho-

1883 2616 2076 2669 mines.
2128 2613 2489 2669 Simulacrum
2525 2620 2608 2668 est
2641 2599 2836 2683 ﬁgura,
2876 2612 3203 2681 exemplum,
3232 2610 3465 2683 elllgies,

1886 2703 2217 2773 ﬁgmentum,
2248 2685 2460 2767 forma:
2475 2702 2679 2766 vultus,
2712 2709 2989 2770 aspectus,
3015 2702 3247 2770 species,
3272 2701 3468 2755 simili-

1886 2794 2033 2847 tudo.
2080 2791 2511 2847 Simulacrorum
2573 2806 2704 2846 usus
2744 2798 2996 2845 exortum
3046 2797 3164 2854 est,
3219 2804 3344 2844 cum
3398 2804 3465 2846 ex

1883 2883 2156 2937 desiderio
2229 2890 2571 2936 mortuorum
2638 2880 3103 2935 constituerentur
3169 2880 3463 2951 imagines,

1882 2973 1969 3029 vel
2005 2973 2207 3043 efﬁgies
2256 2980 2513 3041 tanquam
2572 2971 2626 3024 in
2668 2971 2863 3023 canum
2910 2980 3252 3040 receptarum
3305 2969 3463 3039 (Sap.

1885 3064 1972 3119 M.
2002 3064 2089 3135 15)
2118 3078 2216 3133 pro
2263 3064 2460 3132 quibus
2488 3077 2546 3117 se
2587 3062 2641 3115 in
2685 3060 2847 3114 terris
2891 3059 3164 3113 daemones
3208 3058 3464 3115 colendos

1884 3162 2268 3225 apposuerunt,
2303 3162 2359 3209 et
2380 3153 2481 3208 sibi
2505 3151 2815 3207 sacriﬁcare
2841 3166 2872 3208 a
2901 3150 3163 3218 deceptis,
3200 3158 3254 3204 et
3282 3151 3465 3220 perdi-

1808 3221 1851 3283 C
1883 3221 1969 3301 ti-s—
2012 3246 2321 3300 hominibus
2380 3250 2688 3303 suaserunt.
2739 3240 2982 3295 Fuerunt
3041 3240 3185 3293 enim
3238 3239 3461 3308 quidam

1880 3350 2069 3391 eorum
2113 3336 2214 3389 viri
2246 3334 2435 3399 fortes,
2500 3340 2593 3387 aut
2618 3332 2835 3385 urbium
2874 3330 3207 3394 conditores,
3263 3331 3462 3398 quibus

1881 3426 2109 3481 mortuis
2137 3426 2406 3488 homines,
2447 3423 2541 3492 qui
2571 3434 2665 3483 eos
2694 3422 2999 3485 dilexerunt
3030 3420 3323 3477 simulacra
3356 3418 3459 3482 ﬁa-

1881 3526 2099 3579 xerunt,
2146 3524 2206 3571 ut
2248 3515 2517 3569 baberent
2546 3512 2765 3581 aliquod
2790 3526 2859 3575 ex,
2885 3511 3181 3580 imaginum
3216 3517 3461 3571 conten»

1878 3614 2115 3683 platione
2167 3611 2439 3673 solatium,
2461 3610 2569 3665 sed
2621 3608 2881 3679 paulatim
2927 3619 2954 3648 ι
3000 3608 3147 3661 hunc
3191 3620 3458 3670 errorem.

1877 3704 2328 3775 persuadentibus
2366 3702 2648 3756 daemoniis
2702 3702 2775 3755 ita
2827 3701 2881 3754 in
2928 3701 3159 3769 posteris
3210 3700 3455 3768 irrepsit,

1876 3804 1937 3849 ut
1963 3810 2099 3864 quos
2122 3794 2196 3849 illi
2218 3808 2317 3863 pro
2341 3792 2457 3846 sola
2484 3791 2720 3846 nominis
2745 3791 3005 3844 memoria
3031 3791 3457 3854 bonoraverunt,

1877 3897 2220 3939 successores
2241 3896 2428 3934 eorum
2464 3880 2607 3933 Deos
2654 3879 3049 3943 existimarent,
3108 3888 3272 3945 atque
3306 3878 3462 3937 cole-

1878 3985 2019 4030 rent.
2082 3972 2383 4028 Simulacra
2430 3980 2613 4025 autem
2649 3986 2677 4025 a
2711 3969 3071 4025 similitudine
3118 3978 3454 4037 nuncupata,

1874 4067 2030 4136 quasi
2070 4064 2342 4128 simulata,
2386 4078 2452 4117 eo
2483 4062 2626 4131 quod
2658 4077 2821 4116 manu
2876 4060 3103 4115 artiﬁcis
3143 4075 3215 4115 ex
3257 4060 3454 4129 lapide,

1876 4158 1961 4214 vel
1991 4158 2095 4211 alia
2148 4156 2375 4211 materia
2419 4170 2608 4209 eorum
2656 4153 2838 4208 vultus
2892 4154 3199 4216 imitantur,
3236 4152 3291 4205 in
3322 4168 3458 4222 quo-

1872 4265 1993 4303 rum
2042 4249 2247 4303 honore
2285 4248 2579 4315 tinguntur.
2615 4244 2756 4313 Ergo
2795 4242 3106 4307 simulacra,
3144 4242 3229 4297 vel
3252 4258 3351 4311 pro
3390 4258 3457 4297 eo

1872 4340 2016 4410 quod
2040 4339 2154 4393 Diis
2171 4337 2391 4401 similia,
2406 4334 2490 4389 vel
2513 4350 2618 4404 pro
2640 4349 2707 4387 eo
2725 4333 2999 4397 simulata,
3018 4341 3181 4402 atque
3198 4333 3452 4397 conﬁcta,

1871 4438 2137 4485 vocantur
2168 4446 2179 4480 :
2213 4427 2356 4481 unde
2382 4435 2436 4479 et
2458 4424 2595 4479 falsa
2632 4433 2776 4479 sunt.
2808 4424 3009 4478 Iterum
3036 4425 3237 4479 idolum
3268 4434 3355 4479 est
3382 4425 3457 4482 si-

1873 4517 2193 4579 mulacrum,
2233 4515 2375 4583 quod
2419 4514 2655 4567 humana
2678 4511 2856 4581 eﬂigie
2885 4512 3116 4577 factum,
3157 4522 3213 4567 et
3257 4529 3452 4569 conse-

1873 4614 2081 4661 cratum
2136 4613 2220 4659 est
2265 4603 2422 4673 juxta
2470 4602 2721 4657 vocabuli
2760 4604 2843 4656 sui
2890 4604 3392 4672 interpretationem
3435 4624 3448 4660 :

1872 4698 1999 4751 ldos
2039 4697 2182 4754 enim
2216 4694 2403 4750 Graece
2450 4694 2621 4761 forma
2670 4699 2848 4755 sonat,
2889 4699 2946 4745 et
2987 4692 3129 4746 idem
3160 4708 3258 4762 per
3294 4694 3454 4749 dimi-

1869 4789 2148 4842 nationem
2175 4794 2331 4840 sonat
2359 4782 2559 4836 idolum
2592 4780 2797 4835 dictum
2828 4782 2931 4835 hoc
2979 4783 3129 4851 quod
3156 4783 3310 4855 .apud
3350 4798 3453 4839 nos

1869 4878 2099 4952 formula
2152 4887 2326 4935 sonat.
2384 4877 2553 4947 Igitur
2602 4875 2781 4929 omnis
2834 4874 3028 4940 forma,
3093 4876 3179 4930 vel
3221 4875 3451 4931 formula

1870 4971 2071 5026 idolum
2101 4986 2159 5024 se
2189 4970 2293 5023 dici
2320 4967 2582 5038 exposcit.
2608 4966 2909 5020 Idololatria
2932 4966 3254 5022 idololorum
3280 4968 3453 5022 servi-

1868 5069 1978 5125 tus,
2011 5061 2122 5115 sive
2152 5059 2360 5114 cultura
2392 5059 2800 5125 interpretatur.
2856 5056 2992 5109 Nam
3026 5056 3188 5111 [atria
3237 5057 3450 5123 Grmce,

1869 5152 2035 5205 latine
2061 5151 2278 5205 servitus
2338 5148 2556 5211 dicitur,
2604 5162 2725 5215 qua
2748 5157 3018 5216 quantum
3050 5148 3118 5201 ad
3142 5162 3327 5201 veram
3362 5164 3450 5204 re-

1868 5240 2122 5311 ligionem
2151 5238 2404 5308 pertinet,
2461 5237 2673 5293 nonnisi
2702 5246 2759 5291 et
2786 5237 2885 5291 soli
2922 5237 3032 5291 Deo
3079 5239 3327 5292 debetur.
3367 5238 3446 5293 Ac

1872 5332 1916 5384 si
1942 5338 2002 5384 ut
2022 5329 2185 5397 impia
2215 5326 2497 5398 superbia,
2523 5327 2636 5380 sive
2668 5327 2967 5390 hominum,
3003 5326 3117 5381 sive
3142 5327 3449 5381 dannonum

1828 5420 1973 5475 ’sibi
2009 5418 2287 5480 exhibere,
2339 5416 2426 5470 vel
2468 5415 2644 5483 jubet,
2694 5415 2779 5469 vel
2805 5417 2975 5486 cupit,
3010 5417 3085 5470 ita
3117 5417 3201 5485 pia
3233 5417 3448 5471 lmmili-

1869 5522 1976 5579 tas,
2014 5511 2094 5566 vel
2143 5510 2446 5573 hominum,
2486 5508 2567 5562 vel
2617 5509 2947 5579 Angelorum
2995 5520 3307 5565 sanctorum
3340 5512 3443 5564 sibi

1866 5605 2105 5661 oblatam
2133 5609 2373 5664 recusat,
2416 5608 2470 5653 et
2496 5599 2584 5654 cui
2616 5600 2898 5664 debeatur,
2928 5600 3183 5654 ostendit.
3214 5598 3445 5667 Quidam

1869 5710 1999 5753 vero
2033 5694 2187 5749 latini
2239 5693 2557 5762 ignorantes
2600 5705 2788 5761 graecae
2816 5691 3011 5761 linguae
3039 5691 3440 5762 etymologiam,

252 5844 281 5876 ι
318 5830 379 5889 Id
415 5840 497 5887 cst
523 5831 606 5886 hic
644 5845 832 5887 error:
866 5831 948 5887 vel
982 5831 1097 5902 lege
1130 5848 1143 5883 :
1177 5830 1313 5884 hunc
1356 5845 1584 5885 errorem
1619 5822 2050 5899 persuadentibus
2080 5821 2374 5889 daemoniis,
2404 5821 2448 5877 is
2479 5821 2706 5892 irrepsit,
2736 5827 2813 5889 ut,
2839 5826 2943 5877 etc.
