3906 6332
459 375 561 430 837

1525 368 1801 427 CLAUDII
1841 365 2301 425 TAURINENSIS
2341 363 2642 420 EPISCOI‘I

3624 363 3719 417 828

458 488 707 558 hnperite
758 486 948 540 dicunt
991 484 1191 539 idolum
1243 502 1307 538 ex
1338 485 1458 539 dolo
1488 486 1783 554 sumpsisse
1820 499 2033 543 nomen,
2067 495 2116 551 Α
2143 499 2272 536 num
2315 491 2429 547 est,
2480 481 2657 551 qualis
2703 484 2938 552 cognitio
2973 482 3274 547 creatoris,
3330 495 3385 537 et
3426 485 3720 538 runetlium

457 594 528 634 eo
556 576 697 647 quod
737 576 983 632 diabolus
1035 585 1298 630 creatura:
1343 575 1548 630 cultum
1599 575 1768 630 divini
1808 574 2044 629 nominis

459 668 684 723 Invexit.
712 665 1005 721 Sciendum
1046 680 1395 735 summopere
1418 675 1520 729 est,
1559 666 1682 734 quia
1710 681 1817 720 non
1869 665 2041 720 solum

462 758 558 828 qui
607 755 840 811 visibilia
893 755 1174 826 ﬁgmenta,
1236 764 1400 823 atque
1445 755 1711 825 imagines
1759 753 1907 819 colit,
1948 753 2044 809 sed

459 849 623 904 etiam
649 848 945 916 quamlibet
972 848 1088 900 sive
1118 846 1416 910 caelestem,
1448 847 1562 900 sive
1593 855 1887 910 terrenam,
1931 845 2045 900 sive

460 938 819 1008 spiritualem,
865 938 980 992 sive
1023 952 1340 1006 corpoream
1392 944 1724 1000 creaturam,
1767 936 1886 990 vice
1948 949 2046 988 no-

461 1028 624 1082 minis
655 1027 751 1081 Dei
778 1027 905 1081 colit
929 1038 976 1088 8,
1007 1033 1062 1080 et
1093 1026 1321 1080 salutem
1353 1027 1545 1080 animae
1580 1041 1712 1090 sum,
1741 1040 1860 1093 qua:
1893 1039 1923 1078 a
1954 1039 2045 1078 so-

462 1118 514 1172 lo
541 1118 652 1172 Deo
681 1126 786 1182 est,
839 1117 908 1171 ab
959 1117 1068 1171 illis
1097 1125 1305 1185 sperat,
1348 1115 1414 1170 de
1467 1117 1569 1170 illis
1596 1124 1702 1180 est,
1760 1117 1826 1170 de
1851 1116 2046 1184 quibus

461 1211 592 1266 dicit
619 1211 910 1281 Apostolus
948 1209 1123 1279 (Rom.
1155 1226 1192 1264 ι.
1229 1209 1345 1277 25.)
1382 1226 1394 1261 :
1431 1209 1494 1262 Et
1524 1208 1818 1270 coluerunt,
1861 1217 1908 1261 et
1938 1225 2047 1261 ser-

461 1303 662 1356 vierunt
695 1312 953 1355 creatura,-
975 1301 1148 1369 potius
1183 1317 1343 1369 quam
1372 1299 1630 1365 Creatori,
1679 1301 1768 1370 qui
1793 1309 1866 1353 est
1890 1315 2047 1368 super

463 1393 638 1446 omnia
661 1391 804 1445 Deus
838 1390 1132 1445 benedictus
1153 1391 1206 1443 in
1235 1389 1430 1444 saecula
1460 1405 1477 1442 :
1509 1391 1575 1444 Et
1596 1392 1660 1446 de
1695 1391 1892 1461 quibus
1913 1390 2048 1444 dicit

463 1480 731 1550 Propheta
767 1479 984 1552 (Jerent.
1038 1482 1123 1534 17.
1168 1481 1291 1553 5.);
1338 1481 1652 1537 Maledictus
1712 1482 1888 1546 homo,
1937 1481 2026 1550 qui

462 1587 605 1641 spem
647 1589 798 1625 suam
845 1572 990 1641 ponit
1039 1573 1093 1626 in
1134 1573 1363 1636 homine,
1402 1583 1450 1626 et
1495 1590 1528 1626 a
1576 1571 1801 1626 Domino
1856 1572 2045 1624 recedit

464 1679 556 1716 cor
595 1663 731 1732 ejus.
780 1661 1073 1720 Sciendum
1118 1678 1287 1729 sane,
1346 1663 1490 1733 quod
1539 1671 1728 1733 gentes
1784 1661 1888 1716 diis
1933 1662 2046 1716 suis

465 1766 659 1806 nomen
710 1751 1007 1814 simulacri,
1046 1753 1131 1808 vel
1174 1754 1302 1809 idoli
1358 1770 1465 1808 non
1513 1754 1904 1823 imposuerunt,
1949 1752 2044 1807 sed

2145 571 2685 639 peccatorum.inid
2719 581 2898 627 tamen
2932 574 3034 627 ista
3064 573 3405 643 signiﬁcent,
3438 575 3495 628 in
3527 589 3721 643 pracs-

2146 661 2290 716 denti
2321 662 2458 718 libro
2480 661 2802 718 sullicienter
2827 663 3130 732 expositum
3161 671 3262 716 est.

2812 750 3046 808 XXXIII.

2225 842 2450 913 (πει.)
2481 841 2618 897 Diett
2639 844 2802 897 etiam
2823 845 3011 898 eadem
3045 842 3347 913 Scriptura,
3371 846 3521 914 quod
3557 855 3726 908 tanta,

2147 948 2211 986 ac
2238 933 2361 987 talis
2409 932 2578 987 fames
2607 933 2748 987 facta
2794 942 2878 988 est
2912 935 2962 987 in
2993 933 3260 1002 Samaria,
3305 943 3362 989 et
3394 936 3602 988 tamdiu
3642 936 3730 988 ob-

2147 1037 2296 1076 sessa
2323 1023 2517 1076 civitas
2555 1031 2670 1087 est,
2719 1024 2890 1077 donec
2935 1024 3333 1078 venundaretur
3377 1033 3545 1092 caput
3594 1025 3729 1077 asini

2147 1115 2418 1184 octoginta
2448 1115 2752 1183 argenteis,
2789 1124 2843 1169 et
2889 1125 3081 1184 quarta
3124 1131 3249 1184 pars
3294 1117 3414 1184 capi
3467 1117 3734 1169 stercoris

2148 1206 2520 1260 columbarum
2568 1206 2806 1274 quinque
2852 1207 3140 1274 argenteis.
3175 1205 3305 1274 Capi
3339 1208 3607 1260 stercoris
3641 1223 3728 1258 ηι-

2147 1296 2344 1351 scicula
2367 1298 2598 1365 gutturis
2621 1297 2841 1366 intelligi
2862 1306 3053 1366 potest,
3071 1307 3297 1366 excepto
3319 1299 3465 1366 quod
3494 1299 3734 1351 nominis

2148 1386 2468 1455 ambiguitas
2498 1402 2594 1442 nos
2635 1388 2828 1443 dubios
2873 1387 3067 1450 reddit,
3099 1389 3240 1456 quod
3286 1405 3394 1442 non
3442 1389 3522 1442 ait
3547 1401 3731 1458 caput.

2147 1484 2238 1529 aut
2267 1476 2476 1544 capitis.
2510 1476 2743 1532 Obsessa
2768 1479 2912 1532 enim
2939 1479 3105 1532 multo
3128 1489 3368 1547 tempore
3387 1480 3456 1533 ab
3483 1481 3736 1534 hostibus

2147 1566 2356 1629 civitas,
2407 1565 2534 1620 dum
2579 1566 2709 1621 nulli
2760 1568 3036 1622 hominum
3079 1584 3328 1638 egressus
3371 1578 3612 1638 pateret,
3647 1585 3736 1623 cor

2147 1657 2341 1711 lnmbaa
2378 1656 2561 1712 libera:
2600 1658 2828 1712 volando
2858 1659 3169 1715 ferebantur
3199 1661 3253 1714 in
3290 1676 3483 1731 agros,
3521 1661 3640 1715 sive
3670 1663 3736 1714 ad

2145 1747 2440 1801 exercitum
2473 1787 2488 1812 ,
2533 1755 2588 1801 et
2634 1747 2850 1803 invento
2897 1764 3063 1819 grano
3107 1749 3389 1820 replebant
3433 1750 3739 1804 vescicnlas

466 1841 637 1896 sancti
680 1841 773 1894 Dei
812 1841 1059 1895 homines
1115 1843 1281 1897 divini
1323 1843 1576 1906 nominis,
1630 1851 1686 1896 et
1731 1842 1891 1895 unius
1945 1840 2036 1895 Dei
2069 1841 2114 1898 B
2143 1838 2406 1908 gutturis.
2441 1845 2496 1892 et
2525 1838 2628 1892 hac
2653 1839 2839 1893 eadem
2871 1840 3004 1893 hora
3037 1854 3297 1910 regressae
3334 1839 3390 1893 in
3420 1840 3729 1902 civitatem.

466 1929 743 1996 cultores,
796 1931 900 1985 diis
945 1931 1186 1996 gentium
1217 1931 1322 1985 tale
1358 1947 1552 1986 nomen
1579 1932 1977 2001 imposuerunt.

1173 2021 1364 2076 XXXI.

532 2111 920 2166 Praetermissis
947 2111 1268 2180 quihusdam
1299 2112 1704 2182 quaestiunculis
1743 2111 1882 2173 tuis,
1925 2125 2044 2179 qua:

464 2206 516 2260 in
547 2200 916 2270 superioribus
946 2199 1097 2254 libris
1125 2210 1251 2254 sunt
1282 2201 1394 2271 jam
1437 2201 1623 2255 solutae
1647 2241 1661 2265 ,
1702 2201 1772 2256 ad
1809 2202 1860 2256 id
1899 2201 2042 2268 quod

464 2295 647 2353 IIcIias
673 2298 808 2350 dixit
839 2297 903 2350 de
931 2296 1119 2351 Achab
1148 2297 1262 2368 (III
1293 2297 1418 2367 Reg.
1447 2299 1536 2351 2|.
1565 2299 1690 2369 ‘24):
1725 2299 1786 2354 Si
1811 2309 2045 2353 mortuus

463 2386 621 2456 fuerit
677 2387 731 2440 in
787 2387 1017 2451 civitate,
1065 2387 1331 2439 comedent
1367 2403 1483 2440 eum
1515 2405 1670 2442 canes
1723 2405 1740 2442 :
1778 2390 1822 2442 si
1871 2399 2045 2443 autem

462 2478 519 2532 in
547 2495 694 2549 agro,
729 2478 994 2531 comedent
1042 2495 1158 2531 eum
1213 2479 1445 2532 uolucres
1485 2480 1620 2532 caeli.
1673 2481 1740 2534 Et
1775 2489 1892 2550 post
1932 2481 2045 2534 haec

461 2567 614 2622 addis
646 2566 754 2627 (ἓξ.
785 2566 898 2634 57.)
935 2584 947 2620 :
979 2568 1237 2636 quomodo
1266 2584 1441 2621 verum
1491 2578 1590 2632 est,
1629 2586 1745 2623 cum
1780 2571 1885 2639 ipse
1925 2586 2043 2640 per-

465 2657 606 2711 latus
633 2657 797 2726 fuisse
819 2656 1026 2727 legatur
1052 2658 1107 2710 in
1143 2656 1393 2712 Samaria
1412 2699 1428 2722 ,
1457 2668 1505 2712 et
1535 2659 1769 2729 sepultus
1795 2661 1849 2713 in
1875 2659 2046 2729 sepul—

467 2766 557 2804 cro
590 2766 687 2804 suo
729 2748 918 2803 Israel.
962 2748 1020 2803 In
1055 2749 1394 2820 septuaginta
1452 2758 1630 2804 autem
1674 2751 1920 2819 patribus
1950 2751 2046 2805 ali-

465 2839 596 2910 quid
645 2838 876 2908 amplius
917 2838 1148 2893 haletur
1189 2857 1201 2892 :
1253 2855 1375 2893 nam
1417 2847 1539 2908 post
1584 2839 1761 2909 aliqua
1802 2840 2042 2894 dicitur:

470 2932 712 2988 Mortuus
757 2942 831 2987 est
867 2949 957 2987 rex
997 2949 1220 3003 vespere,
1273 2943 1322 2986 et
1352 2935 1491 2988 stetit
1535 2950 1706 3003 prtrco
1746 2933 1950 2987 militia:
1993 2933 2048 2985 in

463 3027 692 3081 exercitu
717 3025 984 3080 occidente
1012 3025 1122 3079 sole
1163 3025 1338 3079 dicens
1369 3041 1386 3078 :
1412 3025 1764 3095 unusquisque
1788 3035 1873 3079 eat
1893 3024 1946 3077 in
1969 3025 2047 3078 ci-

469 3117 677 3170 vitatem
703 3131 877 3180 suam,
915 3125 961 3168 et
990 3116 1044 3168 in
1071 3125 1265 3169 terram
1293 3131 1467 3178 suam,
1499 3115 1746 3185 quoniam
1769 3114 2047 3184 defunctus

466 3218 540 3262 est
569 3224 658 3261 rea:
683 3221 700 3258 :
737 3219 783 3261 et
816 3217 1062 3262 venerunt
1090 3210 1144 3261 in
1177 3207 1480 3262 Samariam
1499 3247 1513 3270 ,
1540 3215 1585 3260 et
1625 3207 1937 3276 sepelierunt
1968 3222 2049 3259 re-

469 3315 582 3367 gem
621 3299 676 3352 in
723 3297 997 3362 Samaria,
1042 3309 1090 3351 et
1142 3297 1378 3352 laverunt
1419 3316 1633 3352 currum
1663 3297 1806 3352 illius
1842 3298 1896 3352 in
1927 3296 2047 3351 lacu

471 3387 751 3452 Samaria,
783 3398 831 3441 et
878 3386 1210 3442 lambnerunt
1247 3405 1399 3442 canes
1428 3390 1482 3442 in
1529 3390 1785 3458 sanguine
1813 3388 1927 3453 eius
1961 3404 2045 3442 se-

469 3478 698 3532 cundum
731 3480 939 3532 uerbum
988 3479 1219 3544 Domini,
1249 3480 1388 3551 quod
1419 3480 1622 3533 locutus
1649 3491 1743 3544 est,
1789 3496 1881 3533 nec
1906 3495 2050 3531 men-

464 3569 557 3623 tiri
598 3571 767 3638 potuit
811 3571 1027 3640 spiritus
1063 3569 1182 3634 Dei,
1220 3573 1308 3640 qui
1348 3579 1459 3624 erat
1502 3572 1558 3624 in
1599 3569 1775 3623 Helia.
1819 3569 2049 3639 Sanguis

465 3659 635 3724 enim,
666 3661 757 3729 qui
802 3661 1021 3715 deﬂuxit
1054 3661 1122 3715 de
1165 3676 1392 3730 corpore
1420 3661 1537 3728 ejus
1559 3701 1571 3724 ,
1605 3669 1660 3715 et
1709 3660 1950 3715 cucurrit
1991 3659 2048 3713 in

465 3751 666 3805 lectum
696 3765 908 3813 currus,
938 3751 1028 3820 qui
1058 3766 1124 3805 ex
1147 3751 1296 3805 corio
1325 3760 1444 3804 erat
1476 3766 1668 3821 magna
1699 3765 1826 3820 pars
1853 3764 2047 3818 corpo-

468 3840 546 3895 ris
571 3837 690 3908 ejns
720 3839 840 3905 fuit,
868 3849 924 3895 et
951 3842 1052 3895 hoc
1080 3841 1425 3909 coagulatum
1447 3843 1601 3910 quasi
1628 3854 1840 3904 carnes,
1869 3854 2049 3894 come-

467 3933 666 3987 derunt
690 3947 877 3997 canes,
908 3939 963 3986 et
991 3932 1070 3986 sic
1097 3931 1374 4000 impletum
1414 3938 1517 3993 est,
1551 3930 1694 4000 quod
1724 3945 1912 3984 servus
1944 3929 2046 3983 Do-

471 4022 606 4076 mini
637 4021 816 4076 Helias
849 4030 1017 4075 totunt
1045 4028 1230 4090 aperte
1264 4019 1548 4090 praedixit;
1581 4019 1664 4073 vel
1695 4019 1837 4088 quod
1868 4019 2050 4086 potius

468 4110 797 4164 credendum
846 4119 960 4173 est,
1011 4123 1174 4164 canes
1221 4123 1346 4162 eum
1396 4109 1782 4174 comederunt,
1834 4107 2052 4176 quando

471 4200 611 4256 ﬁlios
648 4200 782 4268 ejus,
827 4201 918 4269 qui
966 4209 1021 4254 et
1060 4216 1189 4254 caro
1228 4199 1347 4267 ejus
1389 4198 1625 4263 fuerunt,
1676 4199 2048 4254 comederunt.

472 4290 629 4357 Quod
650 4306 776 4344 vero
799 4291 949 4353 dicit,
977 4291 1121 4358 quod
1143 4290 1460 4344 meretrices
1490 4306 1551 4344 se
1576 4289 1823 4343 laverunt
1849 4288 1902 4341 in
1927 4304 2052 4342 san-

474 4382 636 4450 guine
673 4379 811 4448 ejus,
841 4395 950 4434 non
980 4380 1051 4433 ob
1078 4380 1222 4433 aliud
1254 4381 1358 4434 hoc
1385 4379 1650 4443 fecerunt,
1690 4380 1793 4432 nisi
1827 4387 2050 4448 propter

473 4472 708 4543 aliquam
739 4473 968 4542 magiam
1000 4471 1383 4541 peragendam.

1149 4561 1360 4614 XXXII.

543 4651 650 4722 (IV
683 4651 807 4720 Reg.
836 4650 890 4704 5.
922 4648 998 4721 1.)
1027 4649 1261 4720 Inquiris
1286 4665 1406 4719 quae
1435 4649 1506 4705 sit
1531 4649 1696 4714 salus,
1723 4665 1885 4719 quam
1909 4651 2052 4705 Deus

475 4757 572 4812 per
595 4741 833 4796 Naaman
861 4740 1160 4811 principem
1189 4739 1497 4795 contulerit.
1540 4739 1646 4795 Sed
1680 4741 1824 4794 nulla
1858 4739 2052 4794 melius

477 4832 817 4903 intelligenda
854 4840 962 4896 est,
1003 4847 1164 4900 quam
1195 4831 1304 4896 illa,
1336 4847 1498 4901 quam
1528 4833 1639 4900 ipse
1668 4847 1764 4901 per
1792 4832 2054 4885 emunda-

478 4925 678 4979 tionem
708 4925 870 4993 Ieprze
898 4925 1147 4993 concepit
1177 4924 1228 4978 in
1261 4931 1463 4989 mente,
1490 4924 1704 4992 quando
1733 4938 1791 4977 se
1819 4939 2051 4993 spopon-

477 5016 557 5068 dit
587 5015 792 5068 nullum
812 5015 976 5069 alium
1007 5016 1190 5070 colere
1218 5014 1408 5079 Deum,
1440 5015 1542 5068 nisi
1576 5014 1744 5068 Deum
1770 5013 1966 5083 Israel;
2000 5022 2055 5070 et

479 5105 553 5158 ita
595 5105 963 5174 magnitudine
1002 5105 1251 5160 sanitatis
1279 5103 1420 5172 ejus,
1469 5114 1525 5160 et
1564 5105 1836 5174 praeconio
1861 5103 2056 5174 lingua:

480 5196 622 5250 illius
665 5195 816 5249 multi
847 5195 1122 5250 derelictis
1159 5195 1338 5259 idolis,
1371 5195 1538 5249 Deum
1569 5194 1735 5250 Israel
1775 5203 2058 5264 coeperunt

478 5287 656 5341 colere
675 5286 848 5342 solum
878 5305 891 5340 :
917 5296 972 5342 et
998 5289 1113 5342 haec
1133 5286 1234 5341 fuit
1253 5288 1396 5343 salus
1419 5304 1579 5356 quam
1625 5288 1770 5342 Deus
1791 5302 1886 5356 per
1908 5287 2055 5340 illum

476 5376 626 5433 dedit
651 5379 838 5450 Syriae,
869 5382 997 5449 quia
1025 5393 1212 5433 revera
1242 5378 1386 5433 nulla
1431 5379 1536 5432 alia
1565 5379 1686 5433 talis
1715 5379 1861 5432 salus
1887 5378 2059 5432 homi-

550 5531 574 5558 ι
612 5517 742 5584 Quae
773 5520 864 5575 hic
894 5518 1196 5584 traduntur,
1223 5519 1267 5574 si
1294 5521 1358 5575 de
1383 5518 1532 5572 cultu
1564 5519 1805 5588 rigorose
1833 5524 2051 5585 sumpto

476 5589 832 5654 accipiantur,
855 5589 1135 5644 verissima
1157 5600 1300 5644 sunt.
1337 5588 1394 5642 Si
1423 5589 1488 5641 de
1513 5589 1659 5642 cultu
1693 5588 1798 5640 late
1818 5596 2050 5654 sumpto,

483 5657 534 5707 in
565 5673 750 5711 eorum
778 5675 1002 5713 numero
1028 5669 1194 5720 sunt,
1230 5675 1348 5729 qua:
1383 5659 1711 5729 reprehensa
1749 5657 1801 5710 in
1833 5655 2054 5729 Claudio

485 5735 630 5798 sunt.
665 5729 797 5782 Vide
825 5743 944 5798 qua:
990 5731 1182 5783 tradidi
1228 5725 1455 5781 numero
1481 5727 1550 5780 24
1580 5736 1634 5778 et
1659 5742 1770 5795 seq.
1797 5725 1989 5797 capitis
2017 5725 2050 5778 5

485 5795 880 5853 dissertationis
928 5799 974 5861 i,
1020 5799 1094 5853 De
1132 5798 1288 5852 Cultu
1334 5807 1630 5852 sanctorum
1679 5811 1695 5847 .°
1728 5812 1788 5851 ea
1817 5795 2049 5865 quoque,

2143 1938 2430 1997 antequam
2457 1929 2779 1983 ruminando
2803 1944 2968 1998 grana
2999 1939 3453 1985 consumerentur
3489 1948 3500 1981 :
3541 1930 3624 1983 sic
3650 1945 3737 1983 ve-

2144 2021 2484 2074 nundabatur
2519 2021 2793 2089 argenteis
2832 2022 3069 2090 quinque
3100 2036 3392 2090 granorum
3420 2022 3602 2089 cepia,
3629 2035 3736 2073 non

2142 2109 2396 2163 stercoris
2422 2108 2580 2163 fetor.
2629 2108 2755 2162 Hmc
2778 2124 2885 2162 non
2911 2109 3108 2163 alicubi
3135 2109 3259 2179 legi,
3293 2124 3394 2163 nec
3420 2108 3489 2162 ab
3523 2107 3631 2161 alio
3658 2108 3738 2160 di-

2145 2203 2280 2265 dici.
2335 2202 2429 2255 sed
2461 2211 2519 2253 ut
2559 2201 2692 2254 mihi
2728 2202 2900 2254 visum
2941 2210 3055 2266 est,
3097 2201 3280 2254 taliter
3314 2199 3426 2254 dixi
3463 2219 3476 2252 :
3515 2200 3561 2253 si
3604 2201 3738 2269 quid

2147 2302 2322 2344 tamen
2352 2299 2406 2343 tu
2434 2289 2625 2343 melius
2653 2289 2719 2342 de
2749 2289 2850 2343 hoc
2881 2289 3125 2344 invenire
3147 2290 3409 2358 potueris,
3437 2289 3581 2344 bene
3600 2293 3740 2352 eris,

2145 2384 2188 2437 si
2221 2399 2321 2436 nos
2348 2381 2542 2436 feceris
2571 2395 2746 2434 nosse.

2810 2468 3050 2523 XXXIV.

2217 2559 2324 2631 (IV
2370 2561 2494 2631 Reg.
2531 2560 2616 2614 M.
2668 2559 2746 2632 9.)
2791 2561 2888 2614 Est
2935 2563 3051 2615 hinc
3092 2571 3320 2629 qutBSIIO
3353 2570 3446 2614 tua
3493 2562 3564 2615 de
3605 2577 3735 2631 rego

2143 2647 2290 2714 Joas,
2315 2665 2434 2718 qua:
2457 2664 2562 2703 non
2589 2659 2674 2704 est
2696 2649 3040 2719 impossibilis
3065 2652 3132 2704 ad
3158 2650 3599 2719 intelligendum,
3632 2651 3731 2703 sed

2145 2747 2230 2794 est
2257 2739 2413 2793 nobis
2437 2737 2668 2793 diiiicilis
2687 2740 2752 2792 ad
2781 2739 3106 2807 loquendum
3130 2755 3144 2803 ;
3176 2755 3274 2792 cur
3293 2738 3424 2793 .Ioas
3450 2755 3546 2794 rex
3575 2739 3742 2793 Isi-sel

2147 2830 2214 2884 ad
2261 2829 2540 2884 Amasiam
2585 2843 2764 2899 regem
2799 2827 2937 2883 .Iuda
2975 2829 3186 2883 remisit
3212 2828 3398 2883 dicens
3431 2847 3445 2882 :
3490 2827 3742 2882 Caranus

2148 2919 2334 2973 Libani
2363 2919 2504 2972 misit
2527 2917 2595 2971 ad
2618 2917 2850 2982 cedrum,
2875 2918 2964 2988 qui
2987 2929 3060 2972 est
3092 2918 3146 2970 in
3175 2916 3375 2970 Libano
3403 2916 3588 2969 dicens
3614 2933 3632 2968 :
3657 2915 3742 2970 Da

2146 3010 2313 3078 ﬁliam
2345 3018 2488 3062 tuam
2536 3008 2648 3076 ﬁlio
2695 3024 2809 3061 mea
2857 3024 3094 3061 uxorem.
3147 3006 3375 3074 Tropice
3424 3005 3598 3068 enim,
3634 3021 3741 3058 non

2150 3102 2367 3172 proprie
2397 3102 2600 3156 dictum
2632 3109 2734 3155 est.
2780 3100 2987 3170 Tropos
3017 3109 3199 3154 autem
3235 3108 3316 3154 est
3345 3098 3516 3152 dictio
3558 3108 3741 3151 trans-

2077 3183 2120 3244 C
2153 3191 2258 3245 lata
2289 3207 2318 3244 a
2345 3192 2560 3261 propria
2593 3189 2986 3261 signiﬁcatione
3015 3189 3082 3244 ad
3126 3206 3232 3244 non
3274 3190 3560 3259 propriam
3593 3187 3745 3242 simi-

2150 3281 2452 3343 litudinem,
2471 3291 2696 3335 ornatus
2742 3290 2798 3334 et
2816 3282 3155 3335 necessitatis
3183 3295 3379 3344 causa;
3407 3289 3541 3333 sunt
3561 3290 3743 3332 autem

2148 3377 2311 3444 tropi,
2336 3377 2426 3443 qui
2444 3375 2607 3430 lazine
2630 3375 2795 3439 modi,
2827 3375 2908 3429 vel
2930 3391 3096 3428 mores
3130 3374 3481 3444 interpretari
3499 3381 3733 3443 possunt

2150 3465 2580 3535 quatuordecitn,
2610 3466 2805 3534 quibus
2819 3466 3134 3534 propositis,
3152 3480 3316 3518 unum
3340 3479 3407 3517 ex
3423 3464 3535 3517 illis
3548 3464 3620 3517 ad
3634 3481 3741 3516 nie-

2149 3559 2293 3614 dium
2310 3558 2641 3622 deducimus,
2657 3557 2808 3625 cujus
2819 3572 3015 3610 nomen
3034 3557 3346 3626 metaphora
3359 3565 3465 3609 est.
3478 3555 3748 3622 Netapluo-

2152 3664 2209 3700 ra
2237 3655 2417 3700 autem
2441 3647 2636 3700 dicitur
2651 3661 2851 3708 rerum,
2873 3646 3270 3712 verborumque
3291 3644 3604 3706 translatio,
3627 3645 3743 3698 lucc

2149 3741 2208 3794 iit
2237 3742 2409 3794 modis
2435 3749 2668 3809 quatuor
2695 3757 2708 3792 :
2741 3740 2808 3795 ab
2835 3737 3056 3793 animali
3086 3738 3154 3791 ad
3178 3736 3411 3790 animale
3442 3737 3491 3788 δ.
3525 3735 3665 3789 Item
3691 3736 3744 3789 in

2150 3833 2288 3887 libro
2316 3832 2433 3886 Job.
2466 3834 2603 3902 (cap.
2629 3831 2681 3884 4.
2715 3832 2828 3901 10);
2863 3830 3085 3899 Rugitus
3111 3829 3297 3892 leonis,
3330 3837 3378 3881 et
3409 3843 3508 3880 vox
3529 3825 3738 3888 lea’nc,

2150 3934 2195 3976 et
2221 3923 2398 3976 dentes
2439 3922 2732 3975 catulorum
2757 3921 2962 3975 leonum
2996 3919 3204 3973 contriti
3235 3929 3376 3982 sunt,
3407 3927 3465 3973 ut
3493 3932 3596 3986 per
3625 3917 3743 3986 jam

2152 4018 2351 4072 dictam
2379 4016 2751 4085 metaphoram
2792 4013 3118 4082 intelligatur
3145 4013 3216 4066 ibi
3236 4012 3316 4066 leo
3340 4009 3460 4076 Job,
3489 4021 3539 4065 et
3567 4010 3744 4064 leaena

2153 4125 2308 4172 uxor,
2331 4116 2386 4161 ct
2414 4107 2588 4160 dentes
2607 4105 2900 4158 catulorum
2921 4103 3149 4166 leonum,
3175 4102 3289 4155 lilii.
3314 4101 3381 4156 Et
3403 4103 3457 4155 in
3479 4100 3741 4155 Psalmo:

2152 4197 2324 4269 (I’sal.
2351 4198 2436 4249 11.
2472 4196 2546 4264 1.)
2577 4193 2755 4259 Quare
2782 4194 3102 4263 fremuerunt
3136 4201 3309 4260 gentes
3340 4204 3358 4242 ε
3389 4205 3512 4244 nam
3544 4200 3609 4244 et
3647 4191 3746 4246 ho-

2151 4289 2323 4342 mines
2342 4328 2354 4349 ,
2383 4295 2438 4340 et
2466 4285 2650 4339 hestize
2675 4285 2765 4352 qui
2798 4283 3029 4337 fremere
3058 4283 3329 4345 dicuntur,
3367 4282 3609 4332 animam
3646 4281 3745 4332 hac

2153 4379 2297 4431 bent.
2330 4375 2396 4429 Et
2425 4376 2478 4428 in
2504 4373 2772 4428 IIieremia
2802 4372 3071 4440 Pmpheta
3131 4370 3204 4440 (6.
3235 4368 3289 4439 7)
3321 4387 3332 4422 :
3376 4366 3628 4421 Ascendit
3663 4367 3745 4420 leo

2154 4467 2217 4518 de
2243 4465 2401 4518 cubili
2438 4481 2531 4519 suo
2561 4464 2636 4532 (id
2660 4471 2744 4517 est
2772 4461 3266 4516 Nabuchodonosor
3293 4460 3356 4513 de
3392 4457 3743 4525 Babylonia).

2155 4569 2198 4608 et
2227 4554 2404 4624 prde
2447 4553 2676 4622 gentium
2709 4567 2764 4604 se
2803 4550 3006 4603 levavit.
3039 4549 3147 4603 Leo
3176 4556 3230 4602 et
3273 4547 3450 4616 [Jme
3493 4545 3746 4599 animam

2155 4644 2376 4699 habent.
2422 4642 2505 4695 Ab
2531 4639 2807 4695 inanimali
2844 4639 2912 4692 ad
2955 4637 3210 4702 animale,
3243 4645 3300 4690 ut
3324 4646 3406 4689 est
3435 4635 3562 4688 illud
3597 4633 3743 4703 (Isa.

2154 4733 2362 4803 55.12)
2409 4751 2419 4785 :
2478 4742 2674 4786 montes
2720 4731 3003 4784 cantabunt
3054 4745 3231 4783 coram
3276 4728 3386 4782 Deo
3428 4727 3670 4790 laudem,
3700 4740 3748 4781 et

2156 4824 2330 4878 omnia
2378 4822 2521 4892 ligna
2567 4821 2821 4875 silvarum
2859 4819 3108 4889 plaudent
3149 4835 3330 4871 manu.
3385 4816 3634 4878 Montes,
3694 4828 3751 4870 et

2154 4915 2297 4985 ligna
2327 4915 2586 4969 silvarum
2639 4912 2953 4966 inanimalia
3004 4919 3131 4965 sunt
3180 4927 3193 4962 :
3245 4917 3464 4964 cantare
3493 4921 3653 4970 vero,
3691 4917 3749 4961 et

2156 5006 2404 5060 manibus
2423 5003 2700 5073 plaudere,
2726 5001 2977 5056 animalis
2999 5001 3089 5054 sit.
3121 4999 3201 5054 Ab
3226 4997 3500 5053 inanimali
3527 4997 3597 5048 ad
3625 4997 3745 5050 ina-

2158 5097 2384 5161 nimaie;
2421 5097 2560 5150 sicut
2611 5096 2778 5149 babes
2829 5097 2884 5150 in
2927 5094 3195 5164 PrOpheta
3252 5093 3510 5159 scriptum
3543 5088 3744 5159 (Ζοςιι.

2159 5195 2244 5248 11.
2279 5193 2328 5262 1)
2360 5211 2372 5245 ;
2421 5191 2577 5260 Aperi
2607 5190 2802 5244 Libane
2837 5199 3014 5258 portas
3060 5197 3201 5249 tuas,
3239 5196 3285 5239 et
3327 5182 3557 5237 comedat
3599 5183 3746 5252 ignis

2160 5284 2342 5339 cedi-os
2371 5293 2524 5346 tuos;
2551 5281 2832 5335 translatio
2857 5289 2940 5334 est
2969 5280 3110 5334 enim
3139 5279 3203 5332 de
3232 5278 3446 5331 civitate
3472 5273 3542 5327 ad
3578 5288 3746 5326 mon—

2159 5382 2288 5438 tem,
2318 5388 2545 5442 quorum
2586 5373 2786 5426 nullum
2824 5373 3058 5426 animum
3093 5370 3299 5424 habet:
3344 5374 3398 5419 et
3428 5366 3528 5418 hoc
3556 5363 3742 5431 ipsum

2161 5529 2281 5584 qua:
2327 5527 2555 5584 numero
2599 5512 2716 5584 liget
2748 5511 2778 5584 7
2809 5511 2999 5580 capitis
3045 5508 3077 5564 6
3123 5503 3520 5562 dissertationis
3567 5501 3628 5566 2,
3679 5505 3752 5558 de

2161 5581 2347 5638 eodem
2375 5583 2597 5638 Claudio
2622 5581 2796 5636 docui.

2233 5655 2260 5693 ιι
2299 5654 2402 5707 Αυι
2443 5652 2644 5722 aliquid
2667 5651 2835 5715 deest,
2868 5656 2960 5702 aut
2995 5647 3275 5718 legendum
3301 5653 3402 5708 est,
3430 5643 3480 5695 id
3511 5656 3582 5695 cst
3641 5641 3746 5697 sel-

2162 5722 2256 5790 uti,
2290 5733 2382 5777 aut
2409 5723 2529 5776 item
2559 5733 2630 5774 ut.
