3906 6372
177 478 289 533 829

779 475 1238 542 ρωίδτιοδεδ
1277 473 1422 529 XXX
1463 475 1688 531 SUPER
1726 473 1743 527 I

1847 475 1970 531 ROS
2008 477 2270 536 REGUM.
2310 509 2380 519 --
2417 479 2615 534 LIBER
2656 477 2738 532 IV.

3317 477 3421 533 830

177 589 322 644 unde
347 590 647 655 interrogas
672 602 685 638 :
720 585 866 640 Misit
909 583 1040 638 Joas
1070 601 1158 637 rex
1183 583 1351 638 Israel
1392 585 1459 638 ad
1483 585 1750 638 Amasiam
1779 588 1825 644 Α
1854 585 2117 642 destruxit
2142 589 2261 653 iste,
2307 591 2448 660 quod
2477 590 2584 644 Deo
2602 589 2826 658 jubente
2854 589 3060 644 fecerat
3082 591 3202 645 ille:
3234 607 3294 646 ac
3321 609 3418 662 per

176 694 349 747 regem
375 677 519 731 Juda
546 676 720 730 dicens
747 693 763 730 :
794 675 862 728 da
887 674 1052 743 ﬁliam
1075 685 1218 727 tuam
1243 673 1353 741 ﬁlio
1373 691 1484 728 meo
1513 689 1748 736 uxorem,

175 781 234 822 ut
267 786 364 838 per
390 777 602 836 tropum
631 768 920 836 allegoriae,
939 765 1064 819 Joas
1086 781 1179 819 rex
1210 780 1267 819 se
1295 766 1472 828 cedro,
1498 776 1551 819 et
1572 780 1752 836 regem

172 859 314 914 Juda
359 861 561 914 carduo
609 859 1022 926 comparaverit,
1065 865 1119 911 et
1156 857 1408 926 populum
1455 873 1609 912 suum
1657 872 1755 927 per

173 951 423 1004 eamdem
452 949 893 1019 signiﬁcationem
917 947 1104 1000 bestiis
1132 946 1298 1000 saltus
1329 947 1539 1001 dicens:
1561 945 1756 1000 Trans-

173 1043 450 1108 ieruntque
489 1039 663 1092 bestia?
691 1037 877 1099 saltus,
903 1053 1018 1106 qua:
1058 1045 1179 1089 sunt
1216 1037 1270 1090 in
1299 1035 1517 1096 Libano,
1553 1045 1602 1089 et
1630 1053 1753 1090 con-

175 1127 509 1182 calcaverunt
537 1127 792 1180 carduum
821 1127 894 1196 (id
917 1134 998 1180 est
1025 1124 1323 1194 Amasiam)
1358 1143 1371 1178 :
1401 1132 1455 1178 et
1492 1134 1615 1193 post
1640 1126 1755 1178 lucc

176 1220 327 1274 addit
356 1219 458 1290 (IV
489 1218 614 1288 Reg.
645 1218 728 1271 14.
762 1217 870 1287 10.)
921 1236 933 1270 :
980 1217 1280 1270 Percutiens
1306 1215 1572 1269 invaluisti
1601 1231 1756 1286 super

178 1309 371 1372 Edam,
401 1318 446 1362 et
474 1307 752 1362 sublevavit
788 1317 835 1360 te
863 1323 952 1360 cor
992 1315 1142 1359 tuum
1210 1314 1482 1359 contentus
1500 1315 1608 1358 esto
1636 1304 1750 1374 glo-

178 1400 260 1450 ria
294 1408 381 1451 tua
401 1438 416 1462 ,
442 1407 488 1451 et
515 1398 633 1451 sede
661 1399 715 1451 in
744 1397 896 1449 domo
926 1405 1049 1460 tua,
1075 1409 1236 1465 quare
1258 1410 1506 1462 provocas
1531 1393 1750 1458 malum,

176 1496 232 1538 ut
282 1488 439 1541 cadas
479 1497 568 1552 tu,
621 1497 668 1541 et
713 1487 886 1540 ludas
935 1485 1142 1539 tecum?
1187 1493 1293 1539 etc.
1343 1482 1495 1550 Quod
1545 1486 1618 1539 ita
1669 1484 1752 1540 fa-

175 1584 324 1628 ctum
357 1582 456 1629 est.

859 1666 1075 1720 XXXV.

248 1757 363 1826 (xv.
393 1757 504 1827 55.)
537 1756 711 1812 Movet
737 1766 789 1810 te
825 1776 837 1810 :
870 1766 924 1810 et
951 1758 1054 1812 hoc
1087 1776 1098 1810 :
1139 1756 1248 1812 Cur
1273 1757 1337 1811 de
1367 1754 1597 1811 Ionatha
1623 1766 1757 1824 regat

172 1845 313 1901 Juda
339 1847 593 1902 scribitur
617 1861 630 1899 :
656 1846 776 1916 Ipse
797 1847 1072 1914 (ediﬁcavit
1097 1856 1302 1916 portam
1324 1846 1509 1898 domus
1542 1842 1750 1896 Domini

173 1935 624 1990 sublimissimam.
662 1935 728 1991 Et
770 1943 891 2004 post
931 1935 1045 1990 haec
1086 1933 1336 1989 addidisti
1383 1951 1396 1986 :

175 2024 459 2079 Salomone
510 2033 631 2077 ante
683 2023 945 2090 (adiﬁcata
997 2040 1100 2076 non
1143 2022 1356 2091 fuerat?
1411 2021 1493 2074 An
1556 2035 1749 2075 novam

171 2116 498 2180 construxit,
530 2125 584 2170 et
611 2115 810 2170 Israel?
834 2131 939 2169 non
962 2118 1107 2170 enim
1134 2130 1270 2169 nova
1302 2121 1612 2169 constructa
1644 2121 1745 2176 est,

171 2208 270 2262 sed
303 2208 418 2276 ipsa
441 2248 454 2272 ,
483 2223 603 2277 qua:
633 2207 1016 2262 sublimissima
1044 2206 1170 2261 olim
1200 2222 1230 2260 a
1264 2205 1554 2261 Salomone
1582 2206 1749 2260 aedili-

169 2306 294 2351 cata
322 2297 516 2359 fuerat,
545 2305 599 2352 et
622 2297 993 2350 sublimissima
1013 2297 1329 2360 vocabatur,
1360 2298 1500 2350 hanc
1531 2297 1750 2350 inchoa-

171 2397 284 2440 tam
313 2388 609 2454 reparando
639 2387 690 2439 in
717 2387 946 2441 sublime
966 2387 1158 2441 erexit.
1655 2400 1661 2406 '

847 2477 1083 2532 XXXVI.

245 2566 356 2637 (IV
403 2566 532 2636 Reg.
595 2567 678 2620 18.
731 2567 808 2639 4.)
866 2567 941 2622 De
1001 2569 1232 2624 Ezechia
1293 2571 1456 2624 etiam
1521 2571 1751 2641 inquiris

167 2675 268 2713 cur
323 2658 377 2710 in
447 2657 726 2726 Scriptura
770 2659 981 2712 dicatur
1021 2660 1221 2723 divina,
1270 2661 1411 2730 quod
1463 2670 1749 2732 postquam

182 2747 469 2814 dissipavit
517 2748 747 2807 excelsa.
798 2757 852 2801 et
918 2750 1172 2803 contrivit
1225 2758 1455 2814 statuas,
1518 2759 1574 2806 et
1625 2767 1748 2806 suc-

164 2837 466 2892 citlitlucos
489 2879 503 2901 ,
557 2838 928 2908 eonl‘regitque
974 2847 1276 2908 serpentem
1315 2855 1518 2894 mneum
1541 2883 1554 2906 ,
1587 2856 1747 2909 quem

184 2926 316 2981 fecit
384 2927 635 2998 Moyses,
705 2929 1019 2997 vocavitque
1079 2944 1199 2982 eum
1241 2943 1265 2970 ι
1330 2929 1529 2994 Nabas,
1603 2933 1745 2986 etc.?

166 3018 322 3084 Quoi
372 3019 586 3088 quidem
625 3021 848 3073 docente
893 3019 1026 3073 Isaia
1076 3021 1342 3089 Propheta
1391 3019 1583 3077 fecisse
1630 3038 1748 3077 cre-

166 3111 404 3165 dendum
437 3121 520 3164 est
548 3125 562 3163 :
594 3111 619 3149 b
649 3111 821 3179 ipsum
849 3112 1168 3180 interrogas,
1203 3112 1342 3179 quod
1365 3127 1463 3181 ego
1487 3113 1625 3167 scire
1653 3113 1748 3167 de-

165 3202 372 3256 sidero.
406 3200 464 3255 Si
502 3209 667 3264 esset,
711 3202 799 3270 qui
834 3202 962 3257 mihi
997 3203 1326 3267 ostenderet,
1364 3204 1740 3275 etymologiam

165 3293 407 3349 nominis
439 3293 598 3363 hujus
617 3333 630 3357 ,
659 3294 781 3360 quia
813 3308 912 3346 nec
939 3294 988 3346 in
1027 3293 1372 3347 translatione
1399 3296 1617 3363 antiqua
1647 3295 1744 3348 ali-

166 3397 255 3442 ter
310 3387 414 3441 hoc
465 3386 727 3454 scriptum
779 3386 954 3454 reperi
1008 3399 1202 3439 nomen
1253 3405 1264 3438 :
1332 3395 1555 3457 excepto
1599 3387 1743 3457 quod

169 3474 356 3529 Nabas
397 3490 621 3544 serpens
669 3474 849 3543 lingua
893 3475 1105 3528 illorum
1152 3475 1390 3543 dicitur;
1444 3478 1742 3532 novissima

165 3583 301 3621 vero
328 3566 531 3635 syllaba
571 3566 698 3635 quid
737 3566 843 3629 sit,
882 3566 1091 3620 nescire
1127 3582 1210 3619 me
1240 3568 1428 3620 fateor.
1467 3567 1561 3622 Est
1599 3570 1743 3622 enim

165 3659 272 3711 hoc
311 3671 564 3725 magnum
608 3656 1017 3719 documentum,
1053 3656 1192 3724 quod
1233 3657 1297 3708 ad
1335 3656 1744 3712 aediﬁcationem

166 3743 424 3798 Ecclesiae
454 3742 714 3811 prolicere
743 3751 948 3810 potest,
993 3743 1036 3797 si
1066 3754 1180 3807 est,
1215 3746 1304 3812 qui
1354 3746 1455 3800 hoc
1499 3748 1744 3801 animad-

164 3841 381 3886 vertere
402 3832 589 3902 possit,
613 3847 778 3901 quare
808 3832 1069 3887 Ezechias
1096 3849 1216 3886 cum
1240 3849 1430 3902 magna
1460 3835 1539 3887 sui
1563 3834 1739 3900 laude,

165 3932 335 3993 atque
359 3923 582 3993 praemio
613 3924 912 3976 animarum
939 3937 1038 3991 pro
1061 3923 1230 3977 salute
1256 3923 1544 4000 destruxit,
1579 3941 1740 3994 quem

165 4014 235 4067 ad
267 4012 493 4068 salutem
535 4014 677 4067 illius
697 4013 872 4084 populi
900 4013 1106 4084 Moyses
1143 4015 1250 4068 Deo
1268 4014 1491 4082 jubente
1520 4017 1738 4072 fecerat.

163 4103 302 4168 Quis
324 4102 468 4155 enim
497 4103 700 4156 nesciat
730 4103 944 4171 Moysen
976 4101 1194 4170 majoris
1214 4119 1334 4158 esse
1357 4105 1554 4170 meriti,
1580 4121 1740 4176 quam

167 4192 458 4246 Ezechiam
493 4192 709 4261 regem?
745 4192 820 4245 De
844 4191 1021 4262 Moyse
1047 4193 1189 4246 enim
1229 4193 1282 4246 in
1313 4193 1449 4248 libro
1484 4194 1746 4250 Numero-

167 4297 288 4336 rum
340 4282 475 4336 dixit
523 4281 780 4337 Dominus
824 4284 891 4337 ad
931 4283 1110 4337 Aaron
1137 4323 1152 4346 ,
1197 4292 1252 4337 et
1301 4283 1521 4338 Mariam
1551 4285 1738 4355 (Num.

167 4371 258 4424 12.
290 4369 370 4442 6.)
397 4383 411 4423 :
445 4370 634 4423 Audite
665 4371 818 4424 verba
847 4388 960 4425 mea
991 4387 1010 4425 :
1039 4371 1096 4426 Si
1120 4373 1279 4441 fuerit
1306 4371 1570 4443 Prop/tela
1607 4377 1744 4429 inter

166 4477 278 4524 vos,
306 4461 364 4512 in
389 4461 584 4512 visione
619 4459 699 4511 illi
725 4459 976 4512 Dominus
1018 4477 1319 4530 cognoscar,
1355 4463 1410 4515 in
1438 4465 1640 4517 somnio
1661 4465 1742 4518 lo-

1445 1932 1678 2002 nunquid
1716 1947 1749 1984 a
1778 1919 1823 1977 Β

1855 677 1957 732 hoc
1979 695 2172 749 magna
2199 680 2492 734 auctoritas
2515 681 2614 734 ista
2642 680 2885 735 habenda
2903 689 2985 734 est
3007 680 3058 733 in
3083 681 3336 742 Ecclesia.
3360 693 3419 736 ut

1853 767 1897 819 si
1934 767 2170 820 nonnulli
2199 781 2261 821 ex
2289 769 2729 838 praeeessorihus,
2760 770 2842 823 vel
2888 768 3184 838 majoribus
3219 771 3420 826 nostris

1853 855 2096 911 fecerunt
2116 859 2317 926 aliqua,
2345 874 2463 927 quae
2485 859 2695 912 illorum
2721 868 2960 929 tempore
2985 876 3105 915 esse
3123 869 3418 930 potuerunt

1852 948 1968 1002 sine
1990 949 2165 1017 culpa,
2202 957 2257 1003 et
2284 951 2619 1020 postmodum
2657 959 2938 1005 vertuntur
2971 953 3025 1006 in
3066 967 3326 1016 errorem,
3365 963 3420 1008 et

1852 1040 2305 1107 superstitionem,
2335 1041 2451 1095 sine
2481 1041 2732 1095 tarditate
2761 1041 2957 1110 aliqua,
2982 1051 3035 1096 et
3071 1058 3192 1098 cum
3228 1059 3418 1114 magna

1852 1130 2171 1185 auctoritate
2193 1145 2222 1183 a
2244 1130 2473 1199 posteris
2501 1131 2848 1184 destruantur
2871 1141 2916 1183 ο.

2337 1239 2597 1305 XXXVII,
2658 1239 2938 1294 XXXVIII.

1923 1325 2177 1397 Superest
2229 1331 2384 1385 nobis
2437 1330 2710 1399 inquisitio
2755 1330 3058 1385 necessaria
3086 1371 3098 1394 ,
3145 1331 3268 1386 licet
3311 1347 3416 1386 non

1851 1418 2010 1475 fuerit
2033 1421 2379 1492 interrogatio
2407 1429 2516 1485 tua,
2542 1422 2808 1489 quomodo
2835 1421 3011 1475 divina
3041 1423 3254 1476 insonet
3277 1422 3420 1477 Scri-

1849 1517 2005 1576 ptura
2055 1506 2160 1579 (IV
2206 1507 2332 1578 Reg.
2379 1509 2463 1562 19.
2510 1508 2622 1579 55.)
2664 1526 2676 1560 :
2723 1507 2874 1572 Quod
2916 1525 3147 1578 egressus
3191 1509 3418 1579 Angelus

1849 1597 2063 1652 Domini
2116 1599 2368 1668 percussit
2419 1597 2483 1651 de
2540 1597 2767 1651 exercitu
2823 1597 3155 1667 Assyriorum
3210 1608 3418 1651 centum

1847 1690 2150 1757 octuaginta
2210 1691 2435 1759 quinque
2505 1688 2690 1743 millia.
2753 1689 2821 1742 Et
2885 1688 3070 1742 Daniel
3145 1688 3413 1758 Propheta

1851 1781 1926 1835 ait
1981 1782 2055 1850 (6.
2110 1780 2225 1851 22.)
2275 1799 2287 1834 :
2340 1779 2484 1834 Misit
2530 1779 2781 1832 Dominus
2836 1777 3087 1848 Angelum
3135 1793 3310 1841 suum,
3370 1787 3419 1831 et

1850 1869 2102 1923 conclusit
2145 1886 2237 1924 ora
2285 1869 2514 1922 leonum.
2560 1867 2627 1921 Et
2666 1868 2718 1921 in
2763 1867 2975 1920 Psalmo
3021 1866 3297 1936 trigesimo
3335 1882 3418 1920 sc-

1851 1960 2026 2014 cundo
2084 1957 2281 2030 (Psal.
2345 1958 2431 2011 55.
2477 1955 2599 2027 8),
2651 1956 2942 2010 secundum
2995 1955 3417 2009 emendatiorem

1852 2047 2257 2104 translationem
2286 2065 2297 2100 :
2329 2045 2582 2099 Immittet
2620 2045 2848 2114 Angelus
2871 2043 3082 2097 Domini
3111 2043 3165 2097 in
3195 2043 3416 2096 circuitu

1849 2139 2135 2194 timentium
2167 2154 2283 2192 eum
2305 2179 2318 2200 ,
2351 2146 2397 2190 et
2427 2135 2608 2206 eripiet
2637 2152 2742 2189 eos.
2783 2135 2850 2188 Et
2885 2133 2988 2188 alia
3015 2133 3196 2188 multa.
3227 2134 3314 2188 bis
3347 2136 3419 2189 si-

1848 2229 2013 2293 milia,
2038 2238 2093 2283 et
2120 2227 2499 2282 excellentiora
2533 2226 2793 2296 exempla.
2832 2225 2960 2292 Quae
3004 2226 3046 2280 si
3085 2239 3277 2280 cuneta
3322 2241 3419 2296 per

1847 2320 2092 2374 ordinem
2139 2319 2430 2388 Scriptura:
2494 2317 2686 2372 divinae
2743 2317 3006 2385 replicare
3051 2316 3376 2371 voluerimus
3403 2357 3417 2379 .

1848 2417 1974 2462 ante
1998 2407 2130 2472 vita,
2170 2423 2330 2477 quam
2368 2421 2546 2462 sermo
2587 2404 2820 2460 deficiet.
2865 2405 2890 2444 ά
2938 2405 3090 2473 Quod
3118 2407 3261 2462 enim
3297 2406 3420 2459 mito

1848 2507 2033 2553 tantur
2077 2498 2268 2567 Angeli
2316 2498 2383 2553 ab
2426 2513 2530 2565 eo,
2576 2497 2666 2567 qui
2706 2498 2900 2566 ubique
2939 2506 3049 2561 est,
3099 2505 3154 2549 et
3198 2495 3416 2561 cmlum,

1848 2597 2155 2658 terramque
2190 2587 2415 2659 implet,
2451 2603 2558 2644 non
2585 2587 2724 2642 mole
2743 2627 2757 2652 ,
2789 2587 2880 2641 sed
2909 2588 3136 2651 virtute,
3165 2587 3304 2640 sicut
3332 2602 3421 2642 ve—

1847 2680 2000 2742 ritas,
2033 2686 2088 2732 et
2110 2677 2368 2748 sapientia
2396 2686 2627 2732 mentem
2653 2675 2804 2749 (Sap.
2831 2676 2882 2731 8.
2911 2675 3009 2745 1.),
3035 2677 3124 2746 qui
3150 2675 3357 2745 attingit
3383 2693 3416 2728 α

1845 2769 1947 2838 ﬁne
1983 2785 2142 2839 usque
2169 2768 2238 2822 ad
2275 2769 2432 2838 ﬁnem
2481 2769 2704 2838 fortiter,
2737 2777 2783 2822 et
2814 2768 3044 2837 disponit
3077 2768 3254 2821 omnia
3284 2783 3410 2822 sua-

1846 2860 1974 2913 viter
1999 2875 2016 2912 :
2063 2876 2079 2908 ι
2114 2859 2178 2913 de
2202 2872 2310 2927 quo
2334 2857 2620 2926 Apostolus
2653 2856 3072 2911 Atheniensibus
3103 2854 3418 2925 praedicavit

1846 2947 2031 3001 dicens
2052 2946 2190 3017 (Act.
2243 2946 2329 3000 17.
2351 2946 2440 3000 27.
2466 2946 2554 2999 28.
2581 2943 2708 2999 Vide
2731 2955 2882 3014 caput
2911 2945 2975 2998 12
2996 2944 3129 2998 alias
3151 2959 3295 2998 nunt.
3322 2944 3414 3007 23.

1846 3035 1966 3089 libri
2008 3051 2061 3091 tv
2088 3035 2152 3088 de
2175 3031 2360 3089 Cenes.
2389 3035 2458 3087 ad
2485 3033 2732 3103 litteram)
2765 3052 2777 3085 :
2813 3032 2878 3086 In
2912 3033 3005 3086 illo
3032 3033 3269 3096 vivimus,
3299 3049 3412 3085 rno-

1845 3140 2042 3188 vemur,
2085 3133 2133 3178 et
2160 3140 2361 3178 sumus.
2400 3122 2626 3193 Liquide
2666 3123 2975 3193 cogitatum.
3021 3130 3281 3190 quantum
3321 3121 3415 3174 hu-

1845 3230 2004 3268 mana
2031 3229 2182 3269 mens
2206 3213 2367 3278 valet,
2399 3213 2616 3281 adjuvat
2636 3214 2775 3267 hanc
2810 3213 3272 3280 sententiam,qua
3296 3225 3413 3264 cre-

1845 3305 2040 3368 dimus,
2072 3310 2124 3356 et
2148 3301 2380 3356 dicimus
2406 3302 2572 3354 Deum
2603 3301 2785 3365 in'his,
2817 3316 2935 3369 quan
2955 3300 3179 3362 creavit,
3213 3298 3414 3351 indesi-

1843 3399 2035 3445 nenter
2079 3389 2312 3459 operari.
2367 3387 2552 3458 Neque
2604 3389 2748 3441 enim
2805 3395 3059 3455 tanquam
3112 3385 3411 3440 substantia

1843 3480 1979 3548 ejus,
2019 3480 2097 3534 sic
2138 3479 2190 3532 in
2231 3478 2324 3533 illo
2359 3493 2567 3540 sumus,
2593 3476 3046 3545 quemadmodum
3083 3475 3286 3529 dictum
3329 3484 3414 3529 est

1844 3569 2025 3643 (Joan.
2049 3569 2100 3622 5.
2125 3569 2240 3640 26.)
2272 3586 2284 3620 :
2320 3567 2472 3633 Quod
2500 3568 2686 3621 habeat
2713 3568 2871 3620 vitam
2901 3568 2956 3619 in
2982 3567 3291 3634 semetipso:
3315 3567 3411 3621 sed

1843 3662 2030 3729 utique
2060 3674 2179 3713 cum
2207 3658 2350 3712 aliud
2380 3657 2567 3721 simus,
2597 3672 2758 3726 quam
2788 3656 2922 3724 ipse,
2953 3670 3058 3709 non
3088 3655 3158 3709 ob
3183 3655 3327 3709 aliud
3357 3657 3411 3710 in

1843 3751 1934 3804 illo
1949 3765 2154 3810 sumus,
2173 3748 2273 3801 nisi
2290 3747 2413 3816 quia
2437 3747 2489 3800 id
2503 3755 2778 3815 operatur,
2796 3753 2849 3799 et
2863 3745 2964 3798 hoc
2977 3753 3060 3799 est
3079 3759 3213 3812 opus
3233 3744 3350 3813 ejus
3363 3757 3410 3808 θ,

1842 3835 1982 3907 quod
2006 3837 2245 3890 continet
2273 3835 2543 3898 omnia,et
2567 3849 2674 3903 quo
2701 3832 2817 3900 ejus
2847 3831 3119 3902 Sapientia
3139 3833 3278 3889 sicut
3299 3834 3412 3901 jam

1842 3928 2042 3981 dictum
2064 3934 2148 3981 est
2169 3924 2388 3996 (Sapu8.
2407 3923 2502 3994 1.),
2525 3923 2778 3993 pertendit
2803 3941 2835 3976 α
2855 3923 2958 3991 ﬁne
2978 3940 3142 3994 usque
3170 3924 3238 3977 ad
3253 3925 3412 3993 ﬁnem

1843 4018 2067 4088 fortiter,
2099 4026 2147 4070 et
2176 4016 2402 4086 disponit
2432 4015 2606 4069 omnia
2632 4015 2876 4068 suaviter.
2912 4013 3014 4068 Per
3037 4030 3199 4084 quam
3230 4015 3410 4084 dispo-

1843 4111 2094 4165 sitionem
2145 4109 2280 4180 (Act.
2325 4107 2551 4176 17.28.)
2608 4106 2663 4159 in
2710 4104 2802 4159 illo
2848 4105 3086 4169 vivimus,
3125 4121 3410 4169 movemur,

1841 4211 1890 4255 et
1917 4217 2095 4255 sumus
2122 4216 2140 4252 :
2167 4199 2307 4252 unde
2355 4197 2639 4266 colligitur,
2672 4195 2813 4263 quod
2857 4194 2900 4248 si
2943 4194 3044 4246 hoc
3079 4209 3212 4261 opus
3255 4209 3412 4248 suum

1842 4292 2005 4345 rebus
2052 4289 2401 4351 subtraxerit,
2450 4301 2549 4340 nec
2599 4286 2865 4348 vivemus,
2908 4297 3008 4337 nec
3053 4283 3410 4346 movebimur,

1842 4396 1942 4434 nec
1983 4379 2185 4433 erimus
2218 4376 2263 4429 ί.
2307 4376 2416 4430 Nec
2463 4375 2606 4428 enim
2641 4374 2756 4443 ipse
2794 4372 3039 4426 diabolus
3081 4388 3109 4426 a
3149 4379 3415 4440 potestate

1843 4468 2226 4539 omnipotentis
2255 4467 2462 4528 alienus
2488 4470 2569 4517 est
2589 4503 2603 4527 ,
2634 4478 2756 4516 nam
2789 4471 2842 4516 et
2884 4462 3101 4532 maligni
3136 4461 3277 4515 unde
3306 4462 3408 4516 ali-

163 4565 306 4618 quar
332 4549 402 4600 ad
426 4547 571 4599 illum
598 4563 616 4600 :
645 4557 700 4600 at
733 4565 835 4601 non
861 4549 933 4600 ita
974 4549 1207 4617 famulus
1231 4542 1372 4605 meus
1395 4552 1621 4623 Moyses,
1651 4558 1740 4627 qui
1771 4582 1822 4641 D
1848 4573 2057 4628 cunque
2105 4556 2488 4616 subsisterent,
2513 4552 2679 4604 vitam
2705 4565 2811 4604 non
2841 4550 3134 4612 baberent,
3176 4549 3278 4603 nisi
3315 4565 3413 4619 per

163 4640 219 4692 in
248 4647 362 4691 tota
389 4637 543 4690 domo
568 4654 682 4690 mea
706 4637 1040 4704 ﬁdelissimus
1066 4649 1137 4693 est
1163 4654 1180 4690 :
1208 4657 1263 4693 os
1293 4642 1361 4693 ad
1389 4658 1443 4696 os
1471 4643 1658 4713 loquar
1677 4651 1746 4703 ad

162 4730 320 4784 illum
345 4743 362 4779 :
384 4731 438 4783 in
462 4730 647 4798 specie,
675 4739 721 4782 et
753 4746 854 4782 non
875 4731 931 4783 in
968 4732 1244 4801 wnigmate
1277 4733 1557 4788 Dominum
1587 4741 1741 4795 videt.

162 4822 307 4888 Quia
351 4822 491 4875 enim
537 4829 861 4890 serpentem,
895 4837 1053 4890 quem
1093 4822 1300 4892 Moyses
1348 4826 1486 4879 sicut
1525 4826 1638 4893 jam
1668 4831 1746 4883 di-

163 4923 316 4966 ctum
345 4919 446 4974 est,
486 4909 596 4964 Deo
626 4911 845 4980 jubente
877 4909 1097 4977 fecerat,
1131 4926 1197 4965 ne
1235 4915 1542 4982 serpentina
1572 4927 1744 4972 morte

162 4999 398 5070 populus
430 5001 651 5069 periret,
691 5014 834 5065 eum,
873 5015 1033 5069 quem
1061 5001 1204 5056 Deus
1231 5002 1344 5056 ﬁeri
1364 5003 1619 5072 jusserat,
1648 5021 1742 5074 po-

163 5090 328 5161 pulus
373 5091 488 5159 ipse
527 5091 814 5153 venerari,
855 5097 910 5144 et
965 5091 1140 5145 colere
1171 5102 1473 5160 coeperunt,
1513 5101 1568 5148 et
1599 5110 1742 5148 mor-

163 5193 280 5237 tem
319 5197 481 5250 quam
540 5181 906 5252 temporaliter
951 5190 1203 5251 parentes
1246 5183 1456 5237 illorum
1505 5184 1571 5238 ad
1608 5193 1742 5238 tem-

164 5285 273 5341 pus
316 5279 638 5334 evaserunt,
671 5271 845 5324 denuo
894 5269 1179 5334 morituri,
1209 5270 1294 5324 isti
1349 5281 1736 5340 perceperunt,

165 5362 220 5415 in
285 5368 603 5431 perpetuum
680 5361 734 5414 in
797 5361 974 5414 anima
1045 5361 1339 5425 morituri;
1405 5371 1460 5415 et
1538 5363 1740 5418 idcirco

239 5529 270 5586 φ
294 5515 520 5586 Vulgata
549 5529 563 5586 ξ
598 5512 889 5569 Nohestan.

240 5585 272 5626 1³
309 5586 368 5640 In
392 5584 523 5638 Isaia
546 5585 654 5637 haec
682 5601 784 5638 non
809 5584 1030 5639 invenio.

241 5665 266 5695 ο
308 5655 378 5709 Et
404 5655 493 5708 hic
510 5663 593 5708 est
610 5669 674 5708 ex
701 5654 768 5708 iis
793 5655 938 5718 locis,
966 5651 1130 5721 quiin
1153 5647 1374 5706 Claudio
1393 5654 1585 5709 merito
1617 5669 1737 5708 sus-

168 5732 775 5863 peticugigtsequuntur
819 5793 887 5846 ab
931 5792 1226 5863 Augustino
1271 5792 1547 5863 excerpsit
1581 5791 1739 5846 Clau-

170 5862 313 5925 dius,
346 5862 436 5916 scd
476 5861 579 5916 non
621 5877 686 5917 ex
733 5877 839 5916 uno
889 5861 1248 5918 libro'cuncta
1284 5861 1602 5932 desumpsit,
1646 5863 1736 5916 sed

1847 4664 1970 4703 eum
1999 4647 2088 4716 qui
2116 4643 2348 4698 viviﬁcat
2376 4641 2575 4696 omnia.
2611 4638 2718 4692 Nec
2752 4639 2822 4691 ita
2854 4651 2984 4692 sane
3009 4637 3149 4691 Deus
3175 4637 3414 4692 deseruit

1845 4737 2086 4793 eamdem
2134 4735 2416 4802 reprobam
2467 4729 2758 4801 angelicam
2786 4737 3092 4782 creaturam
3145 4743 3320 4792 suam,
3354 4736 3414 4783 ut

1845 4843 1950 4882 non
1999 4840 2057 4880 se
2088 4825 2160 4878 illi
2188 4823 2466 4877 exhiberet
2505 4821 2672 4874 Deum
2701 4827 2998 4882 creantem,
3038 4826 3091 4872 et
3125 4817 3410 4873 viviﬁcan-

1845 4926 1976 4980 tem,
2007 4923 2061 4970 et
2090 4916 2234 4969 inter
2259 4912 2488 4983 pmnalia
2520 4909 2678 4972 mala,
2716 4908 2878 4962 etiam
2913 4908 3050 4961 bona
3087 4907 3242 4961 malis
3269 4906 3408 4960 mul-

1846 5015 1960 5061 tum
1986 5012 2328 5076 prmstantem
2358 5003 2525 5071 (num.
2564 4998 2698 5069 22.).
2742 4997 3014 5053 Creatoris
3057 5010 3288 5064 namque
3317 5010 3410 5064 po—

1844 5098 2010 5152 tentia
2051 5103 2104 5149 et
2148 5090 2562 5160 omnipotentis,
2609 5095 2768 5156 atque
2811 5085 3192 5140 omnitenentis
3241 5085 3413 5137 virtus

1843 5202 2007 5242 causa
2033 5182 2356 5240 subsistendi
2386 5189 2470 5234 est
2507 5182 2533 5218 ε
2565 5179 2741 5232 omnis
2770 5187 3056 5238 creatum,
3085 5191 3204 5244 qum
3232 5175 3406 5228 virtus

1842 5277 1909 5330 ab
1935 5275 2030 5338 eis,
2065 5288 2181 5341 quae
2207 5279 2387 5324 creata
2418 5277 2564 5331 sunt,
2592 5267 2860 5336 regendis,
2891 5266 2935 5319 si
2968 5265 3259 5334 aliquando
3290 5278 3408 5317 ces-

1842 5373 2007 5429 saret,
2036 5362 2194 5418 simul
2221 5369 2275 5415 et
2315 5360 2525 5414 illorum
2561 5364 2836 5412 cessarent
2866 5355 3094 5422 species,
3124 5353 3406 5420 omnisque

1846 5533 1910 5572 ex
1973 5516 2156 5570 variis.
2206 5513 2466 5568 Nonnulla
2499 5510 2780 5581 Augustini
2820 5509 2934 5564 loca
2981 5509 3245 5572 indicabo,
3281 5521 3402 5576 qute

1846 5587 2092 5642 consulat
2120 5585 2334 5640 Lector.

1918 5666 1940 5726 θ
1981 5656 2147 5726 Edita
2170 5671 2290 5726 quo)
2495 5719 2510 5726 -
2697 5721 2710 5726 _
3062 5715 3092 5726 ..

1921 5724 1939 5763 τ
1981 5715 2196 5787 Confer;
2219 5724 2463 5786 obsecro,
2495 5719 2669 5776 locum
2697 5721 2840 5775 hunc
2864 5731 2984 5772 cum
3012 5715 3175 5770 edito.

1919 5796 1942 5834 ⁸
1985 5793 2158 5849 Omni.
