  <div class='ocr_page' id='page_1' title='image "/cluster/home/n/w/nwhite01/storage/ocr_20150623/104/uva.x000827061/423.png"; bbox 0 0 3906 6322; ppageno 0'>
   <div class='ocr_carea' id='block_1_1' title="bbox 480 363 578 419">
    <p class='ocr_par' dir='ltr' id='par_1_1' title="bbox 480 363 578 419">
     <span class='ocr_line' id='line_1_1' title="bbox 480 363 578 419; baseline 0 0"><span class='ocrx_word' id='word_1_1' title='bbox 480 363 578 419; x_wconf 71' lang='grc'><strong>851</strong></span> 
     </span>
    </p>
   </div>
   <div class='ocr_carea' id='block_1_2' title="bbox 1554 351 2673 413">
    <p class='ocr_par' dir='ltr' id='par_1_2' title="bbox 1554 351 2673 413">
     <span class='ocr_line' id='line_1_2' title="bbox 1554 351 2673 413; baseline -0.006 0"><span class='ocrx_word' id='word_1_2' title='bbox 1554 356 1830 413; x_wconf 83' lang='lat' dir='ltr'><strong>CLAUDII</strong></span> <span class='ocrx_word' id='word_1_3' title='bbox 1867 352 2329 413; x_wconf 75' lang='lat' dir='ltr'><strong>TAUBINENSIS</strong></span> <span class='ocrx_word' id='word_1_4' title='bbox 2366 351 2673 408; x_wconf 72' lang='lat' dir='ltr'><strong>EPISCOPI</strong></span> 
     </span>
    </p>
   </div>
   <div class='ocr_carea' id='block_1_3' title="bbox 3654 359 3756 415">
    <p class='ocr_par' dir='ltr' id='par_1_3' title="bbox 3654 359 3756 415">
     <span class='ocr_line' id='line_1_3' title="bbox 3654 359 3756 415; baseline -0.01 0"><span class='ocrx_word' id='word_1_5' title='bbox 3654 359 3756 415; x_wconf 73' lang='lat'><strong>852</strong></span> 
     </span>
    </p>
   </div>
   <div class='ocr_carea' id='block_1_4' title="bbox 478 460 3759 544">
    <p class='ocr_par' dir='ltr' id='par_1_4' title="bbox 478 460 3759 544">
     <span class='ocr_line' id='line_1_4' title="bbox 478 460 3759 544; baseline -0.005 -12"><span class='ocrx_word' id='word_1_6' title='bbox 478 487 673 537; x_wconf 72' lang='lat' dir='ltr'><strong>natura</strong></span> <span class='ocrx_word' id='word_1_7' title='bbox 697 476 1025 532; x_wconf 76' lang='lat' dir='ltr'><strong>concideret.</strong></span> <span class='ocrx_word' id='word_1_8' title='bbox 1066 472 1251 544; x_wconf 85' lang='lat' dir='ltr'><strong>Neque</strong></span> <span class='ocrx_word' id='word_1_9' title='bbox 1271 473 1416 527; x_wconf 86' lang='lat' dir='ltr'><strong>enim</strong></span> <span class='ocrx_word' id='word_1_10' title='bbox 1443 472 1583 527; x_wconf 89' lang='lat' dir='ltr'><strong>sicut</strong></span> <span class='ocrx_word' id='word_1_11' title='bbox 1612 478 1851 526; x_wconf 73' lang='lat' dir='ltr'><strong>structor</strong></span> <span class='ocrx_word' id='word_1_12' title='bbox 1869 467 2065 523; x_wconf 64' lang='lat' dir='ltr'><strong>aedium</strong></span> <span class='ocrx_word' id='word_1_13' title='bbox 2095 468 2145 528; x_wconf 82' lang='grc' dir='ltr'>Α</span> <span class='ocrx_word' id='word_1_14' title='bbox 2172 462 2538 534; x_wconf 79' lang='lat' dir='ltr'><strong>corporalium</strong></span> <span class='ocrx_word' id='word_1_15' title='bbox 2596 460 2955 521; x_wconf 86' lang='lat' dir='ltr'><strong>clarissimum</strong></span> <span class='ocrx_word' id='word_1_16' title='bbox 3018 463 3221 527; x_wconf 87' lang='lat' dir='ltr'><strong>lumen,</strong></span> <span class='ocrx_word' id='word_1_17' title='bbox 3266 465 3428 533; x_wconf 89' lang='lat' dir='ltr'><strong>eique</strong></span> <span class='ocrx_word' id='word_1_18' title='bbox 3479 465 3593 517; x_wconf 87' lang='lat' dir='ltr'><strong>vim</strong></span> <span class='ocrx_word' id='word_1_19' title='bbox 3638 482 3759 521; x_wconf 65' lang='lat' dir='ltr'><strong>con.</strong></span> 
     </span>
    </p>
   </div>
   <div class='ocr_carea' id='block_1_5' title="bbox 478 561 2062 633">
    <p class='ocr_par' dir='ltr' id='par_1_5' title="bbox 478 561 2062 633">
     <span class='ocr_line' id='line_1_5' title="bbox 478 561 2062 633; baseline -0.008 -9"><span class='ocrx_word' id='word_1_20' title='bbox 478 583 602 624; x_wconf 87' lang='lat' dir='ltr'><strong>eum</strong></span> <span class='ocrx_word' id='word_1_21' title='bbox 626 567 989 631; x_wconf 82' lang='lat' dir='ltr'><strong>fabricaverit,</strong></span> <span class='ocrx_word' id='word_1_22' title='bbox 1022 565 1284 629; x_wconf 83' lang='lat' dir='ltr'><strong>abscedit,</strong></span> <span class='ocrx_word' id='word_1_23' title='bbox 1308 572 1471 633; x_wconf 89' lang='lat' dir='ltr'><strong>atque</strong></span> <span class='ocrx_word' id='word_1_24' title='bbox 1496 570 1743 617; x_wconf 82' lang='lat' dir='ltr'><strong>cessante</strong></span> <span class='ocrx_word' id='word_1_25' title='bbox 1766 561 1877 624; x_wconf 91' lang='lat' dir='ltr'><strong>illo,</strong></span> <span class='ocrx_word' id='word_1_26' title='bbox 1899 568 2062 629; x_wconf 89' lang='lat' dir='ltr'><strong>atque</strong></span> 
     </span>
    </p>
   </div>
   <div class='ocr_carea' id='block_1_6' title="bbox 480 652 2064 727">
    <p class='ocr_par' dir='ltr' id='par_1_6' title="bbox 480 652 2064 727">
     <span class='ocr_line' id='line_1_6' title="bbox 480 652 2064 727; baseline -0.004 -14"><span class='ocrx_word' id='word_1_27' title='bbox 480 660 807 715; x_wconf 76' lang='lat' dir='ltr'><strong>abscedente</strong></span> <span class='ocrx_word' id='word_1_28' title='bbox 848 668 954 713; x_wconf 90' lang='lat' dir='ltr'><strong>stat</strong></span> <span class='ocrx_word' id='word_1_29' title='bbox 984 673 1120 727; x_wconf 93' lang='lat' dir='ltr'><strong>opus</strong></span> <span class='ocrx_word' id='word_1_30' title='bbox 1147 655 1286 724; x_wconf 89' lang='lat' dir='ltr'><strong>ejus,</strong></span> <span class='ocrx_word' id='word_1_31' title='bbox 1330 657 1402 710; x_wconf 87' lang='lat' dir='ltr'><strong>ita</strong></span> <span class='ocrx_word' id='word_1_32' title='bbox 1432 654 1687 720; x_wconf 91' lang='lat' dir='ltr'><strong>mundus,</strong></span> <span class='ocrx_word' id='word_1_33' title='bbox 1727 667 1753 696; x_wconf 83' lang='grc' dir='ltr'>ι</span> <span class='ocrx_word' id='word_1_34' title='bbox 1789 662 1844 708; x_wconf 90' lang='lat' dir='ltr'><strong>et</strong></span> <span class='ocrx_word' id='word_1_35' title='bbox 1884 652 2064 707; x_wconf 91' lang='lat' dir='ltr'><strong>omnis</strong></span> 
     </span>
    </p>
   </div>
   <div class='ocr_carea' id='block_1_7' title="bbox 478 746 2062 813">
    <p class='ocr_par' dir='ltr' id='par_1_7' title="bbox 478 746 2062 813">
     <span class='ocr_line' id='line_1_7' title="bbox 478 746 2062 813; baseline -0.006 -7"><span class='ocrx_word' id='word_1_36' title='bbox 478 759 730 806; x_wconf 76' lang='lat' dir='ltr'><strong>creatura</strong></span> <span class='ocrx_word' id='word_1_37' title='bbox 754 750 871 805; x_wconf 86' lang='lat' dir='ltr'><strong>sive</strong></span> <span class='ocrx_word' id='word_1_38' title='bbox 891 749 1140 811; x_wconf 90' lang='lat' dir='ltr'><strong>visibilis,</strong></span> <span class='ocrx_word' id='word_1_39' title='bbox 1166 750 1279 803; x_wconf 86' lang='lat' dir='ltr'><strong>sive</strong></span> <span class='ocrx_word' id='word_1_40' title='bbox 1301 748 1606 811; x_wconf 83' lang='lat' dir='ltr'><strong>invisibilis,</strong></span> <span class='ocrx_word' id='word_1_41' title='bbox 1639 746 1753 801; x_wconf 89' lang='lat' dir='ltr'><strong>sive</strong></span> <span class='ocrx_word' id='word_1_42' title='bbox 1779 759 2062 813; x_wconf 89' lang='lat' dir='ltr'><strong>corporea,</strong></span> 
     </span>
    </p>
   </div>
   <div class='ocr_carea' id='block_1_8' title="bbox 478 836 2062 912">
    <p class='ocr_par' dir='ltr' id='par_1_8' title="bbox 478 836 2062 912">
     <span class='ocr_line' id='line_1_8' title="bbox 478 836 2062 912; baseline -0.006 -14"><span class='ocrx_word' id='word_1_43' title='bbox 478 844 595 898; x_wconf 82' lang='lat' dir='ltr'><strong>sive</strong></span> <span class='ocrx_word' id='word_1_44' title='bbox 622 841 941 912; x_wconf 85' lang='lat' dir='ltr'><strong>spiritualis,</strong></span> <span class='ocrx_word' id='word_1_45' title='bbox 966 842 1047 901; x_wconf 85' lang='lat' dir='ltr'><strong>vel</strong></span> <span class='ocrx_word' id='word_1_46' title='bbox 1077 842 1188 895; x_wconf 89' lang='lat' dir='ltr'><strong>ictu</strong></span> <span class='ocrx_word' id='word_1_47' title='bbox 1216 839 1359 894; x_wconf 91' lang='lat' dir='ltr'><strong>oculi</strong></span> <span class='ocrx_word' id='word_1_48' title='bbox 1389 847 1535 893; x_wconf 88' lang='lat' dir='ltr'><strong>stare</strong></span> <span class='ocrx_word' id='word_1_49' title='bbox 1557 852 1663 891; x_wconf 94' lang='lat' dir='ltr'><strong>non</strong></span> <span class='ocrx_word' id='word_1_50' title='bbox 1687 836 1907 907; x_wconf 89' lang='lat' dir='ltr'><strong>poterit,</strong></span> <span class='ocrx_word' id='word_1_51' title='bbox 1938 836 1982 889; x_wconf 91' lang='lat' dir='ltr'><strong>si</strong></span> <span class='ocrx_word' id='word_1_52' title='bbox 2012 836 2062 890; x_wconf 92' lang='lat' dir='ltr'><strong>ei</strong></span> 
     </span>
    </p>
   </div>
   <div class='ocr_carea' id='block_1_9' title="bbox 479 932 2064 1006">
    <p class='ocr_par' dir='ltr' id='par_1_9' title="bbox 479 932 2064 1006">
     <span class='ocr_line' id='line_1_9' title="bbox 479 932 2064 1006; baseline -0.003 -15"><span class='ocrx_word' id='word_1_53' title='bbox 479 936 623 991; x_wconf 85' lang='lat' dir='ltr'><strong>Deus</strong></span> <span class='ocrx_word' id='word_1_54' title='bbox 662 936 905 1006; x_wconf 84' lang='lat' dir='ltr'><strong>regimen</strong></span> <span class='ocrx_word' id='word_1_55' title='bbox 939 936 1022 993; x_wconf 84' lang='lat' dir='ltr'><strong>sui</strong></span> <span class='ocrx_word' id='word_1_56' title='bbox 1064 934 1429 996; x_wconf 82' lang='lat' dir='ltr'><strong>subtraxerit,</strong></span> <span class='ocrx_word' id='word_1_57' title='bbox 1462 933 1555 1003; x_wconf 91' lang='lat' dir='ltr'><strong>qui</strong></span> <span class='ocrx_word' id='word_1_58' title='bbox 1588 933 1741 988; x_wconf 88' lang='lat' dir='ltr'><strong>novit</strong></span> <span class='ocrx_word' id='word_1_59' title='bbox 1770 932 2064 1001; x_wconf 88' lang='lat' dir='ltr'><strong>quiescens</strong></span> 
     </span>
    </p>
   </div>
   <div class='ocr_carea' id='block_1_10' title="bbox 478 1024 2063 1096">
    <p class='ocr_par' dir='ltr' id='par_1_10' title="bbox 478 1024 2063 1096">
     <span class='ocr_line' id='line_1_10' title="bbox 478 1024 2063 1096; baseline -0.002 -15"><span class='ocrx_word' id='word_1_60' title='bbox 478 1041 661 1096; x_wconf 87' lang='lat' dir='ltr'><strong>agere,</strong></span> <span class='ocrx_word' id='word_1_61' title='bbox 687 1037 743 1079; x_wconf 90' lang='lat' dir='ltr'><strong>et</strong></span> <span class='ocrx_word' id='word_1_62' title='bbox 772 1042 937 1096; x_wconf 90' lang='lat' dir='ltr'><strong>agens</strong></span> <span class='ocrx_word' id='word_1_63' title='bbox 962 1027 1264 1095; x_wconf 87' lang='lat' dir='ltr'><strong>quiescere,</strong></span> <span class='ocrx_word' id='word_1_64' title='bbox 1294 1035 1579 1096; x_wconf 87' lang='lat' dir='ltr'><strong>potestque</strong></span> <span class='ocrx_word' id='word_1_65' title='bbox 1610 1024 1673 1079; x_wconf 92' lang='lat' dir='ltr'><strong>ad</strong></span> <span class='ocrx_word' id='word_1_66' title='bbox 1706 1040 1840 1095; x_wconf 81' lang='lat' dir='ltr'><strong>Opus</strong></span> <span class='ocrx_word' id='word_1_67' title='bbox 1866 1039 2063 1079; x_wconf 85' lang='lat' dir='ltr'><strong>novum</strong></span> 
     </span>
    </p>
   </div>
   <div class='ocr_carea' id='block_1_11' title="bbox 480 1114 2060 1181">
    <p class='ocr_par' dir='ltr' id='par_1_11' title="bbox 480 1114 2060 1181">
     <span class='ocr_line' id='line_1_11' title="bbox 480 1114 2060 1181; baseline -0.003 -10"><span class='ocrx_word' id='word_1_68' title='bbox 480 1132 589 1171; x_wconf 86' lang='lat' dir='ltr'><strong>non</strong></span> <span class='ocrx_word' id='word_1_69' title='bbox 618 1132 817 1171; x_wconf 90' lang='lat' dir='ltr'><strong>novum</strong></span> <span class='ocrx_word' id='word_1_70' title='bbox 847 1117 1103 1171; x_wconf 79' lang='lat' dir='ltr'><strong>adbibere</strong></span> <span class='ocrx_word' id='word_1_71' title='bbox 1142 1116 1426 1171; x_wconf 86' lang='lat' dir='ltr'><strong>consilium</strong></span> <span class='ocrx_word' id='word_1_72' title='bbox 1454 1116 1504 1169; x_wconf 64' lang='grc' dir='ltr'><strong>δ.</strong></span> <span class='ocrx_word' id='word_1_73' title='bbox 1539 1114 1641 1181; x_wconf 85' lang='lat' dir='ltr'><strong>Qui</strong></span> <span class='ocrx_word' id='word_1_74' title='bbox 1680 1130 1804 1169; x_wconf 91' lang='lat' dir='ltr'><strong>cum</strong></span> <span class='ocrx_word' id='word_1_75' title='bbox 1828 1123 2060 1179; x_wconf 84' lang='lat' dir='ltr'><strong>crearet,</strong></span> 
     </span>
    </p>
   </div>
   <div class='ocr_carea' id='block_1_12' title="bbox 480 1205 2064 1273">
    <p class='ocr_par' dir='ltr' id='par_1_12' title="bbox 480 1205 2064 1273">
     <span class='ocr_line' id='line_1_12' title="bbox 480 1205 2064 1273; baseline -0.003 -10"><span class='ocrx_word' id='word_1_76' title='bbox 480 1224 588 1263; x_wconf 82' lang='lat' dir='ltr'><strong>non</strong></span> <span class='ocrx_word' id='word_1_77' title='bbox 617 1215 702 1262; x_wconf 90' lang='lat' dir='ltr'><strong>est</strong></span> <span class='ocrx_word' id='word_1_78' title='bbox 728 1206 971 1262; x_wconf 83' lang='lat' dir='ltr'><strong>defessus</strong></span> <span class='ocrx_word' id='word_1_79' title='bbox 993 1248 1007 1273; x_wconf 94' lang='lat'><strong>,</strong></span> <span class='ocrx_word' id='word_1_80' title='bbox 1048 1222 1151 1263; x_wconf 87' lang='lat' dir='ltr'><strong>nec</strong></span> <span class='ocrx_word' id='word_1_81' title='bbox 1188 1222 1311 1261; x_wconf 91' lang='lat' dir='ltr'><strong>cum</strong></span> <span class='ocrx_word' id='word_1_82' title='bbox 1342 1206 1606 1271; x_wconf 81' lang='lat' dir='ltr'><strong>cessavit,</strong></span> <span class='ocrx_word' id='word_1_83' title='bbox 1638 1205 1877 1260; x_wconf 89' lang='lat' dir='ltr'><strong>refectus</strong></span> <span class='ocrx_word' id='word_1_84' title='bbox 1903 1223 1915 1259; x_wconf 91' lang='lat'>:</span> <span class='ocrx_word' id='word_1_85' title='bbox 1947 1206 2064 1259; x_wconf 89' lang='lat' dir='ltr'><strong>sine</strong></span> 
     </span>
    </p>
   </div>
   <div class='ocr_carea' id='block_1_13' title="bbox 479 1298 2059 1370">
    <p class='ocr_par' dir='ltr' id='par_1_13' title="bbox 479 1298 2059 1370">
     <span class='ocr_line' id='line_1_13' title="bbox 479 1298 2059 1370; baseline -0.003 -15"><span class='ocrx_word' id='word_1_86' title='bbox 479 1301 737 1370; x_wconf 86' lang='lat' dir='ltr'><strong>qualitate</strong></span> <span class='ocrx_word' id='word_1_87' title='bbox 770 1302 966 1366; x_wconf 89' lang='lat' dir='ltr'><strong>bonus,</strong></span> <span class='ocrx_word' id='word_1_88' title='bbox 992 1300 1108 1355; x_wconf 83' lang='lat' dir='ltr'><strong>sine</strong></span> <span class='ocrx_word' id='word_1_89' title='bbox 1147 1299 1452 1369; x_wconf 86' lang='lat' dir='ltr'><strong>quantitate</strong></span> <span class='ocrx_word' id='word_1_90' title='bbox 1488 1313 1739 1369; x_wconf 89' lang='lat' dir='ltr'><strong>magnus,</strong></span> <span class='ocrx_word' id='word_1_91' title='bbox 1776 1299 1894 1353; x_wconf 85' lang='lat' dir='ltr'><strong>sine</strong></span> <span class='ocrx_word' id='word_1_92' title='bbox 1924 1298 2059 1357; x_wconf 81' lang='lat' dir='ltr'><strong>indi-</strong></span> 
     </span>
    </p>
   </div>
   <div class='ocr_carea' id='block_1_14' title="bbox 479 1388 2062 1460">
    <p class='ocr_par' dir='ltr' id='par_1_14' title="bbox 479 1388 2062 1460">
     <span class='ocr_line' id='line_1_14' title="bbox 479 1388 2062 1460; baseline -0.002 -17"><span class='ocrx_word' id='word_1_93' title='bbox 479 1390 657 1460; x_wconf 87' lang='lat' dir='ltr'><strong>gentia</strong></span> <span class='ocrx_word' id='word_1_94' title='bbox 686 1398 922 1453; x_wconf 79' lang='lat' dir='ltr'><strong>creator,</strong></span> <span class='ocrx_word' id='word_1_95' title='bbox 954 1390 1071 1442; x_wconf 89' lang='lat' dir='ltr'><strong>sine</strong></span> <span class='ocrx_word' id='word_1_96' title='bbox 1095 1389 1200 1452; x_wconf 69' lang='lat' dir='ltr'><strong>situ</strong></span> <span class='ocrx_word' id='word_1_97' title='bbox 1236 1402 1494 1456; x_wconf 79' lang='lat' dir='ltr'><strong>praesens,</strong></span> <span class='ocrx_word' id='word_1_98' title='bbox 1523 1388 1643 1441; x_wconf 84' lang='lat' dir='ltr'><strong>sine</strong></span> <span class='ocrx_word' id='word_1_99' title='bbox 1666 1388 1853 1441; x_wconf 85' lang='lat' dir='ltr'><strong>habitu</strong></span> <span class='ocrx_word' id='word_1_100' title='bbox 1883 1388 2062 1442; x_wconf 84' lang='lat' dir='ltr'><strong>omnia</strong></span> 
     </span>
    </p>
   </div>
   <div class='ocr_carea' id='block_1_15' title="bbox 479 1478 2067 1547">
    <p class='ocr_par' dir='ltr' id='par_1_15' title="bbox 479 1478 2067 1547">
     <span class='ocr_line' id='line_1_15' title="bbox 479 1478 2067 1547; baseline -0.001 -12"><span class='ocrx_word' id='word_1_101' title='bbox 479 1481 788 1546; x_wconf 79' lang='lat' dir='ltr'><strong>continens,</strong></span> <span class='ocrx_word' id='word_1_102' title='bbox 812 1481 930 1536; x_wconf 85' lang='lat' dir='ltr'><strong>sine</strong></span> <span class='ocrx_word' id='word_1_103' title='bbox 959 1480 1076 1534; x_wconf 90' lang='lat' dir='ltr'><strong>loco</strong></span> <span class='ocrx_word' id='word_1_104' title='bbox 1109 1479 1307 1547; x_wconf 90' lang='lat' dir='ltr'><strong>ubique</strong></span> <span class='ocrx_word' id='word_1_105' title='bbox 1328 1487 1492 1539; x_wconf 90' lang='lat' dir='ltr'><strong>totus.</strong></span> <span class='ocrx_word' id='word_1_106' title='bbox 1518 1478 1636 1533; x_wconf 89' lang='lat' dir='ltr'><strong>sine</strong></span> <span class='ocrx_word' id='word_1_107' title='bbox 1660 1487 1904 1547; x_wconf 87' lang='lat' dir='ltr'><strong>tempore</strong></span> <span class='ocrx_word' id='word_1_108' title='bbox 1926 1494 2067 1533; x_wconf 86' lang='lat' dir='ltr'><strong>sem-</strong></span> 
     </span>
    </p>
   </div>
   <div class='ocr_carea' id='block_1_16' title="bbox 478 1570 2061 1642">
    <p class='ocr_par' dir='ltr' id='par_1_16' title="bbox 478 1570 2061 1642">
     <span class='ocr_line' id='line_1_16' title="bbox 478 1570 2061 1642; baseline 0.001 -17"><span class='ocrx_word' id='word_1_109' title='bbox 478 1571 755 1642; x_wconf 82' lang='lat' dir='ltr'><strong>piternus,</strong></span> <span class='ocrx_word' id='word_1_110' title='bbox 795 1573 913 1627; x_wconf 86' lang='lat' dir='ltr'><strong>sine</strong></span> <span class='ocrx_word' id='word_1_111' title='bbox 939 1572 1045 1625; x_wconf 87' lang='lat' dir='ltr'><strong>ulla</strong></span> <span class='ocrx_word' id='word_1_112' title='bbox 1083 1573 1165 1626; x_wconf 90' lang='lat' dir='ltr'><strong>sui</strong></span> <span class='ocrx_word' id='word_1_113' title='bbox 1199 1571 1499 1629; x_wconf 78' lang='lat' dir='ltr'><strong>mutatione</strong></span> <span class='ocrx_word' id='word_1_114' title='bbox 1540 1570 1807 1626; x_wconf 86' lang='lat' dir='ltr'><strong>mirabilia</strong></span> <span class='ocrx_word' id='word_1_115' title='bbox 1838 1570 2061 1635; x_wconf 80' lang='lat' dir='ltr'><strong>faciens,</strong></span> 
     </span>
    </p>
   </div>
   <div class='ocr_carea' id='block_1_17' title="bbox 474 1660 2065 1733">
    <p class='ocr_par' dir='ltr' id='par_1_17' title="bbox 474 1660 2065 1733">
     <span class='ocr_line' id='line_1_17' title="bbox 474 1660 2065 1733; baseline -0.004 -12"><span class='ocrx_word' id='word_1_116' title='bbox 474 1662 726 1733; x_wconf 84' lang='lat' dir='ltr'><strong>nihilque</strong></span> <span class='ocrx_word' id='word_1_117' title='bbox 754 1663 987 1733; x_wconf 86' lang='lat' dir='ltr'><strong>patiens,</strong></span> <span class='ocrx_word' id='word_1_118' title='bbox 1012 1673 1033 1700; x_wconf 74' lang='grc' dir='ltr'><strong><em>ο</em></strong></span> <span class='ocrx_word' id='word_1_119' title='bbox 1069 1662 1233 1716; x_wconf 81' lang='lat' dir='ltr'><strong>habet</strong></span> <span class='ocrx_word' id='word_1_120' title='bbox 1256 1660 1471 1729; x_wconf 81' lang='lat' dir='ltr'><strong>quidem</strong></span> <span class='ocrx_word' id='word_1_121' title='bbox 1502 1660 1743 1723; x_wconf 90' lang='lat' dir='ltr'><strong>nuntios,</strong></span> <span class='ocrx_word' id='word_1_122' title='bbox 1764 1661 1814 1715; x_wconf 90' lang='lat' dir='ltr'><strong>id</strong></span> <span class='ocrx_word' id='word_1_123' title='bbox 1847 1670 1931 1715; x_wconf 89' lang='lat' dir='ltr'><strong>est</strong></span> <span class='ocrx_word' id='word_1_124' title='bbox 1958 1661 2065 1715; x_wconf 84' lang='lat' dir='ltr'><strong>An—</strong></span> 
     </span>
    </p>
   </div>
   <div class='ocr_carea' id='block_1_18' title="bbox 474 1750 2062 1823">
    <p class='ocr_par' dir='ltr' id='par_1_18' title="bbox 474 1750 2062 1823">
     <span class='ocr_line' id='line_1_18' title="bbox 474 1750 2062 1823; baseline -0.003 -15"><span class='ocrx_word' id='word_1_125' title='bbox 474 1754 651 1823; x_wconf 84' lang='lat' dir='ltr'><strong>gelos,</strong></span> <span class='ocrx_word' id='word_1_126' title='bbox 682 1768 788 1807; x_wconf 91' lang='lat' dir='ltr'><strong>non</strong></span> <span class='ocrx_word' id='word_1_127' title='bbox 825 1761 1004 1812; x_wconf 73' lang='lat' dir='ltr'><strong>tanien</strong></span> <span class='ocrx_word' id='word_1_128' title='bbox 1050 1761 1155 1815; x_wconf 90' lang='lat' dir='ltr'><strong>est,</strong></span> <span class='ocrx_word' id='word_1_129' title='bbox 1200 1760 1259 1804; x_wconf 91' lang='lat' dir='ltr'><strong>ut</strong></span> <span class='ocrx_word' id='word_1_130' title='bbox 1292 1750 1494 1820; x_wconf 89' lang='lat' dir='ltr'><strong>aliquid</strong></span> <span class='ocrx_word' id='word_1_131' title='bbox 1524 1750 1593 1814; x_wconf 92' lang='lat' dir='ltr'><strong>ei,</strong></span> <span class='ocrx_word' id='word_1_132' title='bbox 1638 1751 1782 1819; x_wconf 90' lang='lat' dir='ltr'><strong>quod</strong></span> <span class='ocrx_word' id='word_1_133' title='bbox 1831 1750 2062 1814; x_wconf 89' lang='lat' dir='ltr'><strong>nesciat,</strong></span> 
     </span>
    </p>
   </div>
   <div class='ocr_carea' id='block_1_19' title="bbox 2164 553 3754 625">
    <p class='ocr_par' dir='ltr' id='par_1_19' title="bbox 2164 553 3754 625">
     <span class='ocr_line' id='line_1_19' title="bbox 2164 553 3754 625; baseline 0.003 -18"><span class='ocrx_word' id='word_1_134' title='bbox 2164 568 2374 625; x_wconf 83' lang='lat' dir='ltr'><strong>gruam,</strong></span> <span class='ocrx_word' id='word_1_135' title='bbox 2406 562 2461 609; x_wconf 91' lang='lat' dir='ltr'><strong>et</strong></span> <span class='ocrx_word' id='word_1_136' title='bbox 2494 561 2698 608; x_wconf 90' lang='lat' dir='ltr'><strong>motum</strong></span> <span class='ocrx_word' id='word_1_137' title='bbox 2726 553 2871 607; x_wconf 86' lang='lat' dir='ltr'><strong>dedit</strong></span> <span class='ocrx_word' id='word_1_138' title='bbox 2902 572 2914 606; x_wconf 89' lang='lat'><strong>:</strong></span> <span class='ocrx_word' id='word_1_139' title='bbox 2945 553 3035 623; x_wconf 90' lang='lat' dir='ltr'><strong>qui</strong></span> <span class='ocrx_word' id='word_1_140' title='bbox 3068 554 3200 622; x_wconf 89' lang='lat' dir='ltr'><strong>ipsis</strong></span> <span class='ocrx_word' id='word_1_141' title='bbox 3226 555 3395 609; x_wconf 87' lang='lat' dir='ltr'><strong>etiam</strong></span> <span class='ocrx_word' id='word_1_142' title='bbox 3425 554 3625 609; x_wconf 83' lang='lat' dir='ltr'><strong>inferis</strong></span> <span class='ocrx_word' id='word_1_143' title='bbox 3658 556 3754 611; x_wconf 80' lang='lat' dir='ltr'><strong>do-</strong></span> 
     </span>
    </p>
   </div>
   <div class='ocr_carea' id='block_1_20' title="bbox 2165 647 3757 719">
    <p class='ocr_par' dir='ltr' id='par_1_20' title="bbox 2165 647 3757 719">
     <span class='ocr_line' id='line_1_20' title="bbox 2165 647 3757 719; baseline 0.001 -17"><span class='ocrx_word' id='word_1_144' title='bbox 2165 647 2518 702; x_wconf 81' lang='lat' dir='ltr'><strong>ntinationem</strong></span> <span class='ocrx_word' id='word_1_145' title='bbox 2542 662 2719 705; x_wconf 86' lang='lat' dir='ltr'><strong>suam.</strong></span> <span class='ocrx_word' id='word_1_146' title='bbox 2743 655 3171 716; x_wconf 80' lang='lat' dir='ltr'><strong>potestatemque</strong></span> <span class='ocrx_word' id='word_1_147' title='bbox 3192 663 3299 701; x_wconf 92' lang='lat' dir='ltr'><strong>non</strong></span> <span class='ocrx_word' id='word_1_148' title='bbox 3318 650 3598 703; x_wconf 85' lang='lat' dir='ltr'><strong>subtrahit</strong></span> <span class='ocrx_word' id='word_1_149' title='bbox 3627 668 3640 702; x_wconf 89' lang='lat'><strong>:</strong></span> <span class='ocrx_word' id='word_1_150' title='bbox 3669 651 3757 719; x_wconf 90' lang='lat' dir='ltr'><strong>qui</strong></span> 
     </span>
    </p>
   </div>
   <div class='ocr_carea' id='block_1_21' title="bbox 2164 743 3757 813">
    <p class='ocr_par' dir='ltr' id='par_1_21' title="bbox 2164 743 3757 813">
     <span class='ocr_line' id='line_1_21' title="bbox 2164 743 3757 813; baseline -0.002 -13"><span class='ocrx_word' id='word_1_151' title='bbox 2164 745 2460 809; x_wconf 87' lang='lat' dir='ltr'><strong>semina,et</strong></span> <span class='ocrx_word' id='word_1_152' title='bbox 2480 744 2733 798; x_wconf 90' lang='lat' dir='ltr'><strong>alimenta</strong></span> <span class='ocrx_word' id='word_1_153' title='bbox 2756 743 3063 798; x_wconf 89' lang='lat' dir='ltr'><strong>mortalium</strong></span> <span class='ocrx_word' id='word_1_154' title='bbox 3084 744 3196 798; x_wconf 86' lang='lat' dir='ltr'><strong>sive</strong></span> <span class='ocrx_word' id='word_1_155' title='bbox 3218 744 3391 808; x_wconf 89' lang='lat' dir='ltr'><strong>arida,</strong></span> <span class='ocrx_word' id='word_1_156' title='bbox 3406 746 3526 800; x_wconf 87' lang='lat' dir='ltr'><strong>sive</strong></span> <span class='ocrx_word' id='word_1_157' title='bbox 3552 745 3757 813; x_wconf 79' lang='lat' dir='ltr'><strong>liquida</strong></span> 
     </span>
    </p>
   </div>
   <div class='ocr_carea' id='block_1_22' title="bbox 2164 833 3763 903">
    <p class='ocr_par' dir='ltr' id='par_1_22' title="bbox 2164 833 3763 903">
     <span class='ocr_line' id='line_1_22' title="bbox 2164 833 3763 903; baseline -0.001 -14"><span class='ocrx_word' id='word_1_158' title='bbox 2164 834 2373 889; x_wconf 90' lang='lat' dir='ltr'><strong>naturis</strong></span> <span class='ocrx_word' id='word_1_159' title='bbox 2404 833 2833 902; x_wconf 81' lang='lat' dir='ltr'><strong>competentibus</strong></span> <span class='ocrx_word' id='word_1_160' title='bbox 2870 834 3133 887; x_wconf 77' lang='lat' dir='ltr'><strong>attributa</strong></span> <span class='ocrx_word' id='word_1_161' title='bbox 3164 833 3439 887; x_wconf 88' lang='lat' dir='ltr'><strong>substituit</strong></span> <span class='ocrx_word' id='word_1_162' title='bbox 3481 852 3494 886; x_wconf 93' lang='lat'>:</span> <span class='ocrx_word' id='word_1_163' title='bbox 3530 837 3626 903; x_wconf 90' lang='lat' dir='ltr'><strong>qni</strong></span> <span class='ocrx_word' id='word_1_164' title='bbox 3658 844 3763 888; x_wconf 88' lang='lat' dir='ltr'><strong>ter-</strong></span> 
     </span>
    </p>
   </div>
   <div class='ocr_carea' id='block_1_23' title="bbox 2164 921 3762 995">
    <p class='ocr_par' dir='ltr' id='par_1_23' title="bbox 2164 921 3762 995">
     <span class='ocr_line' id='line_1_23' title="bbox 2164 921 3762 995; baseline -0.003 -15"><span class='ocrx_word' id='word_1_165' title='bbox 2164 940 2278 980; x_wconf 89' lang='lat' dir='ltr'><strong>ram</strong></span> <span class='ocrx_word' id='word_1_166' title='bbox 2306 924 2513 989; x_wconf 90' lang='lat' dir='ltr'><strong>fundat,</strong></span> <span class='ocrx_word' id='word_1_167' title='bbox 2536 932 2698 995; x_wconf 87' lang='lat' dir='ltr'><strong>atque</strong></span> <span class='ocrx_word' id='word_1_168' title='bbox 2742 922 2994 977; x_wconf 86' lang='lat' dir='ltr'><strong>fecundat</strong></span> <span class='ocrx_word' id='word_1_169' title='bbox 3020 942 3037 976; x_wconf 85' lang='lat'><strong>:</strong></span> <span class='ocrx_word' id='word_1_170' title='bbox 3060 923 3150 992; x_wconf 92' lang='lat' dir='ltr'><strong>qui</strong></span> <span class='ocrx_word' id='word_1_171' title='bbox 3174 921 3383 977; x_wconf 84' lang='lat' dir='ltr'><strong>fructus</strong></span> <span class='ocrx_word' id='word_1_172' title='bbox 3402 924 3523 993; x_wconf 84' lang='lat' dir='ltr'><strong>ejus</strong></span> <span class='ocrx_word' id='word_1_173' title='bbox 3552 924 3762 976; x_wconf 86' lang='lat' dir='ltr'><strong>anima-</strong></span> 
     </span>
    </p>
   </div>
   <div class='ocr_carea' id='block_1_24' title="bbox 2163 1014 3763 1086">
    <p class='ocr_par' dir='ltr' id='par_1_24' title="bbox 2163 1014 3763 1086">
     <span class='ocr_line' id='line_1_24' title="bbox 2163 1014 3763 1086; baseline -0.003 -14"><span class='ocrx_word' id='word_1_174' title='bbox 2163 1018 2324 1082; x_wconf 82' lang='lat' dir='ltr'><strong>libus,</strong></span> <span class='ocrx_word' id='word_1_175' title='bbox 2356 1017 2768 1084; x_wconf 88' lang='lat' dir='ltr'><strong>hominibusque</strong></span> <span class='ocrx_word' id='word_1_176' title='bbox 2795 1016 3021 1086; x_wconf 73' lang='lat' dir='ltr'><strong>largitur</strong></span> <span class='ocrx_word' id='word_1_177' title='bbox 3053 1034 3071 1069; x_wconf 79' lang='lat'><strong>:</strong></span> <span class='ocrx_word' id='word_1_178' title='bbox 3103 1016 3195 1085; x_wconf 89' lang='lat' dir='ltr'><strong>qui</strong></span> <span class='ocrx_word' id='word_1_179' title='bbox 3219 1030 3415 1069; x_wconf 88' lang='lat' dir='ltr'><strong>causas</strong></span> <span class='ocrx_word' id='word_1_180' title='bbox 3444 1030 3554 1068; x_wconf 91' lang='lat' dir='ltr'><strong>non</strong></span> <span class='ocrx_word' id='word_1_181' title='bbox 3584 1014 3763 1069; x_wconf 79' lang='lat' dir='ltr'><strong>solum</strong></span> 
     </span>
    </p>
   </div>
   <div class='ocr_carea' id='block_1_25' title="bbox 2162 1106 3765 1180">
    <p class='ocr_par' dir='ltr' id='par_1_25' title="bbox 2162 1106 3765 1180">
     <span class='ocr_line' id='line_1_25' title="bbox 2162 1106 3765 1180; baseline -0.004 -16"><span class='ocrx_word' id='word_1_182' title='bbox 2162 1108 2503 1180; x_wconf 86' lang='lat' dir='ltr'><strong>principales,</strong></span> <span class='ocrx_word' id='word_1_183' title='bbox 2526 1108 2620 1163; x_wconf 86' lang='lat' dir='ltr'><strong>sed</strong></span> <span class='ocrx_word' id='word_1_184' title='bbox 2641 1108 2802 1161; x_wconf 89' lang='lat' dir='ltr'><strong>etiam</strong></span> <span class='ocrx_word' id='word_1_185' title='bbox 2831 1108 3219 1176; x_wconf 84' lang='lat' dir='ltr'><strong>subsequentes</strong></span> <span class='ocrx_word' id='word_1_186' title='bbox 3236 1106 3408 1168; x_wconf 87' lang='lat' dir='ltr'><strong>novit,</strong></span> <span class='ocrx_word' id='word_1_187' title='bbox 3431 1115 3603 1175; x_wconf 88' lang='lat' dir='ltr'><strong>atque</strong></span> <span class='ocrx_word' id='word_1_188' title='bbox 3617 1108 3765 1158; x_wconf 75' lang='lat' dir='ltr'><strong>ordi-</strong></span> 
     </span>
    </p>
   </div>
   <div class='ocr_carea' id='block_1_26' title="bbox 2164 1196 3765 1269">
    <p class='ocr_par' dir='ltr' id='par_1_26' title="bbox 2164 1196 3765 1269">
     <span class='ocr_line' id='line_1_26' title="bbox 2164 1196 3765 1269; baseline -0.004 -13"><span class='ocrx_word' id='word_1_189' title='bbox 2164 1210 2260 1256; x_wconf 88' lang='lat' dir='ltr'><strong>nat</strong></span> <span class='ocrx_word' id='word_1_190' title='bbox 2279 1220 2291 1255; x_wconf 89' lang='lat'><strong>:</strong></span> <span class='ocrx_word' id='word_1_191' title='bbox 2316 1201 2407 1269; x_wconf 91' lang='lat' dir='ltr'><strong>qui</strong></span> <span class='ocrx_word' id='word_1_192' title='bbox 2421 1200 2563 1253; x_wconf 76' lang='lat' dir='ltr'><strong>luna:</strong></span> <span class='ocrx_word' id='word_1_193' title='bbox 2582 1197 2771 1252; x_wconf 87' lang='lat' dir='ltr'><strong>statuit</strong></span> <span class='ocrx_word' id='word_1_194' title='bbox 2787 1197 3008 1251; x_wconf 84' lang='lat' dir='ltr'><strong>modum</strong></span> <span class='ocrx_word' id='word_1_195' title='bbox 3027 1212 3181 1251; x_wconf 87' lang='lat' dir='ltr'><strong>suum</strong></span> <span class='ocrx_word' id='word_1_196' title='bbox 3201 1214 3214 1249; x_wconf 89' lang='lat'>:</span> <span class='ocrx_word' id='word_1_197' title='bbox 3238 1196 3329 1264; x_wconf 88' lang='lat' dir='ltr'><strong>qui</strong></span> <span class='ocrx_word' id='word_1_198' title='bbox 3353 1196 3471 1249; x_wconf 91' lang='lat' dir='ltr'><strong>vias</strong></span> <span class='ocrx_word' id='word_1_199' title='bbox 3482 1196 3765 1257; x_wconf 73' lang='lat' dir='ltr'><strong>emlestes,</strong></span> 
     </span>
    </p>
   </div>
   <div class='ocr_carea' id='block_1_27' title="bbox 2168 1285 3761 1361">
    <p class='ocr_par' dir='ltr' id='par_1_27' title="bbox 2168 1285 3761 1361">
     <span class='ocr_line' id='line_1_27' title="bbox 2168 1285 3761 1361; baseline -0.004 -16"><span class='ocrx_word' id='word_1_200' title='bbox 2168 1301 2330 1361; x_wconf 86' lang='lat' dir='ltr'><strong>atque</strong></span> <span class='ocrx_word' id='word_1_201' title='bbox 2366 1298 2656 1351; x_wconf 82' lang='lat' dir='ltr'><strong>terrestres</strong></span> <span class='ocrx_word' id='word_1_202' title='bbox 2690 1289 2933 1343; x_wconf 89' lang='lat' dir='ltr'><strong>locorum</strong></span> <span class='ocrx_word' id='word_1_203' title='bbox 2963 1285 3351 1341; x_wconf 78' lang='lat' dir='ltr'><strong>mutationibus</strong></span> <span class='ocrx_word' id='word_1_204' title='bbox 3380 1286 3597 1355; x_wconf 83' lang='lat' dir='ltr'><strong>praebet</strong></span> <span class='ocrx_word' id='word_1_205' title='bbox 3619 1327 3636 1347; x_wconf 97' lang='lat'><strong>,</strong></span> <span class='ocrx_word' id='word_1_206' title='bbox 3670 1287 3761 1354; x_wconf 83' lang='lat' dir='ltr'><strong>qui</strong></span> 
     </span>
    </p>
   </div>
   <div class='ocr_carea' id='block_1_28' title="bbox 2166 1375 3765 1450">
    <p class='ocr_par' dir='ltr' id='par_1_28' title="bbox 2166 1375 3765 1450">
     <span class='ocr_line' id='line_1_28' title="bbox 2166 1375 3765 1450; baseline -0.007 -13"><span class='ocrx_word' id='word_1_207' title='bbox 2166 1380 2417 1437; x_wconf 87' lang='lat' dir='ltr'><strong>humanis</strong></span> <span class='ocrx_word' id='word_1_208' title='bbox 2448 1379 2677 1450; x_wconf 77' lang='lat' dir='ltr'><strong>ingeniis</strong></span> <span class='ocrx_word' id='word_1_209' title='bbox 2696 1419 2710 1441; x_wconf 92' lang='lat'><strong>,</strong></span> <span class='ocrx_word' id='word_1_210' title='bbox 2740 1394 2860 1448; x_wconf 72' lang='lat' dir='ltr'><strong>qua:</strong></span> <span class='ocrx_word' id='word_1_211' title='bbox 2886 1376 3110 1439; x_wconf 84' lang='lat' dir='ltr'><strong>creavit,</strong></span> <span class='ocrx_word' id='word_1_212' title='bbox 3139 1375 3303 1429; x_wconf 88' lang='lat' dir='ltr'><strong>etiam</strong></span> <span class='ocrx_word' id='word_1_213' title='bbox 3335 1375 3634 1429; x_wconf 84' lang='lat' dir='ltr'><strong>scientiam</strong></span> <span class='ocrx_word' id='word_1_214' title='bbox 3678 1390 3765 1426; x_wconf 78' lang='lat' dir='ltr'><strong>ar-</strong></span> 
     </span>
    </p>
   </div>
   <div class='ocr_carea' id='block_1_29' title="bbox 2167 1468 3767 1539">
    <p class='ocr_par' dir='ltr' id='par_1_29' title="bbox 2167 1468 3767 1539">
     <span class='ocr_line' id='line_1_29' title="bbox 2167 1468 3767 1539; baseline -0.006 -10"><span class='ocrx_word' id='word_1_215' title='bbox 2167 1474 2299 1529; x_wconf 89' lang='lat' dir='ltr'><strong>tium</strong></span> <span class='ocrx_word' id='word_1_216' title='bbox 2333 1472 2606 1527; x_wconf 90' lang='lat' dir='ltr'><strong>variarum</strong></span> <span class='ocrx_word' id='word_1_217' title='bbox 2651 1470 2720 1524; x_wconf 87' lang='lat' dir='ltr'><strong>ad</strong></span> <span class='ocrx_word' id='word_1_218' title='bbox 2760 1468 3118 1539; x_wconf 86' lang='lat' dir='ltr'><strong>adjuvandam</strong></span> <span class='ocrx_word' id='word_1_219' title='bbox 3156 1468 3354 1533; x_wconf 89' lang='lat' dir='ltr'><strong>vitam,</strong></span> <span class='ocrx_word' id='word_1_220' title='bbox 3397 1475 3767 1533; x_wconf 80' lang='lat' dir='ltr'><strong>naturamque</strong></span> 
     </span>
    </p>
   </div>
   <div class='ocr_carea' id='block_1_30' title="bbox 2166 1554 3763 1631">
    <p class='ocr_par' dir='ltr' id='par_1_30' title="bbox 2166 1554 3763 1631">
     <span class='ocr_line' id='line_1_30' title="bbox 2166 1554 3763 1631; baseline -0.007 -13"><span class='ocrx_word' id='word_1_221' title='bbox 2166 1562 2435 1619; x_wconf 88' lang='lat' dir='ltr'><strong>concessit</strong></span> <span class='ocrx_word' id='word_1_222' title='bbox 2479 1576 2493 1615; x_wconf 91' lang='lat'><strong>:</strong></span> <span class='ocrx_word' id='word_1_223' title='bbox 2536 1560 2629 1631; x_wconf 88' lang='lat' dir='ltr'><strong>qui</strong></span> <span class='ocrx_word' id='word_1_224' title='bbox 2666 1558 3100 1627; x_wconf 89' lang='lat' dir='ltr'><strong>conjunctionem</strong></span> <span class='ocrx_word' id='word_1_225' title='bbox 3143 1558 3309 1611; x_wconf 87' lang='lat' dir='ltr'><strong>maris</strong></span> <span class='ocrx_word' id='word_1_226' title='bbox 3346 1566 3404 1610; x_wconf 91' lang='lat' dir='ltr'><strong>ct</strong></span> <span class='ocrx_word' id='word_1_227' title='bbox 3450 1555 3678 1608; x_wconf 72' lang='lat' dir='ltr'><strong>feminae</strong></span> <span class='ocrx_word' id='word_1_228' title='bbox 3699 1554 3763 1608; x_wconf 86' lang='lat' dir='ltr'><strong>ad</strong></span> 
     </span>
    </p>
   </div>
   <div class='ocr_carea' id='block_1_31' title="bbox 2166 1645 3761 1723">
    <p class='ocr_par' dir='ltr' id='par_1_31' title="bbox 2166 1645 3761 1723">
     <span class='ocr_line' id='line_1_31' title="bbox 2166 1645 3761 1723; baseline -0.008 -14"><span class='ocrx_word' id='word_1_229' title='bbox 2166 1653 2493 1723; x_wconf 86' lang='lat' dir='ltr'><strong>adjutorium</strong></span> <span class='ocrx_word' id='word_1_230' title='bbox 2537 1650 2895 1723; x_wconf 67' lang='lat' dir='ltr'><strong>propagandae</strong></span> <span class='ocrx_word' id='word_1_231' title='bbox 2922 1648 3090 1717; x_wconf 85' lang='lat' dir='ltr'><strong>prolis</strong></span> <span class='ocrx_word' id='word_1_232' title='bbox 3126 1648 3361 1702; x_wconf 82' lang='lat' dir='ltr'><strong>instituit</strong></span> <span class='ocrx_word' id='word_1_233' title='bbox 3391 1666 3404 1700; x_wconf 88' lang='lat'>:</span> <span class='ocrx_word' id='word_1_234' title='bbox 3440 1646 3538 1715; x_wconf 85' lang='lat' dir='ltr'><strong>qui</strong></span> <span class='ocrx_word' id='word_1_235' title='bbox 3578 1645 3761 1699; x_wconf 91' lang='lat' dir='ltr'><strong>homi-</strong></span> 
     </span>
    </p>
   </div>
   <div class='ocr_carea' id='block_1_32' title="bbox 2168 1735 3759 1810">
    <p class='ocr_par' dir='ltr' id='par_1_32' title="bbox 2168 1735 3759 1810">
     <span class='ocr_line' id='line_1_32' title="bbox 2168 1735 3759 1810; baseline -0.009 -10"><span class='ocrx_word' id='word_1_236' title='bbox 2168 1761 2295 1801; x_wconf 86' lang='lat' dir='ltr'><strong>num</strong></span> <span class='ocrx_word' id='word_1_237' title='bbox 2323 1743 2574 1807; x_wconf 72' lang='lat' dir='ltr'><strong>cmtibus,</strong></span> <span class='ocrx_word' id='word_1_238' title='bbox 2612 1744 2635 1782; x_wconf 73' lang='grc' dir='ltr'><strong>ε</strong></span> <span class='ocrx_word' id='word_1_239' title='bbox 2658 1739 2802 1810; x_wconf 89' lang='lat' dir='ltr'><strong>quod</strong></span> <span class='ocrx_word' id='word_1_240' title='bbox 2828 1738 2983 1802; x_wconf 88' lang='lat' dir='ltr'><strong>focis,</strong></span> <span class='ocrx_word' id='word_1_241' title='bbox 3006 1745 3062 1791; x_wconf 89' lang='lat' dir='ltr'><strong>et</strong></span> <span class='ocrx_word' id='word_1_242' title='bbox 3084 1736 3381 1791; x_wconf 84' lang='lat' dir='ltr'><strong>luminibus</strong></span> <span class='ocrx_word' id='word_1_243' title='bbox 3408 1735 3759 1795; x_wconf 84' lang='lat' dir='ltr'><strong>adhiberent,</strong></span> 
     </span>
    </p>
   </div>
   <div class='ocr_carea' id='block_1_33' title="bbox 478 1825 3763 1906">
    <p class='ocr_par' dir='ltr' id='par_1_33' title="bbox 478 1825 3763 1906">
     <span class='ocr_line' id='line_1_33' title="bbox 478 1825 3763 1906; baseline -0.006 -8"><span class='ocrx_word' id='word_1_244' title='bbox 478 1842 804 1898; x_wconf 77' lang='lat' dir='ltr'><strong>annuntient</strong></span> <span class='ocrx_word' id='word_1_245' title='bbox 843 1858 855 1893; x_wconf 88' lang='lat'><strong>:</strong></span> <span class='ocrx_word' id='word_1_246' title='bbox 895 1856 1001 1895; x_wconf 91' lang='lat' dir='ltr'><strong>non</strong></span> <span class='ocrx_word' id='word_1_247' title='bbox 1050 1840 1193 1893; x_wconf 90' lang='lat' dir='ltr'><strong>enim</strong></span> <span class='ocrx_word' id='word_1_248' title='bbox 1232 1847 1359 1892; x_wconf 91' lang='lat' dir='ltr'><strong>sunt</strong></span> <span class='ocrx_word' id='word_1_249' title='bbox 1386 1838 1493 1891; x_wconf 92' lang='lat' dir='ltr'><strong>ulla</strong></span> <span class='ocrx_word' id='word_1_250' title='bbox 1521 1853 1642 1906; x_wconf 70' lang='lat' dir='ltr'><strong>qua:</strong></span> <span class='ocrx_word' id='word_1_251' title='bbox 1685 1838 1926 1905; x_wconf 83' lang='lat' dir='ltr'><strong>nesciat;</strong></span> <span class='ocrx_word' id='word_1_252' title='bbox 1967 1838 2062 1893; x_wconf 89' lang='lat' dir='ltr'><strong>sed</strong></span> <span class='ocrx_word' id='word_1_253' title='bbox 2092 1840 2137 1898; x_wconf 91' lang='lat' dir='ltr'><strong>B</strong></span> <span class='ocrx_word' id='word_1_254' title='bbox 2166 1836 2231 1890; x_wconf 90' lang='lat' dir='ltr'><strong>ad</strong></span> <span class='ocrx_word' id='word_1_255' title='bbox 2252 1834 2540 1889; x_wconf 85' lang='lat' dir='ltr'><strong>facillimos</strong></span> <span class='ocrx_word' id='word_1_256' title='bbox 2565 1846 2697 1886; x_wconf 90' lang='lat' dir='ltr'><strong>usus</strong></span> <span class='ocrx_word' id='word_1_257' title='bbox 2720 1844 2913 1884; x_wconf 90' lang='lat' dir='ltr'><strong>munus</strong></span> <span class='ocrx_word' id='word_1_258' title='bbox 2944 1828 3144 1883; x_wconf 90' lang='lat' dir='ltr'><strong>terreni</strong></span> <span class='ocrx_word' id='word_1_259' title='bbox 3176 1828 3313 1898; x_wconf 91' lang='lat' dir='ltr'><strong>ignis</strong></span> <span class='ocrx_word' id='word_1_260' title='bbox 3338 1826 3593 1880; x_wconf 86' lang='lat' dir='ltr'><strong>indulsit.</strong></span> <span class='ocrx_word' id='word_1_261' title='bbox 3640 1825 3763 1878; x_wconf 62' lang='lat' dir='ltr'><strong>Haec</strong></span> 
     </span>
    </p>
   </div>
   <div class='ocr_carea' id='block_1_34' title="bbox 477 1927 2061 1999">
    <p class='ocr_par' dir='ltr' id='par_1_34' title="bbox 477 1927 2061 1999">
     <span class='ocr_line' id='line_1_34' title="bbox 477 1927 2061 1999; baseline -0.004 -10"><span class='ocrx_word' id='word_1_262' title='bbox 477 1930 678 1989; x_wconf 88' lang='lat' dir='ltr'><strong>bonum</strong></span> <span class='ocrx_word' id='word_1_263' title='bbox 728 1945 919 1987; x_wconf 90' lang='lat' dir='ltr'><strong>eorum</strong></span> <span class='ocrx_word' id='word_1_264' title='bbox 969 1938 1084 1994; x_wconf 88' lang='lat' dir='ltr'><strong>est,</strong></span> <span class='ocrx_word' id='word_1_265' title='bbox 1142 1929 1208 1983; x_wconf 91' lang='lat' dir='ltr'><strong>de</strong></span> <span class='ocrx_word' id='word_1_266' title='bbox 1245 1928 1500 1999; x_wconf 87' lang='lat' dir='ltr'><strong>operibus</strong></span> <span class='ocrx_word' id='word_1_267' title='bbox 1541 1928 1654 1983; x_wconf 91' lang='lat' dir='ltr'><strong>suis</strong></span> <span class='ocrx_word' id='word_1_268' title='bbox 1706 1927 1989 1983; x_wconf 87' lang='lat' dir='ltr'><strong>consulere</strong></span> <span class='ocrx_word' id='word_1_269' title='bbox 2032 1928 2061 1969; x_wconf 73' lang='grc' dir='ltr'>ά</span> 
     </span>
    </p>
   </div>
   <div class='ocr_carea' id='block_1_35' title="bbox 478 2017 2065 2087">
    <p class='ocr_par' dir='ltr' id='par_1_35' title="bbox 478 2017 2065 2087">
     <span class='ocr_line' id='line_1_35' title="bbox 478 2017 2065 2087; baseline -0.001 -14"><span class='ocrx_word' id='word_1_270' title='bbox 478 2022 762 2075; x_wconf 72' lang='lat' dir='ltr'><strong>veritatem</strong></span> <span class='ocrx_word' id='word_1_271' title='bbox 786 2038 799 2073; x_wconf 88' lang='lat'><strong>:</strong></span> <span class='ocrx_word' id='word_1_272' title='bbox 824 2029 882 2074; x_wconf 88' lang='lat' dir='ltr'><strong>et</strong></span> <span class='ocrx_word' id='word_1_273' title='bbox 908 2021 1012 2073; x_wconf 92' lang='lat' dir='ltr'><strong>hoc</strong></span> <span class='ocrx_word' id='word_1_274' title='bbox 1032 2026 1113 2073; x_wconf 92' lang='lat' dir='ltr'><strong>est</strong></span> <span class='ocrx_word' id='word_1_275' title='bbox 1138 2018 1280 2087; x_wconf 90' lang='lat' dir='ltr'><strong>quod</strong></span> <span class='ocrx_word' id='word_1_276' title='bbox 1305 2018 1351 2071; x_wconf 76' lang='lat' dir='ltr'><strong>ei</strong></span> <span class='ocrx_word' id='word_1_277' title='bbox 1371 2017 1622 2071; x_wconf 87' lang='lat' dir='ltr'><strong>dicuntur</strong></span> <span class='ocrx_word' id='word_1_278' title='bbox 1645 2018 1900 2072; x_wconf 85' lang='lat' dir='ltr'><strong>nonnulla</strong></span> <span class='ocrx_word' id='word_1_279' title='bbox 1926 2032 2065 2073; x_wconf 87' lang='lat' dir='ltr'><strong>nun-</strong></span> 
     </span>
    </p>
   </div>
   <div class='ocr_carea' id='block_1_36' title="bbox 480 2106 2066 2178">
    <p class='ocr_par' dir='ltr' id='par_1_36' title="bbox 480 2106 2066 2178">
     <span class='ocr_line' id='line_1_36' title="bbox 480 2106 2066 2178; baseline -0.002 -14"><span class='ocrx_word' id='word_1_280' title='bbox 480 2110 639 2173; x_wconf 86' lang='lat' dir='ltr'><strong>tiare,</strong></span> <span class='ocrx_word' id='word_1_281' title='bbox 658 2126 764 2164; x_wconf 91' lang='lat' dir='ltr'><strong>non</strong></span> <span class='ocrx_word' id='word_1_282' title='bbox 791 2117 849 2162; x_wconf 90' lang='lat' dir='ltr'><strong>ut</strong></span> <span class='ocrx_word' id='word_1_283' title='bbox 876 2109 991 2178; x_wconf 91' lang='lat' dir='ltr'><strong>ipse</strong></span> <span class='ocrx_word' id='word_1_284' title='bbox 1018 2109 1085 2161; x_wconf 90' lang='lat' dir='ltr'><strong>ab</strong></span> <span class='ocrx_word' id='word_1_285' title='bbox 1103 2108 1183 2161; x_wconf 90' lang='lat' dir='ltr'><strong>eis</strong></span> <span class='ocrx_word' id='word_1_286' title='bbox 1209 2106 1401 2169; x_wconf 92' lang='lat' dir='ltr'><strong>discat,</strong></span> <span class='ocrx_word' id='word_1_287' title='bbox 1430 2106 1522 2160; x_wconf 89' lang='lat' dir='ltr'><strong>sed</strong></span> <span class='ocrx_word' id='word_1_288' title='bbox 1556 2116 1614 2159; x_wconf 92' lang='lat' dir='ltr'><strong>ut</strong></span> <span class='ocrx_word' id='word_1_289' title='bbox 1639 2106 1707 2159; x_wconf 90' lang='lat' dir='ltr'><strong>ab</strong></span> <span class='ocrx_word' id='word_1_290' title='bbox 1732 2106 1820 2159; x_wconf 90' lang='lat' dir='ltr'><strong>illo</strong></span> <span class='ocrx_word' id='word_1_291' title='bbox 1844 2106 1943 2176; x_wconf 89' lang='lat' dir='ltr'><strong>ipsi</strong></span> <span class='ocrx_word' id='word_1_292' title='bbox 1970 2121 2066 2176; x_wconf 89' lang='lat' dir='ltr'><strong>per</strong></span> 
     </span>
    </p>
   </div>
   <div class='ocr_carea' id='block_1_37' title="bbox 480 2197 2065 2269">
    <p class='ocr_par' dir='ltr' id='par_1_37' title="bbox 480 2197 2065 2269">
     <span class='ocr_line' id='line_1_37' title="bbox 480 2197 2065 2269; baseline -0.001 -18"><span class='ocrx_word' id='word_1_293' title='bbox 480 2201 703 2255; x_wconf 88' lang='lat' dir='ltr'><strong>verbum</strong></span> <span class='ocrx_word' id='word_1_294' title='bbox 757 2199 874 2269; x_wconf 82' lang='lat' dir='ltr'><strong>ejus</strong></span> <span class='ocrx_word' id='word_1_295' title='bbox 916 2198 1034 2252; x_wconf 85' lang='lat' dir='ltr'><strong>sine</strong></span> <span class='ocrx_word' id='word_1_296' title='bbox 1091 2197 1354 2265; x_wconf 88' lang='lat' dir='ltr'><strong>corporali</strong></span> <span class='ocrx_word' id='word_1_297' title='bbox 1405 2212 1537 2251; x_wconf 90' lang='lat' dir='ltr'><strong>sono</strong></span> <span class='ocrx_word' id='word_1_298' title='bbox 1596 2197 1848 2250; x_wconf 87' lang='lat' dir='ltr'><strong>nuntient</strong></span> <span class='ocrx_word' id='word_1_299' title='bbox 1899 2197 2065 2251; x_wconf 88' lang='lat' dir='ltr'><strong>etiam</strong></span> 
     </span>
    </p>
   </div>
   <div class='ocr_carea' id='block_1_38' title="bbox 480 2285 2067 2359">
    <p class='ocr_par' dir='ltr' id='par_1_38' title="bbox 480 2285 2067 2359">
     <span class='ocr_line' id='line_1_38' title="bbox 480 2285 2067 2359; baseline -0.001 -17"><span class='ocrx_word' id='word_1_300' title='bbox 480 2289 624 2359; x_wconf 87' lang='lat' dir='ltr'><strong>quod</strong></span> <span class='ocrx_word' id='word_1_301' title='bbox 647 2287 879 2342; x_wconf 88' lang='lat' dir='ltr'><strong>voluerit</strong></span> <span class='ocrx_word' id='word_1_302' title='bbox 900 2287 967 2341; x_wconf 88' lang='lat' dir='ltr'><strong>ab</strong></span> <span class='ocrx_word' id='word_1_303' title='bbox 993 2300 1058 2339; x_wconf 88' lang='lat' dir='ltr'><strong>eo</strong></span> <span class='ocrx_word' id='word_1_304' title='bbox 1088 2287 1239 2339; x_wconf 90' lang='lat' dir='ltr'><strong>missi</strong></span> <span class='ocrx_word' id='word_1_305' title='bbox 1268 2286 1336 2339; x_wconf 88' lang='lat' dir='ltr'><strong>ad</strong></span> <span class='ocrx_word' id='word_1_306' title='bbox 1364 2300 1500 2354; x_wconf 87' lang='lat' dir='ltr'><strong>quos</strong></span> <span class='ocrx_word' id='word_1_307' title='bbox 1529 2285 1969 2349; x_wconf 86' lang='lat' dir='ltr'><strong>voluerit,totum</strong></span> <span class='ocrx_word' id='word_1_308' title='bbox 1999 2285 2067 2343; x_wconf 92' lang='lat' dir='ltr'><strong>ab</strong></span> 
     </span>
    </p>
   </div>
   <div class='ocr_carea' id='block_1_39' title="bbox 480 2374 2067 2449">
    <p class='ocr_par' dir='ltr' id='par_1_39' title="bbox 480 2374 2067 2449">
     <span class='ocr_line' id='line_1_39' title="bbox 480 2374 2067 2449; baseline -0.003 -15"><span class='ocrx_word' id='word_1_309' title='bbox 480 2380 592 2443; x_wconf 90' lang='lat' dir='ltr'><strong>illo,</strong></span> <span class='ocrx_word' id='word_1_310' title='bbox 624 2395 724 2449; x_wconf 88' lang='lat' dir='ltr'><strong>per</strong></span> <span class='ocrx_word' id='word_1_311' title='bbox 759 2378 886 2432; x_wconf 89' lang='lat' dir='ltr'><strong>illud</strong></span> <span class='ocrx_word' id='word_1_312' title='bbox 921 2377 1148 2431; x_wconf 86' lang='lat' dir='ltr'><strong>verbum</strong></span> <span class='ocrx_word' id='word_1_313' title='bbox 1185 2374 1301 2443; x_wconf 89' lang='lat' dir='ltr'><strong>ejus</strong></span> <span class='ocrx_word' id='word_1_314' title='bbox 1340 2375 1640 2439; x_wconf 83' lang='lat' dir='ltr'><strong>audientes,</strong></span> <span class='ocrx_word' id='word_1_315' title='bbox 1672 2376 1723 2429; x_wconf 90' lang='lat' dir='ltr'><strong>id</strong></span> <span class='ocrx_word' id='word_1_316' title='bbox 1755 2385 1839 2430; x_wconf 91' lang='lat' dir='ltr'><strong>est</strong></span> <span class='ocrx_word' id='word_1_317' title='bbox 1865 2376 1919 2431; x_wconf 91' lang='lat' dir='ltr'><strong>in</strong></span> <span class='ocrx_word' id='word_1_318' title='bbox 1949 2376 2067 2445; x_wconf 88' lang='lat' dir='ltr'><strong>ejus</strong></span> 
     </span>
    </p>
   </div>
   <div class='ocr_carea' id='block_1_40' title="bbox 482 2465 2069 2536">
    <p class='ocr_par' dir='ltr' id='par_1_40' title="bbox 482 2465 2069 2536">
     <span class='ocr_line' id='line_1_40' title="bbox 482 2465 2069 2536; baseline -0.002 -13"><span class='ocrx_word' id='word_1_319' title='bbox 482 2472 707 2525; x_wconf 87' lang='lat' dir='ltr'><strong>veritate</strong></span> <span class='ocrx_word' id='word_1_320' title='bbox 739 2468 1075 2525; x_wconf 87' lang='lat' dir='ltr'><strong>invenientes</strong></span> <span class='ocrx_word' id='word_1_321' title='bbox 1107 2465 1233 2535; x_wconf 89' lang='lat' dir='ltr'><strong>quid</strong></span> <span class='ocrx_word' id='word_1_322' title='bbox 1264 2466 1365 2519; x_wconf 91' lang='lat' dir='ltr'><strong>sibi</strong></span> <span class='ocrx_word' id='word_1_323' title='bbox 1404 2465 1730 2530; x_wconf 90' lang='lat' dir='ltr'><strong>faciendum,</strong></span> <span class='ocrx_word' id='word_1_324' title='bbox 1757 2468 1907 2535; x_wconf 91' lang='lat' dir='ltr'><strong>quid,</strong></span> <span class='ocrx_word' id='word_1_325' title='bbox 1948 2467 2069 2536; x_wconf 85' lang='lat' dir='ltr'><strong>qui-</strong></span> 
     </span>
    </p>
   </div>
   <div class='ocr_carea' id='block_1_41' title="bbox 481 2557 2066 2631">
    <p class='ocr_par' dir='ltr' id='par_1_41' title="bbox 481 2557 2066 2631">
     <span class='ocr_line' id='line_1_41' title="bbox 481 2557 2066 2631; baseline 0.001 -16"><span class='ocrx_word' id='word_1_326' title='bbox 481 2561 600 2626; x_wconf 87' lang='lat' dir='ltr'><strong>bus,</strong></span> <span class='ocrx_word' id='word_1_327' title='bbox 646 2562 863 2631; x_wconf 87' lang='lat' dir='ltr'><strong>quando</strong></span> <span class='ocrx_word' id='word_1_328' title='bbox 914 2560 1221 2613; x_wconf 84' lang='lat' dir='ltr'><strong>nuntiatum</strong></span> <span class='ocrx_word' id='word_1_329' title='bbox 1274 2558 1363 2613; x_wconf 85' lang='lat' dir='ltr'><strong>sit.</strong></span> <span class='ocrx_word' id='word_1_330' title='bbox 1409 2557 1543 2611; x_wconf 89' lang='lat' dir='ltr'><strong>Nam</strong></span> <span class='ocrx_word' id='word_1_331' title='bbox 1595 2567 1795 2629; x_wconf 57' lang='lat' dir='ltr'><strong>ct,nos</strong></span> <span class='ocrx_word' id='word_1_332' title='bbox 1845 2575 2066 2616; x_wconf 88' lang='lat' dir='ltr'><strong>oramus</strong></span> 
     </span>
    </p>
   </div>
   <div class='ocr_carea' id='block_1_42' title="bbox 480 2650 2066 2717">
    <p class='ocr_par' dir='ltr' id='par_1_42' title="bbox 480 2650 2066 2717">
     <span class='ocr_line' id='line_1_42' title="bbox 480 2650 2066 2717; baseline -0.001 -11"><span class='ocrx_word' id='word_1_333' title='bbox 480 2668 603 2707; x_wconf 86' lang='lat' dir='ltr'><strong>eum</strong></span> <span class='ocrx_word' id='word_1_334' title='bbox 629 2693 643 2717; x_wconf 97' lang='lat'><strong>,</strong></span> <span class='ocrx_word' id='word_1_335' title='bbox 676 2668 777 2707; x_wconf 90' lang='lat' dir='ltr'><strong>nec</strong></span> <span class='ocrx_word' id='word_1_336' title='bbox 808 2661 988 2707; x_wconf 90' lang='lat' dir='ltr'><strong>tamen</strong></span> <span class='ocrx_word' id='word_1_337' title='bbox 1021 2650 1379 2705; x_wconf 87' lang='lat' dir='ltr'><strong>necessitates</strong></span> <span class='ocrx_word' id='word_1_338' title='bbox 1409 2658 1621 2713; x_wconf 84' lang='lat' dir='ltr'><strong>nostras</strong></span> <span class='ocrx_word' id='word_1_339' title='bbox 1646 2653 1902 2705; x_wconf 90' lang='lat' dir='ltr'><strong>docemus</strong></span> <span class='ocrx_word' id='word_1_340' title='bbox 1943 2667 2066 2706; x_wconf 92' lang='lat' dir='ltr'><strong>eum</strong></span> 
     </span>
    </p>
   </div>
   <div class='ocr_carea' id='block_1_43' title="bbox 485 2738 2065 2813">
    <p class='ocr_par' dir='ltr' id='par_1_43' title="bbox 485 2738 2065 2813">
     <span class='ocr_line' id='line_1_43' title="bbox 485 2738 2065 2813; baseline -0.002 -17"><span class='ocrx_word' id='word_1_341' title='bbox 485 2742 645 2796; x_wconf 84' lang='lat' dir='ltr'><strong>Novit</strong></span> <span class='ocrx_word' id='word_1_342' title='bbox 681 2744 823 2797; x_wconf 81' lang='lat' dir='ltr'><strong>enim</strong></span> <span class='ocrx_word' id='word_1_343' title='bbox 870 2740 968 2813; x_wconf 86' lang='lat' dir='ltr'><strong>(ait</strong></span> <span class='ocrx_word' id='word_1_344' title='bbox 994 2740 1229 2796; x_wconf 80' lang='lat' dir='ltr'><strong>Verbum</strong></span> <span class='ocrx_word' id='word_1_345' title='bbox 1274 2740 1391 2808; x_wconf 83' lang='lat' dir='ltr'><strong>ejus</strong></span> <span class='ocrx_word' id='word_1_346' title='bbox 1433 2738 1649 2811; x_wconf 79' lang='lat' dir='ltr'><strong>[Matth.</strong></span> <span class='ocrx_word' id='word_1_347' title='bbox 1688 2740 1739 2804; x_wconf 83' lang='lat'><strong>6,</strong></span> <span class='ocrx_word' id='word_1_348' title='bbox 1781 2741 1835 2805; x_wconf 93' lang='lat'><strong>8,</strong></span> <span class='ocrx_word' id='word_1_349' title='bbox 1873 2749 1921 2793; x_wconf 80' lang='lat' dir='ltr'><strong>et</strong></span> <span class='ocrx_word' id='word_1_350' title='bbox 1951 2740 2065 2811; x_wconf 67' lang='lat'><strong>&#39;52.]</strong></span> 
     </span>
    </p>
   </div>
   <div class='ocr_carea' id='block_1_44' title="bbox 482 2832 2070 2905">
    <p class='ocr_par' dir='ltr' id='par_1_44' title="bbox 482 2832 2070 2905">
     <span class='ocr_line' id='line_1_44' title="bbox 482 2832 2070 2905; baseline 0 -18"><span class='ocrx_word' id='word_1_351' title='bbox 482 2844 631 2903; x_wconf 75' lang='lat' dir='ltr'><strong>pater</strong></span> <span class='ocrx_word' id='word_1_352' title='bbox 652 2844 835 2899; x_wconf 72' lang='lat' dir='ltr'><strong>uester,</strong></span> <span class='ocrx_word' id='word_1_353' title='bbox 859 2835 984 2905; x_wconf 85' lang='lat' dir='ltr'><strong>quid</strong></span> <span class='ocrx_word' id='word_1_354' title='bbox 1009 2834 1152 2887; x_wconf 80' lang='lat' dir='ltr'><strong>vobis</strong></span> <span class='ocrx_word' id='word_1_355' title='bbox 1182 2849 1533 2887; x_wconf 74' lang='lat' dir='ltr'><strong>necessarium</strong></span> <span class='ocrx_word' id='word_1_356' title='bbox 1555 2834 1621 2886; x_wconf 79' lang='lat' dir='ltr'><strong>sit</strong></span> <span class='ocrx_word' id='word_1_357' title='bbox 1642 2832 1954 2902; x_wconf 80' lang='lat' dir='ltr'><strong>priusquam</strong></span> <span class='ocrx_word' id='word_1_358' title='bbox 1982 2850 2070 2903; x_wconf 85' lang='lat' dir='ltr'><strong>pe-</strong></span> 
     </span>
    </p>
   </div>
   <div class='ocr_carea' id='block_1_45' title="bbox 482 2922 2071 2991">
    <p class='ocr_par' dir='ltr' id='par_1_45' title="bbox 482 2922 2071 2991">
     <span class='ocr_line' id='line_1_45' title="bbox 482 2922 2071 2991; baseline -0.001 -15"><span class='ocrx_word' id='word_1_359' title='bbox 482 2924 609 2977; x_wconf 84' lang='lat' dir='ltr'><strong>tatis</strong></span> <span class='ocrx_word' id='word_1_360' title='bbox 644 2923 709 2976; x_wconf 88' lang='lat' dir='ltr'><strong>ab</strong></span> <span class='ocrx_word' id='word_1_361' title='bbox 748 2940 808 2977; x_wconf 84' lang='lat' dir='ltr'><strong>eo</strong></span> <span class='ocrx_word' id='word_1_362' title='bbox 841 2938 859 2977; x_wconf 88' lang='lat'><strong><em>:</em></strong></span> <span class='ocrx_word' id='word_1_363' title='bbox 892 2938 994 2978; x_wconf 86' lang='lat' dir='ltr'><strong>nec</strong></span> <span class='ocrx_word' id='word_1_364' title='bbox 1023 2924 1125 2978; x_wconf 89' lang='lat' dir='ltr'><strong>ista</strong></span> <span class='ocrx_word' id='word_1_365' title='bbox 1155 2939 1222 2977; x_wconf 80' lang='lat' dir='ltr'><strong>ex</strong></span> <span class='ocrx_word' id='word_1_366' title='bbox 1250 2922 1431 2991; x_wconf 88' lang='lat' dir='ltr'><strong>aliquo</strong></span> <span class='ocrx_word' id='word_1_367' title='bbox 1458 2930 1698 2989; x_wconf 86' lang='lat' dir='ltr'><strong>tempore</strong></span> <span class='ocrx_word' id='word_1_368' title='bbox 1718 2922 1991 2991; x_wconf 84' lang='lat' dir='ltr'><strong>cognovit,</strong></span> <span class='ocrx_word' id='word_1_369' title='bbox 2011 2930 2071 2974; x_wconf 91' lang='lat' dir='ltr'><strong>ut</strong></span> 
     </span>
    </p>
   </div>
   <div class='ocr_carea' id='block_1_46' title="bbox 481 3010 2070 3080">
    <p class='ocr_par' dir='ltr' id='par_1_46' title="bbox 481 3010 2070 3080">
     <span class='ocr_line' id='line_1_46' title="bbox 481 3010 2070 3080; baseline -0.001 -13"><span class='ocrx_word' id='word_1_370' title='bbox 481 3019 696 3075; x_wconf 86' lang='lat' dir='ltr'><strong>nosset,</strong></span> <span class='ocrx_word' id='word_1_371' title='bbox 734 3012 826 3067; x_wconf 89' lang='lat' dir='ltr'><strong>sed</strong></span> <span class='ocrx_word' id='word_1_372' title='bbox 866 3011 1046 3066; x_wconf 87' lang='lat' dir='ltr'><strong>futura</strong></span> <span class='ocrx_word' id='word_1_373' title='bbox 1087 3011 1267 3065; x_wconf 89' lang='lat' dir='ltr'><strong>omnia</strong></span> <span class='ocrx_word' id='word_1_374' title='bbox 1314 3010 1658 3079; x_wconf 85' lang='lat' dir='ltr'><strong>temporalia,</strong></span> <span class='ocrx_word' id='word_1_375' title='bbox 1703 3017 1867 3080; x_wconf 89' lang='lat' dir='ltr'><strong>atque</strong></span> <span class='ocrx_word' id='word_1_376' title='bbox 1894 3011 1951 3065; x_wconf 91' lang='lat' dir='ltr'><strong>in</strong></span> <span class='ocrx_word' id='word_1_377' title='bbox 1989 3011 2070 3065; x_wconf 90' lang='lat' dir='ltr'><strong>eis</strong></span> 
     </span>
    </p>
   </div>
   <div class='ocr_carea' id='block_1_47' title="bbox 482 3100 2068 3172">
    <p class='ocr_par' dir='ltr' id='par_1_47' title="bbox 482 3100 2068 3172">
     <span class='ocr_line' id='line_1_47' title="bbox 482 3100 2068 3172; baseline -0.003 -14"><span class='ocrx_word' id='word_1_378' title='bbox 482 3104 646 3158; x_wconf 89' lang='lat' dir='ltr'><strong>etiam</strong></span> <span class='ocrx_word' id='word_1_379' title='bbox 676 3104 835 3172; x_wconf 89' lang='lat' dir='ltr'><strong>quid,</strong></span> <span class='ocrx_word' id='word_1_380' title='bbox 873 3111 929 3157; x_wconf 93' lang='lat' dir='ltr'><strong>et</strong></span> <span class='ocrx_word' id='word_1_381' title='bbox 960 3102 1175 3170; x_wconf 89' lang='lat' dir='ltr'><strong>quando</strong></span> <span class='ocrx_word' id='word_1_382' title='bbox 1213 3102 1281 3155; x_wconf 87' lang='lat' dir='ltr'><strong>ab</strong></span> <span class='ocrx_word' id='word_1_383' title='bbox 1310 3101 1400 3155; x_wconf 88' lang='lat' dir='ltr'><strong>illo</strong></span> <span class='ocrx_word' id='word_1_384' title='bbox 1428 3101 1645 3171; x_wconf 85' lang='lat' dir='ltr'><strong>petituri</strong></span> <span class='ocrx_word' id='word_1_385' title='bbox 1672 3100 1979 3162; x_wconf 90' lang='lat' dir='ltr'><strong>fueramus,</strong></span> <span class='ocrx_word' id='word_1_386' title='bbox 2015 3108 2068 3154; x_wconf 90' lang='lat' dir='ltr'><strong>et</strong></span> 
     </span>
    </p>
   </div>
   <div class='ocr_carea' id='block_1_48' title="bbox 483 3165 2139 3265">
    <p class='ocr_par' dir='ltr' id='par_1_48' title="bbox 483 3165 2139 3265">
     <span class='ocr_line' id='line_1_48' title="bbox 483 3165 2139 3265; baseline -0.003 -16"><span class='ocrx_word' id='word_1_387' title='bbox 483 3211 652 3265; x_wconf 87' lang='lat' dir='ltr'><strong>quos,</strong></span> <span class='ocrx_word' id='word_1_388' title='bbox 692 3203 749 3249; x_wconf 90' lang='lat' dir='ltr'><strong>et</strong></span> <span class='ocrx_word' id='word_1_389' title='bbox 790 3196 854 3250; x_wconf 90' lang='lat' dir='ltr'><strong>de</strong></span> <span class='ocrx_word' id='word_1_390' title='bbox 883 3195 1080 3263; x_wconf 90' lang='lat' dir='ltr'><strong>quibus</strong></span> <span class='ocrx_word' id='word_1_391' title='bbox 1109 3195 1270 3248; x_wconf 84' lang='lat' dir='ltr'><strong>rebus</strong></span> <span class='ocrx_word' id='word_1_392' title='bbox 1312 3191 1396 3245; x_wconf 84' lang='lat' dir='ltr'><strong>vel</strong></span> <span class='ocrx_word' id='word_1_393' title='bbox 1428 3192 1814 3256; x_wconf 79' lang='lat' dir='ltr'><strong>exauditurus,</strong></span> <span class='ocrx_word' id='word_1_394' title='bbox 1844 3191 1926 3244; x_wconf 89' lang='lat' dir='ltr'><strong>vel</strong></span> <span class='ocrx_word' id='word_1_395' title='bbox 1957 3206 2061 3244; x_wconf 91' lang='lat' dir='ltr'><strong>non</strong></span> <span class='ocrx_word' id='word_1_396' title='bbox 2096 3165 2139 3225; x_wconf 79' lang='lat' dir='ltr'><strong>C</strong></span> 
     </span>
    </p>
   </div>
   <div class='ocr_carea' id='block_1_49' title="bbox 484 3280 2066 3352">
    <p class='ocr_par' dir='ltr' id='par_1_49' title="bbox 484 3280 2066 3352">
     <span class='ocr_line' id='line_1_49' title="bbox 484 3280 2066 3352; baseline -0.005 -11"><span class='ocrx_word' id='word_1_397' title='bbox 484 3287 836 3341; x_wconf 76' lang='lat' dir='ltr'><strong>exauditurus</strong></span> <span class='ocrx_word' id='word_1_398' title='bbox 861 3294 1025 3348; x_wconf 83' lang='lat' dir='ltr'><strong>esset,</strong></span> <span class='ocrx_word' id='word_1_399' title='bbox 1056 3285 1171 3342; x_wconf 87' lang='lat' dir='ltr'><strong>sine</strong></span> <span class='ocrx_word' id='word_1_400' title='bbox 1198 3284 1351 3339; x_wconf 89' lang='lat' dir='ltr'><strong>initio</strong></span> <span class='ocrx_word' id='word_1_401' title='bbox 1381 3290 1507 3336; x_wconf 90' lang='lat' dir='ltr'><strong>ante</strong></span> <span class='ocrx_word' id='word_1_402' title='bbox 1534 3281 1823 3352; x_wconf 74' lang='lat' dir='ltr'><strong>praescivit.</strong></span> <span class='ocrx_word' id='word_1_403' title='bbox 1887 3292 1909 3319; x_wconf 72' lang='grc' dir='ltr'><strong>θ</strong></span> <span class='ocrx_word' id='word_1_404' title='bbox 1938 3280 2066 3335; x_wconf 89' lang='lat' dir='ltr'><strong>Uni-</strong></span> 
     </span>
    </p>
   </div>
   <div class='ocr_carea' id='block_1_50' title="bbox 486 3373 2067 3442">
    <p class='ocr_par' dir='ltr' id='par_1_50' title="bbox 486 3373 2067 3442">
     <span class='ocr_line' id='line_1_50' title="bbox 486 3373 2067 3442; baseline -0.003 -11"><span class='ocrx_word' id='word_1_405' title='bbox 486 3392 671 3432; x_wconf 89' lang='lat' dir='ltr'><strong>versas</strong></span> <span class='ocrx_word' id='word_1_406' title='bbox 696 3386 876 3437; x_wconf 81' lang='lat' dir='ltr'><strong>autem</strong></span> <span class='ocrx_word' id='word_1_407' title='bbox 903 3386 1182 3431; x_wconf 84' lang='lat' dir='ltr'><strong>creaturas</strong></span> <span class='ocrx_word' id='word_1_408' title='bbox 1213 3390 1370 3439; x_wconf 86' lang='lat' dir='ltr'><strong>suas,</strong></span> <span class='ocrx_word' id='word_1_409' title='bbox 1402 3381 1459 3428; x_wconf 88' lang='lat' dir='ltr'><strong>et</strong></span> <span class='ocrx_word' id='word_1_410' title='bbox 1486 3373 1827 3442; x_wconf 88' lang='lat' dir='ltr'><strong>spirituales,</strong></span> <span class='ocrx_word' id='word_1_411' title='bbox 1857 3382 1911 3427; x_wconf 91' lang='lat' dir='ltr'><strong>et</strong></span> <span class='ocrx_word' id='word_1_412' title='bbox 1942 3388 2067 3427; x_wconf 94' lang='lat' dir='ltr'><strong>cor-</strong></span> 
     </span>
    </p>
   </div>
   <div class='ocr_carea' id='block_1_51' title="bbox 487 3466 2068 3539">
    <p class='ocr_par' dir='ltr' id='par_1_51' title="bbox 487 3466 2068 3539">
     <span class='ocr_line' id='line_1_51' title="bbox 487 3466 2068 3539; baseline -0.003 -16"><span class='ocrx_word' id='word_1_413' title='bbox 487 3469 701 3539; x_wconf 86' lang='lat' dir='ltr'><strong>porales</strong></span> <span class='ocrx_word' id='word_1_414' title='bbox 730 3484 835 3523; x_wconf 89' lang='lat' dir='ltr'><strong>non</strong></span> <span class='ocrx_word' id='word_1_415' title='bbox 882 3468 1007 3535; x_wconf 86' lang='lat' dir='ltr'><strong>quia</strong></span> <span class='ocrx_word' id='word_1_416' title='bbox 1055 3478 1202 3531; x_wconf 80' lang='lat' dir='ltr'><strong>sunt,</strong></span> <span class='ocrx_word' id='word_1_417' title='bbox 1251 3468 1372 3521; x_wconf 84' lang='lat' dir='ltr'><strong>ideo</strong></span> <span class='ocrx_word' id='word_1_418' title='bbox 1421 3468 1591 3532; x_wconf 89' lang='lat' dir='ltr'><strong>novit,</strong></span> <span class='ocrx_word' id='word_1_419' title='bbox 1636 3466 1730 3520; x_wconf 89' lang='lat' dir='ltr'><strong>sed</strong></span> <span class='ocrx_word' id='word_1_420' title='bbox 1782 3467 1904 3521; x_wconf 91' lang='lat' dir='ltr'><strong>ideo</strong></span> <span class='ocrx_word' id='word_1_421' title='bbox 1941 3475 2068 3521; x_wconf 85' lang='lat' dir='ltr'><strong>sunt</strong></span> 
     </span>
    </p>
   </div>
   <div class='ocr_carea' id='block_1_52' title="bbox 484 3553 2069 3626">
    <p class='ocr_par' dir='ltr' id='par_1_52' title="bbox 484 3553 2069 3626">
     <span class='ocr_line' id='line_1_52' title="bbox 484 3553 2069 3626; baseline -0.004 -13"><span class='ocrx_word' id='word_1_422' title='bbox 484 3558 611 3626; x_wconf 78' lang='lat' dir='ltr'><strong>quia</strong></span> <span class='ocrx_word' id='word_1_423' title='bbox 644 3557 810 3619; x_wconf 90' lang='lat' dir='ltr'><strong>novit,</strong></span> <span class='ocrx_word' id='word_1_424' title='bbox 840 3571 945 3608; x_wconf 91' lang='lat' dir='ltr'><strong>non</strong></span> <span class='ocrx_word' id='word_1_425' title='bbox 967 3556 1112 3609; x_wconf 89' lang='lat' dir='ltr'><strong>enim</strong></span> <span class='ocrx_word' id='word_1_426' title='bbox 1156 3555 1403 3618; x_wconf 82' lang='lat' dir='ltr'><strong>nescivit,</strong></span> <span class='ocrx_word' id='word_1_427' title='bbox 1435 3570 1571 3623; x_wconf 87' lang='lat' dir='ltr'><strong>quas</strong></span> <span class='ocrx_word' id='word_1_428' title='bbox 1596 3553 1819 3618; x_wconf 86' lang='lat' dir='ltr'><strong>fecerat,</strong></span> <span class='ocrx_word' id='word_1_429' title='bbox 1853 3563 2069 3607; x_wconf 87' lang='lat' dir='ltr'><strong>creatu-</strong></span> 
     </span>
    </p>
   </div>
   <div class='ocr_carea' id='block_1_53' title="bbox 488 3644 2067 3713">
    <p class='ocr_par' dir='ltr' id='par_1_53' title="bbox 488 3644 2067 3713">
     <span class='ocr_line' id='line_1_53' title="bbox 488 3644 2067 3713; baseline -0.003 -12"><span class='ocrx_word' id='word_1_430' title='bbox 488 3662 599 3701; x_wconf 92' lang='lat' dir='ltr'><strong>rus.</strong></span> <span class='ocrx_word' id='word_1_431' title='bbox 636 3645 775 3711; x_wconf 81' lang='lat' dir='ltr'><strong>Quia</strong></span> <span class='ocrx_word' id='word_1_432' title='bbox 808 3644 998 3708; x_wconf 88' lang='lat' dir='ltr'><strong>scivit,</strong></span> <span class='ocrx_word' id='word_1_433' title='bbox 1044 3646 1269 3707; x_wconf 85' lang='lat' dir='ltr'><strong>creavit,</strong></span> <span class='ocrx_word' id='word_1_434' title='bbox 1301 3659 1405 3697; x_wconf 91' lang='lat' dir='ltr'><strong>non</strong></span> <span class='ocrx_word' id='word_1_435' title='bbox 1449 3644 1573 3713; x_wconf 89' lang='lat' dir='ltr'><strong>quia</strong></span> <span class='ocrx_word' id='word_1_436' title='bbox 1596 3644 1830 3708; x_wconf 88' lang='lat' dir='ltr'><strong>creavit,</strong></span> <span class='ocrx_word' id='word_1_437' title='bbox 1862 3645 2023 3699; x_wconf 89' lang='lat' dir='ltr'><strong>scivit</strong></span> <span class='ocrx_word' id='word_1_438' title='bbox 2054 3661 2067 3697; x_wconf 90' lang='lat'><strong>:</strong></span> 
     </span>
    </p>
   </div>
   <div class='ocr_carea' id='block_1_54' title="bbox 486 3736 2071 3805">
    <p class='ocr_par' dir='ltr' id='par_1_54' title="bbox 486 3736 2071 3805">
     <span class='ocr_line' id='line_1_54' title="bbox 486 3736 2071 3805; baseline -0.001 -13"><span class='ocrx_word' id='word_1_439' title='bbox 486 3754 587 3793; x_wconf 88' lang='lat' dir='ltr'><strong>nec</strong></span> <span class='ocrx_word' id='word_1_440' title='bbox 614 3739 768 3791; x_wconf 87' lang='lat' dir='ltr'><strong>aliter</strong></span> <span class='ocrx_word' id='word_1_441' title='bbox 808 3752 871 3792; x_wconf 90' lang='lat' dir='ltr'><strong>ea</strong></span> <span class='ocrx_word' id='word_1_442' title='bbox 922 3738 1080 3792; x_wconf 89' lang='lat' dir='ltr'><strong>scivit</strong></span> <span class='ocrx_word' id='word_1_443' title='bbox 1103 3748 1316 3802; x_wconf 88' lang='lat' dir='ltr'><strong>creata,</strong></span> <span class='ocrx_word' id='word_1_444' title='bbox 1351 3753 1512 3805; x_wconf 86' lang='lat' dir='ltr'><strong>quam</strong></span> <span class='ocrx_word' id='word_1_445' title='bbox 1548 3738 1786 3793; x_wconf 87' lang='lat' dir='ltr'><strong>creanda</strong></span> <span class='ocrx_word' id='word_1_446' title='bbox 1815 3736 1834 3775; x_wconf 70' lang='grc' dir='ltr'><strong>ί</strong></span> <span class='ocrx_word' id='word_1_447' title='bbox 1875 3756 1887 3790; x_wconf 91' lang='lat'>:</span> <span class='ocrx_word' id='word_1_448' title='bbox 1927 3739 2071 3792; x_wconf 91' lang='lat' dir='ltr'><strong>hunc</strong></span> 
     </span>
    </p>
   </div>
   <div class='ocr_carea' id='block_1_55' title="bbox 485 3826 2068 3896">
    <p class='ocr_par' dir='ltr' id='par_1_55' title="bbox 485 3826 2068 3896">
     <span class='ocr_line' id='line_1_55' title="bbox 485 3826 2068 3896; baseline -0.004 -13"><span class='ocrx_word' id='word_1_449' title='bbox 485 3830 632 3884; x_wconf 86' lang='lat' dir='ltr'><strong>enim</strong></span> <span class='ocrx_word' id='word_1_450' title='bbox 660 3828 831 3885; x_wconf 83' lang='lat' dir='ltr'><strong>Deum</strong></span> <span class='ocrx_word' id='word_1_451' title='bbox 867 3827 1095 3885; x_wconf 87' lang='lat' dir='ltr'><strong>colimus</strong></span> <span class='ocrx_word' id='word_1_452' title='bbox 1123 3826 1371 3896; x_wconf 86' lang='lat' dir='ltr'><strong>(docente</strong></span> <span class='ocrx_word' id='word_1_453' title='bbox 1408 3842 1505 3879; x_wconf 85' lang='lat' dir='ltr'><strong>nos</strong></span> <span class='ocrx_word' id='word_1_454' title='bbox 1537 3826 1819 3894; x_wconf 89' lang='lat' dir='ltr'><strong>Scriptura</strong></span> <span class='ocrx_word' id='word_1_455' title='bbox 1865 3826 2068 3895; x_wconf 88' lang='lat' dir='ltr'><strong>divina)</strong></span> 
     </span>
    </p>
   </div>
   <div class='ocr_carea' id='block_1_56' title="bbox 485 3915 2070 3989">
    <p class='ocr_par' dir='ltr' id='par_1_56' title="bbox 485 3915 2070 3989">
     <span class='ocr_line' id='line_1_56' title="bbox 485 3915 2070 3989; baseline -0.003 -18"><span class='ocrx_word' id='word_1_456' title='bbox 485 3919 578 3989; x_wconf 88' lang='lat' dir='ltr'><strong>qui</strong></span> <span class='ocrx_word' id='word_1_457' title='bbox 626 3918 836 3973; x_wconf 79' lang='lat' dir='ltr'><strong>naturis</strong></span> <span class='ocrx_word' id='word_1_458' title='bbox 861 3934 891 3970; x_wconf 89' lang='lat' dir='ltr'><strong>a</strong></span> <span class='ocrx_word' id='word_1_459' title='bbox 919 3932 981 3976; x_wconf 82' lang='lat' dir='ltr'><strong>se</strong></span> <span class='ocrx_word' id='word_1_460' title='bbox 1020 3918 1217 3971; x_wconf 88' lang='lat' dir='ltr'><strong>creatis</strong></span> <span class='ocrx_word' id='word_1_461' title='bbox 1250 3926 1306 3971; x_wconf 90' lang='lat' dir='ltr'><strong>et</strong></span> <span class='ocrx_word' id='word_1_462' title='bbox 1335 3916 1680 3979; x_wconf 87' lang='lat' dir='ltr'><strong>subsistendi,</strong></span> <span class='ocrx_word' id='word_1_463' title='bbox 1719 3924 1770 3969; x_wconf 90' lang='lat' dir='ltr'><strong>el</strong></span> <span class='ocrx_word' id='word_1_464' title='bbox 1817 3915 2070 3972; x_wconf 82' lang='lat' dir='ltr'><strong>movendi</strong></span> 
     </span>
    </p>
   </div>
   <div class='ocr_carea' id='block_1_57' title="bbox 492 4006 2069 4075">
    <p class='ocr_par' dir='ltr' id='par_1_57' title="bbox 492 4006 2069 4075">
     <span class='ocr_line' id='line_1_57' title="bbox 492 4006 2069 4075; baseline -0.003 -14"><span class='ocrx_word' id='word_1_465' title='bbox 492 4006 669 4071; x_wconf 83' lang='lat' dir='ltr'><strong>initia,</strong></span> <span class='ocrx_word' id='word_1_466' title='bbox 704 4007 947 4075; x_wconf 65' lang='lat' dir='ltr'><strong>(illasque</strong></span> <span class='ocrx_word' id='word_1_467' title='bbox 971 4006 1253 4061; x_wconf 88' lang='lat' dir='ltr'><strong>constituit</strong></span> <span class='ocrx_word' id='word_1_468' title='bbox 1285 4025 1297 4059; x_wconf 87' lang='lat'>:</span> <span class='ocrx_word' id='word_1_469' title='bbox 1332 4006 1421 4075; x_wconf 86' lang='lat' dir='ltr'><strong>qui</strong></span> <span class='ocrx_word' id='word_1_470' title='bbox 1457 4021 1635 4059; x_wconf 86' lang='lat' dir='ltr'><strong>rerum</strong></span> <span class='ocrx_word' id='word_1_471' title='bbox 1664 4020 1857 4059; x_wconf 88' lang='lat' dir='ltr'><strong>causas</strong></span> <span class='ocrx_word' id='word_1_472' title='bbox 1887 4006 2069 4070; x_wconf 86' lang='lat' dir='ltr'><strong>habet,</strong></span> 
     </span>
    </p>
   </div>
   <div class='ocr_carea' id='block_1_58' title="bbox 491 4090 2065 4163">
    <p class='ocr_par' dir='ltr' id='par_1_58' title="bbox 491 4090 2065 4163">
     <span class='ocr_line' id='line_1_58' title="bbox 491 4090 2065 4163; baseline -0.003 -12"><span class='ocrx_word' id='word_1_473' title='bbox 491 4095 661 4159; x_wconf 87' lang='lat' dir='ltr'><strong>novit,</strong></span> <span class='ocrx_word' id='word_1_474' title='bbox 709 4103 870 4162; x_wconf 88' lang='lat' dir='ltr'><strong>atque</strong></span> <span class='ocrx_word' id='word_1_475' title='bbox 900 4096 1136 4163; x_wconf 82' lang='lat' dir='ltr'><strong>disponit</strong></span> <span class='ocrx_word' id='word_1_476' title='bbox 1165 4113 1175 4147; x_wconf 94' lang='lat'>:</span> <span class='ocrx_word' id='word_1_477' title='bbox 1203 4090 1293 4162; x_wconf 86' lang='lat' dir='ltr'><strong>qui</strong></span> <span class='ocrx_word' id='word_1_478' title='bbox 1337 4095 1444 4146; x_wconf 89' lang='lat' dir='ltr'><strong>vim</strong></span> <span class='ocrx_word' id='word_1_479' title='bbox 1480 4094 1745 4149; x_wconf 84' lang='lat' dir='ltr'><strong>seminum</strong></span> <span class='ocrx_word' id='word_1_480' title='bbox 1784 4093 2023 4148; x_wconf 82' lang='lat' dir='ltr'><strong>condidit</strong></span> <span class='ocrx_word' id='word_1_481' title='bbox 2052 4108 2065 4147; x_wconf 90' lang='lat'><strong>:</strong></span> 
     </span>
    </p>
   </div>
   <div class='ocr_carea' id='block_1_59' title="bbox 493 4185 2072 4257">
    <p class='ocr_par' dir='ltr' id='par_1_59' title="bbox 493 4185 2072 4257">
     <span class='ocr_line' id='line_1_59' title="bbox 493 4185 2072 4257; baseline -0.001 -18"><span class='ocrx_word' id='word_1_482' title='bbox 493 4187 583 4257; x_wconf 82' lang='lat' dir='ltr'><strong>qui</strong></span> <span class='ocrx_word' id='word_1_483' title='bbox 610 4186 930 4241; x_wconf 87' lang='lat' dir='ltr'><strong>rationalem</strong></span> <span class='ocrx_word' id='word_1_484' title='bbox 970 4187 1225 4249; x_wconf 88' lang='lat' dir='ltr'><strong>animam,</strong></span> <span class='ocrx_word' id='word_1_485' title='bbox 1250 4201 1368 4254; x_wconf 74' lang='lat' dir='ltr'><strong>qua:</strong></span> <span class='ocrx_word' id='word_1_486' title='bbox 1394 4185 1593 4239; x_wconf 90' lang='lat' dir='ltr'><strong>dicitur</strong></span> <span class='ocrx_word' id='word_1_487' title='bbox 1615 4185 1851 4249; x_wconf 88' lang='lat' dir='ltr'><strong>animus,</strong></span> <span class='ocrx_word' id='word_1_488' title='bbox 1878 4186 2072 4253; x_wconf 90' lang='lat' dir='ltr'><strong>quibus</strong></span> 
     </span>
    </p>
   </div>
   <div class='ocr_carea' id='block_1_60' title="bbox 495 4274 2067 4342">
    <p class='ocr_par' dir='ltr' id='par_1_60' title="bbox 495 4274 2067 4342">
     <span class='ocr_line' id='line_1_60' title="bbox 495 4274 2067 4342; baseline -0.001 -15"><span class='ocrx_word' id='word_1_489' title='bbox 495 4275 681 4339; x_wconf 86' lang='lat' dir='ltr'><strong>voluit,</strong></span> <span class='ocrx_word' id='word_1_490' title='bbox 717 4276 1025 4330; x_wconf 84' lang='lat' dir='ltr'><strong>viventibus</strong></span> <span class='ocrx_word' id='word_1_491' title='bbox 1057 4275 1244 4328; x_wconf 90' lang='lat' dir='ltr'><strong>indidit</strong></span> <span class='ocrx_word' id='word_1_492' title='bbox 1276 4289 1289 4327; x_wconf 89' lang='lat'><strong>:</strong></span> <span class='ocrx_word' id='word_1_493' title='bbox 1328 4276 1418 4342; x_wconf 92' lang='lat' dir='ltr'><strong>qui</strong></span> <span class='ocrx_word' id='word_1_494' title='bbox 1446 4276 1713 4329; x_wconf 87' lang='lat' dir='ltr'><strong>sermonis</strong></span> <span class='ocrx_word' id='word_1_495' title='bbox 1738 4274 2067 4340; x_wconf 81' lang='lat' dir='ltr'><strong>facultatem,</strong></span> 
     </span>
    </p>
   </div>
   <div class='ocr_carea' id='block_1_61' title="bbox 495 4363 2071 4433">
    <p class='ocr_par' dir='ltr' id='par_1_61' title="bbox 495 4363 2071 4433">
     <span class='ocr_line' id='line_1_61' title="bbox 495 4363 2071 4433; baseline 0.001 -16"><span class='ocrx_word' id='word_1_496' title='bbox 495 4380 758 4433; x_wconf 88' lang='lat' dir='ltr'><strong>usumque</strong></span> <span class='ocrx_word' id='word_1_497' title='bbox 782 4364 1001 4418; x_wconf 89' lang='lat' dir='ltr'><strong>donavit</strong></span> <span class='ocrx_word' id='word_1_498' title='bbox 1028 4378 1041 4415; x_wconf 92' lang='lat'><strong>:</strong></span> <span class='ocrx_word' id='word_1_499' title='bbox 1067 4363 1157 4431; x_wconf 91' lang='lat' dir='ltr'><strong>qui</strong></span> <span class='ocrx_word' id='word_1_500' title='bbox 1190 4378 1381 4417; x_wconf 90' lang='lat' dir='ltr'><strong>munus</strong></span> <span class='ocrx_word' id='word_1_501' title='bbox 1405 4363 1582 4418; x_wconf 90' lang='lat' dir='ltr'><strong>futura</strong></span> <span class='ocrx_word' id='word_1_502' title='bbox 1615 4366 1848 4428; x_wconf 87' lang='lat' dir='ltr'><strong>dicendi,</strong></span> <span class='ocrx_word' id='word_1_503' title='bbox 1877 4366 2071 4433; x_wconf 86' lang='lat' dir='ltr'><strong>quibus</strong></span> 
     </span>
    </p>
   </div>
   <div class='ocr_carea' id='block_1_62' title="bbox 496 4452 2071 4523">
    <p class='ocr_par' dir='ltr' id='par_1_62' title="bbox 496 4452 2071 4523">
     <span class='ocr_line' id='line_1_62' title="bbox 496 4452 2071 4523; baseline -0.001 -16"><span class='ocrx_word' id='word_1_504' title='bbox 496 4454 717 4523; x_wconf 79' lang='lat' dir='ltr'><strong>placuit,</strong></span> <span class='ocrx_word' id='word_1_505' title='bbox 768 4455 1047 4523; x_wconf 84' lang='lat' dir='ltr'><strong>spiritibus</strong></span> <span class='ocrx_word' id='word_1_506' title='bbox 1097 4452 1411 4522; x_wconf 85' lang='lat' dir='ltr'><strong>impertivit,</strong></span> <span class='ocrx_word' id='word_1_507' title='bbox 1460 4462 1514 4506; x_wconf 90' lang='lat' dir='ltr'><strong>et</strong></span> <span class='ocrx_word' id='word_1_508' title='bbox 1564 4468 1661 4521; x_wconf 92' lang='lat' dir='ltr'><strong>per</strong></span> <span class='ocrx_word' id='word_1_509' title='bbox 1707 4469 1841 4521; x_wconf 88' lang='lat' dir='ltr'><strong>quos</strong></span> <span class='ocrx_word' id='word_1_510' title='bbox 1872 4454 2071 4522; x_wconf 85' lang='lat' dir='ltr'><strong>placet,</strong></span> 
     </span>
    </p>
   </div>
   <div class='ocr_carea' id='block_1_63' title="bbox 496 4540 2074 4609">
    <p class='ocr_par' dir='ltr' id='par_1_63' title="bbox 496 4540 2074 4609">
     <span class='ocr_line' id='line_1_63' title="bbox 496 4540 2074 4609; baseline -0.004 -10"><span class='ocrx_word' id='word_1_511' title='bbox 496 4542 665 4599; x_wconf 82' lang='lat' dir='ltr'><strong>malas</strong></span> <span class='ocrx_word' id='word_1_512' title='bbox 694 4542 1030 4596; x_wconf 80' lang='lat' dir='ltr'><strong>valetudines</strong></span> <span class='ocrx_word' id='word_1_513' title='bbox 1074 4540 1222 4609; x_wconf 81' lang='lat' dir='ltr'><strong>pellit</strong></span> <span class='ocrx_word' id='word_1_514' title='bbox 1255 4555 1267 4592; x_wconf 89' lang='lat'><strong>:</strong></span> <span class='ocrx_word' id='word_1_515' title='bbox 1301 4542 1391 4609; x_wconf 89' lang='lat' dir='ltr'><strong>qui</strong></span> <span class='ocrx_word' id='word_1_516' title='bbox 1433 4540 1696 4594; x_wconf 81' lang='lat' dir='ltr'><strong>bellorum</strong></span> <span class='ocrx_word' id='word_1_517' title='bbox 1740 4554 1954 4609; x_wconf 89' lang='lat' dir='ltr'><strong>quoque</strong></span> <span class='ocrx_word' id='word_1_518' title='bbox 1995 4542 2074 4609; x_wconf 88' lang='lat' dir='ltr'><strong>ip-</strong></span> 
     </span>
    </p>
   </div>
   <div class='ocr_carea' id='block_1_64' title="bbox 497 4631 2075 4700">
    <p class='ocr_par' dir='ltr' id='par_1_64' title="bbox 497 4631 2075 4700">
     <span class='ocr_line' id='line_1_64' title="bbox 497 4631 2075 4700; baseline 0 -14"><span class='ocrx_word' id='word_1_519' title='bbox 497 4646 702 4695; x_wconf 87' lang='lat' dir='ltr'><strong>sorum,</strong></span> <span class='ocrx_word' id='word_1_520' title='bbox 741 4647 863 4687; x_wconf 85' lang='lat' dir='ltr'><strong>cum</strong></span> <span class='ocrx_word' id='word_1_521' title='bbox 909 4632 991 4692; x_wconf 83' lang='lat' dir='ltr'><strong>sic</strong></span> <span class='ocrx_word' id='word_1_522' title='bbox 1028 4631 1446 4695; x_wconf 80' lang='lat' dir='ltr'><strong>emendandum,</strong></span> <span class='ocrx_word' id='word_1_523' title='bbox 1478 4642 1531 4685; x_wconf 90' lang='lat' dir='ltr'><strong>et</strong></span> <span class='ocrx_word' id='word_1_524' title='bbox 1570 4631 1943 4700; x_wconf 85' lang='lat' dir='ltr'><strong>castigandum</strong></span> <span class='ocrx_word' id='word_1_525' title='bbox 1991 4642 2075 4686; x_wconf 91' lang='lat' dir='ltr'><strong>est</strong></span> 
     </span>
    </p>
   </div>
   <div class='ocr_carea' id='block_1_65' title="bbox 498 4721 2077 4791">
    <p class='ocr_par' dir='ltr' id='par_1_65' title="bbox 498 4721 2077 4791">
     <span class='ocr_line' id='line_1_65' title="bbox 498 4721 2077 4791; baseline 0.003 -18"><span class='ocrx_word' id='word_1_526' title='bbox 498 4736 674 4791; x_wconf 67' lang='lat' dir='ltr'><strong>genus</strong></span> <span class='ocrx_word' id='word_1_527' title='bbox 703 4722 1019 4785; x_wconf 87' lang='lat' dir='ltr'><strong>humanum,</strong></span> <span class='ocrx_word' id='word_1_528' title='bbox 1059 4721 1315 4784; x_wconf 79' lang='lat' dir='ltr'><strong>exordiis,</strong></span> <span class='ocrx_word' id='word_1_529' title='bbox 1348 4722 1740 4791; x_wconf 69' lang='lat' dir='ltr'><strong>progressibus,</strong></span> <span class='ocrx_word' id='word_1_530' title='bbox 1773 4723 2077 4791; x_wconf 71' lang='lat' dir='ltr'><strong>finibusque</strong></span> 
     </span>
    </p>
   </div>
   <div class='ocr_carea' id='block_1_66' title="bbox 491 4808 2078 4881">
    <p class='ocr_par' dir='ltr' id='par_1_66' title="bbox 491 4808 2078 4881">
     <span class='ocr_line' id='line_1_66' title="bbox 491 4808 2078 4881; baseline 0 -14"><span class='ocrx_word' id='word_1_531' title='bbox 491 4811 810 4871; x_wconf 68' lang='lat' dir='ltr'><strong>moderatur</strong></span> <span class='ocrx_word' id='word_1_532' title='bbox 840 4830 852 4865; x_wconf 89' lang='lat'><strong>:</strong></span> <span class='ocrx_word' id='word_1_533' title='bbox 886 4812 975 4880; x_wconf 89' lang='lat' dir='ltr'><strong>qui</strong></span> <span class='ocrx_word' id='word_1_534' title='bbox 1017 4811 1199 4868; x_wconf 83' lang='lat' dir='ltr'><strong>mundi</strong></span> <span class='ocrx_word' id='word_1_535' title='bbox 1241 4808 1398 4877; x_wconf 82' lang='lat' dir='ltr'><strong>hujus</strong></span> <span class='ocrx_word' id='word_1_536' title='bbox 1448 4812 1624 4881; x_wconf 81' lang='lat' dir='ltr'><strong>ignem</strong></span> <span class='ocrx_word' id='word_1_537' title='bbox 1664 4814 2078 4868; x_wconf 85' lang='lat' dir='ltr'><strong>vehementissi—</strong></span> 
     </span>
    </p>
   </div>
   <div class='ocr_carea' id='block_1_67' title="bbox 492 4902 2076 4970">
    <p class='ocr_par' dir='ltr' id='par_1_67' title="bbox 492 4902 2076 4970">
     <span class='ocr_line' id='line_1_67' title="bbox 492 4902 2076 4970; baseline -0.002 -10"><span class='ocrx_word' id='word_1_538' title='bbox 492 4918 668 4966; x_wconf 78' lang='lat' dir='ltr'><strong>muni,</strong></span> <span class='ocrx_word' id='word_1_539' title='bbox 694 4913 755 4959; x_wconf 80' lang='lat' dir='ltr'><strong>et</strong></span> <span class='ocrx_word' id='word_1_540' title='bbox 777 4902 1223 4959; x_wconf 80' lang='lat' dir='ltr'><strong>violentissimum</strong></span> <span class='ocrx_word' id='word_1_541' title='bbox 1259 4917 1359 4970; x_wconf 90' lang='lat' dir='ltr'><strong>pro</strong></span> <span class='ocrx_word' id='word_1_542' title='bbox 1389 4902 1666 4957; x_wconf 63' lang='lat' dir='ltr'><strong>immensae</strong></span> <span class='ocrx_word' id='word_1_543' title='bbox 1696 4913 1903 4958; x_wconf 63' lang='lat' dir='ltr'><strong>natura:</strong></span> <span class='ocrx_word' id='word_1_544' title='bbox 1940 4914 2076 4959; x_wconf 90' lang='lat' dir='ltr'><strong>tem-</strong></span> 
     </span>
    </p>
   </div>
   <div class='ocr_carea' id='block_1_68' title="bbox 493 4990 2074 5062">
    <p class='ocr_par' dir='ltr' id='par_1_68' title="bbox 493 4990 2074 5062">
     <span class='ocr_line' id='line_1_68' title="bbox 493 4990 2074 5062; baseline 0.001 -18"><span class='ocrx_word' id='word_1_545' title='bbox 493 5000 816 5062; x_wconf 82' lang='lat' dir='ltr'><strong>peramento</strong></span> <span class='ocrx_word' id='word_1_546' title='bbox 860 4999 921 5045; x_wconf 87' lang='lat' dir='ltr'><strong>et</strong></span> <span class='ocrx_word' id='word_1_547' title='bbox 966 4990 1190 5053; x_wconf 88' lang='lat' dir='ltr'><strong>creavit,</strong></span> <span class='ocrx_word' id='word_1_548' title='bbox 1234 4996 1289 5042; x_wconf 91' lang='lat' dir='ltr'><strong>et</strong></span> <span class='ocrx_word' id='word_1_549' title='bbox 1340 4990 1497 5059; x_wconf 90' lang='lat' dir='ltr'><strong>regit,</strong></span> <span class='ocrx_word' id='word_1_550' title='bbox 1553 4992 1642 5059; x_wconf 91' lang='lat' dir='ltr'><strong>qui</strong></span> <span class='ocrx_word' id='word_1_551' title='bbox 1700 4992 2074 5045; x_wconf 90' lang='lat' dir='ltr'><strong>universarum</strong></span> 
     </span>
    </p>
   </div>
   <div class='ocr_carea' id='block_1_69' title="bbox 494 5080 2076 5151">
    <p class='ocr_par' dir='ltr' id='par_1_69' title="bbox 494 5080 2076 5151">
     <span class='ocr_line' id='line_1_69' title="bbox 494 5080 2076 5151; baseline -0.001 -16"><span class='ocrx_word' id='word_1_552' title='bbox 494 5093 763 5149; x_wconf 80' lang='lat' dir='ltr'><strong>aquarum</strong></span> <span class='ocrx_word' id='word_1_553' title='bbox 790 5088 1025 5144; x_wconf 79' lang='lat' dir='ltr'><strong>creator,</strong></span> <span class='ocrx_word' id='word_1_554' title='bbox 1048 5090 1103 5133; x_wconf 87' lang='lat' dir='ltr'><strong>et</strong></span> <span class='ocrx_word' id='word_1_555' title='bbox 1126 5080 1455 5151; x_wconf 74' lang='lat' dir='ltr'><strong>gubernator</strong></span> <span class='ocrx_word' id='word_1_556' title='bbox 1477 5089 1561 5135; x_wconf 87' lang='lat' dir='ltr'><strong>est</strong></span> <span class='ocrx_word' id='word_1_557' title='bbox 1593 5097 1605 5134; x_wconf 88' lang='lat'>:</span> <span class='ocrx_word' id='word_1_558' title='bbox 1633 5082 1724 5150; x_wconf 91' lang='lat' dir='ltr'><strong>qui</strong></span> <span class='ocrx_word' id='word_1_559' title='bbox 1756 5081 1926 5136; x_wconf 85' lang='lat' dir='ltr'><strong>solem</strong></span> <span class='ocrx_word' id='word_1_560' title='bbox 1950 5081 2076 5136; x_wconf 68' lang='lat' dir='ltr'><strong>fecit</strong></span> 
     </span>
    </p>
   </div>
   <div class='ocr_carea' id='block_1_70' title="bbox 572 5211 2076 5295">
    <p class='ocr_par' dir='ltr' id='par_1_70' title="bbox 572 5211 2076 5295">
     <span class='ocr_line' id='line_1_70' title="bbox 572 5211 2076 5295; baseline 0 -29"><span class='ocrx_word' id='word_1_561' title='bbox 572 5224 597 5253; x_wconf 74' lang='grc' dir='ltr'>α</span> <span class='ocrx_word' id='word_1_562' title='bbox 630 5212 693 5295; x_wconf 72' lang='lat' dir='ltr'><strong>in</strong></span> <span class='ocrx_word' id='word_1_563' title='bbox 729 5212 874 5295; x_wconf 74' lang='lat' dir='ltr'><strong>edito</strong></span> <span class='ocrx_word' id='word_1_564' title='bbox 909 5212 1190 5295; x_wconf 65' lang='lat' dir='ltr'><strong>Augustini</strong></span> <span class='ocrx_word' id='word_1_565' title='bbox 1217 5211 1335 5293; x_wconf 80' lang='lat' dir='ltr'><strong>loco</strong></span> <span class='ocrx_word' id='word_1_566' title='bbox 1378 5212 1580 5295; x_wconf 40' lang='lat' dir='ltr'><strong>desunt.</strong></span> <span class='ocrx_word' id='word_1_567' title='bbox 1613 5212 1727 5294; x_wconf 61' lang='lat' dir='ltr'><strong>haec</strong></span> <span class='ocrx_word' id='word_1_568' title='bbox 1766 5230 1777 5265; x_wconf 87' lang='lat'>:</span> <span class='ocrx_word' id='word_1_569' title='bbox 1821 5222 1869 5266; x_wconf 87' lang='lat' dir='ltr'><strong>et</strong></span> <span class='ocrx_word' id='word_1_570' title='bbox 1907 5215 2076 5266; x_wconf 82' lang='lat' dir='ltr'><strong>omnis</strong></span> 
     </span>
    </p>
   </div>
   <div class='ocr_carea' id='block_1_71' title="bbox 499 5281 2073 5404">
    <p class='ocr_par' dir='ltr' id='par_1_71' title="bbox 499 5281 2073 5404">
     <span class='ocr_line' id='line_1_71' title="bbox 499 5281 2073 5353; baseline -0.001 -17"><span class='ocrx_word' id='word_1_571' title='bbox 499 5292 741 5336; x_wconf 75' lang='lat' dir='ltr'><strong>creatura</strong></span> <span class='ocrx_word' id='word_1_572' title='bbox 768 5285 871 5337; x_wconf 81' lang='lat' dir='ltr'><strong>sive</strong></span> <span class='ocrx_word' id='word_1_573' title='bbox 911 5281 1210 5348; x_wconf 73' lang='lat' dir='ltr'><strong>invisibilis,</strong></span> <span class='ocrx_word' id='word_1_574' title='bbox 1250 5284 1355 5336; x_wconf 85' lang='lat' dir='ltr'><strong>sive</strong></span> <span class='ocrx_word' id='word_1_575' title='bbox 1393 5282 1627 5346; x_wconf 74' lang='lat' dir='ltr'><strong>visibilis,</strong></span> <span class='ocrx_word' id='word_1_576' title='bbox 1671 5284 1775 5336; x_wconf 75' lang='lat' dir='ltr'><strong>sive</strong></span> <span class='ocrx_word' id='word_1_577' title='bbox 1804 5299 2073 5353; x_wconf 83' lang='lat' dir='ltr'><strong>corporea,</strong></span> 
     </span>
     <span class='ocr_line' id='line_1_72' title="bbox 501 5353 943 5404; baseline 0 0"><span class='ocrx_word' id='word_1_578' title='bbox 501 5354 608 5404; x_wconf 76' lang='lat' dir='ltr'><strong>sive</strong></span> <span class='ocrx_word' id='word_1_579' title='bbox 634 5353 943 5404; x_wconf 76' lang='lat' dir='ltr'><strong>sniritualis.</strong></span> 
     </span>
    </p>
   </div>
   <div class='ocr_carea' id='block_1_72' title="bbox 501 5362 2079 5490">
    <p class='ocr_par' dir='ltr' id='par_1_72' title="bbox 501 5362 2079 5490">
     <span class='ocr_line' id='line_1_73' title="bbox 501 5362 2079 5490; baseline 0.001 -19"><span class='ocrx_word' id='word_1_580' title='bbox 501 5369 608 5460; x_wconf 59' lang='lat' dir='ltr'><strong>ml:</strong></span> <span class='ocrx_word' id='word_1_581' title='bbox 634 5362 1101 5490; x_wconf 71' lang='lat' dir='ltr'><strong>cap.</strong></span> <span class='ocrx_word' id='word_1_582' title='bbox 1132 5420 1215 5474; x_wconf 73' lang='lat' dir='ltr'><strong>H.</strong></span> <span class='ocrx_word' id='word_1_583' title='bbox 1262 5420 1487 5487; x_wconf 83' lang='lat' dir='ltr'><strong>Reliqua</strong></span> <span class='ocrx_word' id='word_1_584' title='bbox 1523 5435 1587 5473; x_wconf 81' lang='lat' dir='ltr'><strong>ex</strong></span> <span class='ocrx_word' id='word_1_585' title='bbox 1632 5419 1753 5474; x_wconf 92' lang='lat' dir='ltr'><strong>aliis</strong></span> <span class='ocrx_word' id='word_1_586' title='bbox 1796 5419 2079 5490; x_wconf 80' lang='lat' dir='ltr'><strong>Augustini</strong></span> 
     </span>
    </p>
   </div>
   <div class='ocr_carea' id='block_1_73' title="bbox 504 5489 2082 5559">
    <p class='ocr_par' dir='ltr' id='par_1_73' title="bbox 504 5489 2082 5559">
     <span class='ocr_line' id='line_1_74' title="bbox 504 5489 2082 5559; baseline 0 -16"><span class='ocrx_word' id='word_1_587' title='bbox 504 5490 639 5544; x_wconf 89' lang='lat' dir='ltr'><strong>locis</strong></span> <span class='ocrx_word' id='word_1_588' title='bbox 662 5491 881 5546; x_wconf 88' lang='lat' dir='ltr'><strong>collecta</strong></span> <span class='ocrx_word' id='word_1_589' title='bbox 910 5502 1055 5544; x_wconf 90' lang='lat' dir='ltr'><strong>sunt.</strong></span> <span class='ocrx_word' id='word_1_590' title='bbox 1079 5489 1342 5557; x_wconf 87' lang='lat' dir='ltr'><strong>Compara</strong></span> <span class='ocrx_word' id='word_1_591' title='bbox 1376 5492 1487 5559; x_wconf 64' lang='lat' dir='ltr'><strong>haec</strong></span> <span class='ocrx_word' id='word_1_592' title='bbox 1508 5505 1628 5543; x_wconf 89' lang='lat' dir='ltr'><strong>cum</strong></span> <span class='ocrx_word' id='word_1_593' title='bbox 1654 5490 1741 5553; x_wconf 83' lang='lat' dir='ltr'><strong>iis,</strong></span> <span class='ocrx_word' id='word_1_594' title='bbox 1773 5489 1895 5559; x_wconf 63' lang='lat' dir='ltr'><strong>quin</strong></span> <span class='ocrx_word' id='word_1_595' title='bbox 1920 5490 2082 5543; x_wconf 85' lang='lat' dir='ltr'><strong>tradit</strong></span> 
     </span>
    </p>
   </div>
   <div class='ocr_carea' id='block_1_74' title="bbox 500 5558 1687 5630">
    <p class='ocr_par' dir='ltr' id='par_1_74' title="bbox 500 5558 1687 5630">
     <span class='ocr_line' id='line_1_75' title="bbox 500 5558 1687 5630; baseline -0.002 -15"><span class='ocrx_word' id='word_1_596' title='bbox 500 5560 832 5630; x_wconf 72' lang='lat' dir='ltr'><strong>Augustinus</strong></span> <span class='ocrx_word' id='word_1_597' title='bbox 854 5575 979 5630; x_wconf 72' lang='lat' dir='ltr'><strong>cap.</strong></span> <span class='ocrx_word' id='word_1_598' title='bbox 1014 5559 1083 5613; x_wconf 83' lang='grc'><strong>50</strong></span> <span class='ocrx_word' id='word_1_599' title='bbox 1111 5559 1235 5613; x_wconf 90' lang='lat' dir='ltr'><strong>libri</strong></span> <span class='ocrx_word' id='word_1_600' title='bbox 1257 5575 1329 5612; x_wconf 85' lang='lat' dir='ltr'><strong>vn</strong></span> <span class='ocrx_word' id='word_1_601' title='bbox 1356 5560 1417 5612; x_wconf 84' lang='lat' dir='ltr'><strong>de</strong></span> <span class='ocrx_word' id='word_1_602' title='bbox 1450 5558 1687 5630; x_wconf 77' lang='lat' dir='ltr'><strong>Civitale.</strong></span> 
     </span>
    </p>
   </div>
   <div class='ocr_carea' id='block_1_75' title="bbox 582 5628 1577 5698">
    <p class='ocr_par' dir='ltr' id='par_1_75' title="bbox 582 5628 1577 5698">
     <span class='ocr_line' id='line_1_76' title="bbox 582 5628 1577 5698; baseline -0.001 -18"><span class='ocrx_word' id='word_1_603' title='bbox 582 5628 609 5698; x_wconf 31' lang='lat' dir='ltr'><strong>cf</strong></span> <span class='ocrx_word' id='word_1_604' title='bbox 645 5644 712 5682; x_wconf 78' lang='lat' dir='ltr'><strong>xv</strong></span> <span class='ocrx_word' id='word_1_605' title='bbox 738 5632 803 5682; x_wconf 78' lang='lat' dir='ltr'><strong>de</strong></span> <span class='ocrx_word' id='word_1_606' title='bbox 835 5628 1111 5691; x_wconf 81' lang='lat' dir='ltr'><strong>Trinitate,</strong></span> <span class='ocrx_word' id='word_1_607' title='bbox 1135 5644 1254 5698; x_wconf 81' lang='lat' dir='ltr'><strong>cap.</strong></span> <span class='ocrx_word' id='word_1_608' title='bbox 1283 5630 1369 5691; x_wconf 73' lang='lat'><strong>15,</strong></span> <span class='ocrx_word' id='word_1_609' title='bbox 1408 5646 1461 5682; x_wconf 91' lang='lat' dir='ltr'><strong>n.</strong></span> <span class='ocrx_word' id='word_1_610' title='bbox 1488 5629 1577 5683; x_wconf 70' lang='grc'><strong>22.</strong></span> 
     </span>
    </p>
   </div>
   <div class='ocr_carea' id='block_1_76' title="bbox 580 5697 1293 5751">
    <p class='ocr_par' dir='ltr' id='par_1_76' title="bbox 580 5697 1293 5751">
     <span class='ocr_line' id='line_1_77' title="bbox 580 5697 1293 5751; baseline -0.001 0"><span class='ocrx_word' id='word_1_611' title='bbox 580 5697 603 5735; x_wconf 74' lang='grc' dir='ltr'>ἀ</span> <span class='ocrx_word' id='word_1_612' title='bbox 644 5698 870 5751; x_wconf 77' lang='lat' dir='ltr'><strong>Additur</strong></span> <span class='ocrx_word' id='word_1_613' title='bbox 896 5699 977 5749; x_wconf 86' lang='lat' dir='ltr'><strong>hic</strong></span> <span class='ocrx_word' id='word_1_614' title='bbox 1010 5697 1293 5751; x_wconf 68' lang='lat' dir='ltr'><strong>veritatem.</strong></span> 
     </span>
    </p>
   </div>
   <div class='ocr_carea' id='block_1_77' title="bbox 588 5764 1870 5835">
    <p class='ocr_par' dir='ltr' id='par_1_77' title="bbox 588 5764 1870 5835">
     <span class='ocr_line' id='line_1_78' title="bbox 588 5764 1870 5835; baseline -0.003 -15"><span class='ocrx_word' id='word_1_615' title='bbox 588 5778 611 5804; x_wconf 85' lang='grc'><strong>·</strong></span> <span class='ocrx_word' id='word_1_616' title='bbox 648 5768 855 5823; x_wconf 79' lang='lat' dir='ltr'><strong>Rursus</strong></span> <span class='ocrx_word' id='word_1_617' title='bbox 879 5768 910 5822; x_wconf 85' lang='lat'><strong>6</strong></span> <span class='ocrx_word' id='word_1_618' title='bbox 943 5767 1006 5820; x_wconf 83' lang='lat' dir='ltr'><strong>de</strong></span> <span class='ocrx_word' id='word_1_619' title='bbox 1038 5766 1309 5834; x_wconf 80' lang='lat' dir='ltr'><strong>Trinitatc,</strong></span> <span class='ocrx_word' id='word_1_620' title='bbox 1342 5782 1459 5835; x_wconf 86' lang='lat' dir='ltr'><strong>cap.</strong></span> <span class='ocrx_word' id='word_1_621' title='bbox 1490 5766 1571 5833; x_wconf 85' lang='lat' dir='ltr'><strong>tO,</strong></span> <span class='ocrx_word' id='word_1_622' title='bbox 1605 5781 1750 5820; x_wconf 89' lang='lat' dir='ltr'><strong>num.</strong></span> <span class='ocrx_word' id='word_1_623' title='bbox 1787 5764 1870 5817; x_wconf 77' lang='lat' dir='ltr'><strong>il.</strong></span> 
     </span>
    </p>
   </div>
   <div class='ocr_carea' id='block_1_78' title="bbox 2168 1914 3764 1990">
    <p class='ocr_par' dir='ltr' id='par_1_78' title="bbox 2168 1914 3764 1990">
     <span class='ocr_line' id='line_1_79' title="bbox 2168 1914 3764 1990; baseline -0.008 -10"><span class='ocrx_word' id='word_1_624' title='bbox 2168 1934 2348 1979; x_wconf 88' lang='lat' dir='ltr'><strong>autem</strong></span> <span class='ocrx_word' id='word_1_625' title='bbox 2394 1923 2540 1986; x_wconf 87' lang='lat' dir='ltr'><strong>facit,</strong></span> <span class='ocrx_word' id='word_1_626' title='bbox 2580 1930 2743 1990; x_wconf 87' lang='lat' dir='ltr'><strong>atque</strong></span> <span class='ocrx_word' id='word_1_627' title='bbox 2772 1920 2885 1990; x_wconf 90' lang='lat' dir='ltr'><strong>agit</strong></span> <span class='ocrx_word' id='word_1_628' title='bbox 2909 1934 3047 1972; x_wconf 90' lang='lat' dir='ltr'><strong>unus</strong></span> <span class='ocrx_word' id='word_1_629' title='bbox 3076 1932 3240 1971; x_wconf 87' lang='lat' dir='ltr'><strong>verus</strong></span> <span class='ocrx_word' id='word_1_630' title='bbox 3270 1918 3417 1971; x_wconf 86' lang='lat' dir='ltr'><strong>Deus</strong></span> <span class='ocrx_word' id='word_1_631' title='bbox 3446 1935 3458 1969; x_wconf 95' lang='lat'>:</span> <span class='ocrx_word' id='word_1_632' title='bbox 3494 1914 3595 1969; x_wconf 74' lang='lat' dir='ltr'><strong>sed</strong></span> <span class='ocrx_word' id='word_1_633' title='bbox 3622 1916 3764 1969; x_wconf 77' lang='lat' dir='ltr'><strong>sicut</strong></span> 
     </span>
    </p>
   </div>
   <div class='ocr_carea' id='block_1_79' title="bbox 2167 2008 3764 2082">
    <p class='ocr_par' dir='ltr' id='par_1_79' title="bbox 2167 2008 3764 2082">
     <span class='ocr_line' id='line_1_80' title="bbox 2167 2008 3764 2082; baseline -0.005 -13"><span class='ocrx_word' id='word_1_634' title='bbox 2167 2017 2331 2080; x_wconf 89' lang='lat' dir='ltr'><strong>Deus,</strong></span> <span class='ocrx_word' id='word_1_635' title='bbox 2356 2015 2409 2069; x_wconf 91' lang='lat' dir='ltr'><strong>id</strong></span> <span class='ocrx_word' id='word_1_636' title='bbox 2431 2022 2513 2069; x_wconf 90' lang='lat' dir='ltr'><strong>est</strong></span> <span class='ocrx_word' id='word_1_637' title='bbox 2536 2014 2736 2082; x_wconf 89' lang='lat' dir='ltr'><strong>ubique</strong></span> <span class='ocrx_word' id='word_1_638' title='bbox 2756 2020 2922 2073; x_wconf 89' lang='lat' dir='ltr'><strong>totus,</strong></span> <span class='ocrx_word' id='word_1_639' title='bbox 2949 2009 3122 2064; x_wconf 85' lang='lat' dir='ltr'><strong>nullus</strong></span> <span class='ocrx_word' id='word_1_640' title='bbox 3153 2008 3395 2063; x_wconf 85' lang='lat' dir='ltr'><strong>inclusus</strong></span> <span class='ocrx_word' id='word_1_641' title='bbox 3423 2009 3583 2073; x_wconf 84' lang='lat' dir='ltr'><strong>locis,</strong></span> <span class='ocrx_word' id='word_1_642' title='bbox 3602 2008 3764 2061; x_wconf 86' lang='lat' dir='ltr'><strong>nullis</strong></span> 
     </span>
    </p>
   </div>
   <div class='ocr_carea' id='block_1_80' title="bbox 2165 2099 3759 2176">
    <p class='ocr_par' dir='ltr' id='par_1_80' title="bbox 2165 2099 3759 2176">
     <span class='ocr_line' id='line_1_81' title="bbox 2165 2099 3759 2176; baseline -0.008 -14"><span class='ocrx_word' id='word_1_643' title='bbox 2165 2107 2395 2163; x_wconf 90' lang='lat' dir='ltr'><strong>vinculis</strong></span> <span class='ocrx_word' id='word_1_644' title='bbox 2424 2106 2692 2176; x_wconf 89' lang='lat' dir='ltr'><strong>alligatus,</strong></span> <span class='ocrx_word' id='word_1_645' title='bbox 2724 2104 2776 2156; x_wconf 91' lang='lat' dir='ltr'><strong>in</strong></span> <span class='ocrx_word' id='word_1_646' title='bbox 2819 2102 2993 2156; x_wconf 89' lang='lat' dir='ltr'><strong>nullas</strong></span> <span class='ocrx_word' id='word_1_647' title='bbox 3022 2110 3204 2169; x_wconf 89' lang='lat' dir='ltr'><strong>partes</strong></span> <span class='ocrx_word' id='word_1_648' title='bbox 3233 2100 3462 2162; x_wconf 88' lang='lat' dir='ltr'><strong>sectilis,</strong></span> <span class='ocrx_word' id='word_1_649' title='bbox 3503 2116 3571 2153; x_wconf 76' lang='lat' dir='ltr'><strong>ex</strong></span> <span class='ocrx_word' id='word_1_650' title='bbox 3615 2099 3759 2151; x_wconf 86' lang='lat' dir='ltr'><strong>nulla</strong></span> 
     </span>
    </p>
   </div>
   <div class='ocr_carea' id='block_1_81' title="bbox 2168 2194 3760 2267">
    <p class='ocr_par' dir='ltr' id='par_1_81' title="bbox 2168 2194 3760 2267">
     <span class='ocr_line' id='line_1_82' title="bbox 2168 2194 3760 2267; baseline -0.006 -13"><span class='ocrx_word' id='word_1_651' title='bbox 2168 2206 2317 2267; x_wconf 85' lang='lat' dir='ltr'><strong>parte</strong></span> <span class='ocrx_word' id='word_1_652' title='bbox 2349 2197 2639 2260; x_wconf 86' lang='lat' dir='ltr'><strong>mutabilis,</strong></span> <span class='ocrx_word' id='word_1_653' title='bbox 2670 2195 2900 2264; x_wconf 81' lang='lat' dir='ltr'><strong>impleas</strong></span> <span class='ocrx_word' id='word_1_654' title='bbox 2925 2194 3122 2248; x_wconf 67' lang='lat' dir='ltr'><strong>cmlum</strong></span> <span class='ocrx_word' id='word_1_655' title='bbox 3145 2202 3200 2247; x_wconf 90' lang='lat' dir='ltr'><strong>et</strong></span> <span class='ocrx_word' id='word_1_656' title='bbox 3230 2203 3458 2256; x_wconf 72' lang='lat' dir='ltr'><strong>terram,</strong></span> <span class='ocrx_word' id='word_1_657' title='bbox 3486 2203 3760 2260; x_wconf 66' lang='lat' dir='ltr'><strong>prasente</strong></span> 
     </span>
    </p>
   </div>
   <div class='ocr_carea' id='block_1_82' title="bbox 2170 2283 3759 2357">
    <p class='ocr_par' dir='ltr' id='par_1_82' title="bbox 2170 2283 3759 2357">
     <span class='ocr_line' id='line_1_83' title="bbox 2170 2283 3759 2357; baseline -0.004 -17"><span class='ocrx_word' id='word_1_658' title='bbox 2170 2288 2429 2357; x_wconf 89' lang='lat' dir='ltr'><strong>potentia,</strong></span> <span class='ocrx_word' id='word_1_659' title='bbox 2468 2302 2574 2341; x_wconf 92' lang='lat' dir='ltr'><strong>non</strong></span> <span class='ocrx_word' id='word_1_660' title='bbox 2613 2286 2889 2356; x_wconf 84' lang='lat' dir='ltr'><strong>indigente</strong></span> <span class='ocrx_word' id='word_1_661' title='bbox 2919 2293 3131 2338; x_wconf 88' lang='lat' dir='ltr'><strong>natura.</strong></span> <span class='ocrx_word' id='word_1_662' title='bbox 3178 2283 3267 2338; x_wconf 89' lang='lat' dir='ltr'><strong>Sic</strong></span> <span class='ocrx_word' id='word_1_663' title='bbox 3300 2286 3482 2352; x_wconf 79' lang='lat' dir='ltr'><strong>itaque</strong></span> <span class='ocrx_word' id='word_1_664' title='bbox 3523 2284 3759 2336; x_wconf 79' lang='lat' dir='ltr'><strong>admini-</strong></span> 
     </span>
    </p>
   </div>
   <div class='ocr_carea' id='block_1_83' title="bbox 2168 2375 3761 2444">
    <p class='ocr_par' dir='ltr' id='par_1_83' title="bbox 2168 2375 3761 2444">
     <span class='ocr_line' id='line_1_84' title="bbox 2168 2375 3761 2444; baseline -0.004 -11"><span class='ocrx_word' id='word_1_665' title='bbox 2168 2387 2305 2434; x_wconf 90' lang='lat' dir='ltr'><strong>strat</strong></span> <span class='ocrx_word' id='word_1_666' title='bbox 2347 2380 2547 2442; x_wconf 85' lang='lat' dir='ltr'><strong>omnia,</strong></span> <span class='ocrx_word' id='word_1_667' title='bbox 2600 2392 2720 2444; x_wconf 67' lang='lat' dir='ltr'><strong>qua:</strong></span> <span class='ocrx_word' id='word_1_668' title='bbox 2749 2378 2976 2439; x_wconf 90' lang='lat' dir='ltr'><strong>creavit,</strong></span> <span class='ocrx_word' id='word_1_669' title='bbox 3020 2386 3079 2429; x_wconf 93' lang='lat' dir='ltr'><strong>ut</strong></span> <span class='ocrx_word' id='word_1_670' title='bbox 3128 2376 3288 2429; x_wconf 86' lang='lat' dir='ltr'><strong>etiam</strong></span> <span class='ocrx_word' id='word_1_671' title='bbox 3339 2376 3454 2442; x_wconf 78' lang='lat' dir='ltr'><strong>ipsa</strong></span> <span class='ocrx_word' id='word_1_672' title='bbox 3512 2375 3761 2443; x_wconf 87' lang='lat' dir='ltr'><strong>proprios</strong></span> 
     </span>
    </p>
   </div>
   <div class='ocr_carea' id='block_1_84' title="bbox 2168 2464 3762 2537">
    <p class='ocr_par' dir='ltr' id='par_1_84' title="bbox 2168 2464 3762 2537">
     <span class='ocr_line' id='line_1_85' title="bbox 2168 2464 3762 2537; baseline -0.006 -13"><span class='ocrx_word' id='word_1_673' title='bbox 2168 2484 2425 2529; x_wconf 78' lang='lat' dir='ltr'><strong>exercere</strong></span> <span class='ocrx_word' id='word_1_674' title='bbox 2454 2509 2469 2531; x_wconf 94' lang='lat'><strong>,</strong></span> <span class='ocrx_word' id='word_1_675' title='bbox 2498 2477 2552 2521; x_wconf 91' lang='lat' dir='ltr'><strong>et</strong></span> <span class='ocrx_word' id='word_1_676' title='bbox 2582 2482 2740 2537; x_wconf 87' lang='lat' dir='ltr'><strong>agere</strong></span> <span class='ocrx_word' id='word_1_677' title='bbox 2766 2476 2945 2520; x_wconf 87' lang='lat' dir='ltr'><strong>motus</strong></span> <span class='ocrx_word' id='word_1_678' title='bbox 2970 2467 3131 2519; x_wconf 84' lang='lat' dir='ltr'><strong>sinat.</strong></span> <span class='ocrx_word' id='word_1_679' title='bbox 3164 2465 3425 2531; x_wconf 82' lang='lat' dir='ltr'><strong>Quamvis</strong></span> <span class='ocrx_word' id='word_1_680' title='bbox 3451 2466 3601 2517; x_wconf 64' lang='lat' dir='ltr'><strong>enim</strong></span> <span class='ocrx_word' id='word_1_681' title='bbox 3632 2464 3762 2517; x_wconf 89' lang='lat' dir='ltr'><strong>nihil</strong></span> 
     </span>
    </p>
   </div>
   <div class='ocr_carea' id='block_1_85' title="bbox 2170 2555 3761 2627">
    <p class='ocr_par' dir='ltr' id='par_1_85' title="bbox 2170 2555 3761 2627">
     <span class='ocr_line' id='line_1_86' title="bbox 2170 2555 3761 2627; baseline -0.004 -13"><span class='ocrx_word' id='word_1_682' title='bbox 2170 2575 2292 2614; x_wconf 86' lang='lat' dir='ltr'><strong>esse</strong></span> <span class='ocrx_word' id='word_1_683' title='bbox 2350 2560 2559 2627; x_wconf 86' lang='lat' dir='ltr'><strong>possint</strong></span> <span class='ocrx_word' id='word_1_684' title='bbox 2601 2558 2717 2612; x_wconf 89' lang='lat' dir='ltr'><strong>sine</strong></span> <span class='ocrx_word' id='word_1_685' title='bbox 2766 2556 2904 2627; x_wconf 90' lang='lat' dir='ltr'><strong>ipso,</strong></span> <span class='ocrx_word' id='word_1_686' title='bbox 2948 2572 3052 2609; x_wconf 89' lang='lat' dir='ltr'><strong>non</strong></span> <span class='ocrx_word' id='word_1_687' title='bbox 3098 2567 3224 2609; x_wconf 89' lang='lat' dir='ltr'><strong>sunt</strong></span> <span class='ocrx_word' id='word_1_688' title='bbox 3263 2556 3407 2624; x_wconf 88' lang='lat' dir='ltr'><strong>quod</strong></span> <span class='ocrx_word' id='word_1_689' title='bbox 3456 2556 3597 2624; x_wconf 78' lang='lat' dir='ltr'><strong>ipse.</strong></span> <span class='ocrx_word' id='word_1_690' title='bbox 3640 2555 3761 2622; x_wconf 65' lang='lat' dir='ltr'><strong>Agit</strong></span> 
     </span>
    </p>
   </div>
   <div class='ocr_carea' id='block_1_86' title="bbox 2169 2646 3762 2717">
    <p class='ocr_par' dir='ltr' id='par_1_86' title="bbox 2169 2646 3762 2717">
     <span class='ocr_line' id='line_1_87' title="bbox 2169 2646 3762 2717; baseline -0.006 -10"><span class='ocrx_word' id='word_1_691' title='bbox 2169 2657 2348 2707; x_wconf 85' lang='lat' dir='ltr'><strong>autem</strong></span> <span class='ocrx_word' id='word_1_692' title='bbox 2381 2649 2549 2703; x_wconf 88' lang='lat' dir='ltr'><strong>multa</strong></span> <span class='ocrx_word' id='word_1_693' title='bbox 2595 2648 2759 2702; x_wconf 87' lang='lat' dir='ltr'><strong>etiam</strong></span> <span class='ocrx_word' id='word_1_694' title='bbox 2801 2662 2896 2715; x_wconf 89' lang='lat' dir='ltr'><strong>per</strong></span> <span class='ocrx_word' id='word_1_695' title='bbox 2944 2646 3195 2717; x_wconf 84' lang='lat' dir='ltr'><strong>Angelos,</strong></span> <span class='ocrx_word' id='word_1_696' title='bbox 3229 2648 3323 2701; x_wconf 87' lang='lat' dir='ltr'><strong>sed</strong></span> <span class='ocrx_word' id='word_1_697' title='bbox 3352 2646 3573 2699; x_wconf 86' lang='lat' dir='ltr'><strong>nonnisi</strong></span> <span class='ocrx_word' id='word_1_698' title='bbox 3604 2661 3670 2699; x_wconf 82' lang='lat' dir='ltr'><strong>ex</strong></span> <span class='ocrx_word' id='word_1_699' title='bbox 3706 2661 3762 2698; x_wconf 78' lang='lat' dir='ltr'><strong>se</strong></span> 
     </span>
    </p>
   </div>
   <div class='ocr_carea' id='block_1_87' title="bbox 2170 2733 3763 2810">
    <p class='ocr_par' dir='ltr' id='par_1_87' title="bbox 2170 2733 3763 2810">
     <span class='ocr_line' id='line_1_88' title="bbox 2170 2733 3763 2810; baseline -0.006 -15"><span class='ocrx_word' id='word_1_700' title='bbox 2170 2742 2289 2810; x_wconf 85' lang='lat' dir='ltr'><strong>ipso</strong></span> <span class='ocrx_word' id='word_1_701' title='bbox 2318 2738 2593 2793; x_wconf 80' lang='lat' dir='ltr'><strong>beatificat</strong></span> <span class='ocrx_word' id='word_1_702' title='bbox 2620 2736 2870 2805; x_wconf 82' lang='lat' dir='ltr'><strong>Angelos.</strong></span> <span class='ocrx_word' id='word_1_703' title='bbox 2911 2735 2986 2788; x_wconf 89' lang='lat' dir='ltr'><strong>lta</strong></span> <span class='ocrx_word' id='word_1_704' title='bbox 3019 2736 3267 2804; x_wconf 90' lang='lat' dir='ltr'><strong>quamvis</strong></span> <span class='ocrx_word' id='word_1_705' title='bbox 3293 2745 3519 2804; x_wconf 83' lang='lat' dir='ltr'><strong>propter</strong></span> <span class='ocrx_word' id='word_1_706' title='bbox 3551 2733 3763 2802; x_wconf 80' lang='lat' dir='ltr'><strong>aliquas</strong></span> 
     </span>
    </p>
   </div>
   <div class='ocr_carea' id='block_1_88' title="bbox 2170 2828 3758 2899">
    <p class='ocr_par' dir='ltr' id='par_1_88' title="bbox 2170 2828 3758 2899">
     <span class='ocr_line' id='line_1_89' title="bbox 2170 2828 3758 2899; baseline -0.006 -11"><span class='ocrx_word' id='word_1_707' title='bbox 2170 2848 2359 2890; x_wconf 83' lang='lat' dir='ltr'><strong>causas</strong></span> <span class='ocrx_word' id='word_1_708' title='bbox 2387 2831 2693 2885; x_wconf 89' lang='lat' dir='ltr'><strong>hominibus</strong></span> <span class='ocrx_word' id='word_1_709' title='bbox 2715 2829 2945 2899; x_wconf 84' lang='lat' dir='ltr'><strong>Angelos</strong></span> <span class='ocrx_word' id='word_1_710' title='bbox 2978 2830 3174 2891; x_wconf 86' lang='lat' dir='ltr'><strong>mittat,</strong></span> <span class='ocrx_word' id='word_1_711' title='bbox 3193 2844 3297 2881; x_wconf 84' lang='lat' dir='ltr'><strong>nou</strong></span> <span class='ocrx_word' id='word_1_712' title='bbox 3332 2838 3515 2881; x_wconf 86' lang='lat' dir='ltr'><strong>tamen</strong></span> <span class='ocrx_word' id='word_1_713' title='bbox 3550 2843 3617 2881; x_wconf 78' lang='lat' dir='ltr'><strong>ex</strong></span> <span class='ocrx_word' id='word_1_714' title='bbox 3652 2828 3758 2879; x_wconf 70' lang='lat' dir='ltr'><strong>An-</strong></span> 
     </span>
    </p>
   </div>
   <div class='ocr_carea' id='block_1_89' title="bbox 2170 2919 3759 2993">
    <p class='ocr_par' dir='ltr' id='par_1_89' title="bbox 2170 2919 3759 2993">
     <span class='ocr_line' id='line_1_90' title="bbox 2170 2919 3759 2993; baseline -0.004 -14"><span class='ocrx_word' id='word_1_715' title='bbox 2170 2922 2305 2993; x_wconf 79' lang='lat' dir='ltr'><strong>gelis</strong></span> <span class='ocrx_word' id='word_1_716' title='bbox 2327 2923 2596 2984; x_wconf 87' lang='lat' dir='ltr'><strong>homines,</strong></span> <span class='ocrx_word' id='word_1_717' title='bbox 2639 2921 2732 2974; x_wconf 87' lang='lat' dir='ltr'><strong>sed</strong></span> <span class='ocrx_word' id='word_1_718' title='bbox 2763 2936 2826 2974; x_wconf 77' lang='lat' dir='ltr'><strong>ex</strong></span> <span class='ocrx_word' id='word_1_719' title='bbox 2860 2935 2917 2974; x_wconf 90' lang='lat' dir='ltr'><strong>se</strong></span> <span class='ocrx_word' id='word_1_720' title='bbox 2953 2919 3085 2987; x_wconf 85' lang='lat' dir='ltr'><strong>ipso,</strong></span> <span class='ocrx_word' id='word_1_721' title='bbox 3126 2920 3264 2973; x_wconf 90' lang='lat' dir='ltr'><strong>sicut</strong></span> <span class='ocrx_word' id='word_1_722' title='bbox 3294 2920 3556 2989; x_wconf 80' lang='lat' dir='ltr'><strong>Angelos,</strong></span> <span class='ocrx_word' id='word_1_723' title='bbox 3590 2919 3759 2974; x_wconf 79' lang='lat' dir='ltr'><strong>beati-</strong></span> 
     </span>
    </p>
   </div>
   <div class='ocr_carea' id='block_1_90' title="bbox 2172 3010 3764 3079">
    <p class='ocr_par' dir='ltr' id='par_1_90' title="bbox 2172 3010 3764 3079">
     <span class='ocr_line' id='line_1_91' title="bbox 2172 3010 3764 3079; baseline -0.003 -9"><span class='ocrx_word' id='word_1_724' title='bbox 2172 3014 2319 3070; x_wconf 75' lang='lat' dir='ltr'><strong>ficat.</strong></span> <span class='ocrx_word' id='word_1_725' title='bbox 2356 3014 2438 3067; x_wconf 88' lang='lat' dir='ltr'><strong>Ah</strong></span> <span class='ocrx_word' id='word_1_726' title='bbox 2467 3014 2569 3069; x_wconf 86' lang='lat' dir='ltr'><strong>hoc</strong></span> <span class='ocrx_word' id='word_1_727' title='bbox 2595 3028 2702 3067; x_wconf 90' lang='lat' dir='ltr'><strong>uno</strong></span> <span class='ocrx_word' id='word_1_728' title='bbox 2732 3022 2787 3065; x_wconf 83' lang='lat' dir='ltr'><strong>et</strong></span> <span class='ocrx_word' id='word_1_729' title='bbox 2808 3026 2932 3065; x_wconf 86' lang='lat' dir='ltr'><strong>vero</strong></span> <span class='ocrx_word' id='word_1_730' title='bbox 2964 3010 3072 3065; x_wconf 88' lang='lat' dir='ltr'><strong>Deo</strong></span> <span class='ocrx_word' id='word_1_731' title='bbox 3095 3026 3377 3079; x_wconf 84' lang='lat' dir='ltr'><strong>speramus</strong></span> <span class='ocrx_word' id='word_1_732' title='bbox 3399 3012 3573 3065; x_wconf 86' lang='lat' dir='ltr'><strong>vitam</strong></span> <span class='ocrx_word' id='word_1_733' title='bbox 3608 3021 3764 3065; x_wconf 79' lang='lat' dir='ltr'><strong>a-tcr-</strong></span> 
     </span>
    </p>
   </div>
   <div class='ocr_carea' id='block_1_91' title="bbox 2171 3102 3761 3173">
    <p class='ocr_par' dir='ltr' id='par_1_91' title="bbox 2171 3102 3761 3173">
     <span class='ocr_line' id='line_1_92' title="bbox 2171 3102 3761 3173; baseline -0.002 -12"><span class='ocrx_word' id='word_1_734' title='bbox 2171 3122 2301 3162; x_wconf 78' lang='lat' dir='ltr'><strong>nain</strong></span> <span class='ocrx_word' id='word_1_735' title='bbox 2333 3125 2344 3158; x_wconf 91' lang='lat'><strong>:</strong></span> <span class='ocrx_word' id='word_1_736' title='bbox 2388 3106 2650 3160; x_wconf 87' lang='lat' dir='ltr'><strong>habemus</strong></span> <span class='ocrx_word' id='word_1_737' title='bbox 2676 3105 2820 3159; x_wconf 90' lang='lat' dir='ltr'><strong>enim</strong></span> <span class='ocrx_word' id='word_1_738' title='bbox 2848 3105 2917 3157; x_wconf 89' lang='lat' dir='ltr'><strong>ab</strong></span> <span class='ocrx_word' id='word_1_739' title='bbox 2948 3104 3038 3158; x_wconf 88' lang='lat' dir='ltr'><strong>illo</strong></span> <span class='ocrx_word' id='word_1_740' title='bbox 3077 3112 3275 3173; x_wconf 65' lang='lat' dir='ltr'><strong>praeter</strong></span> <span class='ocrx_word' id='word_1_741' title='bbox 3312 3102 3628 3171; x_wconf 82' lang='lat' dir='ltr'><strong>hujusmodi</strong></span> <span class='ocrx_word' id='word_1_742' title='bbox 3675 3106 3761 3159; x_wconf 83' lang='lat' dir='ltr'><strong>be-</strong></span> 
     </span>
    </p>
   </div>
   <div class='ocr_carea' id='block_1_92' title="bbox 2172 3195 3759 3267">
    <p class='ocr_par' dir='ltr' id='par_1_92' title="bbox 2172 3195 3759 3267">
     <span class='ocr_line' id='line_1_93' title="bbox 2172 3195 3759 3267; baseline -0.005 -12"><span class='ocrx_word' id='word_1_743' title='bbox 2172 3199 2385 3262; x_wconf 84' lang='lat' dir='ltr'><strong>neficia,</strong></span> <span class='ocrx_word' id='word_1_744' title='bbox 2440 3213 2561 3267; x_wconf 66' lang='lat' dir='ltr'><strong>qua:</strong></span> <span class='ocrx_word' id='word_1_745' title='bbox 2611 3212 2677 3251; x_wconf 79' lang='lat' dir='ltr'><strong>ex</strong></span> <span class='ocrx_word' id='word_1_746' title='bbox 2726 3197 2865 3260; x_wconf 87' lang='lat' dir='ltr'><strong>hac,</strong></span> <span class='ocrx_word' id='word_1_747' title='bbox 2920 3197 2986 3249; x_wconf 89' lang='lat' dir='ltr'><strong>de</strong></span> <span class='ocrx_word' id='word_1_748' title='bbox 3030 3211 3136 3265; x_wconf 88' lang='lat' dir='ltr'><strong>qua</strong></span> <span class='ocrx_word' id='word_1_749' title='bbox 3188 3195 3449 3249; x_wconf 89' lang='lat' dir='ltr'><strong>nonnulla</strong></span> <span class='ocrx_word' id='word_1_750' title='bbox 3500 3196 3759 3257; x_wconf 75' lang='lat' dir='ltr'><strong>diximus,</strong></span> 
     </span>
    </p>
   </div>
   <div class='ocr_carea' id='block_1_93' title="bbox 2170 3285 3755 3356">
    <p class='ocr_par' dir='ltr' id='par_1_93' title="bbox 2170 3285 3755 3356">
     <span class='ocr_line' id='line_1_94' title="bbox 2170 3285 3755 3356; baseline -0.003 -14"><span class='ocrx_word' id='word_1_751' title='bbox 2170 3288 2637 3345; x_wconf 85' lang='lat' dir='ltr'><strong>administratione</strong></span> <span class='ocrx_word' id='word_1_752' title='bbox 2681 3295 2908 3349; x_wconf 61' lang='lat' dir='ltr'><strong>naturae,</strong></span> <span class='ocrx_word' id='word_1_753' title='bbox 2956 3286 3134 3348; x_wconf 89' lang='lat' dir='ltr'><strong>bonis,</strong></span> <span class='ocrx_word' id='word_1_754' title='bbox 3187 3285 3457 3354; x_wconf 89' lang='lat' dir='ltr'><strong>malisque</strong></span> <span class='ocrx_word' id='word_1_755' title='bbox 3508 3286 3755 3356; x_wconf 85' lang='lat' dir='ltr'><strong>largitur.</strong></span> 
     </span>
    </p>
   </div>
   <div class='ocr_carea' id='block_1_94' title="bbox 2170 3376 3762 3447">
    <p class='ocr_par' dir='ltr' id='par_1_94' title="bbox 2170 3376 3762 3447">
     <span class='ocr_line' id='line_1_95' title="bbox 2170 3376 3762 3447; baseline -0.003 -14"><span class='ocrx_word' id='word_1_756' title='bbox 2170 3394 2457 3447; x_wconf 87' lang='lat' dir='ltr'><strong>magnum,</strong></span> <span class='ocrx_word' id='word_1_757' title='bbox 2488 3386 2544 3433; x_wconf 91' lang='lat' dir='ltr'><strong>et</strong></span> <span class='ocrx_word' id='word_1_758' title='bbox 2573 3379 2837 3433; x_wconf 87' lang='lat' dir='ltr'><strong>bonorum</strong></span> <span class='ocrx_word' id='word_1_759' title='bbox 2876 3378 3156 3445; x_wconf 85' lang='lat' dir='ltr'><strong>proprium</strong></span> <span class='ocrx_word' id='word_1_760' title='bbox 3202 3392 3411 3445; x_wconf 61' lang='lat' dir='ltr'><strong>magna:</strong></span> <span class='ocrx_word' id='word_1_761' title='bbox 3454 3376 3762 3429; x_wconf 86' lang='lat' dir='ltr'><strong>dilectionis</strong></span> 
     </span>
    </p>
   </div>
   <div class='ocr_carea' id='block_1_95' title="bbox 2172 3464 3759 3533">
    <p class='ocr_par' dir='ltr' id='par_1_95' title="bbox 2172 3464 3759 3533">
     <span class='ocr_line' id='line_1_96' title="bbox 2172 3464 3759 3533; baseline -0.004 -12"><span class='ocrx_word' id='word_1_762' title='bbox 2172 3468 2449 3522; x_wconf 86' lang='lat' dir='ltr'><strong>indicium.</strong></span> <span class='ocrx_word' id='word_1_763' title='bbox 2494 3466 2813 3533; x_wconf 85' lang='lat' dir='ltr'><strong>Quanquam</strong></span> <span class='ocrx_word' id='word_1_764' title='bbox 2836 3465 3000 3529; x_wconf 90' lang='lat' dir='ltr'><strong>enim,</strong></span> <span class='ocrx_word' id='word_1_765' title='bbox 3036 3465 3176 3533; x_wconf 89' lang='lat' dir='ltr'><strong>quod</strong></span> <span class='ocrx_word' id='word_1_766' title='bbox 3208 3479 3418 3526; x_wconf 80' lang='lat' dir='ltr'><strong>smnus,</strong></span> <span class='ocrx_word' id='word_1_767' title='bbox 3449 3464 3599 3532; x_wconf 84' lang='lat' dir='ltr'><strong>quod</strong></span> <span class='ocrx_word' id='word_1_768' title='bbox 3627 3464 3759 3516; x_wconf 86' lang='lat' dir='ltr'><strong>vivi-</strong></span> 
     </span>
    </p>
   </div>
   <div class='ocr_carea' id='block_1_96' title="bbox 2171 3555 3758 3627">
    <p class='ocr_par' dir='ltr' id='par_1_96' title="bbox 2171 3555 3758 3627">
     <span class='ocr_line' id='line_1_97' title="bbox 2171 3555 3758 3627; baseline -0.006 -13"><span class='ocrx_word' id='word_1_769' title='bbox 2171 3574 2330 3622; x_wconf 86' lang='lat' dir='ltr'><strong>mus,</strong></span> <span class='ocrx_word' id='word_1_770' title='bbox 2367 3558 2510 3627; x_wconf 90' lang='lat' dir='ltr'><strong>quod</strong></span> <span class='ocrx_word' id='word_1_771' title='bbox 2547 3558 2744 3611; x_wconf 76' lang='lat' dir='ltr'><strong>cmlum</strong></span> <span class='ocrx_word' id='word_1_772' title='bbox 2792 3566 3100 3623; x_wconf 85' lang='lat' dir='ltr'><strong>terramque</strong></span> <span class='ocrx_word' id='word_1_773' title='bbox 3152 3555 3525 3624; x_wconf 86' lang='lat' dir='ltr'><strong>conspicimus</strong></span> <span class='ocrx_word' id='word_1_774' title='bbox 3555 3596 3569 3617; x_wconf 91' lang='lat'><strong>,</strong></span> <span class='ocrx_word' id='word_1_775' title='bbox 3620 3556 3758 3622; x_wconf 68' lang='lat' dir='ltr'><strong>quod</strong></span> 
     </span>
    </p>
   </div>
   <div class='ocr_carea' id='block_1_97' title="bbox 2172 3644 3757 3713">
    <p class='ocr_par' dir='ltr' id='par_1_97' title="bbox 2172 3644 3757 3713">
     <span class='ocr_line' id='line_1_98' title="bbox 2172 3644 3757 3713; baseline -0.004 -13"><span class='ocrx_word' id='word_1_776' title='bbox 2172 3645 2435 3700; x_wconf 87' lang='lat' dir='ltr'><strong>habemus</strong></span> <span class='ocrx_word' id='word_1_777' title='bbox 2464 3653 2715 3707; x_wconf 86' lang='lat' dir='ltr'><strong>mentem,</strong></span> <span class='ocrx_word' id='word_1_778' title='bbox 2749 3653 2911 3713; x_wconf 89' lang='lat' dir='ltr'><strong>atque</strong></span> <span class='ocrx_word' id='word_1_779' title='bbox 2937 3645 3221 3705; x_wconf 89' lang='lat' dir='ltr'><strong>rationem,</strong></span> <span class='ocrx_word' id='word_1_780' title='bbox 3264 3659 3371 3712; x_wconf 89' lang='lat' dir='ltr'><strong>qua</strong></span> <span class='ocrx_word' id='word_1_781' title='bbox 3397 3659 3528 3697; x_wconf 87' lang='lat' dir='ltr'><strong>cum</strong></span> <span class='ocrx_word' id='word_1_782' title='bbox 3562 3644 3757 3711; x_wconf 89' lang='lat' dir='ltr'><strong>ipsum,</strong></span> 
     </span>
    </p>
   </div>
   <div class='ocr_carea' id='block_1_98' title="bbox 2170 3734 3757 3804">
    <p class='ocr_par' dir='ltr' id='par_1_98' title="bbox 2170 3734 3757 3804">
     <span class='ocr_line' id='line_1_99' title="bbox 2170 3734 3757 3804; baseline -0.001 -17"><span class='ocrx_word' id='word_1_783' title='bbox 2170 3734 2263 3804; x_wconf 89' lang='lat' dir='ltr'><strong>qui</strong></span> <span class='ocrx_word' id='word_1_784' title='bbox 2295 3736 2411 3789; x_wconf 70' lang='lat' dir='ltr'><strong>hmo</strong></span> <span class='ocrx_word' id='word_1_785' title='bbox 2448 3735 2627 3788; x_wconf 89' lang='lat' dir='ltr'><strong>omnia</strong></span> <span class='ocrx_word' id='word_1_786' title='bbox 2676 3734 2955 3798; x_wconf 90' lang='lat' dir='ltr'><strong>condidit,</strong></span> <span class='ocrx_word' id='word_1_787' title='bbox 3002 3734 3373 3801; x_wconf 79' lang='lat' dir='ltr'><strong>inquirantus,</strong></span> <span class='ocrx_word' id='word_1_788' title='bbox 3414 3750 3757 3801; x_wconf 81' lang='lat' dir='ltr'><strong>nequaquam</strong></span> 
     </span>
    </p>
   </div>
   <div class='ocr_carea' id='block_1_99' title="bbox 2171 3822 3755 3891">
    <p class='ocr_par' dir='ltr' id='par_1_99' title="bbox 2171 3822 3755 3891">
     <span class='ocr_line' id='line_1_100' title="bbox 2171 3822 3755 3891; baseline -0.002 -13"><span class='ocrx_word' id='word_1_789' title='bbox 2171 3824 2447 3878; x_wconf 86' lang='lat' dir='ltr'><strong>valeamus</strong></span> <span class='ocrx_word' id='word_1_790' title='bbox 2494 3823 2691 3876; x_wconf 88' lang='lat' dir='ltr'><strong>actioni</strong></span> <span class='ocrx_word' id='word_1_791' title='bbox 2740 3822 2987 3876; x_wconf 69' lang='lat' dir='ltr'><strong>subicere</strong></span> <span class='ocrx_word' id='word_1_792' title='bbox 3033 3822 3331 3891; x_wconf 87' lang='lat' dir='ltr'><strong>gratiarum</strong></span> <span class='ocrx_word' id='word_1_793' title='bbox 3358 3862 3372 3885; x_wconf 94' lang='lat'><strong>,</strong></span> <span class='ocrx_word' id='word_1_794' title='bbox 3408 3833 3592 3877; x_wconf 85' lang='lat' dir='ltr'><strong>tamen</strong></span> <span class='ocrx_word' id='word_1_795' title='bbox 3620 3824 3755 3891; x_wconf 88' lang='lat' dir='ltr'><strong>quod</strong></span> 
     </span>
    </p>
   </div>
   <div class='ocr_carea' id='block_1_100' title="bbox 2172 3913 3759 3982">
    <p class='ocr_par' dir='ltr' id='par_1_100' title="bbox 2172 3913 3759 3982">
     <span class='ocr_line' id='line_1_101' title="bbox 2172 3913 3759 3982; baseline -0.001 -15"><span class='ocrx_word' id='word_1_796' title='bbox 2172 3929 2271 3967; x_wconf 91' lang='lat' dir='ltr'><strong>nos</strong></span> <span class='ocrx_word' id='word_1_797' title='bbox 2300 3920 2582 3974; x_wconf 86' lang='lat' dir='ltr'><strong>oneratos,</strong></span> <span class='ocrx_word' id='word_1_798' title='bbox 2616 3913 2944 3979; x_wconf 90' lang='lat' dir='ltr'><strong>obrutosque</strong></span> <span class='ocrx_word' id='word_1_799' title='bbox 2970 3913 3238 3978; x_wconf 83' lang='lat' dir='ltr'><strong>peccatis,</strong></span> <span class='ocrx_word' id='word_1_800' title='bbox 3273 3922 3327 3965; x_wconf 90' lang='lat' dir='ltr'><strong>et</strong></span> <span class='ocrx_word' id='word_1_801' title='bbox 3369 3929 3396 3965; x_wconf 90' lang='lat' dir='ltr'><strong>a</strong></span> <span class='ocrx_word' id='word_1_802' title='bbox 3428 3916 3759 3982; x_wconf 77' lang='lat' dir='ltr'><strong>contempla-</strong></span> 
     </span>
    </p>
   </div>
   <div class='ocr_carea' id='block_1_101' title="bbox 2171 4001 3759 4065">
    <p class='ocr_par' dir='ltr' id='par_1_101' title="bbox 2171 4001 3759 4065">
     <span class='ocr_line' id='line_1_102' title="bbox 2171 4001 3759 4065; baseline -0.001 -11"><span class='ocrx_word' id='word_1_803' title='bbox 2171 4002 2319 4055; x_wconf 88' lang='lat' dir='ltr'><strong>tione</strong></span> <span class='ocrx_word' id='word_1_804' title='bbox 2352 4016 2463 4055; x_wconf 78' lang='lat' dir='ltr'><strong>suze</strong></span> <span class='ocrx_word' id='word_1_805' title='bbox 2490 4001 2623 4055; x_wconf 89' lang='lat' dir='ltr'><strong>lucis</strong></span> <span class='ocrx_word' id='word_1_806' title='bbox 2653 4016 2893 4061; x_wconf 86' lang='lat' dir='ltr'><strong>aversos,</strong></span> <span class='ocrx_word' id='word_1_807' title='bbox 2915 4014 2977 4053; x_wconf 89' lang='lat' dir='ltr'><strong>ac</strong></span> <span class='ocrx_word' id='word_1_808' title='bbox 3023 4001 3401 4065; x_wconf 83' lang='lat' dir='ltr'><strong>tenebrarum,</strong></span> <span class='ocrx_word' id='word_1_809' title='bbox 3446 4001 3499 4054; x_wconf 90' lang='lat' dir='ltr'><strong>id</strong></span> <span class='ocrx_word' id='word_1_810' title='bbox 3536 4010 3622 4054; x_wconf 86' lang='lat' dir='ltr'><strong>est</strong></span> <span class='ocrx_word' id='word_1_811' title='bbox 3654 4002 3759 4054; x_wconf 82' lang='lat' dir='ltr'><strong>ini-</strong></span> 
     </span>
    </p>
   </div>
   <div class='ocr_carea' id='block_1_102' title="bbox 2171 4090 3760 4159">
    <p class='ocr_par' dir='ltr' id='par_1_102' title="bbox 2171 4090 3760 4159">
     <span class='ocr_line' id='line_1_103' title="bbox 2171 4090 3760 4159; baseline 0.002 -18"><span class='ocrx_word' id='word_1_812' title='bbox 2171 4090 2394 4159; x_wconf 87' lang='lat' dir='ltr'><strong>quitatis</strong></span> <span class='ocrx_word' id='word_1_813' title='bbox 2420 4090 2706 4144; x_wconf 86' lang='lat' dir='ltr'><strong>dilectione</strong></span> <span class='ocrx_word' id='word_1_814' title='bbox 2729 4098 2977 4153; x_wconf 64' lang='lat' dir='ltr'><strong>CiBCfllOS,</strong></span> <span class='ocrx_word' id='word_1_815' title='bbox 3005 4104 3109 4141; x_wconf 92' lang='lat' dir='ltr'><strong>non</strong></span> <span class='ocrx_word' id='word_1_816' title='bbox 3130 4090 3352 4143; x_wconf 89' lang='lat' dir='ltr'><strong>omnino</strong></span> <span class='ocrx_word' id='word_1_817' title='bbox 3377 4090 3643 4153; x_wconf 81' lang='lat' dir='ltr'><strong>deseruit,</strong></span> <span class='ocrx_word' id='word_1_818' title='bbox 3668 4093 3760 4144; x_wconf 49' lang='lat' dir='ltr'><strong>mi.</strong></span> 
     </span>
    </p>
   </div>
   <div class='ocr_carea' id='block_1_103' title="bbox 2172 4178 3759 4247">
    <p class='ocr_par' dir='ltr' id='par_1_103' title="bbox 2172 4178 3759 4247">
     <span class='ocr_line' id='line_1_104' title="bbox 2172 4178 3759 4247; baseline 0.001 -15"><span class='ocrx_word' id='word_1_819' title='bbox 2172 4180 2351 4247; x_wconf 86' lang='lat' dir='ltr'><strong>sitque</strong></span> <span class='ocrx_word' id='word_1_820' title='bbox 2407 4178 2561 4232; x_wconf 85' lang='lat' dir='ltr'><strong>nobis</strong></span> <span class='ocrx_word' id='word_1_821' title='bbox 2616 4179 2850 4232; x_wconf 84' lang='lat' dir='ltr'><strong>Verbum</strong></span> <span class='ocrx_word' id='word_1_822' title='bbox 2900 4193 3074 4239; x_wconf 89' lang='lat' dir='ltr'><strong>suum,</strong></span> <span class='ocrx_word' id='word_1_823' title='bbox 3130 4178 3221 4245; x_wconf 92' lang='lat' dir='ltr'><strong>qui</strong></span> <span class='ocrx_word' id='word_1_824' title='bbox 3269 4188 3353 4232; x_wconf 88' lang='lat' dir='ltr'><strong>cst</strong></span> <span class='ocrx_word' id='word_1_825' title='bbox 3396 4180 3519 4246; x_wconf 88' lang='lat' dir='ltr'><strong>ejus</strong></span> <span class='ocrx_word' id='word_1_826' title='bbox 3571 4181 3759 4234; x_wconf 88' lang='lat' dir='ltr'><strong>unicus</strong></span> 
     </span>
    </p>
   </div>
   <div class='ocr_carea' id='block_1_104' title="bbox 2174 4271 3752 4343">
    <p class='ocr_par' dir='ltr' id='par_1_104' title="bbox 2174 4271 3752 4343">
     <span class='ocr_line' id='line_1_105' title="bbox 2174 4271 3752 4343; baseline 0.003 -18"><span class='ocrx_word' id='word_1_827' title='bbox 2174 4271 2339 4335; x_wconf 80' lang='lat' dir='ltr'><strong>filius,</strong></span> <span class='ocrx_word' id='word_1_828' title='bbox 2367 4286 2473 4339; x_wconf 91' lang='lat' dir='ltr'><strong>quo</strong></span> <span class='ocrx_word' id='word_1_829' title='bbox 2502 4286 2598 4340; x_wconf 90' lang='lat' dir='ltr'><strong>pro</strong></span> <span class='ocrx_word' id='word_1_830' title='bbox 2623 4272 2777 4326; x_wconf 88' lang='lat' dir='ltr'><strong>nobis</strong></span> <span class='ocrx_word' id='word_1_831' title='bbox 2802 4280 3079 4339; x_wconf 85' lang='lat' dir='ltr'><strong>assumpta</strong></span> <span class='ocrx_word' id='word_1_832' title='bbox 3106 4287 3270 4325; x_wconf 85' lang='lat' dir='ltr'><strong>carne</strong></span> <span class='ocrx_word' id='word_1_833' title='bbox 3295 4283 3446 4335; x_wconf 87' lang='lat' dir='ltr'><strong>nato,</strong></span> <span class='ocrx_word' id='word_1_834' title='bbox 3487 4291 3552 4328; x_wconf 86' lang='lat' dir='ltr'><strong>ac</strong></span> <span class='ocrx_word' id='word_1_835' title='bbox 3583 4292 3752 4343; x_wconf 78' lang='lat' dir='ltr'><strong>passo,</strong></span> 
     </span>
    </p>
   </div>
   <div class='ocr_carea' id='block_1_105' title="bbox 2172 4350 3758 4435">
    <p class='ocr_par' dir='ltr' id='par_1_105' title="bbox 2172 4350 3758 4435">
     <span class='ocr_line' id='line_1_106' title="bbox 2172 4350 3758 4435; baseline 0.004 -21"><span class='ocrx_word' id='word_1_836' title='bbox 2172 4363 2362 4431; x_wconf 82' lang='lat' dir='ltr'><strong>quanti</strong></span> <span class='ocrx_word' id='word_1_837' title='bbox 2400 4362 2539 4417; x_wconf 83' lang='lat' dir='ltr'><strong>Deus</strong></span> <span class='ocrx_word' id='word_1_838' title='bbox 2577 4362 2849 4415; x_wconf 87' lang='lat' dir='ltr'><strong>hominem</strong></span> <span class='ocrx_word' id='word_1_839' title='bbox 2892 4350 3167 4431; x_wconf 72' lang='lat' dir='ltr'><strong>penderet,</strong></span> <span class='ocrx_word' id='word_1_840' title='bbox 3199 4378 3573 4429; x_wconf 86' lang='lat' dir='ltr'><strong>nosceremus,</strong></span> <span class='ocrx_word' id='word_1_841' title='bbox 3603 4376 3758 4435; x_wconf 81' lang='lat' dir='ltr'><strong>atque</strong></span> 
     </span>
    </p>
   </div>
   <div class='ocr_carea' id='block_1_106' title="bbox 2177 4452 3754 4522">
    <p class='ocr_par' dir='ltr' id='par_1_106' title="bbox 2177 4452 3754 4522">
     <span class='ocr_line' id='line_1_107' title="bbox 2177 4452 3754 4522; baseline 0.001 -17"><span class='ocrx_word' id='word_1_842' title='bbox 2177 4453 2267 4505; x_wconf 91' lang='lat' dir='ltr'><strong>illo</strong></span> <span class='ocrx_word' id='word_1_843' title='bbox 2300 4454 2562 4508; x_wconf 78' lang='lat' dir='ltr'><strong>sacrificio</strong></span> <span class='ocrx_word' id='word_1_844' title='bbox 2587 4452 2883 4522; x_wconf 84' lang='lat' dir='ltr'><strong>singulari,</strong></span> <span class='ocrx_word' id='word_1_845' title='bbox 2914 4468 2944 4505; x_wconf 93' lang='lat' dir='ltr'><strong>a</strong></span> <span class='ocrx_word' id='word_1_846' title='bbox 2976 4454 3212 4522; x_wconf 87' lang='lat' dir='ltr'><strong>peccatis</strong></span> <span class='ocrx_word' id='word_1_847' title='bbox 3238 4455 3498 4509; x_wconf 85' lang='lat' dir='ltr'><strong>omnibus</strong></span> <span class='ocrx_word' id='word_1_848' title='bbox 3531 4457 3754 4508; x_wconf 80' lang='lat' dir='ltr'><strong>inunda—</strong></span> 
     </span>
    </p>
   </div>
   <div class='ocr_carea' id='block_1_107' title="bbox 2180 4543 3755 4611">
    <p class='ocr_par' dir='ltr' id='par_1_107' title="bbox 2180 4543 3755 4611">
     <span class='ocr_line' id='line_1_108' title="bbox 2180 4543 3755 4611; baseline 0.003 -17"><span class='ocrx_word' id='word_1_849' title='bbox 2180 4558 2397 4607; x_wconf 73' lang='lat' dir='ltr'><strong>rcmur,</strong></span> <span class='ocrx_word' id='word_1_850' title='bbox 2453 4543 2680 4611; x_wconf 75' lang='lat' dir='ltr'><strong>ejusque</strong></span> <span class='ocrx_word' id='word_1_851' title='bbox 2719 4543 2911 4610; x_wconf 86' lang='lat' dir='ltr'><strong>spiritu</strong></span> <span class='ocrx_word' id='word_1_852' title='bbox 2948 4543 3003 4595; x_wconf 89' lang='lat' dir='ltr'><strong>in</strong></span> <span class='ocrx_word' id='word_1_853' title='bbox 3064 4544 3322 4597; x_wconf 85' lang='lat' dir='ltr'><strong>cordibus</strong></span> <span class='ocrx_word' id='word_1_854' title='bbox 3370 4546 3580 4600; x_wconf 84' lang='lat' dir='ltr'><strong>nostris</strong></span> <span class='ocrx_word' id='word_1_855' title='bbox 3628 4547 3755 4599; x_wconf 87' lang='lat' dir='ltr'><strong>dile-</strong></span> 
     </span>
    </p>
   </div>
   <div class='ocr_carea' id='block_1_108' title="bbox 2176 4630 3755 4703">
    <p class='ocr_par' dir='ltr' id='par_1_108' title="bbox 2176 4630 3755 4703">
     <span class='ocr_line' id='line_1_109' title="bbox 2176 4630 3755 4703; baseline -0.001 -16"><span class='ocrx_word' id='word_1_856' title='bbox 2176 4634 2357 4687; x_wconf 88' lang='lat' dir='ltr'><strong>ctione</strong></span> <span class='ocrx_word' id='word_1_857' title='bbox 2391 4632 2603 4695; x_wconf 72' lang='lat' dir='ltr'><strong>diﬂusa,</strong></span> <span class='ocrx_word' id='word_1_858' title='bbox 2654 4632 2904 4686; x_wconf 91' lang='lat' dir='ltr'><strong>omnibus</strong></span> <span class='ocrx_word' id='word_1_859' title='bbox 2944 4630 3348 4687; x_wconf 83' lang='lat' dir='ltr'><strong>ditlicultatibus</strong></span> <span class='ocrx_word' id='word_1_860' title='bbox 3380 4636 3673 4703; x_wconf 85' lang='lat' dir='ltr'><strong>superatis,</strong></span> <span class='ocrx_word' id='word_1_861' title='bbox 3706 4636 3755 4686; x_wconf 88' lang='lat' dir='ltr'><strong>in</strong></span> 
     </span>
    </p>
   </div>
   <div class='ocr_carea' id='block_1_109' title="bbox 2176 4721 3760 4791">
    <p class='ocr_par' dir='ltr' id='par_1_109' title="bbox 2176 4721 3760 4791">
     <span class='ocr_line' id='line_1_110' title="bbox 2176 4721 3760 4791; baseline 0.001 -15"><span class='ocrx_word' id='word_1_862' title='bbox 2176 4730 2434 4776; x_wconf 83' lang='lat' dir='ltr'><strong>:eternam</strong></span> <span class='ocrx_word' id='word_1_863' title='bbox 2482 4721 2757 4789; x_wconf 86' lang='lat' dir='ltr'><strong>requiem,</strong></span> <span class='ocrx_word' id='word_1_864' title='bbox 2806 4729 2860 4774; x_wconf 91' lang='lat' dir='ltr'><strong>ct</strong></span> <span class='ocrx_word' id='word_1_865' title='bbox 2911 4721 3386 4791; x_wconf 86' lang='lat' dir='ltr'><strong>contemplationis</strong></span> <span class='ocrx_word' id='word_1_866' title='bbox 3427 4722 3550 4791; x_wconf 84' lang='lat' dir='ltr'><strong>ejus</strong></span> <span class='ocrx_word' id='word_1_867' title='bbox 3578 4724 3760 4778; x_wconf 78' lang='lat' dir='ltr'><strong>ineffa-</strong></span> 
     </span>
    </p>
   </div>
   <div class='ocr_carea' id='block_1_110' title="bbox 2175 4808 3759 4881">
    <p class='ocr_par' dir='ltr' id='par_1_110' title="bbox 2175 4808 3759 4881">
     <span class='ocr_line' id='line_1_111' title="bbox 2175 4808 3759 4881; baseline 0.001 -18"><span class='ocrx_word' id='word_1_868' title='bbox 2175 4810 2336 4863; x_wconf 90' lang='lat' dir='ltr'><strong>bilem</strong></span> <span class='ocrx_word' id='word_1_869' title='bbox 2364 4808 2701 4863; x_wconf 88' lang='lat' dir='ltr'><strong>dulcedinem</strong></span> <span class='ocrx_word' id='word_1_870' title='bbox 2742 4808 3053 4863; x_wconf 90' lang='lat' dir='ltr'><strong>veniremus</strong></span> <span class='ocrx_word' id='word_1_871' title='bbox 3100 4827 3112 4862; x_wconf 90' lang='lat'><strong>:</strong></span> <span class='ocrx_word' id='word_1_872' title='bbox 3167 4825 3287 4877; x_wconf 71' lang='lat' dir='ltr'><strong>quae</strong></span> <span class='ocrx_word' id='word_1_873' title='bbox 3333 4811 3530 4873; x_wconf 86' lang='lat' dir='ltr'><strong>corda,</strong></span> <span class='ocrx_word' id='word_1_874' title='bbox 3578 4814 3604 4850; x_wconf 73' lang='grc' dir='ltr'>ιι</span> <span class='ocrx_word' id='word_1_875' title='bbox 3644 4828 3759 4881; x_wconf 65' lang='lat' dir='ltr'><strong>qua:</strong></span> 
     </span>
    </p>
   </div>
   <div class='ocr_carea' id='block_1_111' title="bbox 2176 4900 3759 4970">
    <p class='ocr_par' dir='ltr' id='par_1_111' title="bbox 2176 4900 3759 4970">
     <span class='ocr_line' id='line_1_112' title="bbox 2176 4900 3759 4970; baseline 0.001 -16"><span class='ocrx_word' id='word_1_876' title='bbox 2176 4900 2371 4970; x_wconf 69' lang='lat' dir='ltr'><strong>lingua:</strong></span> <span class='ocrx_word' id='word_1_877' title='bbox 2398 4900 2466 4955; x_wconf 88' lang='lat' dir='ltr'><strong>ad</strong></span> <span class='ocrx_word' id='word_1_878' title='bbox 2513 4901 2749 4968; x_wconf 80' lang='lat' dir='ltr'><strong>agendas</strong></span> <span class='ocrx_word' id='word_1_879' title='bbox 2802 4900 2850 4954; x_wconf 93' lang='lat' dir='ltr'><strong>ei</strong></span> <span class='ocrx_word' id='word_1_880' title='bbox 2892 4900 3097 4970; x_wconf 86' lang='lat' dir='ltr'><strong>gratias</strong></span> <span class='ocrx_word' id='word_1_881' title='bbox 3139 4901 3272 4955; x_wconf 89' lang='lat' dir='ltr'><strong>satis</strong></span> <span class='ocrx_word' id='word_1_882' title='bbox 3305 4915 3426 4956; x_wconf 89' lang='lat' dir='ltr'><strong>esse</strong></span> <span class='ocrx_word' id='word_1_883' title='bbox 3471 4903 3759 4957; x_wconf 84' lang='lat' dir='ltr'><strong>contende-</strong></span> 
     </span>
    </p>
   </div>
   <div class='ocr_carea' id='block_1_112' title="bbox 2184 4991 3758 5060">
    <p class='ocr_par' dir='ltr' id='par_1_112' title="bbox 2184 4991 3758 5060">
     <span class='ocr_line' id='line_1_113' title="bbox 2184 4991 3758 5060; baseline 0.002 -14"><span class='ocrx_word' id='word_1_884' title='bbox 2184 4992 2294 5047; x_wconf 84' lang='lat' dir='ltr'><strong>rint</strong></span> <span class='ocrx_word' id='word_1_885' title='bbox 2342 4992 2397 5045; x_wconf 71' lang='lat' dir='ltr'><strong>i?</strong></span> <span class='ocrx_word' id='word_1_886' title='bbox 2436 5011 2453 5043; x_wconf 73' lang='grc' dir='ltr'><strong><em>ι</em></strong></span> <span class='ocrx_word' id='word_1_887' title='bbox 2490 4991 2631 5044; x_wconf 89' lang='lat' dir='ltr'><strong>Deus</strong></span> <span class='ocrx_word' id='word_1_888' title='bbox 2660 4992 2843 5060; x_wconf 91' lang='lat' dir='ltr'><strong>itaque</strong></span> <span class='ocrx_word' id='word_1_889' title='bbox 2871 5008 3116 5047; x_wconf 88' lang='lat' dir='ltr'><strong>summus</strong></span> <span class='ocrx_word' id='word_1_890' title='bbox 3154 5002 3209 5046; x_wconf 87' lang='lat' dir='ltr'><strong>et</strong></span> <span class='ocrx_word' id='word_1_891' title='bbox 3237 5010 3399 5049; x_wconf 90' lang='lat' dir='ltr'><strong>verus</strong></span> <span class='ocrx_word' id='word_1_892' title='bbox 3426 5011 3552 5049; x_wconf 89' lang='lat' dir='ltr'><strong>cum</strong></span> <span class='ocrx_word' id='word_1_893' title='bbox 3587 4997 3758 5049; x_wconf 75' lang='lat' dir='ltr'><strong>Verbo</strong></span> 
     </span>
    </p>
   </div>
   <div class='ocr_carea' id='block_1_113' title="bbox 2182 5084 3759 5155">
    <p class='ocr_par' dir='ltr' id='par_1_113' title="bbox 2182 5084 3759 5155">
     <span class='ocr_line' id='line_1_114' title="bbox 2182 5084 3759 5155; baseline 0.001 -15"><span class='ocrx_word' id='word_1_894' title='bbox 2182 5101 2302 5151; x_wconf 87' lang='lat' dir='ltr'><strong>suo,</strong></span> <span class='ocrx_word' id='word_1_895' title='bbox 2350 5094 2405 5139; x_wconf 89' lang='lat' dir='ltr'><strong>et</strong></span> <span class='ocrx_word' id='word_1_896' title='bbox 2450 5084 2655 5155; x_wconf 89' lang='lat' dir='ltr'><strong>Spiritu</strong></span> <span class='ocrx_word' id='word_1_897' title='bbox 2698 5094 2905 5150; x_wconf 90' lang='lat' dir='ltr'><strong>sancto,</strong></span> <span class='ocrx_word' id='word_1_898' title='bbox 2953 5087 3044 5154; x_wconf 92' lang='lat' dir='ltr'><strong>qui</strong></span> <span class='ocrx_word' id='word_1_899' title='bbox 3091 5087 3192 5141; x_wconf 91' lang='lat' dir='ltr'><strong>tria</strong></span> <span class='ocrx_word' id='word_1_900' title='bbox 3228 5104 3395 5142; x_wconf 86' lang='lat' dir='ltr'><strong>unum</strong></span> <span class='ocrx_word' id='word_1_901' title='bbox 3442 5102 3594 5153; x_wconf 86' lang='lat' dir='ltr'><strong>sunt,</strong></span> <span class='ocrx_word' id='word_1_902' title='bbox 3629 5089 3759 5143; x_wconf 83' lang='lat' dir='ltr'><strong>Deus</strong></span> 
     </span>
    </p>
   </div>
   <div class='ocr_carea' id='block_1_114' title="bbox 2258 5197 3757 5290">
    <p class='ocr_par' dir='ltr' id='par_1_114' title="bbox 2258 5216 3757 5290">
     <span class='ocr_line' id='line_1_115' title="bbox 2258 5216 3757 5290; baseline 0.003 -20"><span class='ocrx_word' id='word_1_903' title='bbox 2258 5216 2446 5283; x_wconf 66' lang='lat' dir='ltr'><strong>f’Quce</strong></span> <span class='ocrx_word' id='word_1_904' title='bbox 2488 5225 2787 5290; x_wconf 85' lang='lat' dir='ltr'><strong>sequuntur</strong></span> <span class='ocrx_word' id='word_1_905' title='bbox 2827 5220 2892 5290; x_wconf 83' lang='lat' dir='ltr'><strong>ad</strong></span> <span class='ocrx_word' id='word_1_906' title='bbox 2926 5235 3173 5290; x_wconf 85' lang='lat' dir='ltr'><strong>magnam</strong></span> <span class='ocrx_word' id='word_1_907' title='bbox 3204 5230 3409 5290; x_wconf 76' lang='lat' dir='ltr'><strong>partem</strong></span> <span class='ocrx_word' id='word_1_908' title='bbox 3460 5239 3527 5277; x_wconf 72' lang='lat' dir='ltr'><strong>ex</strong></span> <span class='ocrx_word' id='word_1_909' title='bbox 3572 5224 3757 5277; x_wconf 74' lang='lat' dir='ltr'><strong>eodem</strong></span> 
     </span>
    </p>
   </div>
   <div class='ocr_carea' id='block_1_115' title="bbox 2180 5286 3759 5360">
    <p class='ocr_par' dir='ltr' id='par_1_115' title="bbox 2180 5286 3759 5360">
     <span class='ocr_line' id='line_1_116' title="bbox 2180 5286 3759 5360; baseline 0.004 -19"><span class='ocrx_word' id='word_1_910' title='bbox 2180 5286 2479 5360; x_wconf 80' lang='lat' dir='ltr'><strong>Augustino</strong></span> <span class='ocrx_word' id='word_1_911' title='bbox 2504 5286 2799 5360; x_wconf 72' lang='lat' dir='ltr'><strong>desumpsit</strong></span> <span class='ocrx_word' id='word_1_912' title='bbox 2822 5286 3091 5360; x_wconf 72' lang='lat' dir='ltr'><strong>Claudius.</strong></span> <span class='ocrx_word' id='word_1_913' title='bbox 3121 5286 3389 5360; x_wconf 73' lang='lat' dir='ltr'><strong>Compara</strong></span> <span class='ocrx_word' id='word_1_914' title='bbox 3419 5294 3597 5351; x_wconf 86' lang='lat' dir='ltr'><strong>locum</strong></span> <span class='ocrx_word' id='word_1_915' title='bbox 3626 5295 3759 5348; x_wconf 77' lang='lat' dir='ltr'><strong>hunc</strong></span> 
     </span>
    </p>
   </div>
   <div class='ocr_carea' id='block_1_116' title="bbox 2183 5356 3212 5489">
    <p class='ocr_par' dir='ltr' id='par_1_116' title="bbox 2183 5356 3212 5489">
     <span class='ocr_line' id='line_1_117' title="bbox 2183 5356 3212 5489; baseline 0.003 -79"><span class='ocrx_word' id='word_1_916' title='bbox 2183 5372 2303 5464; x_wconf 55' lang='lat' dir='ltr'><strong>cursu</strong></span> <span class='ocrx_word' id='word_1_917' title='bbox 2322 5359 2509 5489; x_wconf 53' lang='lat' dir='ltr'><strong>Eapite</strong></span> <span class='ocrx_word' id='word_1_918' title='bbox 2530 5359 2597 5411; x_wconf 76' lang='grc'><strong>50</strong></span> <span class='ocrx_word' id='word_1_919' title='bbox 2631 5356 2751 5409; x_wconf 88' lang='lat' dir='ltr'><strong>libri</strong></span> <span class='ocrx_word' id='word_1_920' title='bbox 2782 5374 2856 5411; x_wconf 79' lang='lat' dir='ltr'><strong>vti</strong></span> <span class='ocrx_word' id='word_1_921' title='bbox 2883 5358 2947 5411; x_wconf 88' lang='lat' dir='ltr'><strong>de</strong></span> <span class='ocrx_word' id='word_1_922' title='bbox 2974 5358 3212 5413; x_wconf 80' lang='lat' dir='ltr'><strong>Civitate.</strong></span> 
     </span>
     <span class='ocr_line' id='line_1_118' title="bbox 2371 5443 2506 5478; baseline -0.007 0"><span class='ocrx_word' id='word_1_923' title='bbox 2371 5443 2506 5478; x_wconf 87' lang='lat' dir='ltr'><strong>uem.</strong></span> 
     </span>
    </p>
   </div>
   <div class='ocr_carea' id='block_1_117' title="bbox 2254 5495 2484 5547">
    <p class='ocr_par' dir='ltr' id='par_1_117' title="bbox 2254 5495 2484 5547">
     <span class='ocr_line' id='line_1_119' title="bbox 2254 5495 2484 5547; baseline 0 0"><span class='ocrx_word' id='word_1_924' title='bbox 2254 5495 2279 5533; x_wconf 63' lang='grc' dir='ltr'>ιι</span> <span class='ocrx_word' id='word_1_925' title='bbox 2327 5495 2484 5547; x_wconf 86' lang='lat' dir='ltr'><strong>Ouot.</strong></span> 
     </span>
    </p>
   </div>
   <div class='ocr_carea' id='block_1_118' title="bbox 2260 5494 3759 5639">
    <p class='ocr_par' dir='ltr' id='par_1_118' title="bbox 2260 5494 3759 5639">
     <span class='ocr_line' id='line_1_120' title="bbox 2260 5495 2484 5547; baseline 0.004 -2"><span class='ocrx_word' id='word_1_926' title='bbox 2260 5495 2279 5533; x_wconf 72' lang='grc' dir='ltr'>ιι</span> <span class='ocrx_word' id='word_1_927' title='bbox 2378 5512 2407 5546; x_wconf 88' lang='lat' dir='ltr'><strong>u</strong></span> <span class='ocrx_word' id='word_1_928' title='bbox 2447 5504 2484 5547; x_wconf 86' lang='lat' dir='ltr'><strong>t.</strong></span> 
     </span>
     <span class='ocr_line' id='line_1_121' title="bbox 2260 5494 3759 5639; baseline 0.002 -23"><span class='ocrx_word' id='word_1_929' title='bbox 2260 5565 2277 5639; x_wconf 62' lang='grc' dir='ltr'><strong>ξ</strong></span> <span class='ocrx_word' id='word_1_930' title='bbox 2318 5494 2717 5639; x_wconf 24' lang='lat' dir='ltr'><strong>gulisequ‘entia</strong></span> <span class='ocrx_word' id='word_1_931' title='bbox 2754 5567 3003 5639; x_wconf 82' lang='lat' dir='ltr'><strong>videntur</strong></span> <span class='ocrx_word' id='word_1_932' title='bbox 3026 5582 3089 5639; x_wconf 70' lang='lat' dir='ltr'><strong>ex</strong></span> <span class='ocrx_word' id='word_1_933' title='bbox 3128 5568 3429 5639; x_wconf 76' lang='lat' dir='ltr'><strong>Augustino</strong></span> <span class='ocrx_word' id='word_1_934' title='bbox 3459 5568 3759 5637; x_wconf 81' lang='lat' dir='ltr'><strong>desumpta.</strong></span> 
     </span>
    </p>
   </div>
   <div class='ocr_carea' id='block_1_119' title="bbox 2188 5631 3762 5713">
    <p class='ocr_par' dir='ltr' id='par_1_119' title="bbox 2188 5631 3762 5713">
     <span class='ocr_line' id='line_1_122' title="bbox 2188 5631 3762 5713; baseline 0.003 -28"><span class='ocrx_word' id='word_1_935' title='bbox 2188 5631 2278 5686; x_wconf 86' lang='lat' dir='ltr'><strong>sed</strong></span> <span class='ocrx_word' id='word_1_936' title='bbox 2315 5631 2530 5713; x_wconf 60' lang='lat' dir='ltr'><strong>locum,</strong></span> <span class='ocrx_word' id='word_1_937' title='bbox 2567 5634 2618 5688; x_wconf 91' lang='lat' dir='ltr'><strong>in</strong></span> <span class='ocrx_word' id='word_1_938' title='bbox 2644 5650 2751 5703; x_wconf 89' lang='lat' dir='ltr'><strong>quo</strong></span> <span class='ocrx_word' id='word_1_939' title='bbox 2792 5636 2905 5691; x_wconf 57' lang='lat' dir='ltr'><strong>htec</strong></span> <span class='ocrx_word' id='word_1_940' title='bbox 2944 5638 3121 5692; x_wconf 85' lang='lat' dir='ltr'><strong>tradat</strong></span> <span class='ocrx_word' id='word_1_941' title='bbox 3162 5631 3468 5707; x_wconf 47' lang='lat' dir='ltr'><strong>SfDoctor,</strong></span> <span class='ocrx_word' id='word_1_942' title='bbox 3506 5631 3762 5694; x_wconf 75' lang='lat' dir='ltr'><strong>hactenus</strong></span> 
     </span>
    </p>
   </div>
   <div class='ocr_carea' id='block_1_120' title="bbox 2194 5717 2526 5759">
    <p class='ocr_par' dir='ltr' id='par_1_120' title="bbox 2194 5717 2526 5759">
     <span class='ocr_line' id='line_1_123' title="bbox 2194 5717 2526 5759; baseline 0 -3"><span class='ocrx_word' id='word_1_943' title='bbox 2194 5717 2300 5757; x_wconf 76' lang='grc'><strong>11011</strong></span> <span class='ocrx_word' id='word_1_944' title='bbox 2328 5718 2526 5759; x_wconf 72' lang='grc' dir='ltr'><strong>ιιιγρηι.</strong></span> 
     </span>
    </p>
   </div>
  </div>
