3906 6396
143 446 254 503 833

1102 433 1418 494 PREFAT.
1457 431 1526 489 IN
1563 430 1892 489 CATENAM
1941 430 2165 487 SUPER
2203 431 2460 487 MATTII.

3286 436 3391 489 836

145 573 286 615 unus
313 555 674 626 omnipotens,
706 561 942 619 creator,
977 560 1033 607 et
1059 551 1233 606 factor
1260 551 1437 607 omnis
1458 547 1719 618 corporis,
1750 549 1797 608 Λ
1827 552 1877 598 et
1909 558 2082 613 gnrce
2109 543 2322 613 proprie
2346 554 2368 582 ο
2394 541 2552 595 [atria
2582 540 2796 605 dicitur,
2836 556 2901 598 ea
2928 540 2955 582 ἀ
2988 540 3308 611 signiﬁcata,
3340 553 3397 598 et

146 655 303 723 cuius
341 661 466 708 sunt
506 653 560 706 in
605 652 1012 722 participatione
1055 650 1236 706 felices
1266 662 1310 714 ει,
1350 650 1440 719 qui
1467 649 1596 705 fecit
1626 651 1724 705 bo-

1850 638 2164 691 »ronuntiata
2195 630 2338 701 sunt,
2373 650 2490 703 quae
2528 642 2746 704 propter
2768 642 3024 688 atternam
3064 636 3226 688 vitam
3266 636 3397 688 tide-

146 746 351 799 minem
402 742 717 797 rationalem
752 757 817 797 ex
855 742 1055 804 anima,
1096 749 1150 795 et
1182 754 1429 810 corpore,
1472 740 1569 808 qui
1600 754 1723 793 enm

145 839 482 903 peccantem,
530 847 631 885 nec
665 831 985 900 impunitum
1012 844 1132 884 esse
1165 829 1438 898 permisit,
1482 844 1580 883 nec
1610 829 1727 883 sine

147 921 520 976 misericordia
550 919 857 989 dereliquit,
909 919 998 988 qui
1045 919 1219 981 bonis,
1261 925 1317 971 et
1354 916 1507 971 malis
1547 932 1729 971 essen-

134 1012 279 1065 tiam
308 1012 470 1065 etiam
512 1025 631 1064 cum
684 1010 972 1079 lapidibus,
1017 1009 1181 1062 vitam
1215 1007 1528 1061 seminalem
1565 1008 1728 1061 etiam

147 1115 275 1154 cum
300 1098 602 1162 arboribus,
639 1100 806 1152 vitam
836 1098 1137 1153 sensualem
1166 1098 1325 1151 etiam
1366 1111 1487 1150 cum
1519 1096 1730 1165 pecori-

147 1190 274 1253 bus,
303 1188 468 1242 vitam
505 1188 921 1244 intellectualem
942 1203 1065 1243 cum
1098 1188 1225 1242 solis
1256 1187 1475 1257 Angelis
1505 1186 1668 1252 dedit,
1700 1202 1730 1240 a

147 1295 261 1350 quo
287 1287 369 1334 est
395 1280 573 1334 omnis
599 1281 807 1342 modus,
842 1280 1018 1335 omnis
1053 1280 1283 1348 species,
1315 1280 1490 1332 omnis
1518 1280 1669 1340 ordo,
1705 1294 1734 1333 a

146 1383 261 1437 quo
287 1377 368 1423 est
395 1383 665 1432 mensura,
708 1384 982 1432 numerus,
1014 1369 1243 1437 pondus,
1277 1383 1305 1421 a
1336 1382 1443 1437 quo
1468 1378 1549 1423 est
1576 1369 1735 1438 quid-

148 1460 282 1529 quid
331 1460 654 1514 naturaliter
683 1458 1048 1527 cujuscunque
1079 1460 1293 1531 generis
1321 1466 1424 1522 cst,
1455 1459 1737 1529 cujuslibet

149 1550 527 1604 atstimationis
574 1556 677 1614 est,
727 1564 757 1602 a
814 1563 921 1616 quo
978 1556 1103 1602 sunt
1155 1549 1361 1603 semina
1416 1546 1733 1613 formarum,

148 1637 341 1693 forma:
385 1638 673 1699 seminum,
705 1646 883 1692 motus
917 1638 1182 1691 seminum
1212 1646 1371 1706 atque
1418 1635 1734 1700 formarum,

150 1733 247 1802 qui
270 1732 435 1797 dedit,
463 1741 511 1788 et
538 1732 688 1787 carni
715 1733 999 1802 originem,
1026 1730 1507 1801 pulchritudinem,
1533 1729 1739 1783 valetu-

150 1824 375 1885 dinem,
426 1824 827 1894 propagationis
877 1823 1257 1879 fecunditatem
1286 1863 1301 1888 ,
1373 1823 1738 1877 membrorum

1826 727 1955 781 lium
1981 727 2035 781 in
2063 725 2301 790 Christo,
2331 734 2387 781 et
2406 724 2624 793 impleta
2651 726 2938 790 credimus,
2965 734 3020 779 et
3048 725 3257 795 impleri
3282 739 3399 779 cer.

1828 817 2027 880 nimus,
2071 823 2125 870 ct
2164 817 2432 887 implenda
2473 814 2793 871 conﬁdimus
2838 826 2882 867 ο.
2917 836 2935 865 ι
2971 815 3078 870 Nos
3115 831 3242 869 vero
3271 817 3398 870 dum

1827 908 2149 979 Augelorum
2181 907 2480 963 ministeria
2508 905 2750 960 volumus
2776 905 3186 974 ostendere,per
3214 921 3401 974 quem-

1828 1000 1954 1054 dam
1986 998 2182 1053 mentis
2210 1012 2488 1053 excessum
2519 996 2885 1051 nescientibus
2917 996 3265 1050 immutabilis
3304 996 3402 1049 Dei

1831 1091 2151 1155 bonitatem,
2179 1096 2234 1143 e't
2254 1088 2533 1144 veritatem
2557 1087 2723 1143 divini
2752 1086 2931 1157 aperis
2958 1085 3184 1157 insignia
3206 1086 3403 1157 przedi-

1831 1198 2035 1238 camus.

2506 1268 2745 1324 XXXIX.

1902 1388 2206 1457 Interrogas
2248 1401 2479 1457 quoque,
2513 1386 2633 1454 quis
2664 1385 2733 1439 sit
2762 1383 3025 1439 Sacerdos
3051 1383 3279 1454 primus.
3312 1391 3407 1438 aut

1836 1478 1955 1548 quis
1984 1477 2265 1533 secundus.
2305 1477 2515 1531 Primus
2557 1474 2823 1529 Sacerdos
2849 1482 2931 1528 est
2967 1472 3237 1539 Pontifex,
3264 1473 3410 1527 sicut

1834 1570 2036 1629 Aaron,
2073 1575 2127 1620 et
2155 1566 2398 1629 Eleazar,
2424 1572 2586 1632 atque
2615 1562 2814 1631 posteri
2837 1575 3044 1625 eorum,
3070 1561 3264 1631 quibus
3293 1562 3410 1616 lici-

1837 1668 1948 1713 tum
1993 1665 2111 1713 erat
2157 1656 2394 1725 quotidie
2443 1654 2582 1707 ultra
2622 1652 2798 1705 velum
2851 1650 3056 1720 ingredi
3112 1651 3166 1704 in
3212 1649 3412 1705 Sancta

1838 1748 2180 1804 Sanctorum.
2220 1745 2453 1801 Secundi
2496 1759 2624 1798 vero
2664 1742 2986 1797 Sacerdotes
3024 1748 3199 1804 erant,
3228 1740 3317 1810 qui
3358 1740 3414 1794 in

1839 1846 2023 1892 nostro
2054 1834 2348 1906 presbyteri
2377 1834 2628 1889 di‘cuntur
2668 1840 2928 1900 tempore,
2961 1828 3027 1883 de
3056 1829 3257 1898 quibus
3286 1828 3417 1883 dicit

152 1915 584 1984 dispositionem.
611 1915 838 1970 salutem
876 1916 1197 1979 concordiae.
1228 1916 1319 1985 qui
1350 1923 1406 1970 ει
1433 1916 1626 1970 animm
1664 1915 1739 1970 ir-
1766 1901 1812 1958 Β
1840 1901 2126 1998 Apostolus
2147 1901 2333 1997 (ηἐδν.
2378 1926 2430 1981 9.
2458 1923 2553 1995 6):
2581 1921 2647 1975 In
2669 1920 2924 1975 exteriore
2939 1936 3055 1974 vero
3077 1917 3414 1972 tabernaculo

151 2005 407 2061 rationali
444 2006 591 2059 dedit
640 2005 976 2069 memoriam,
1014 2018 1252 2069 sensum,
1292 2005 1615 2073 appetitum,
1652 2018 1739 2058 ra-

151 2094 343 2147 tinnaIi
385 2102 564 2147 autem
610 2094 832 2163 insuper
877 2094 1265 2149 misericordia:
1306 2093 1735 2163 intelligentiam,

152 2183 493 2236 voluntatem
530 2202 541 2235 :
577 2184 669 2251 qui
697 2200 801 2239 non
832 2183 1002 2237 solum
1029 2182 1227 2238 malum
1247 2224 1261 2248 ,
1291 2191 1344 2238 et
1369 2190 1570 2238 terram
1594 2223 1609 2249 ,
1640 2197 1739 2238 nec

152 2275 333 2329 solum
373 2272 671 2343 Angelum,
715 2283 770 2327 et
811 2275 1107 2339 hominem,
1155 2275 1247 2329 sed
1292 2290 1390 2329 nec
1436 2275 1641 2345 exigui,
1686 2284 1743 2329 et

151 2366 580 2434 contemptibilis
620 2365 912 2420 animantis
952 2366 1145 2420 visceri
1190 2366 1403 2434 negavit
1450 2365 1738 2433 spinulam,

156 2470 264 2509 nec
288 2456 466 2509 herbae
493 2454 791 2519 "osculum,
819 2469 919 2509 nec
952 2455 1139 2509 arbori
1167 2454 1354 2508 folium
1384 2454 1501 2508 sine
1523 2468 1740 2509 suarum

152 2544 395 2612 partium
428 2544 804 2609 convenientia
828 2585 841 2603 .
870 2553 925 2597 et
953 2545 1184 2613 quadam
1207 2543 1369 2597 veluti
1396 2557 1528 2612 pace
1550 2541 1745 2597 dereli-

153 2633 299 2700 quit.
335 2631 399 2685 Et
440 2640 594 2701 post:
623 2633 653 2671 δ
688 2650 705 2682 ι
744 2632 1059 2701 mysterium
1086 2632 1208 2685 vita:
1240 2642 1459 2685 διιεῖ-ηαξ
1481 2628 1593 2697 jam
1622 2631 1745 2685 inde

156 2726 232 2779 ab
264 2727 484 2781 exordio
532 2726 747 2795 generis
789 2727 1011 2780 humani
1054 2740 1150 2794 per
1178 2725 1423 2794 quadam
1471 2726 1646 2796 signa,
1691 2733 1747 2779 ct

156 2816 517 2871 Sacramenta
563 2815 892 2883 temporibus
940 2831 1201 2886 congrua,
1251 2816 1446 2885 quibus
1487 2817 1742 2885 oportuit,

155 2921 266 2975 per
317 2904 549 2973 Angelos
582 2906 932 2975 praedicatum
976 2915 1077 2959 est.
1117 2905 1317 2959 Deinde
1366 2905 1595 2975 populus
1642 2905 1749 2960 IIe-

158 2996 345 3048 braeus
369 2994 422 3047 in
438 3009 598 3047 unam
625 2993 913 3061 quamdam
937 2993 1362 3062 Rempublicam,
1378 3008 1499 3061 quae
1526 2993 1626 3047 hoc
1649 2991 1750 3048 Sa-

156 3092 505 3138 cramentum
540 3092 745 3154 ageret,
791 3092 1147 3154 congregatus
1173 3093 1284 3148 est;
1322 3084 1413 3137 ubi
1444 3097 1542 3152 per
1575 3097 1746 3151 quos-

158 3174 292 3225 dam
338 3172 592 3236 scientes,
639 3188 733 3242 per
778 3173 1038 3242 quosdam
1072 3174 1394 3238 nescientes,
1429 3174 1483 3228 id
1511 3173 1653 3243 quod
1681 3187 1748 3227 ex

158 3264 401 3316 adventu
446 3264 672 3328 Christi,
720 3278 891 3334 usque
944 3280 1109 3328 nunc,
1148 3272 1204 3318 et
1245 3265 1499 3333 deinceps
1547 3264 1747 3333 agitur,

157 3354 622 3422 prmiiuntiaretur
647 3370 766 3409 esse
795 3362 1115 3419 venturum;
1174 3368 1361 3423 sparsa
1390 3354 1463 3408 eti
1484 3368 1553 3407 nm
1604 3361 1753 3421 post-

156 3456 225 3496 ea
264 3441 452 3496 eadem
510 3451 691 3512 gente,
735 3457 832 3511 per
878 3451 1067 3513 gentes
1112 3450 1334 3513 propter
1376 3441 1749 3495 testimonium

160 3531 608 3599 Scripturarum,
676 3534 869 3602 quibus
950 3542 1150 3587 aeterna
1217 3534 1363 3589 salus
1431 3533 1483 3586 in
1534 3532 1752 3587 Christo

166 3621 359 3676 futura
389 3623 678 3691 praadicata
710 3632 811 3679 est.
868 3624 1067 3679 Omnes
1113 3624 1255 3678 enim
1278 3638 1384 3678 non
1417 3622 1587 3677 solum
1631 3636 1757 3691 pro-

165 3715 405 3782 phetia,
466 3729 587 3784 qua:
636 3715 691 3769 in
752 3715 930 3770 verbis
985 3723 1146 3778 sunt,
1202 3728 1299 3768 nec
1352 3720 1560 3766 tantum
1617 3724 1743 3779 prae.

160 3814 327 3873 cepta
401 3806 562 3868 vite,
624 3822 743 3876 que
807 3820 1025 3868 mores,
1087 3806 1455 3873 pietatemque
1535 3799 1750 3855 contor-

165 3904 351 3958 mant,
407 3907 569 3967 atque
612 3897 715 3952 illis
744 3896 938 3953 litteris
973 3896 1341 3958 continentur,
1371 3908 1553 3947 verum
1587 3892 1751 3946 etiam

165 4001 358 4048 sacra,
386 3986 1126 4056 sacerdotia,templum,sive
1158 3982 1585 4042 tabernaculum.
1620 3981 1754 4033 alta-

168 4076 275 4138 ria,
326 4073 618 4138 sacrificia,
649 4075 1005 4139 eieremoniar,
1046 4074 1162 4128 dies
1204 4072 1351 4135 festi,
1397 4079 1452 4127 et
1495 4068 1755 4139 quidquid

167 4166 321 4220 aliud
359 4164 425 4219 ad
448 4179 566 4219 eam
592 4164 904 4219 servitutem
932 4165 1188 4234 pertinet,
1217 4178 1336 4232 quae
1367 4161 1476 4216 Deo
1507 4159 1754 4223 debet..r,

1839 2037 2028 2091 semper
2059 2017 2339 2071 introibant
2362 2013 2670 2072 Sacerdotes
2696 2012 3077 2079 sacriﬁciorum
3100 2009 3265 2080 o/ﬁcia
3288 2025 3415 2063 con-

1838 2119 2175 2164 summantes.
2206 2105 2399 2161 Caetcri
2435 2118 2594 2167 vero,
2624 2102 2714 2172 qui
2746 2101 3062 2155 dicebantur
3086 2096 3305 2160 Levitzc,
3348 2113 3417 2152 eo

1841 2200 1983 2271 quod
2009 2206 2189 2253 essent
2220 2212 2284 2250 ex
2311 2196 2453 2250 tribu
2486 2194 2636 2258 Levi,
2680 2207 2778 2246 nec
2803 2191 2856 2244 in
2886 2190 3215 2254 interiorem,
3242 2205 3340 2243 nec
3361 2190 3416 2243 in

1839 2288 2163 2345 exteriorem
2200 2285 2470 2339 licentiam
2494 2280 2827 2353 ingrediendi
2851 2278 3150 2344 habebant;
3180 2278 3273 2333 sed
3298 2286 3419 2332 tan-

1844 2387 1955 2433 tum
1985 2385 2138 2432 erant
2157 2374 2439 2443 janitores,
2480 2383 2534 2427 et
2554 2380 2825 2435 cantores,
2853 2370 3195 2437 ministrique
3224 2366 3420 2425 Sacer-

1844 2471 2045 2531 dolum,
2062 2479 2115 2522 et
2138 2468 2203 2521 ad
2228 2466 2465 2520 exterius
2486 2463 2915 2519 holocausturum
2938 2462 3126 2525 altare,
3150 2459 3421 2530 lignorum

1845 2575 2094 2624 cursores,
2142 2566 2196 2613 et
2245 2558 2447 2629 ignium
2497 2553 2985 2615 administratores,
3022 2558 3078 2604 et
3108 2558 3419 2603 sanctarum

1845 2653 2087 2705 carnium
2116 2650 2169 2704 in
2197 2647 2391 2718 populo
2413 2646 2831 2714 dispensatores.
2858 2639 2935 2695 De
2956 2639 3041 2694 his
3065 2638 3275 2693 duobus
3294 2637 3424 2693 ﬁliis

1848 2741 1899 2794 in
1930 2738 2143 2793 Psalmo
2171 2737 2298 2791 dicit
2323 2729 2496 2807 (Psal.
2548 2732 2667 2786 13$.
2697 2730 2787 2783 20.
2838 2728 2930 2799 21)
2959 2747 2972 2782 :
3014 2726 3213 2781 Domus
3239 2725 3421 2781 Aaron

1846 2829 2129 2884 bcnedicite
2176 2825 2401 2882 Domino
2450 2822 2469 2863 ί
2517 2842 2530 2877 :
2576 2822 2761 2876 domus
2810 2817 2932 2873 Levi
2985 2816 3263 2872 benedicite
3313 2814 3424 2870 Do-

1848 2938 1917 2974 rm
1923 2936 1989 2973 no
1996 2958 2011 2973 .

2577 3009 2690 3064 XL.

1925 3127 1989 3181 Et
2018 3133 2140 3196 post
2168 3126 2284 3180 haec
2310 3123 2437 3193 quid
2464 3129 2589 3177 sunt
2615 3121 2874 3192 Tyrones,
2907 3118 3226 3186 interrogas.
3257 3114 3419 3186 Tyro-

1777 3235 1819 3297 ς
1852 3233 1949 3272 nes
1978 3232 2009 3271 a
2049 3216 2207 3287 Tyria
2247 3217 2271 3255 ii
2318 3214 2449 3268 urbe
2488 3210 2803 3267 thnicum
2846 3222 3043 3262 nomen
3079 3212 3422 3275 acceperunt,

1853 3323 1972 3378 qure
2001 3307 2128 3362 olim
2158 3304 2261 3359 fuit
2287 3302 2598 3372 metropolis
2626 3300 3072 3359 Chananaaorum,
3100 3295 3156 3349 in
3191 3310 3295 3365 qua
3324 3295 3424 3348 ha-

1852 3397 2044 3453 bitavit
2071 3396 2253 3450 [liram
2284 3410 2398 3457 rex,
2438 3393 2643 3447 amicus
2674 3387 2978 3449 Salomonis
2995 3388 3042 3439 ὴ.
3074 3385 3316 3456 Tyrones
3345 3383 3427 3446 di,-

1856 3492 2051 3539 cuntur
2070 3483 2224 3554 pueri
2248 3480 2437 3545 fortes,
2463 3478 2553 3549 qui
2589 3478 2656 3532 ad
2684 3474 2929 3530 militiam
2960 3474 3251 3543 eliguntur,
3281 3478 3336 3526 et
3358 3470 3426 3523 ad

1855 3590 2005 3629 arma
2030 3572 2259 3643 gerenda
2294 3569 2501 3624 habiles
2528 3568 2762 3621 existunt
2790 3582 2803 3618 :
2837 3565 2888 3617 In
2921 3562 3066 3618 enim
3096 3576 3201 3615 non
3223 3574 3289 3613 ex
3312 3558 3425 3613 sola

1855 3660 2185 3734 professione
2208 3658 2529 3722 nativitatis,
2565 3656 2659 3709 sed
2680 3670 2746 3709 ex
2778 3660 3021 3724 aspectu,
3045 3659 3100 3705 et
3122 3648 3430 3704 valetudine

1854 3753 2099 3823 corporis
2143 3751 2501 3806 mstimantur.
2547 3747 2804 3801 Romana:
2847 3752 3025 3802 autem
3062 3737 3269 3796 militia:
3310 3753 3431 3793 mos

1856 3844 1956 3897 fuit
1982 3857 2177 3914 pueros
2208 3840 2441 3909 primum
2462 3852 2713 3893 exercere
2742 3836 2907 3890 armis
2935 3848 2949 3887 :
2987 3849 3112 3888 nam
3148 3840 3302 3888 sexto
3337 3830 3431 3884 de-

1857 3935 1997 3989 cimo
2036 3948 2174 3987 anno
2202 3931 2442 4002 Tyroues
2479 3928 2814 3991 militabant,
2853 3940 2961 3996 quo
2988 3924 3152 3980 etiam
3179 3924 3293 3978 solo
3330 3921 3434 3976 sub

1858 4023 2168 4080 custodibus
2211 4025 2525 4090 agebantur.
2572 4016 2770 4072 Servos
2798 4029 2927 4070 sane
2971 4026 3245 4081 nunquam
3289 4015 3432 4079 apud

1859 4130 1952 4168 eos
1977 4112 2237 4166 militasse
2265 4114 2495 4169 constat,
2521 4104 2622 4160 nisi
2649 4103 2907 4159 servitute
2932 4100 3194 4172 deposita.

992 4296 1284 4376 Explicit
1320 4294 1619 4356 Claudius
1651 4292 1979 4371 episcopus
2012 4287 2080 4347 in
2117 4281 2313 4346 libros
2342 4281 2597 4360 Regum.

245 4454 274 4482 ι
321 4438 442 4492 Ser.
466 4438 535 4491 45
560 4438 693 4491 alias
715 4438 780 4491 de
806 4436 987 4492 verbis
1010 4435 1245 4505 Apostoli
1277 4434 1363 4495 27.
1394 4450 1543 4505 num.
1568 4435 1601 4489 5
1623 4440 1676 4487 et
1701 4432 1755 4505 4.

246 4510 279 4548 δ
322 4507 534 4561 Rursus
561 4522 679 4576 qua:
721 4513 1038 4576 sequuntur,
1057 4502 1140 4559 ἐι
1190 4502 1762 4576 Augusﬁti‘nogeaccrpit

170 4578 445 4633 Claudius
476 4575 532 4630 S.
564 4572 813 4631 Doctoris
838 4574 1151 4630 exscribens
1180 4572 1340 4643 caput
1365 4573 1435 4628 52
1458 4574 1579 4628 libri
1602 4588 1676 4625 vu
1695 4572 1760 4625 de

170 4649 427 4704 Civitate.

250 4728 276 4790 °_
324 4716 567 4790 Αριτρεέα·

247 4785 279 4826 ἆ
325 4782 788 4853 δὶῃὴὶβεαυενηηι,
815 4793 865 4837 et
890 4782 1387 4853 prwnumiaverant.

255 4866 283 4895 ο
322 4847 720 4923 subsequentia
748 4869 855 4908 non
884 4847 1101 4907 exstant
1134 4852 1187 4905 in
1215 4850 1374 4905 editis
1399 4847 1681 4920 Augustini
1705 4847 1766 4903 li-

1864 4428 1981 4483 bris
2008 4445 2019 4479 :
2056 4440 2120 4479 an
2152 4423 2279 4478 olim
2308 4418 2633 4483 exstiterint,
2661 4432 2726 4471 an
2755 4430 2822 4471 ex
2846 4415 2965 4470 aliis
2990 4414 3270 4484 Augustini
3299 4415 3435 4471 locis

1865 4513 1928 4553 ea
1958 4493 2313 4555 desumpserit
2334 4489 2605 4551 Claudius,
2634 4505 2700 4541 an
2736 4487 2802 4541 de
2827 4500 2925 4541 suo
2960 4485 3312 4546 substituerit,
3344 4484 3433 4555 ju-

1866 4566 2123 4622 dicaverit
2149 4566 2358 4615 Lector.

1787 4639 1842 4701 D
1878 4621 1882 4622 “
1944 4635 1962 4674 ῐ
2004 4634 2131 4701 Non,
2165 4632 2319 4684 video
2347 4628 2611 4701 quomodo
2642 4625 2886 4701 dicantur
2919 4623 3024 4676 duo
3057 4621 3177 4689 ﬁlii,
3219 4624 3432 4692 quando

1868 4703 2080 4814 quide';n
2110 4700 2287 4755 Aaron
2308 4693 2424 4753 erat
2449 4713 2515 4751 ex
2541 4696 2708 4763 stirpe
2740 4693 2889 4748 Levi.

1943 4776 1967 4814 8
2055 4787 2165 4814 nrn-

1938 4776 1967 4883 ε
2007 4772 2391 4911 ἔξᾟοιοείοιη
2414 4836 2552 4891 hanc
2576 4834 2863 4903 expendat,
2887 4831 3131 4894 obsecro,
3179 4829 3362 4886 lector.

182 4996 3433 5035 _____________________________________———————————-—

1171 5143 1741 5259 CLAUDII
1824 5131 2459 5251 EPISCOPI

690 5345 1117 5408 PREFATIO
1167 5345 1247 5406 IN
1295 5343 1679 5404 CATENAM
1741 5343 1981 5404 SUPER
2039 5335 2405 5399 SANCTUM
2456 5329 2961 5394 MATTKIEUM.

1275 5533 1368 5597 (Ex
1400 5534 1510 5584 Maii
1538 5535 1821 5595 Spicilegio,
1849 5538 1960 5580 tom.
1991 5531 2074 5589 IV,
2097 5541 2209 5592 pag.
2237 5530 2370 5589 301.)

1634 5638 1993 5651 ἡ*

636 5723 951 5781 EDITORIS
991 5720 1249 5779 MONITU
1262 5721 1329 5775 Μ.

266 5820 488 5883 Claudii
526 5820 874 5875 Taurincnsis
905 5818 1139 5889 episcopi
1196 5816 1319 5883 (qui
1365 5826 1427 5868 dc
1474 5826 1567 5866 sua
1619 5814 1774 5865 mtate

1886 5730 2007 5786 mox
2034 5717 2147 5785 ipse
2177 5716 2460 5786 loquetur)
2489 5711 3004 5786 Commentariorum
3035 5704 3086 5786 in
3130 5708 3280 5786 Pauli
3313 5708 3442 5786 Epi-

1881 5778 2451 5854 stolas’prchat'ioncm'
2472 5783 2610 5839 edidi
2642 5782 2696 5836 in
2726 5780 2951 5851 septimo
2985 5778 3314 5834 collectionis
3344 5778 3443 5833 κει-
